4090 6268
328 324 446 390 123

1417 322 1522 382 DE
1563 318 2154 386 CATECHEBIBUS
2199 325 2263 385 S.
2313 325 2655 387 CYRILLI.

3622 320 3742 379 I24

396 462 512 518 Sub
542 460 803 526 Joviano,
838 463 897 514 et
926 456 1187 513 Valentis
1216 456 1426 523 initiis,
1448 454 1830 527 Jerosolymis
1862 471 1965 526 pa-
1997 456 2047 523 Α
2151 456 2396 513 Rufinus
2426 463 2486 513 et
2512 456 2765 513 Melania
2791 456 2905 529 ipsi
2935 453 3508 511 Pneumatomachos
3530 467 3740 508 omnes

316 553 500 610 'cifice
530 550 711 623 degit.

400 640 614 696 Acacio
645 641 879 693 mortuo
901 635 1252 691 Cmsariensi
1271 634 1547 690 Ecclesiae
1563 633 1817 705 Cyrillus
1838 650 1984 705 prai-

325 730 453 787 ticit
481 728 904 784 Philumenum
932 741 943 778 :
980 740 1168 795 eoque
1192 741 1297 795 per
1317 724 1743 793 Eutychianam
1772 722 1978 779 factio-

328 836 467 876 nem
498 816 832 882 deturbato,
876 813 1217 886 Cyrilloque
1262 814 1497 868 seniore
1527 814 1587 867 in
1619 814 1751 883 ejus
1783 813 1978 868 locum

329 909 669 971 substituto,
703 905 959 976 Cyrillus
1009 904 1223 957 iterum
1280 903 1392 957 hoc
1449 902 1619 973 pulso
1651 903 1712 956 in
1745 918 1815 957 ea
1840 903 1979 957 sede

328 996 635 1054 substituit
663 994 962 1049 Gelasium
994 991 1215 1047 sororis
1247 1008 1368 1045 sum
1401 992 1590 1046 ﬁlium
1622 1008 1719 1046 an.
1753 993 1875 1046 366.

399 1084 655 1157 Cyrillus
680 1089 899 1149 noster,
921 1078 1314 1151 quorumdam
1333 1080 1647 1145 sententia,
1673 1097 1808 1135 cum
1831 1080 1980 1135 mul-

328 1177 406 1231 tis
436 1174 569 1230 aliis
600 1173 671 1228 ad
705 1171 1000 1228 Liberium
1053 1168 1376 1240 delegatur,
1410 1168 1483 1223 ad
1538 1169 1977 1241 suscipiendam

328 1264 627 1319 Nicmnam
660 1260 836 1316 fidem
867 1276 961 1316 an.
995 1262 1118 1316 366.

403 1350 665 1406 Valentis
695 1349 974 1405 mandato
999 1349 1252 1420 Cyrillus
1280 1349 1452 1403 tertio
1477 1348 1713 1418 ejicitur
1732 1348 1793 1403 in
1824 1350 1979 1404 exsi-

330 1441 481 1497 lium
513 1455 610 1494 an.
640 1440 765 1492 367.

400 1530 520 1601 Ipsi
576 1527 992 1599 subrogantur,
1053 1527 1379 1590 Heraclius,
1434 1525 1688 1596 Cyrillus
1714 1526 1886 1592 alter,
1921 1522 1981 1582 et

335 1618 616 1685 Hilarius,
648 1617 751 1687 qui
783 1616 983 1671 sedem
1011 1615 1319 1671 obtinebat
1348 1631 1443 1670 an.
1476 1617 1602 1670 475.

403 1713 468 1765 In
491 1708 670 1764 variis
697 1708 922 1763 exsiliis
941 1708 1129 1763 multa
1153 1714 1361 1762 contra
1380 1707 1630 1763 Arianos
1652 1708 1979 1763 certamina

331 1800 509 1856 subit.

402 1890 543 1944 Pest
566 1885 828 1942 Valentis
872 1889 1122 1940 mortem
1175 1884 1604 1956 Jerosolymam
1635 1886 1973 1957 revertitur,

333 1994 400 2034 ac
435 1976 633 2032 sedem
666 1975 839 2030 tertio
866 1980 1179 2046 recuperat
1207 1990 1303 2029 an.
1338 1976 1461 2028 378.

398 2066 723 2122 Ecclesiam
784 2081 951 2120 suam
1005 2064 1352 2128 haeresibus,
1417 2063 1858 2132 schismatibus,
1919 2071 1977 2120 et

329 2172 564 2213 morum
595 2154 948 2225 corruptelis
970 2152 1360 2209 deformatam
1393 2152 1675 2208 offendit:
1709 2154 1975 2225 petitque

329 2245 617 2303 auxilium
648 2260 681 2299 a
710 2243 962 2299 concilio
995 2242 1363 2297 Antiocheno
1388 2259 1485 2297 an.
1519 2244 1642 2299 379.

2091 546 2167 603 ab
2220 547 2487 604 Ecclesia
2542 546 2822 618 expulsos
2878 545 3277 601 reconciliant
3330 558 3429 598 an.
3491 542 3592 595 379
3650 539 3746 595 vel

2090 635 2214 692 380.

2163 726 2219 780 S.
2254 726 2571 797 Gregorius
2596 727 2896 797 Nyssenus
2918 722 3158 779 concilii
3190 719 3543 776 Antiocheni
3577 735 3749 773 man-

2090 814 2226 869 dato
2281 815 2713 886 Jerosolymam
2790 813 2864 868 ad
2930 809 3358 883 paciﬁcandam
3416 808 3747 864 Ecclesiam

2089 904 2695 974 missus,prsevalente
2716 901 3232 957 schismaticorum
3251 905 3309 953 et
3325 898 3743 952 haereticorum

2086 994 2435 1065 pertinacia,
2468 1010 2532 1049 re
2564 993 2808 1059 infecta,
2839 992 2967 1047 abit
2994 1008 3093 1047 an.
3126 991 3249 1046 380.

2155 1083 2584 1156 Quadringenti
2616 1080 2896 1138 monachi
2922 1079 3282 1136 Paulinianaa
3304 1078 3515 1150 partis,
3538 1075 3747 1132 Ruﬁni

2087 1176 2146 1226 et
2176 1171 2441 1226 Melaniaa
2472 1187 2671 1242 opera,
2709 1169 2914 1242 L‘yrilli
2948 1168 3434 1225 communionem
3483 1165 3752 1236 amplec-

2087 1266 2293 1316 tuntur
2321 1278 2418 1317 an.
2451 1262 2572 1317 380.

2157 1349 2412 1420 Cyrillus
2434 1350 2582 1405 duos
2607 1348 2934 1404 monachos
2956 1346 3028 1401 ab
3046 1344 3443 1400 Alexandrino
3467 1342 3748 1415 episcopo

2084 1445 2329 1511 propter
2358 1439 2447 1493 sui
2481 1438 2909 1494 castrationem
2950 1433 3500 1491 excommunicatos
3529 1432 3746 1503 rejicit.

2159 1532 2416 1583 Interest
2441 1527 2696 1582 concilio
2724 1522 3389 1595 Constantinopolitano
3421 1521 3750 1578 (ecumeni-

2088 1633 2154 1672 ce
2184 1633 2245 1685 Il,
2279 1632 2374 1672 an.
2407 1617 2533 1671 381.

2159 1705 2456 1761 Laudatur
2485 1706 2613 1777 ejus
2642 1706 2781 1773 vita,
2815 1708 2874 1759 et
2902 1720 2936 1759 a
2967 1701 3226 1758 concilio
3249 1699 3747 1771 Constantinopo-

2007 1821 2055 1886 Β
2088 1796 2275 1851 litano
2306 1795 2573 1850 omnium
2606 1810 2757 1866 pene
2812 1792 3164 1848 eorumdem
3196 1792 3437 1845 Patrum
3469 1789 3570 1860 qui
3603 1805 3750 1844 con-

2087 1888 2292 1943 cilium
2322 1888 2463 1941 anni
2489 1887 2815 1958 superioris
2846 1885 3315 1947 celebraverant,
3338 1882 3627 1937 canonica
3650 1899 3745 1936 or-

2086 1977 2309 2031 dinatio
2343 1974 2683 2030 defenditur
2710 1991 2807 2030 an.
2842 1977 2966 2029 382.

2158 2065 2352 2120 Astitit
2374 2065 2523 2120 forte
2542 2064 2603 2119 in
2624 2064 2878 2120 concilio
2909 2060 3565 2132 Constantinopolitano
3593 2061 3733 2116 anni

2085 2157 2209 2210 383.

2155 2243 2412 2316 Cyrillus
2442 2243 2696 2299 moritur
2724 2242 2821 2298 die
2853 2244 2918 2297 18
2950 2241 3139 2297 Martii
3170 2240 3313 2296 anni
3344 2240 3465 2294 386.

2346 2460 2625 2468 -ι--ο-σ-ο

2629 2458 3069 2467 ._____————-——

1279 2561 2091 2659 DISSERTATIO
2164 2563 2770 2659 SECUNDA.

320 2774 412 2831 De
433 2774 689 2849 scriptis
721 2769 791 2827 S.
830 2766 1077 2847 Cyrilli,
1113 2787 1185 2828 ac
1200 2773 1604 2847 potissimum
1635 2769 1716 2828 de
1746 2771 2205 2833 Catechesibus.
2262 2772 2342 2831 In
2379 2789 2504 2850 qua
2546 2789 2768 2829 earum
2800 2770 3028 2830 veritas
3056 2779 3115 2830 et
3140 2775 3485 2847 integritas
3515 2770 3736 2849 defen-

401 2869 589 2927 ditur
613 2889 634 2924 .-
666 2863 1033 2942 explicatur
1058 2884 1303 2937 nomen,
1339 2874 1580 2925 natura
1610 2876 1669 2925 et
1695 2874 1910 2927 ratio:
1944 2887 2176 2941 annus,
2213 2876 2454 2937 tempus
2483 2876 2543 2927 et
2571 2870 2740 2928 locus
2769 2887 2890 2947 quo
2939 2869 3169 2928 habitat
3195 2877 3369 2938 sunt,
3402 2887 3737 2945 exponun-

406 2975 552 3024 tur:
590 2966 1081 3045 Cyrillianaque
1104 2964 1374 3024 docendi
1405 2983 1478 3023 ac
1510 2965 1770 3024 dicendi
1795 2972 1974 3027 ratio
2003 2970 2450 3043 investigatur.

744 3266 952 3337 [XCIII]
976 3266 1210 3323 CAPUT
1240 3264 1537 3323 PRIMUM.

318 3378 681 3431 Recmsentur
710 3377 893 3430 omnia
922 3374 1133 3445 scripta
1160 3376 1218 3431 S.
1244 3375 1460 3445 Cyrilli,
1484 3380 1746 3446 genuina,
1772 3378 1963 3443 dubia,

553 3447 860 3517 deperdita,
890 3448 1198 3518 supposita,
1230 3463 1352 3502 cum
1376 3449 1726 3517 fragmentis.

396 3540 443 3590 1.
478 3536 559 3590 De
605 3535 840 3606 scriptis
862 3535 1058 3606 Cyrilli
1104 3535 1389 3596 dicturus.
1413 3552 1620 3593 eorum
1643 3538 1834 3609 primo
1856 3554 1963 3592 nu-

318 3641 557 3682 merum
590 3624 935 3679 instituam:
996 3624 1211 3679 deinde
1261 3626 1546 3695 quoniam
1573 3626 1965 3699 singulorum,

319 3720 537 3787 printer
566 3714 933 3781 Catecheses,
950 3714 1373 3785 opusculorum
1397 3715 1456 3770 in
1480 3716 1723 3785 praaflxa
1742 3717 1966 3772 eisdem

321 3801 749 3868 admonitione,
786 3802 1090 3858 veritatem
1123 3807 1200 3858 .et
1246 3803 1650 3859 sinceritatem
1688 3804 1962 3871 defendo,

320 3907 572 3963 qumque
603 3891 676 3946 ad
707 3907 776 3946 ea
805 3891 1106 3962 pertinent
1137 3907 1367 3963 expono
1393 3908 1407 3957 ;
1440 3892 1535 3947 hic
1567 3893 1964 3949 Catecheseon

314 3980 552 4053 proprie
579 3996 831 4035 examen
857 3980 1199 4050 suscipiam.
1224 3982 1480 4045 Quarum
1510 3982 1836 4049 veritatem,
1861 3999 1970 4038 an-

317 4069 654 4140 tiquitatem
682 4074 738 4124 et
761 4070 1161 4141 integritatem
1184 4069 1464 4125 adversus
1488 4070 1837 4125 malevolam
1861 4070 1969 4125 cri-

317 4158 569 4213 ticorum
600 4158 1064 4212 Protestantium
1112 4154 1619 4229 calumniam,qua
1649 4163 1855 4229 potero
1887 4159 1960 4227 vi,

318 4267 603 4307 asseram.
636 4251 777 4304 Post
804 4249 877 4304 de
910 4255 1030 4305 toto
1070 4266 1284 4322 genere
1315 4251 1713 4305 Catecheseon
1746 4250 1962 4320 dicam,

316 4340 894 4412 Cyrillianarumque
946 4338 1242 4409 imprimis
1288 4343 1563 4393 naturam
1604 4344 1663 4392 et
1692 4339 1963 4395 intimam

316 4429 609 4483 rationem
643 4444 956 4498 exponam.
1009 4428 1148 4492 Quas
1197 4427 1274 4481 sit
1322 4443 1525 4482 earum
1556 4428 1962 4498 inscriptionis

1997 3266 2040 3335 (ι
2069 3271 2524 3324 monumentum
2554 3266 2907 3338 reliquisse:
2963 3272 3065 3323 aut
3112 3284 3214 3323 eos
3253 3268 3356 3339 qui
3388 3269 3728 3324 catecheses

2069 3358 2221 3430 ejus,
2246 3357 2387 3411 dum
2411 3356 2720 3427 presbyter
2740 3363 2917 3425 esset,
2944 3375 3014 3413 ex
3037 3373 3138 3413 ore
3164 3357 3418 3414 dicentis
3449 3364 3727 3429 exceptas

2069 3446 2291 3519 scripto
2323 3446 2772 3517 consignarunt,
2797 3447 2995 3503 nullas
3017 3452 3118 3501 aut
3141 3462 3293 3518 pene
3326 3448 3522 3503 nullas
3555 3449 3726 3517 ejus-

2071 3534 2208 3590 dem
2232 3534 2610 3606 episcopatus
2628 3534 2813 3607 gradu
2835 3537 2994 3592 aucti
3011 3535 3292 3592 homilias
3317 3552 3383 3591 ac
3408 3537 3728 3593 mnciones

2074 3627 2405 3698 posteritati
2435 3642 2835 3681 conservasse.
2861 3627 2993 3682 Tria
3021 3632 3253 3683 tantum
3286 3628 3516 3698 integra
3545 3628 3723 3683 habe-

2075 3732 2208 3770 mus
2238 3731 2523 3788 germana
2552 3721 2611 3770 et
2640 3715 2873 3770 sincera
2900 3715 3102 3787 Cyrilli
3134 3732 3347 3787 opera:
3385 3717 3726 3772 catecheses

2076 3803 2148 3857 ad
2182 3803 2609 3857 illuminandos
2631 3802 2837 3857 decem
2869 3807 2928 3858 et
2957 3808 3088 3858 octo
3110 3819 3217 3874 per
3244 3807 3426 3859 totam
3458 3803 3721 3868 Quadra-

2075 3893 2361 3965 gesimam
2394 3890 2603 3953 dictas,
2636 3896 2695 3946 et
2720 3892 3150 3964 mystagogicas
3183 3893 3449 3963 quinque
3476 3892 3550 3948 ad
3581 3909 3723 3949 neo-

2074 3982 2289 4053 phytos
2320 3978 2569 4050 singulis
2601 3980 2904 4035 Paschalis
2937 3980 3324 4037 hebdomadas
3354 3981 3564 4037 diebus
3586 3999 3728 4053 pro-

2073 4069 2395 4124 nuntiatas.
2429 4067 2705 4138 Sequitur
2734 4069 2984 4124 homilia
3026 4071 3085 4124 in
3126 4069 3501 4140 paralyticum
3529 4070 3604 4127 ad
3636 4072 3723 4143 pi-

2075 4158 2302 4213 scinam
2324 4157 2626 4228 jacentem
2653 4174 2666 4210 :
2695 4174 2871 4228 quam
2902 4158 2988 4212 uti
3016 4175 3051 4213 a
3081 4158 3300 4229 Cyrillo
3329 4158 3521 4215 adhuc
3551 4159 3722 4215 indu-

2074 4247 2256 4302 bitate
2277 4246 2620 4318 presbytero
2642 4247 3198 4319 habitam,epistolaa
3216 4247 3290 4304 ad
3310 4247 3724 4304 Constantium

2067 4340 2516 4411 praeposuimus.
2528 4339 2804 4395 Succedit
2827 4340 3067 4394 demum
3092 4339 3197 4394 illa
3215 4338 3288 4394 ad
3310 4341 3721 4396 Constantium

2068 4429 2339 4501 epistola,
2372 4446 2504 4501 quae
2549 4429 2722 4484 initio
2769 4431 3147 4501 episcopatus
3174 4429 3248 4485 ab
3278 4430 3407 4501 ipso
3439 4429 3577 4485 data
3606 4437 3720 4486 est.

314 4517 490 4584 ratio,
524 4533 654 4587 quin
689 4516 996 4572 titulorum
1019 4516 1165 4587 ipsis
1197 4516 1577 4587 prmﬁxorum
1604 4518 1960 4573 auctoritas:
2068 4519 2469 4574 Catecheseon
2500 4518 2811 4573 veritatem
2843 4518 2905 4573 in
2937 4519 3047 4573 hac
3078 4518 3497 4574 dissertatione
3530 4518 3720 4574 vindi-

316 4622 433 4677 quo
467 4605 711 4677 prmcise
743 4622 921 4673 anno,
977 4611 1034 4659 et
1087 4611 1370 4676 tempore,
1415 4605 1631 4676 quibus
1661 4604 1870 4662 diebus
1901 4612 1961 4662 et
1990 4619 2036 4683 ι)
2067 4608 2373 4665 cabimus:
2408 4608 2659 4663 aliorum
2717 4624 2850 4663 vero
2906 4608 3161 4664 duorum
3202 4608 3625 4680 opusculorum
3658 4609 3719 4664 in

317 4694 500 4758 horis,
529 4710 597 4748 ac
619 4694 836 4765 quibus
862 4694 1325 4749 circumstantiis
1355 4694 1548 4750 dictae.
1570 4696 1715 4751 Tum
1746 4695 1819 4751 de
1851 4696 1957 4768 Cy—
2066 4698 2293 4754 monito
2326 4697 2551 4754 eisdem
2581 4698 2920 4771 praeposito.

316 4780 557 4835 rilliana
586 4780 837 4835 docendi
868 4796 936 4835 ac
966 4781 1201 4837 dicendi
1222 4783 1473 4845 ratione,
1497 4782 1861 4855 adjumentis
1883 4787 1956 4841 ab
2139 4790 2191 4843 3.
2229 4786 2682 4859 Deperditorum
2704 4787 2907 4860 Cyrilli
2937 4793 3461 4845 monumentorum
3493 4805 3722 4847 memo-

317 4870 445 4941 ipso
477 4869 779 4937 adhibitis,
804 4886 870 4925 ac
892 4871 963 4926 de
987 4871 1138 4943 stylo
1162 4871 1402 4927 tandem
1432 4872 1661 4944 loquar.
1698 4873 1783 4929 Ab
1814 4891 1955 4932 enu-
2067 4878 2157 4933 ria
2186 4882 2276 4932 est
2306 4876 2367 4931 in
2397 4876 2746 4948 fragmentis
2776 4876 3047 4944 modicis,
3082 4893 3214 4948 qum
3248 4883 3473 4933 veteres
3505 4879 3720 4952 [XCIV]

314 4957 645 5013 meratione
677 4960 1034 5031 scriptorum
1065 4960 1360 5017 exordior.
2067 4980 2508 5022 conservavere.
2537 4965 2868 5021 Concilium
2902 4966 3317 5035 Lateranense,
3352 4968 3406 5023 S.
3432 4968 3720 5024 Maximus

383 5049 433 5099 2.
475 5048 667 5101 Pauca
696 5048 769 5102 ad
795 5065 903 5102 nos
925 5049 1125 5120 Cyrilli
1151 5050 1371 5120 scripta
1397 5057 1819 5122 pervenerunt:
1847 5068 1957 5108 nec
2068 5059 2313 5126 martyr,
2346 5060 2402 5108 et
2433 5060 2638 5110 auctor
2680 5070 3014 5127 anonymus
3062 5055 3278 5111 saaculo
3327 5062 3529 5111 octavo
3561 5059 3719 5113 anti-

308 5133 498 5189 multo
521 5134 692 5206 plura
713 5135 784 5190 ab
808 5152 876 5190 eo
896 5138 1225 5208 composita
1243 5138 1446 5199 fuisse,
1467 5138 1606 5194 ullis
1628 5141 1805 5195 certis
1828 5157 1951 5195 mo-
2066 5143 2241 5215 quior
2268 5143 2330 5198 in
2360 5159 2536 5214 opere
2566 5142 2834 5199 nondum
2882 5143 3063 5211 edito,
3094 5143 3211 5200 duo
3256 5144 3522 5201 referunt
3551 5148 3718 5203 testi-

312 5224 615 5279 numentis
646 5230 924 5280 testatum
958 5233 1065 5282 est.
1099 5226 1395 5298 Quidquid
1426 5227 1497 5282 ab
1530 5245 1597 5282 eo
1628 5229 1868 5301 genuini
1900 5233 1959 5284 et
2066 5232 2271 5286 monia
2300 5231 2501 5303 Cyrilli
2535 5233 2720 5287 nostri
2775 5248 2842 5287 ex
2892 5232 3141 5288 homilia
3169 5234 3424 5305 quadam
3452 5235 3514 5290 in
3544 5235 3717 5291 illum

312 5311 527 5367 sinceri
558 5312 863 5377 habemus,
886 5319 1021 5370 ante
1044 5315 1450 5387 episcopatum
1474 5317 1603 5387 ejus
1623 5318 1805 5372 autin
1828 5318 1956 5389 ipso
2066 5320 2311 5375 Joannis
2340 5320 2635 5392 Evangelii
2668 5320 2884 5387 locum,
2920 5321 2981 5375 in
3013 5338 3131 5393 quo
3182 5323 3469 5379 Dominus
3500 5341 3718 5397 aquam

309 5399 685 5472 episcopatus
708 5402 878 5457 initio
901 5403 1185 5474 scriptum
1211 5409 1317 5459 est.
1346 5406 1554 5459 Mirum
1576 5422 1739 5471 sane,
1764 5407 1961 5462 homi-
2069 5409 2130 5463 in
2152 5408 2352 5463 vinum
2375 5409 2450 5464 ad
2476 5408 2713 5480 nuptias
2736 5416 3131 5467 commutasse
3150 5413 3718 5469 memoratur.Alind

2068 5498 2463 5569 fragmentum
2495 5498 2637 5554 citat
2664 5498 2943 5554 Leontius
2971 5500 3031 5554 in
3061 5516 3239 5571 opere
3270 5500 3496 5557 inedito
3524 5502 3718 5558 adver-

2066 5601 2185 5642 sum
2212 5586 2647 5657 Monophysitas,
2681 5603 2751 5642 ex
2801 5588 3048 5645 homilia
3078 5589 3281 5660 Cyrilli
3312 5590 3374 5645 in
3406 5590 3513 5648 illa
3538 5593 3717 5649 verba

2064 5674 2308 5731 Joannis
2338 5692 2452 5747 xvx,
2485 5677 2574 5749 28,
2603 5675 2717 5751 Ego
2763 5677 2904 5733 vado
2952 5679 3025 5734 ad
3066 5680 3284 5736 Patrem
3330 5695 3521 5737 meum.
3558 5682 3712 5749 Quid

312 5505 452 5545 nem
485 5489 556 5543 ab
581 5492 893 5561 juventute
923 5492 1053 5563 ipsa
1091 5493 1153 5547 in
1194 5492 1447 5550 dicendo
1475 5495 1859 5550 exercitatum
1891 5512 1959 5550 ac

311 5576 646 5642 subactum.
681 5579 913 5634 nullum
954 5581 1075 5637 fere
1124 5582 1185 5637 in
1236 5588 1399 5638 tanta
1439 5599 1733 5638 annorum
1782 5583 1956 5650 serie,

300 5666 518 5740 quibus
565 5669 951 5725 nobilissimae
998 5671 1275 5728 Ecclesia
1321 5671 1578 5745 praefuit,
1609 5673 1702 5729 sui
1731 5672 1958 5746 ingenii
