4090 6268
303 417 422 477 125

1717 407 2238 471 DlSSERTATlO
2281 404 2362 467 Il.

3608 395 3724 456 126

306 548 377 605 de
404 548 528 603 illis
548 547 906 621 fragmentis
931 547 1337 614 sentiendum,
1369 547 1430 602 in
1445 545 1867 602 Admonitione
1894 544 1968 599 iis
2000 545 2052 610 Α
2084 541 2392 598 homiliam
2421 544 2482 596 in
2512 556 2793 596 occursum
2816 537 3056 604 Domini,
3083 553 3257 608 quam
3282 552 3415 590 cum
3442 531 3722 588 nonnulli

316 639 562 712 praeﬁxa
592 638 821 710 aperui.
858 639 918 692 Si
954 638 1086 708 quis
1119 654 1189 692 ea
1218 639 1376 692 inter
1409 637 1611 708 spuria
1644 640 1746 690 aut
1795 634 1977 690 dubia

319 727 534 783 saltem
557 726 760 797 Cyrilli
790 743 979 798 opera
999 742 1315 782 accensere
1347 725 1510 792 velit,
1533 741 1655 780 non
1679 724 1973 778 veto.Mihi

322 819 471 875 nihil
500 836 534 872 a
560 818 781 890 Cyrillo
813 818 1002 873 alieni
1033 818 1308 872 videntur
1338 817 1554 872 habere
1581 834 1594 883 ;
1620 833 1810 887 eaque
1842 833 1974 871 con-

320 908 621 981 jungendo
653 925 790 963 cum
824 909 1074 962 homilia
1103 911 1160 962 in
1186 909 1585 978 paralyticum,
1628 923 1751 960 non
1785 906 1972 977 illegi-

324 999 468 1053 tima
499 999 758 1069 suspicio
787 998 996 1064 oritur,
1029 998 1212 1052 fuisse
1245 998 1387 1052 olim
1420 997 1714 1068 integrum
1773 993 1976 1067 Cyrilli

325 1088 385 1142 in
405 1088 651 1142 Joannis
683 1086 1067 1158 Evangelium
1100 1087 1485 1141 homiliarum
1517 1101 1683 1156 Opus.

393 1179 445 1232 4.
465 1176 800 1247 Deperditis
819 1176 948 1246 ejus
970 1175 1250 1247 operibus
1271 1175 1574 1230 accenseri
1598 1177 1850 1244 possunt
1870 1173 1979 1226 ho-

326 1266 508 1321 milia:
535 1283 684 1336 quas
715 1265 1027 1336 presbyter
1043 1264 1295 1332 dicebat,
1329 1263 1537 1319 eodem
1570 1268 1837 1333 tempore
1861 1279 1976 1332 quo

325 1355 756 1427 pronuntiabat
776 1355 1137 1420 catecheses,
1162 1371 1413 1425 qumque
1434 1370 1744 1424 nunquam
1767 1351 1976 1406 fortas-

321 1445 405 1500 sis
430 1446 654 1515 scripto
675 1450 934 1515 exceptae
957 1450 1114 1498 sunt.
1138 1444 1359 1511 Trium,
1387 1443 1506 1497 imo
1530 1448 1589 1497 et
1620 1447 1875 1513 quatuor
1908 1458 1979 1496 ex

321 1533 448 1587 illis
479 1539 833 1605 argumenta
863 1538 921 1586 et
951 1533 1300 1587 memoriam
1327 1532 1387 1586 in
1407 1530 1816 1587 catechesibus
1839 1547 1977 1585 con-

326 1623 600 1677 servavit.
634 1623 870 1678 Catech.
907 1626 992 1688 10,
1026 1638 1085 1676 n.
1122 1624 1210 1688 14,
1263 1621 1334 1676 de
1387 1619 1716 1676 sacerdotio
1763 1619 1978 1673 Christi

330 1713 558 1774 dicens,
593 1713 846 1767 remittit
874 1712 947 1767 ad
978 1711 1287 1766 homiliam
1319 1727 1498 1782 quam
1530 1710 1590 1764 in
1625 1708 1832 1780 synaxi
1866 1709 1980 1762 Do-

327 1802 556 1855 minica
585 1801 682 1855 die
711 1799 1074 1872 praecedenti
1106 1800 1476 1866 recitaverat,
1509 1799 1570 1853 in
1601 1798 1705 1852 illa
1761 1797 1972 1852 verba:

325 1893 595 1948 Sacerdos
633 1894 695 1946 in
749 1899 1015 1947 aeternum
1070 1892 1364 1946 secundum
1409 1889 1655 1944 ordinem
1697 1888 1976 1943 Melchise-

326 1983 445 2046 dec,
481 1982 602 2035 sive
629 1981 778 2052 psal.
813 1998 922 2046 cxx,
957 1983 1008 2046 4,
1053 1980 1169 2034 sive
1222 1979 1535 2050 epistolam
1585 1978 1657 2033 ad
1701 1977 1978 2032 llebraaos

327 2088 457 2142 cap.
500 2087 554 2137 v,
588 2073 641 2141 6,
697 2072 1207 2142 interpretaretur.
1274 2071 1478 2140 Magno
1525 2068 1718 2132 nobis,
1765 2067 1836 2121 ad
1888 2066 1978 2120 in-

329 2160 723 2231 telligendam
755 2159 958 2230 Cyrilli
991 2158 1061 2213 de
1109 2164 1329 2213 aeterno
1379 2158 1594 2212 Christi
1649 2156 1980 2212 sacerdotio

331 2251 719 2314 sententiam,
755 2249 1020 2304 subsidio
1052 2248 1354 2303 essethaec
1374 2246 1621 2302 homilia
1638 2247 1686 2300 si
1710 2261 1981 2316 superes-

330 2347 441 2394 set.
475 2342 602 2394 Cat.
639 2341 724 2402 13,
760 2356 818 2392 n.
858 2339 944 2407 16,
980 2355 1040 2393 se
1073 2345 1246 2392 antea
1291 2337 1510 2391 dixisse
1560 2335 1855 2407 signiﬁcat
1911 2333 1982 2387 de

329 2429 573 2484 silentio
610 2429 843 2483 Domini
869 2445 1006 2483 cum
1022 2427 1395 2498 judicaretur
1417 2425 1486 2480 ab
1512 2425 1986 2480 hominibus.Ca—

327 2519 557 2573 techesi
595 2519 680 2583 14,
714 2533 775 2571 n.
810 2519 899 2584 24,
933 2515 1304 2571 auditoribus
1326 2513 1746 2585 compendiose
1771 2511 1986 2583 repetit

335 2612 567 2678 partem
593 2622 801 2661 eorum
834 2622 965 2676 quae
996 2605 1089 2659 die
1131 2603 1509 2676 praecedenti,
1559 2618 1631 2656 ea
1678 2601 1986 2656 Dominica

338 2702 484 2760 erat,
511 2696 742 2751 dixerat
775 2696 836 2749 in
859 2695 1066 2766 synaxi
1093 2693 1164 2748 de
1186 2693 1615 2765 assumptione,
1645 2708 1749 2747 seu
1781 2696 1848 2747 ut
1875 2709 1983 2747 nos

339 2785 615 2852 dicimus,
650 2784 1000 2839 ascensione
1033 2783 1288 2846 Domini,
1321 2799 1454 2836 cum
1475 2781 1842 2836 consuetudo
1867 2781 1983 2835 lec-

334 2876 567 2930 tionum
592 2875 654 2928 in
669 2873 920 2929 ecclesia
951 2872 1141 2927 ordini
1176 2872 1514 2937 obsecutus,
1545 2871 1724 2941 hujus
1750 2871 1868 2925 diei
1901 2870 1982 2924 le-

340 2968 535 3022 ctione
568 2964 641 3019 ad
675 2963 997 3019 dicendum
1028 2963 1098 3017 de
1133 2961 1365 3017 sublato
1398 2961 1460 3015 in
1495 2960 1673 3016 caelos
1731 2960 1983 3015 Domino

337 3054 660 3127 perductus
694 3056 868 3108 esset.
905 3052 1024 3106 Cat.
1065 3053 1149 3118 13,
1183 3067 1347 3105 num.
1383 3054 1436 3120 9,
1497 3049 1866 3105 auditoribus
1923 3050 1984 3103 in

334 3145 689 3200 memoriam
712 3147 948 3197 revocat
969 3141 1402 3212 expositionem
1424 3157 1544 3194 non
1576 3141 1659 3194 ita
1687 3139 1918 3211 pridem
1952 3155 1987 3194 a

337 3253 396 3292 se
418 3236 637 3291 factam
670 3237 728 3287 in
745 3234 887 3303 psal.
913 3249 1064 3294 Lvm,
1090 3237 1147 3286 et
1167 3232 1229 3285 in
1260 3231 1387 3286 haac
1416 3230 1580 3285 illius
1609 3229 1813 3284 verba:
1849 3230 1982 3283 Con-

332 3328 474 3382 versi
495 3331 620 3381 sunt
642 3323 715 3378 ad
741 3338 1043 3393 vesperam,
1079 3328 1130 3376 et
1157 3324 1359 3390 famem
1383 3322 1535 3390 passi
1554 3326 1681 3375 sunt
1711 3326 1773 3373 ut
1803 3334 1980 3384 canes,

336 3424 385 3472 et
417 3414 896 3470 circumdederunt
927 3413 1241 3466 civitatem:
1293 3426 1424 3480 quas
1473 3409 1649 3463 verba
1698 3408 1983 3479 principi-

338 3507 447 3560 bus
476 3502 704 3559 Judaici
738 3500 965 3573 populi,
997 3500 1139 3555 dum
1171 3499 1635 3570 comprehensus
1668 3503 1757 3552 est
1793 3498 1982 3563 Jesus,

338 3592 906 3651 accommodaverat.
936 3589 1238 3645 Catechesi
1291 3589 1531 3643 demum
1567 3591 1650 3653 12,
1684 3603 1848 3641 num.
1895 3589 1982 3655 18,

337 3691 593 3741 testatur
615 3698 674 3737 se
695 3679 836 3736 alibi
861 3679 1101 3747 dixisse,
1119 3695 1223 3749 per
1245 3677 1465 3748 virgam
1488 3675 1740 3730 ferream
1768 3677 1983 3730 Roma-

333 3791 481 3830 num
513 3771 833 3841 imperium
861 3768 1180 3841 signiﬁcari
1209 3785 1222 3832 ;
1256 3766 1416 3837 quod
1443 3765 1505 3820 in
1555 3765 1756 3835 aliqua
1775 3764 1988 3820 fortas-

331 3865 416 3918 sis
437 3861 656 3934 psalmi
686 3857 930 3913 secundi
954 3856 1320 3927 expositione
1345 3853 1984 3925 protulerat.Cyri|lum

328 3951 589 4024 singulis
618 3948 794 4005 annis
824 3948 1166 4003 catecheses
1197 3945 1499 4009 habuisse,
1534 3943 1853 3998 notaturin
1877 3943 1982 3997 ob-

329 4041 670 4098 servatione
725 4037 980 4108 quadam
1029 4035 1412 4091 amanuensis
1468 4033 1721 4104 alicujus
1750 4049 1783 4087 a
1812 4032 1984 4087 nobis

333 4131 499 4186 edita
524 4133 660 4200 post
688 4125 1013 4182 indiculum
1047 4125 1446 4179 Catecheseon
1481 4123 1665 4194 [XCV]
1713 4129 1984 4192 procate-

333 4220 502 4276 chesi
535 4218 846 4289 praeﬁxum
872 4233 884 4269 :
920 4215 1022 4270 sed
1040 4231 1138 4269 eas
1161 4213 1318 4268 solas
1348 4229 1494 4284 quas
1517 4211 1806 4266 habemus
1837 4211 1982 4266 scri-

330 4314 435 4380 pto
470 4305 849 4377 consignatas
880 4303 1190 4374 signiﬁcat.
1221 4303 1286 4356 ln
1309 4301 1634 4372 deperditis
1656 4300 1832 4354 ctiam
1865 4317 1976 4354 nu-

331 4400 557 4456 merari
599 4401 794 4468 potest
848 4393 1238 4450 continuatio.
1296 4395 1555 4448 Historia
1603 4391 1983 4448 ecclesiasticae

325 4488 572 4546 Eusebii
604 4503 711 4558 per
741 4484 1037 4540 Gelasium
1069 4481 1516 4544 Cmsariensem,
1545 4482 1644 4550 qui
1667 4496 1815 4550 opus
1833 4479 1982 4534 illud

330 4577 611 4636 avunculi
642 4576 733 4630 sui
756 4573 960 4646 Cyrilli
997 4573 1234 4627 hortatu
1267 4571 1600 4642 suscepisse
1631 4569 1980 4638 testabatur,

2082 634 2298 688 eruditi
2330 633 2436 688 viri
2461 650 2580 687 non
2603 633 2861 687 alienam
2885 629 3102 699 Cyrillo
3118 627 3482 699 judicarent,
3513 624 3585 679 ab
3618 641 3725 680 au-

2083 730 2243 778 ctore
2276 724 2445 777 docto
2475 723 2714 792 quidem
2746 726 2804 774 et
2851 718 3082 774 erudito
3134 715 3238 770 sed
3281 716 3466 770 multo
3516 731 3727 769 recen-

2084 813 2220 869 tiori
2253 812 2574 884 profectam
2607 811 2782 866 certis
2815 807 3187 862 documentis
3219 805 3577 876 approbasse
3632 821 3726 858 me

2085 919 2276 974 spero.
2315 903 2459 956 Item
2484 902 2782 955 Historiam
2816 898 3236 953 ecclesiasticam
3287 899 3344 948 et
3392 895 3729 962 mystagogi-

2083 1009 2223 1058 cam,
2259 1010 2362 1046 seu
2394 1008 2575 1046 sacrae
2631 989 2882 1060 liturgiaa
2941 985 3419 1057 explicationem,
3484 999 3614 1052 quas
3664 983 3726 1035 in

2082 1083 2390 1140 nonnullis
2422 1097 2561 1134 mss.
2597 1079 2812 1133 Basilio
2843 1075 3213 1138 Caesariensi,
3243 1073 3304 1128 in
3346 1073 3478 1127 aliis
3509 1071 3726 1142 Cyrillo

2082 1173 2575 1242 Jerosolymitano
2599 1169 2917 1222 tribuitur:
2952 1166 3054 1220 sed
3086 1181 3257 1219 verus
3289 1169 3380 1218 est
3404 1163 3560 1216 fetus
3584 1164 3723 1216 Ger-

2085 1262 2246 1317 mani
2269 1257 2908 1330 Constantinopolitani
2933 1254 3303 1325 patriarchae,
3329 1253 3389 1305 in
3413 1250 3730 1305 Bibliothe-

2085 1353 2170 1408 cis
2226 1355 2464 1407 Patrum
2523 1353 2720 1406 Graece
2753 1355 2810 1403 et
2860 1347 3060 1402 Latine
3121 1345 3313 1399 editus
3371 1343 3482 1396 hoc
3531 1341 3724 1406 titulo,

2089 1445 2321 1498 Theoria
2351 1443 2736 1511 mysteriorum
2758 1457 2779 1501 ;
2811 1453 2987 1507 quem
3038 1434 3280 1505 quidem
3314 1433 3568 1487 Thomas
3601 1430 3729 1483 Mil-

2083 1533 2266 1588 lesius
2295 1533 2357 1585 in
2391 1530 2499 1585 cod
2547 1545 2654 1582 ms.
2681 1527 3052 1581 bibliothecae
3074 1523 3404 1577 Bodleianze
3425 1524 3726 1591 repertum

2085 1623 2272 1678 multo
2305 1620 2657 1684 breviorem,
2691 1623 2749 1672 et
2777 1617 2862 1670 uti
2895 1615 3172 1686 opinatur
3220 1610 3606 1665 sinceriorem
3652 1608 3726 1662 ad

2085 1712 2306 1767 calcem
2338 1709 2538 1780 Cyrilli
2569 1722 2814 1778 operum
2847 1704 3026 1759 dedit.
3061 1703 3219 1772 Opus
3251 1697 3397 1753 illud
3431 1697 3730 1751 existimat

2085 1800 2359 1858 Germani
2415 1800 2460 1851 Il
2512 1790 3159 1863 Constantinopolitani
3218 1786 3567 1858 patriarcha;
3626 1785 3726 1854 qui

2087 1893 2246 1947 circa
2275 1904 2497 1944 annum
2533 1889 2667 1940 1226
2700 1884 2901 1940 sedem
2931 1883 3081 1936 hanc
3121 1877 3464 1948 occupabat.
3516 1874 3722 1929 Liben-

2089 1981 2204 2036 tius
2229 1977 2582 2035 crediderim
2614 1992 2647 2030 a
2673 1976 2962 2028 Germano
2987 1968 3335 2040 profectum,
3371 1964 3470 2036 qui
3518 1963 3726 2017 Leonis

2081 2071 2324 2127 Isaurici
2349 2067 2717 2139 temporibus
2740 2081 2837 2119 an.
2859 2064 2961 2116 726
2984 2059 3234 2115 florebat
3261 2075 3273 2123 ;
3303 2055 3460 2127 quod
3483 2053 3723 2124 quidem

2082 2167 2289 2234 postea
2317 2155 2739 2214 additamentis
2771 2157 3008 2208 auctum
3051 2150 3112 2203 in
3166 2147 3452 2218 majorem
3506 2142 3725 2197 molem

2085 2231 2426 2306 excreverit.
2451 2247 2564 2301 Sed
2584 2261 2717 2300 cum
2743 2248 2969 2297 certum
2997 2243 3299 2294 auctorem
3327 2232 3541 2287 habeat
3557 2231 3728 2285 alter-

2084 2347 2284 2395 utrum
2317 2353 2388 2391 ex
2437 2335 2559 2390 illis
2614 2331 2941 2392 Germanis,
3005 2329 3099 2382 hic
3155 2321 3557 2380 recudendum
3606 2335 3725 2372 non

2087 2427 2434 2485 existimavi.
2466 2427 2627 2479 Tom.
2690 2423 2731 2474 V
2783 2419 3149 2475 Conciliorum
3202 2411 3485 2468 Harduini
3533 2408 3726 2464 editus

2089 2525 2177 2574 est
2207 2515 2486 2587 anonymi
2515 2512 2755 2568 libellus
2787 2512 2861 2564 De
2917 2525 3011 2562 sea:
3057 2505 3296 2575 synodis,
3353 2501 3453 2571 qui
3500 2500 3561 2553 in
3611 2514 3722 2552 ms.

2088 2584 2438 2664 collectione
2466 2603 2643 2675 Regia
2665 2600 2794 2656 cod.
2828 2599 2988 2663 2931,
3013 2595 3116 2660 fol,
3138 2596 3241 2647 219
3259 2589 3594 2662 appellatur
3623 2584 3724 2638 Κύ-

2090 2694 2284 2771 ριλλος
2343 2691 2638 2750 ἐπίσκοπος
2699 2682 3120 2760 Ἰεροσολύμων,
3181 2679 3416 2750 Cyrillus
3469 2679 3727 2732 Hieroso-

2090 2768 2355 2857 lymorum
2386 2787 2688 2853 episcopus,
2719 2777 2870 2833 falsa
2900 2774 3210 2847 perspicue
3259 2768 3585 2825 attributio.
3634 2769 3728 2821 In-

2089 2856 2178 2932 ter
2198 2877 2357 2929 varia
2385 2889 2545 2928 sacra
2571 2869 2729 2925 edita
2754 2885 2789 2922 a
2819 2865 3115 2936 Stephano
3148 2863 3221 2916 Le
3270 2859 3459 2913 Moine
3511 2863 3650 2910 tom.
3686 2856 3730 2918 Ι,

2088 2983 2217 3038 pag.
2253 2966 2342 3030 68,
2372 2964 2662 3017 Germano
2717 2951 3373 3022 Constantinopolitano
3429 2945 3727 2999 tribuitur.

2089 3035 2360 3110 Homilies
2389 3053 2460 3106 De
2491 3065 2717 3105 occursu
2749 3045 2976 3115 subjeci
3007 3043 3245 3095 brevem
3279 3035 3725 3105 chronologiam

2091 3161 2221 3216 qua)
2254 3141 2456 3214 Cyrilli
2488 3156 2608 3194 non
2645 3142 2752 3196 est,
2787 3136 2915 3205 ejus
2941 3138 3140 3187 tamen
3173 3127 3416 3184 nomine
3441 3125 3501 3178 in
3527 3123 3727 3193 aliquo

2097 3252 2206 3289 ms.
2238 3212 2550 3304 reperitur.
2587 3227 2686 3281 His
2717 3224 2996 3296 operibus
3017 3237 3136 3274 non
3161 3217 3294 3272 dolo
3326 3212 3616 3279 malo,sed
3639 3228 3728 3267 er-

2093 3339 2226 3378 rore
2257 3320 2567 3394 praaﬁxum
2599 3313 2802 3388 Cyrilli
2833 3326 3073 3367 nomen.
3133 3308 3476 3376 Sequuntur
3517 3316 3734 3372 suppo-

2095 3414 2220 3469 sitae
2252 3391 2453 3483 Cyrilli
2487 3407 2560 3463 ad
2589 3405 2810 3461 Julium
2842 3404 3196 3461 Romanum,
3231 3401 3290 3450 et
3314 3393 3453 3450 Julii
3502 3391 3575 3446 ad
3625 3392 3729 3459 Cy-

2094 3503 2294 3558 rillum
2330 3501 2401 3555 de
2433 3498 2528 3553 die
2559 3492 2886 3551 Nativitatis
2909 3487 3141 3545 Domini
3165 3486 3398 3550 litterae,
3423 3498 3554 3552 quas
3575 3483 3733 3533 certe

2093 3606 2398 3660 nunquam
2430 3605 2464 3642 a
2500 3583 2721 3657 Cyrillo
2745 3576 2969 3636 Juliove
2993 3575 3286 3648 prodiere.
3311 3573 3378 3625 In
3399 3570 3514 3625 alio
3539 3583 3738 3621 exem—

2092 3657 2386 3752 plari—non
2408 3674 2610 3747 Cyrilli
2634 3672 2733 3727 sed
2757 3666 3052 3725 Juvenalis
3078 3665 3151 3720 ad
3172 3663 3413 3726 Julium,
3434 3657 3733 3729 ejusdem-

2093 3748 2208 3840 que
2239 3767 2311 3822 ad
2342 3763 2678 3820 Juvenalem
2717 3761 2996 3815 dicuntur
3016 3756 3248 3819 litterae,
3277 3748 3732 3809 Juvenalis,non

2092 3859 2244 3914 Julio
2278 3873 2419 3912 sane
2449 3860 2684 3909 centum
2721 3856 2857 3905 ante
2889 3862 3078 3902 annos
3109 3847 3366 3907 mortuo,
3407 3837 3511 3892 sed
3557 3833 3732 3890 alicui

2095 3964 2163 4002 ex
2194 3944 2476 4001 Romanis
2507 3938 2890 4013 pontiﬁcibus
2941 3936 3002 3988 in
3050 3931 3322 3987 eamdem
3376 3923 3734 3982 sententiam

2094 4036 2353 4092 scribere
2382 4012 2594 4104 potuit.
2628 4027 2741 4082 Sed
2771 4032 2968 4079 utrum
2992 4023 3105 4076 ista
3126 4012 3732 4089 scripserit,dubium;

2093 4143 2168 4181 ne
2200 4125 2390 4180 dicam
2425 4121 2640 4176 falsum
2672 4131 2915 4188 prorsus
2956 4128 3105 4166 esse.
3162 4107 3272 4162 Sed
3321 4119 3559 4160 omnem
3607 4099 3730 4153 fere

2091 4213 2524 4285 impudentiam
2557 4208 2756 4274 vincit,
2792 4203 2947 4276 quod
2980 4201 3231 4256 inscitus
3277 4202 3334 4250 et
3385 4190 3733 4263 imprudens

2091 4278 2312 4360 nebulo
2343 4299 2656 4372 Augustini
2690 4296 2762 4351 ad
2794 4293 3098 4366 Cyrillum,
3135 4295 3192 4342 et
3246 4283 3447 4372 Cyrilli
3493 4278 3733 4372 αεὶ-,Λιξ-

2091 4393 2392 4467 gustinum
2426 4367 2706 4461 epistolas
2739 4384 2910 4440 ﬁnxit
2937 4382 3009 4436 de
3040 4379 3202 4433 obitu
3234 4381 3293 4428 et
3339 4368 3641 4426 miraculis
3672 4367 3726 4420 S.

2093 4480 2431 4552 Hieronymi
2455 4460 2478 4533 εί
2501 4495 2632 4549 qua)
2665 4474 2906 4547 quidem
2958 4466 3216 4524 flammis
3256 4460 3527 4532 digniora
3555 4471 3732 4527 quam

2095 4571 2248 4643 typis
2280 4547 2424 4624 nium
2465 4547 2812 4622 re—cuderem
2869 4558 3076 4631 [XCVI]
3129 4550 3411 4609 dubitavi.
3447 4547 3596 4602 Vicit
3649 4551 3736 4599 ta-

330 4667 489 4740 apud
515 4668 683 4720 Phot.
711 4635 838 4719 cod.
883 4665 968 4730 89,
1004 4679 1060 4733 p.
1092 4661 1216 4728 210,
1243 4661 1362 4715 imo
1387 4635 1460 4714 ex.
1479 4659 1688 4714 Photio
1716 4658 1888 4713 ambo
1921 4635 1981 4712 in
2017 4635 2060 4697 Ῑ)
2094 4635 2228 4716 men
2251 4657 2566 4721 sententia,
2589 4671 2661 4709 ne
2696 4654 2754 4706 in
2787 4651 2898 4705 hoc
2930 4661 3107 4718 opere
3139 4641 3638 4700 desiderarentur,
3673 4638 3738 4687 ut

333 4758 493 4812 idem
527 4772 676 4826 opus
709 4770 877 4808 suam
908 4767 1147 4823 Operam
1179 4750 1454 4804 videntur
1485 4748 1843 4812 contulisse;
1880 4747 1981 4801 sed

332 4846 492 4919 quod
523 4845 606 4899 ait
637 4843 880 4898 Photius
906 4841 1196 4913 reperisse
1228 4857 1288 4894 se
1313 4840 1372 4894 in
1399 4838 1533 4894 aliis
1554 4838 1980 4902 monumentis,

332 4935 620 5008 Cyrillum
648 4939 706 4987 et
737 4931 1034 4986 Gelasium
1069 4928 1294 4983 nullam
1327 4928 1437 4981 sibi
1471 4928 1773 4998 prOpriam
1797 4927 1978 4981 histo-

330 5027 481 5080 riam
505 5019 935 5093 composuisse,
961 5024 1188 5074 tantum
1212 5017 1476 5072 Latinam
1501 5017 1698 5070 Ruﬁni
1721 5019 1981 5071 Graecam

329 5115 565 5178 fecisse,
599 5111 824 5167 nollem
855 5126 888 5164 a
920 5114 1080 5163 tanto
1111 5107 1234 5160 viro
1266 5105 1489 5160 dictum
1517 5122 1530 5173 ;
1593 5121 1729 5160 nam
1783 5105 1981 5160 Ruﬁni

332 5203 584 5260 historia
609 5201 784 5272 longe
817 5203 950 5269 post
979 5195 1184 5267 Cyrilli
1217 5199 1491 5263 mortem,
1523 5211 1653 5265 quae
1686 5195 1747 5248 in
1777 5211 1844 5249 ea
1875 5211 1980 5248 suo

333 5293 543 5350 ordine
578 5294 963 5352 memoratur,
997 5285 1337 5356 conscripta
1357 5291 1467 5338 est.

403 5385 456 5435 5.
489 5377 810 5450 Supposita
841 5373 1042 5447 Cyrilli
1074 5372 1305 5428 nomini
1337 5387 1517 5442 opera
1547 5369 1804 5442 duplicis
1845 5376 1984 5425 sunt

331 5471 565 5544 generis
590 5487 603 5535 ;
631 5468 749 5522 alia
772 5465 932 5520 enim
951 5463 1332 5534 optimorum,
1353 5467 1455 5516 aut
1472 5460 1683 5516 saltem
1713 5477 1832 5514 non
1857 5477 1980 5514 ma-

333 5559 523 5614 lorum
551 5563 694 5612 sunt
723 5559 1054 5616 auctorum,
1086 5567 1191 5622 per
1221 5566 1483 5605 errorem
1530 5548 1747 5620 Cyrillo
1777 5554 1980 5602 nostro

339 5649 659 5704 attributa:
695 5642 815 5699 alia
851 5642 922 5697 ab
953 5640 1354 5696 nebulonibus
1411 5638 1730 5694 manifesta
1774 5636 1981 5692 fraude

340 5736 461 5808 ejus
492 5732 728 5793 nomini
759 5730 1083 5804 supposita.
1115 5730 1182 5785 ln
1231 5730 1423 5801 primo
1473 5727 1682 5784 ordine
1731 5743 1979 5783 numero

2092 4752 2202 4806 hoc
2235 4766 2350 4803 uno
2385 4745 2675 4815 exemplo,
2715 4745 3002 4812 quantum
3036 4726 3606 4790 mendaciolicuerit
3634 4723 3737 4778 de—

2091 4842 2432 4897 clararetur.
2498 4833 2777 4905 Ejusdem
2834 4826 3079 4883 furfuris
3137 4827 3226 4877 est
3273 4820 3667 4891 fragmentum
3700 4829 3735 4866 a

2090 4932 2146 4985 8·
2179 4931 2402 4984 Thoma
2433 4901 2818 4982 sub-inomine
2849 4915 3052 4988 Cyrilli
3083 4914 3351 4972 citatum,
3386 4923 3500 4978 quo
3531 4901 3737 4958 omnia

2092 5019 2209 5074 sive
2239 5029 2522 5088 germana
2547 5012 2665 5066 sive
2698 5007 2899 5079 spuria
2929 5003 3132 5075 Cyrilli
3164 5015 3344 5072 opera
3375 4992 3661 5052 conclusi.

2737 5114 2966 5171 CAPUT
3004 5113 3072 5166 II.

2091 5212 2449 5270 Catecheseon
2484 5211 2546 5262 18
2595 5210 2668 5264 ad
2715 5203 3110 5261 illuminandos
3151 5199 3370 5261 ueritas,
3420 5189 3728 5259 antiquitas

2507 5287 2557 5334 et
2590 5281 2882 5348 integritas
2915 5272 3304 5343 defenduntur.

2161 5376 2213 5426 6.
2247 5371 2406 5426 Adeo
2437 5370 2660 5424 diserta
2689 5345 2828 5421 sunt
2859 5370 2917 5418 et
2975 5360 3278 5417 luculenta
3335 5369 3464 5425 qum
3514 5349 3599 5447 ad.
3635 5345 3738 5443 de-

2090 5547 2912 5619 Catechesibusjproferuntur
2933 5517 3373 5611 aligumentamt
3397 5533 3735 5619 Protestan-

2090 5645 2178 5694 tes
2208 5637 2509 5704 nonnulli,
2542 5634 2828 5691 contortis
2858 5627 3233 5692 ratiunculis,
3267 5620 3479 5693 quibus
3513 5632 3582 5670 ea
3608 5612 3735 5704 elu-

2093 5729 2230 5785 dere
2254 5696 2528 5784 laborant
2547 5725 2750 5796 difﬁsi,
2775 5721 2997 5779 nodum
3019 5719 3176 5772 hunc
3200 5711 3311 5767 sibi
3343 5696 3730 5762 inextricabi-
