4090 6268
311 361 425 423 127

1423 359 1525 419 DE
1566 355 2147 419 CATECHESlBUS
2189 360 2254 420 S.
2301 360 2651 425 CYRILLI.

3593 363 3711 424 128

308 494 429 550 lem
463 493 783 549 secandum
815 492 1012 564 potius
1043 507 1220 562 quam
1251 489 1700 547 dissolvendum
1715 486 1953 560 judica—
1980 487 2035 555 Α
2064 488 2126 543 in
2156 494 2365 549 catena
2390 495 2449 547 in
2478 495 2745 550 Joannem
2770 514 2786 555 :
2818 500 2981 551 sexta
3009 513 3045 550 a
3077 496 3292 551 Photio
3323 499 3382 550 et
3412 496 3585 550 Petro
3618 495 3712 550 Si-

312 584 452 647 rint,
485 582 941 653 catechesesque
997 586 1253 646 nostras,
1301 580 1539 652 injectis
1586 578 1849 650 primum
1889 576 1952 630 in

315 673 581 729 Grodecii
611 689 680 728 ac
709 672 958 727 Prevotii
992 672 1169 726 ﬁdem
1220 670 1678 742 suspicionibus.
1740 666 1956 738 Cyrillo

316 767 518 815 nostro
543 760 791 831 eripere,
815 764 916 814 aut
941 758 1150 814 saltem
1173 758 1255 813 uti
1307 754 1869 828 interpolationibus
1900 758 1959 807 et

313 852 675 908 assumentis
706 849 1064 904 deformatas
1093 848 1441 902 auctoritate
1490 845 1652 900 omni
1703 843 1958 915 spoliare

315 941 658 996 laborarint.
692 940 928 994 Rivetus
961 938 1302 1009 Hieronymi
1325 936 1673 992 auctoritate
1695 950 1955 1006 pressus,

315 1030 599 1101 Cyrillum
628 1030 845 1086 fatetur
875 1029 1214 1084 catecheses
1246 1027 1685 1098 composuisse;
1720 1042 1794 1080 an
1853 1040 1961 1079 au-

317 1124 437 1173 tem
468 1119 584 1173 illa;
615 1119 733 1173 sint
757 1134 903 1189 quas
928 1117 1239 1183 habemus,
1268 1117 1480 1171 merito
1505 1116 1589 1170 ait
1618 1116 1677 1170 in
1710 1113 1957 1169 dubium

316 1208 531 1263 vocari.
561 1208 707 1261 Cum
738 1213 933 1262 autem
964 1205 1036 1260 ab
1067 1204 1453 1265 Theodoreto,
1485 1206 1711 1260 Joanne
1742 1204 1952 1258 Dama-

319 1312 518 1363 sceno,
540 1296 767 1351 Joanne
788 1295 1187 1367 Cyparissiota
1207 1311 1279 1349 ex
1303 1294 1523 1349 nostris
1550 1293 1958 1349 catechesibus

318 1386 401 1440 uti
433 1402 503 1439 ex
525 1386 861 1456 Cyrillianis
892 1384 1229 1440 testimonia
1248 1384 1668 1456 producantur,
1695 1400 1815 1438 non
1837 1383 1961 1438 vult

320 1475 623 1547 prmfracte
650 1491 864 1547 negare
894 1475 1241 1530 Catecheses
1273 1473 1805 1530 illuminandorum
1833 1490 1960 1529 ma-

317 1582 433 1639 gna
463 1583 532 1621 ex
557 1573 722 1638 parte
751 1567 953 1637 Cyrilli
984 1583 1112 1621 esse
1139 1583 1152 1633 ;
1186 1565 1288 1620 sed
1337 1565 1682 1621 nullatenus
1731 1564 1961 1621 dubitat

318 1654 610 1709 nonnulla
641 1655 700 1709 in
732 1655 854 1709 illis
886 1670 1014 1709 esse
1044 1654 1327 1720 detracta,
1384 1654 1674 1709 nonnulla
1722 1658 1955 1708 assuta:

319 1741 535 1813 quibus
568 1742 953 1815 argumentis,
986 1744 1231 1798 inferius
1260 1743 1543 1814 aperiam.
1585 1744 1728 1798 Cum
1759 1748 1959 1796 autem

320 1832 748 1903 mystagogicas
778 1832 1042 1902 quinque
1074 1830 1370 1887 similibus
1398 1838 1660 1886 veterum
1711 1830 1844 1886 illas
1875 1830 1960 1885 ci-
1992 1861 2035 1925 Β

320 1920 574 1975 tantium
605 1920 962 1976 testimoniis
992 1921 1331 1976 conﬁrmari
1366 1921 1683 1993 ignoraret,
1717 1936 1815 1975 eas
1845 1920 1954 1990 Cy-

317 2009 455 2064 rillo
488 2026 729 2080 prorsus
751 2009 1071 2081 abjudicat,
1105 2014 1171 2064 ut
1196 2011 1407 2065 Joanni
1439 2010 1673 2065 cuidam
1721 2009 1954 2063 Jeroso-

316 2096 606 2169 lymitano
627 2098 822 2169 potius
849 2099 1383 2154 tribuat.Caaterum
1396 2099 1803 2170 cujuscunque
1817 2097 1956 2164 sint,

318 2204 497 2257 puras
527 2205 647 2242 non
680 2204 809 2243 esse
841 2204 876 2243 a
904 2188 1284 2259 corruptione
1333 2187 1824 2259 interpolatorum
1849 2203 1957 2257 pro

317 2283 477 2331 certo
521 2277 718 2344 habet,
753 2284 811 2332 et
840 2294 965 2331 rem
999 2278 1189 2348 ipsam
1217 2277 1382 2347 loqui
1413 2278 1515 2331 ait.
1551 2278 1612 2330 In
1648 2277 1825 2349 hujus
1847 2276 1955 2347 ju-

318 2365 473 2420 dicio
506 2367 748 2421 omnino
780 2366 1106 2436 acquiescit
1136 2365 1496 2420 Albertinus.
1554 2366 1681 2421 Jam
1733 2365 1958 2420 dudum

317 2453 423 2508 illa
453 2454 645 2510 eritici
678 2454 1008 2525 utriusque,
1044 2460 1101 2509 ct
1133 2470 1336 2508 eorum
1368 2454 1469 2525 qui
1503 2454 1655 2509 hanc
1701 2454 1957 2509 auctori-

317 2547 497 2598 tatem
532 2548 672 2598 sunt
697 2542 902 2599 secuti.
939 2544 1126 2614 ejecta
1157 2549 1214 2597 et
1244 2543 1485 2614 explosa
1523 2542 1819 2598 sententia
1848 2546 1957 2609 est,

320 2632 495 2687 etiam
528 2632 600 2687 ab
636 2632 708 2687 iis
739 2632 836 2702 qui
870 2633 1107 2688 easdem
1140 2639 1336 2703 partes
1367 2632 1758 2703 eamdemque
1797 2648 1955 2686 com-

319 2721 665 2776 munionem
698 2721 950 2791 amplexi
982 2726 1169 2776 erant.
1204 2720 1597 2786 Quamobrem
1631 2721 1817 2776 satius
1835 2720 1956 2777 for-

318 2810 494 2864 tassis
526 2815 683 2865 esset
713 2826 821 2864 nos
850 2809 922 2864 ab
977 2826 1048 2864 ea
1092 2810 1511 2877 controversia,
1558 2827 1689 2880 quae
1736 2812 1798 2864 in
1845 2810 1957 2866 hoc

318 2902 584 2970 tempore
608 2898 737 2970 jam
768 2898 935 2954 nulla
963 2904 1072 2969 est,
1122 2898 1442 2954 abstinere.
1478 2900 1558 2954 Ne
1603 2904 1801 2954 tamen
1832 2901 1951 2954 cui-

312 3004 490 3058 quam
517 2988 578 3042 in
599 2992 860 3044 mentem
882 2993 1089 3059 postea
1117 2988 1311 3044 veniat
1340 2987 1667 3043 obsoletam
1701 2988 1867 3043 illam
1898 2994 1957 3044 et

312 3077 686 3133 exsibilatam
717 3077 1060 3149 opinionem
1092 3077 1376 3133 suscitare
1409 3095 1423 3143 ;
1457 3077 1765 3133 doctorum
1797 3077 1947 3133 viro-

310 3182 441 3221 rum
458 3166 707 3237 judicio.
733 3167 1123 3221 catecheseon
1154 3167 1421 3221 omnium
1446 3167 1748 3222 veritatem
1778 3172 1836 3222 et
1867 3169 1950 3223 in-

313 3259 645 3327 tegntatem
678 3255 740 3309 in
770 3260 937 3310 tanta
961 3255 1091 3310 luce
1131 3255 1541 3311 collocandam
1594 3256 1946 3324 existimavi,

308 3349 375 3399 ut
405 3344 453 3398 si
484 3345 618 3414 quis
650 3360 780 3399 eam
811 3360 937 3398 rem
967 3344 1231 3400 nondum
1265 3346 1405 3399 satis
1436 3345 1800 3416 exploratam
1832 3347 1946 3402 ha-

309 3432 467 3501 beat,
498 3450 634 3488 eum
661 3432 881 3504 pudeat
911 3432 981 3487 de
1015 3438 1132 3488 tam
1182 3439 1385 3505 aperta
1427 3434 1670 3489 veritate
1724 3434 1945 3490 solum-

307 3530 483 3577 modo
514 3520 835 3577 dubitasse.
870 3520 954 3576 Ab
987 3520 1194 3577 decem
1243 3527 1302 3577 et
1331 3527 1462 3578 octo
1502 3522 1801 3594 prioribus
1849 3540 1948 3579 ca-

307 3610 650 3668 techesibus
683 3611 975 3666 exordior.

376 3701 429 3756 7.
465 3700 749 3772 Cyrillum
794 3700 1351 3771 Jerosolymitanum
1402 3699 1744 3757 catecheses
1795 3718 1950 3756 com-

304 3791 574 3862 posuisse
605 3788 861 3844 dubitari
892 3806 1013 3845 non
1054 3794 1268 3860 potest,
1312 3795 1553 3862 propter
1602 3791 1945 3862 Hieronymi

304 3878 611 3951 scriptoris
638 3878 884 3949 aequalis
913 3879 1346 3935 auctoritatem.
1383 3880 1521 3935 Illas
1578 3886 1775 3936 autem
1830 3896 1949 3935 non

306 3969 454 4024 alias
485 3985 518 4022 a
550 3967 768 4023 nostris
800 3984 950 4030 esse,
984 3966 1206 4038 duplici
1255 3975 1602 4039 argumento
1641 3969 1947 4024 convinci-

306 4061 423 4113 tur.
460 4056 720 4111 Primum
752 4056 1007 4110 sumitur
1030 4055 1102 4111 ab
1137 4057 1397 4111 externis
1445 4057 1826 4128 antiquorum
1862 4062 1941 4111 te-

310 4147 627 4214 stimoniis,
661 4147 877 4218 quibus
909 4147 1165 4202 efﬁcitur
1194 4152 1429 4202 nostras
1459 4149 1796 4203 catecheses
1821 4148 1946 4219 jam

310 4239 385 4294 ab
413 4240 540 4310 ipso
571 4237 772 4309 Cyrilli
807 4243 1091 4308 tempore,
1114 4242 1216 4292 aut
1245 4237 1455 4292 saltem
1478 4237 1763 4309 proximis
1798 4243 1941 4293 tem~

311 4329 554 4400 poribus
584 4326 899 4392 exstitisse,
934 4331 994 4380 et
1021 4326 1239 4397 Cyrillo
1268 4326 1760 4398 Jerosolymitano
1783 4328 1951 4383 nulla

309 4417 677 4473 dubitatione
710 4415 980 4471 tributas.
1013 4414 1282 4469 Alterum
1314 4415 1617 4471 internum
1649 4422 1755 4482 est,
1791 4422 1850 4472 et
1879 4435 1949 4472 ex

308 4509 452 4581 ipsis
483 4507 892 4563 catechesibus
922 4507 1359 4578 depromptum.
1393 4507 1579 4562 Nullaa
1611 4525 1761 4578 pene
1787 4488 1944 4564 vete-

2064 578 2238 647 culo;
2272 583 2523 652 septima
2554 584 2626 639 ab
2657 585 2966 640 Anastasio
3018 586 3395 650 Quaestionum
3442 587 3541 640 153
3599 602 3710 640 εω-

2064 669 2181 724 οιιΙί
2206 672 2351 725 sexti
2376 673 2464 727 vel
2488 675 2725 746 septimi
2749 680 3011 739 auctore,
3038 693 3073 730 a
3095 676 3149 730 S.
3184 676 3455 742 Maximo,
3489 681 3549 731 et
3573 677 3713 731 Phi-

2064 757 2225 830 lippo
2259 761 2557 818 solitario:
2593 781 2750 819 nona
2779 765 2842 819 in
2874 770 3084 819 catena
3114 767 3173 819 in
3219 767 3518 820 Joannem:
3550 765 3710 821 deci-

2065 863 2219 903 maa
2245 851 2469 906 Joanne
2519 853 2953 924 Cyparissiota;
3008 853 3361 909 duodecima
3405 870 3441 909 a
3479 856 3708 910 Joanne

2064 938 2426 995 Damasceno
2454 957 2466 994 :
2498 941 2670 996 tertia
2726 942 2957 997 decima
3000 941 3224 1012 pluries
3272 943 3332 996 in
3377 942 3605 997 catenis
3654 946 3712 998 in

2062 1030 2265 1084 Lucam
2296 1035 2355 1085 et
2384 1031 2444 1085 in
2474 1033 2782 1086 Joannem:
2813 1037 3014 1087 octava
3062 1031 3294 1087 decima
3340 1031 3412 1086 ab
3467 1038 3709 1088 auctore

2066 1118 2439 1180 Quaestionum
2472 1118 2580 1173 sub
2629 1120 2935 1174 Athanasii
2967 1119 3230 1182 nomine,
3262 1119 3389 1174 Elia
3417 1120 3708 1188 Cretensi,

2063 1207 2317 1261 Antonio
2349 1207 2599 1263 Melissa.
2635 1209 2701 1263 Hi
2733 1225 2943 1263 omnes
2962 1214 3198 1264 nostras
3228 1208 3569 1264 catecheses
3598 1209 3709 1264 sub

2063 1295 2290 1365 Cyrilli,
2322 1302 2381 1351 et
2408 1313 2559 1368 pene
2586 1314 2794 1353 omnes
2824 1298 2932 1352 sub
2962 1298 3440 1368 Jerosolymitaui
3461 1298 3706 1354 nomine

2063 1382 2325 1439 laudant.
2360 1387 2609 1441 Tantum
2634 1387 2932 1441 Cretensis
2972 1387 3129 1441 Elias
3172 1386 3280 1441 sub
3335 1387 3576 1442 nomine
3608 1386 3704 1441 SS.

2063 1474 2301 1529 Patrum
2333 1477 2682 1547 generatim.
2718 1479 2833 1531 Nec
2863 1477 3060 1531 minor
3082 1477 3167 1531 eis
3189 1476 3419 1531 accedit
3446 1477 3709 1532 auctori-

2064 1566 2155 1617 tas
2185 1563 2258 1618 ab
2290 1564 2362 1618 iis
2389 1565 2488 1635 qui
2550 1565 2726 1620 tacito
2775 1566 3036 1620 auctoris
3086 1565 3327 1619 nomine
3375 1566 3706 1620 sententias

2064 1651 2195 1722 ejus
2224 1653 2629 1709 transcribunt
2657 1658 2717 1708 et
2746 1654 3083 1725 compilant.
3125 1652 3266 1709 Inde
3299 1654 3458 1708 enim
3522 1653 3711 1710 efﬁci-

2065 1744 2163 1794 tur
2192 1756 2290 1795 eas
2319 1741 2560 1796 illorum
2592 1748 2857 1813 tempore
2902 1742 3219 1797 exstitisse.
3254 1742 3308 1795 S-
3371 1742 3555 1809 Nilus,
3608 1743 3712 1813 qui

2066 1828 2412 1901 aliquandiu
2438 1830 2575 1885 vixit
2597 1847 2732 1885 cum
2763 1831 2981 1902 Cyrillo
3012 1831 3239 1886 nullam
3271 1847 3421 1901 pene
3452 1831 3581 1903 ejus
3610 1848 3709 1886 ca-

2065 1918 2350 1973 techesim
2377 1919 2661 1976 intactam
2719 1920 2984 1991 reliquit,
3040 1937 3072 1976 e
3120 1936 3237 1990 qua
3282 1936 3401 1975 non
3449 1920 3710 1990 aliquas,

2064 2006 2420 2077 quandoque
2444 2008 2619 2063 etiam
2644 2009 2995 2080 prolixiores
3019 2008 3349 2063 sententias
3373 2009 3444 2063 ad
3464 2009 3710 2064 verbum

2065 2095 2188 2150 suis
2220 2096 2488 2167 epistolis
2519 2097 2830 2155 insereret.
2864 2096 3022 2150 velut
3051 2113 3081 2149 e
3112 2097 3540 2167 procatechesi,
3594 2102 3708 2153 cat.

2064 2188 2121 2249 2,
2147 2187 2199 2248 4,
2237 2189 2286 2251 7,
2322 2188 2408 2252 12,
2446 2186 2530 2252 I6,
2570 2188 2652 2240 I8.
2705 2186 2975 2247 Ruﬁnus.
3027 2186 3128 2256 qui
3168 2185 3554 2257 Jerosolymis
3609 2186 3713 2241 diu

2065 2274 2351 2347 Cyrillum
2381 2276 2545 2343 vidit,
2579 2293 2654 2331 en
2686 2282 2798 2331 cat.
2835 2279 2918 2337 13,
2962 2278 3043 2343 14,
3098 2278 3162 2329 15
3217 2280 3275 2328 et
3321 2278 3406 2343 I8,
3453 2276 3715 2347 plurima

2066 2365 2372 2420 transtulit
2401 2366 2461 2420 in
2495 2382 2661 2420 suam
2691 2365 2946 2436 symboli
2970 2364 3426 2436 expositionem.
3462 2365 3715 2420 Basilius

2066 2455 2245 2511 etiam
2269 2455 2472 2527 Cyrilli
2496 2456 2808 2510 sententiis
2834 2472 2905 2510 ex
2924 2461 3149 2525 procat.
3180 2461 3238 2510 et
3259 2455 3572 2524 Gregorius
3603 2457 3714 2509 Na-

2063 2544 2372 2600 zianzenus
2405 2560 2473 2598 ex
2500 2550 2610 2599 cat.
2646 2546 2697 2607 3,
2732 2544 2823 2599 usi
2884 2543 3179 2598 videntur.
3234 2543 3500 2609 Proclus,
3552 2544 3714 2600 Basi-

2063 2633 2703 2703 liusqueSeleuciensis
2717 2633 3072 2689 catechesim
3093 2632 3505 2689 duodecimam
3529 2632 3711 2688 inter-

2065 2722 2202 2777 dum
2241 2722 2563 2793 compilare
2586 2721 2878 2778 videntur.
2912 2724 3058 2776 Item
3110 2722 3544 2778 Casarianorum
3576 2723 3711 2776 Dia—

2065 2811 2314 2881 logorum
2337 2816 2544 2865 auctor
2563 2811 2919 2865 catechesim
2944 2816 3173 2866 sextam
3195 2810 3510 2878 decimam,
3529 2812 3710 2866 Joan-

2062 2917 2170 2956 nes
2200 2902 2601 2956 Damascenus
2629 2899 2952 2954 nonnullas
2983 2915 3054 2954 ex
3084 2907 3197 2956 cat.
3235 2904 3258 2955 1
3295 2906 3353 2956 et
3386 2904 3447 2955 15
3479 2901 3603 2955 suis
3634 2901 3707 2954 li-

2060 2993 2184 3048 bris
2216 2992 2542 3048 sententias
2564 2992 2837 3063 aspersit.
2858 2993 2939 3046 Ex
2968 2993 3262 3048 catechesi
3293 2994 3378 3060 15,
3413 2993 3708 3048 nonnulla

2060 3082 2316 3153 sumpsit
2344 3080 2953 3153 pseudo-Hippolytus
2985 3081 3047 3136 in
3080 3081 3229 3137 libro
3260 3084 3336 3136 De
3366 3099 3708 3139 consumma-

2064 3175 2209 3227 tione
2236 3170 2430 3225 mundi
2457 3176 2509 3225 et
2536 3171 2899 3226 Antichristo.
2933 3171 3270 3227 Catechesis
3316 3188 3475 3226 nono
3505 3177 3704 3226 exsta-

2062 3260 2163 3316 bat
2182 3259 2244 3314 in
2266 3276 2407 3315 mss.
2439 3258 2748 3314 nonnullis
2765 3259 2981 3314 saeculo
3007 3259 3258 3323 decimo,
3283 3259 3402 3315 imo
3426 3264 3485 3313 et
3503 3265 3705 3315 octavo

2059 3350 2165 3405 sub
2199 3349 2441 3404 nomine
2472 3349 2733 3403 homiliae
2766 3348 2821 3403 S.
2867 3349 3067 3404 Basilii
3112 3352 3190 3404 De
3242 3352 3351 3404 Deo
3404 3353 3706 3419 incompre-

2058 3439 2331 3521 hensibili.
2364 3437 2527 3493 Alios
2558 3438 2789 3503 omitto,
2823 3454 2970 3508 quos
3000 3438 3063 3492 in
3095 3438 3291 3493 indice
3325 3443 3559 3495 notatos
3610 3455 3704 3494 re-

2057 3528 2257 3601 perire
2289 3533 2398 3583 est.

2128 3620 2178 3672 8.
2213 3616 2325 3673 Sed
2357 3632 2473 3688 quo
2504 3616 2632 3671 haec
2664 3620 2827 3671 tanta
2858 3616 3097 3672 testium
3130 3616 3320 3671 nubes
3343 3617 3370 3671 ?
3391 3634 3544 3672 unus
3573 3635 3704 3674 om-

2058 3706 2200 3761 nino
2223 3705 2365 3760 satis
2384 3709 2491 3760 est.
2512 3706 2655 3759 Nam
2698 3705 2745 3758 si
2772 3704 3027 3776 alicujus
3066 3705 3296 3777 antiqui
3327 3707 3702 3761 auctoritate,

2057 3795 2218 3851 verbi
2243 3795 2451 3868 gratia,
2484 3793 2833 3849 Theodoreti
2867 3794 2956 3849 vel
2987 3794 3181 3850 Ruﬁni
3242 3800 3475 3849 constet
3522 3812 3700 3851 unam

2060 3890 2290 3941 tantum
2314 3900 2344 3938 e
2364 3883 2585 3937 nostris
2608 3883 3036 3948 catechesibus,
3053 3884 3137 3937 uti
3160 3889 3431 3954 quartam
3465 3883 3553 3939 vel
3585 3889 3702 3940 ter-

2061 3974 2201 4028 tiam
2233 3972 2524 4026 decimam
2555 3970 2758 4042 Cyrilli
2790 3987 2940 4037 esse,
2977 3972 3123 4026 illud
3166 3972 3244 4026 de
3293 3972 3569 4027 omnibus
3614 3979 3705 4027 est

2058 4061 2393 4134 probatum.
2422 4059 2583 4114 Adeo
2607 4074 2817 4114 omnes
2841 4076 3039 4115 secum
3065 4077 3344 4115 connexae
3369 4067 3525 4126 sunt,
3551 4067 3611 4115 et
3640 4062 3703 4117 in

2058 4168 2241 4207 unum
2276 4149 2559 4205 doctrina:
2591 4166 2806 4221 corpus
2834 4150 3213 4205 efﬁciendum
3238 4152 3600 4222 conspirant,
3634 4156 3701 4207 ut

2057 4256 2132 4295 ne
2163 4255 2282 4294 una
2312 4238 2553 4309 quidem
2584 4255 2618 4293 a
2648 4239 2878 4294 caeteris
2900 4237 3100 4293 divelli
3122 4244 3318 4309 queat.
3343 4239 3405 4294 Id
3428 4239 3552 4310 ipse
3586 4256 3707 4295 ωο-

2057 4329 2190 4383 nuit
2218 4333 2442 4393 auctor,
2475 4332 2696 4398 procat.
2731 4344 2788 4381 n.
2824 4331 2908 4388 11,
2935 4326 3019 4381 'ex
3050 4325 3329 4381 omnibus
3380 4326 3555 4381 simul
3606 4344 3708 4383 ca-

2060 4416 2415 4481 techesibus,
2447 4416 2624 4471 veluti
2659 4415 2904 4471 totidem
2934 4414 3232 4487 lapidibus
3251 4432 3321 4469 ex
3352 4416 3561 4471 ordine
3591 4433 3703 4488 po-

2059 4507 2188 4562 sitis
2220 4513 2279 4562 et
2307 4505 2755 4579 coagmentatis,
2785 4521 2974 4561 unum
3006 4503 3302 4575 quoddam
3350 4505 3701 4561 Christianas

308 4615 439 4654 rum
466 4597 806 4653 testimonio
828 4596 1125 4651 destitutaa
1152 4602 1292 4651 sunt
1321 4597 1678 4652 catecheses.
1706 4598 1817 4653 Sed
1850 4615 1948 4655 eas
1984 4586 2026 4651 Ι.)
2058 4596 2448 4651 institutionis
2472 4594 2791 4650 aediﬁcium
2813 4594 3047 4655 conﬁci,
3073 4593 3242 4665 cujus
3267 4594 3435 4649 nulla
3455 4611 3590 4663 pars
3622 4595 3700 4650 si-

308 4687 545 4761 [XCVII]
578 4687 678 4743 alii
707 4688 815 4742 sub
846 4686 1105 4742 auctoris
1136 4688 1375 4743 nomine
1407 4689 1611 4756 citant,
1641 4688 1741 4744 alii
1781 4707 1946 4745 com-

306 4777 498 4848 pilant
525 4782 586 4830 et
606 4775 1010 4832 transcribunt
1035 4780 1287 4841 tantum,
1320 4793 1637 4848 suppresso
1667 4779 1946 4847 auctoris,

308 4865 399 4920 vel
427 4865 690 4920 indicato
719 4865 1046 4937 generatim
1076 4865 1363 4923 duntaxat
1391 4866 1490 4922 SS.
1548 4868 1788 4923 Patrum
1841 4885 1951 4922 no-

311 4954 491 5009 mine.
526 4953 796 5009 Secunda
824 4955 1149 5011 catechesis
1198 4955 1476 5011 laudatur
1522 4974 1657 5012 cum
1706 4958 1817 5013 hoc
1862 4974 1946 5012 se-

308 5042 516 5098 cindaa
547 5042 748 5113 Cyrilli
808 5044 1184 5100 catecheseos
1244 5045 1436 5114 titulo,
1488 5052 1547 5101 et
1571 5046 1885 5102 verborum
1915 5064 1950 5102 a

308 5132 525 5203 quibus
549 5131 758 5205 incipit
788 5132 1215 5207 designatione,
1238 5151 1271 5190 a
1292 5135 1546 5191 concilio
1578 5153 1653 5191 vn
1680 5153 1946 5193 cacume-

306 5223 441 5278 nico
472 5238 567 5277 an.
602 5224 704 5277 787
737 5222 1032 5277 celebrato
1060 5241 1072 5287 ;
1127 5230 1338 5294 quarta
1366 5241 1399 5278 a
1430 5225 1689 5293 Leontio,
1724 5231 1781 5280 et
1811 5234 1947 5283 ante

308 5313 502 5382 ipsum
534 5329 568 5366 a
599 5311 963 5366 Theodoreto
990 5318 1228 5367 centum
1260 5319 1393 5384 post
1439 5314 1628 5370 dictas
1675 5316 1946 5371 eatecbe—

310 5418 403 5456 ses
458 5401 631 5456 annis
689 5400 1003 5465 scribente,
1065 5418 1195 5456 cum
1256 5403 1663 5475 designatione
1718 5410 1945 5475 quarta.»

308 5490 686 5546 catecheseos
715 5490 782 5546 de
809 5493 992 5546 decem
1020 5492 1389 5560 dogmatibus,
1440 5498 1499 5547 et
1552 5493 1827 5563 specialis
1878 5495 1946 5548 ti-

306 5579 413 5635 tuli
436 5581 503 5635 de
521 5584 873 5650 generatione
901 5599 968 5636 ea:
1003 5583 1248 5650 Virgine,
1272 5583 1373 5652 qui
1393 5582 1588 5637 citatis
1618 5598 1652 5637 a
1679 5582 1940 5637 Theodo-

302 5675 423 5725 reto
458 5669 653 5725 verbis
686 5671 746 5725 in
776 5670 1071 5727 catechesi
1102 5670 1448 5743 prmﬁgitur.
1482 5671 1696 5736 Quinta
1724 5670 1940 5729 citatur

2059 4703 2134 4742 ne
2166 4686 2346 4740 totius
2371 4683 2607 4740 aediﬁcii
2638 4683 2902 4755 periculo
2932 4683 3305 4754 praetermitti
3336 4689 3437 4738 aut
3466 4682 3699 4740 detrahi

2058 4775 2247 4848 possit
2292 4776 2510 4845 Nempe
2523 4772 2726 4829 avulsa
2741 4773 3032 4828 catechesi
3051 4788 3192 4839 una,
3212 4771 3302 4828 vel
3323 4772 3501 4828 etiam
3534 4779 3701 4844 parte

2059 4865 2188 4937 ejus
2217 4852 2439 4936 aliqua,
2494 4861 2899 4934 imperfectam
2936 4866 2994 4916 et
3025 4878 3298 4917 mancam
3328 4860 3532 4927 habes,
3566 4879 3699 4934 quae

2058 4955 2121 5009 in
2154 4959 2274 5008 toto
2307 4968 2484 5024 opere
2515 4952 2885 5023 proponitur,
2918 4950 3236 5006 Christiani
3268 4949 3565 5006 candidati
3598 4951 3699 5007 in-

2059 5042 2427 5098 stitutionem
2445 5057 2514 5097 ac
2531 5040 2781 5111 symboli
2801 5039 3087 5111 expositio
3097 5040 3317 5095 nem.ls
3331 5040 3700 5096 estomnium

2057 5131 2445 5187 catecheseon
2479 5129 2739 5202 [XCVIII]
2771 5129 2937 5197 ordo,
2981 5134 3045 5185 ut
3092 5129 3421 5200 posteriora
3468 5146 3703 5203 semper

2056 5220 2128 5276 ab
2159 5219 2556 5275 anterioribus
2587 5217 2987 5290 dependeant,
3022 5223 3080 5273 et
3099 5218 3397 5274 anteriora
3420 5219 3704 5290 posterio-

2057 5326 2187 5364 rum
2206 5308 2705 5379 exspectationem
2730 5307 3204 5378 complectantur
3232 5307 3700 5378 ;subsequentes

2054 5397 2392 5454 catecheses
2441 5397 2502 5451 in
2560 5396 3047 5451 antecedentibus
3092 5397 3478 5467 promittitur,
3531 5402 3588 5451 et
3636 5398 3698 5452 in

2054 5484 2557 5557 subsequentibus
2618 5484 3021 5555 praecedentes
3078 5487 3355 5541 citantur.
3406 5487 3700 5542 Promittit

2051 5582 2258 5633 auctor
2277 5576 2338 5629 in
2360 5581 2583 5647 procat.
2608 5592 2666 5629 [ι.
2701 5577 2789 5640 11,
2815 5576 3053 5646 plenam
3073 5582 3132 5631 et
3155 5576 3443 5650 integram
3470 5576 3543 5632 de
3574 5593 3693 5631 no-

2052 5665 2188 5728 stris
2209 5663 2583 5737 dogmatibus
2599 5664 3051 5739 expositionem,
3070 5665 3247 5721 variis
3277 5664 3691 5722 catechesibus
