  <div class='ocr_page' id='page_1' title='image "/cluster/home/n/w/nwhite01/storage/ocr_20150623/33/mdp.39015078384412/072.png"; bbox 0 0 4090 6268; ppageno 0'>
   <div class='ocr_carea' id='block_1_1' title="bbox 320 304 435 363">
    <p class='ocr_par' dir='ltr' id='par_1_1' title="bbox 320 304 435 363">
     <span class='ocr_line' id='line_1_1' title="bbox 320 304 435 363; baseline 0 -1"><span class='ocrx_word' id='word_1_1' title='bbox 320 304 435 363; x_wconf 77' lang='grc'><strong>129</strong></span> 
     </span>
    </p>
   </div>
   <div class='ocr_carea' id='block_1_2' title="bbox 1714 307 2362 372">
    <p class='ocr_par' dir='ltr' id='par_1_2' title="bbox 1714 307 2362 372">
     <span class='ocr_line' id='line_1_2' title="bbox 1714 307 2362 372; baseline 0 -2"><span class='ocrx_word' id='word_1_2' title='bbox 1714 307 2241 372; x_wconf 83' lang='lat' dir='ltr'>DISSERTATIO</span> <span class='ocrx_word' id='word_1_3' title='bbox 2282 308 2362 370; x_wconf 87' lang='lat' dir='ltr'>II.</span> 
     </span>
    </p>
   </div>
   <div class='ocr_carea' id='block_1_3' title="bbox 3618 321 3734 383">
    <p class='ocr_par' dir='ltr' id='par_1_3' title="bbox 3618 321 3734 383">
     <span class='ocr_line' id='line_1_3' title="bbox 3618 321 3734 383; baseline 0.026 -3"><span class='ocrx_word' id='word_1_4' title='bbox 3618 321 3734 383; x_wconf 84' lang='grc'>130</span> 
     </span>
    </p>
   </div>
   <div class='ocr_carea' id='block_1_4' title="bbox 317 436 3727 534">
    <p class='ocr_par' dir='ltr' id='par_1_4' title="bbox 317 436 3727 534">
     <span class='ocr_line' id='line_1_4' title="bbox 317 436 3727 534; baseline 0.004 -44"><span class='ocrx_word' id='word_1_5' title='bbox 317 453 426 507; x_wconf 87' lang='lat' dir='ltr'>per</span> <span class='ocrx_word' id='word_1_6' title='bbox 456 442 645 491; x_wconf 84' lang='lat' dir='ltr'>totam</span> <span class='ocrx_word' id='word_1_7' title='bbox 677 436 1206 509; x_wconf 84' lang='lat' dir='ltr'>Quadragesimam</span> <span class='ocrx_word' id='word_1_8' title='bbox 1238 438 1549 498; x_wconf 82' lang='lat' dir='ltr'>habendis.</span> <span class='ocrx_word' id='word_1_9' title='bbox 1571 441 1894 498; x_wconf 90' lang='lat' dir='ltr'>Pollicetur</span> <span class='ocrx_word' id='word_1_10' title='bbox 1918 446 1977 497; x_wconf 91' lang='lat' dir='ltr'>et</span> <span class='ocrx_word' id='word_1_11' title='bbox 2006 468 2051 534; x_wconf 71' lang='grc' dir='ltr'>Α</span> <span class='ocrx_word' id='word_1_12' title='bbox 2094 462 2115 490; x_wconf 80' lang='grc' dir='ltr'><strong><em>α</em></strong></span> <span class='ocrx_word' id='word_1_13' title='bbox 2141 457 2278 497; x_wconf 93' lang='lat' dir='ltr'>cum</span> <span class='ocrx_word' id='word_1_14' title='bbox 2309 445 2484 507; x_wconf 88' lang='lat' dir='ltr'>esset,</span> <span class='ocrx_word' id='word_1_15' title='bbox 2518 446 2627 499; x_wconf 91' lang='lat' dir='ltr'>etc.</span> <span class='ocrx_word' id='word_1_16' title='bbox 2664 444 2807 500; x_wconf 85' lang='lat' dir='ltr'>Vide</span> <span class='ocrx_word' id='word_1_17' title='bbox 2836 448 2896 500; x_wconf 93' lang='lat' dir='ltr'>et</span> <span class='ocrx_word' id='word_1_18' title='bbox 2925 444 3117 519; x_wconf 90' lang='lat' dir='ltr'>ejusd.</span> <span class='ocrx_word' id='word_1_19' title='bbox 3141 447 3432 505; x_wconf 90' lang='lat' dir='ltr'>catech.n.</span> <span class='ocrx_word' id='word_1_20' title='bbox 3459 452 3525 503; x_wconf 91' lang='grc'>16</span> <span class='ocrx_word' id='word_1_21' title='bbox 3557 457 3615 505; x_wconf 91' lang='lat' dir='ltr'>et</span> <span class='ocrx_word' id='word_1_22' title='bbox 3639 453 3727 505; x_wconf 89' lang='lat'>38.</span> 
     </span>
    </p>
   </div>
   <div class='ocr_carea' id='block_1_5' title="bbox 319 526 1973 604">
    <p class='ocr_par' dir='ltr' id='par_1_5' title="bbox 319 526 1973 604">
     <span class='ocr_line' id='line_1_5' title="bbox 319 526 1973 604; baseline 0.002 -23"><span class='ocrx_word' id='word_1_23' title='bbox 319 531 431 581; x_wconf 85' lang='lat' dir='ltr'>cat.</span> <span class='ocrx_word' id='word_1_24' title='bbox 470 526 523 592; x_wconf 81' lang='grc'>4,</span> <span class='ocrx_word' id='word_1_25' title='bbox 557 543 616 580; x_wconf 87' lang='grc' dir='ltr'>ιι.</span> <span class='ocrx_word' id='word_1_26' title='bbox 648 528 700 592; x_wconf 88' lang='lat'>3,</span> <span class='ocrx_word' id='word_1_27' title='bbox 734 532 794 581; x_wconf 91' lang='lat' dir='ltr'>et</span> <span class='ocrx_word' id='word_1_28' title='bbox 836 532 952 582; x_wconf 88' lang='lat' dir='ltr'>cat.</span> <span class='ocrx_word' id='word_1_29' title='bbox 988 531 1041 596; x_wconf 84' lang='grc'><strong>5,</strong></span> <span class='ocrx_word' id='word_1_30' title='bbox 1086 545 1145 582; x_wconf 88' lang='grc' dir='ltr'>ιι.</span> <span class='ocrx_word' id='word_1_31' title='bbox 1200 532 1287 597; x_wconf 87' lang='grc'>12,</span> <span class='ocrx_word' id='word_1_32' title='bbox 1321 529 1689 603; x_wconf 86' lang='lat' dir='ltr'>singulorum</span> <span class='ocrx_word' id='word_1_33' title='bbox 1720 531 1973 604; x_wconf 86' lang='lat' dir='ltr'>symboli</span> 
     </span>
    </p>
   </div>
   <div class='ocr_carea' id='block_1_6' title="bbox 321 615 1977 693">
    <p class='ocr_par' dir='ltr' id='par_1_6' title="bbox 321 615 1977 693">
     <span class='ocr_line' id='line_1_6' title="bbox 321 615 1977 693; baseline 0.004 -24"><span class='ocrx_word' id='word_1_34' title='bbox 321 615 585 685; x_wconf 88' lang='lat' dir='ltr'>capitum</span> <span class='ocrx_word' id='word_1_35' title='bbox 607 622 950 671; x_wconf 83' lang='lat' dir='ltr'>accuratam</span> <span class='ocrx_word' id='word_1_36' title='bbox 974 633 1042 671; x_wconf 92' lang='lat' dir='ltr'>ac</span> <span class='ocrx_word' id='word_1_37' title='bbox 1062 617 1407 690; x_wconf 75' lang='lat' dir='ltr'>diligentem</span> <span class='ocrx_word' id='word_1_38' title='bbox 1431 620 1882 693; x_wconf 75' lang='lat' dir='ltr'>expositionem.</span> <span class='ocrx_word' id='word_1_39' title='bbox 1903 623 1977 676; x_wconf 77' lang='lat' dir='ltr'>At</span> 
     </span>
    </p>
   </div>
   <div class='ocr_carea' id='block_1_7' title="bbox 323 707 1972 784">
    <p class='ocr_par' dir='ltr' id='par_1_7' title="bbox 323 707 1972 784">
     <span class='ocr_line' id='line_1_7' title="bbox 323 707 1972 784; baseline 0.003 -23"><span class='ocrx_word' id='word_1_40' title='bbox 323 712 435 763; x_wconf 89' lang='lat' dir='ltr'>cat.</span> <span class='ocrx_word' id='word_1_41' title='bbox 472 709 560 772; x_wconf 87' lang='grc'>18,</span> <span class='ocrx_word' id='word_1_42' title='bbox 592 724 652 761; x_wconf 92' lang='grc' dir='ltr'>ιι.</span> <span class='ocrx_word' id='word_1_43' title='bbox 688 709 778 774; x_wconf 88' lang='grc'>32,</span> <span class='ocrx_word' id='word_1_44' title='bbox 803 707 864 761; x_wconf 89' lang='lat' dir='ltr'>id</span> <span class='ocrx_word' id='word_1_45' title='bbox 896 724 959 762; x_wconf 90' lang='lat' dir='ltr'>se</span> <span class='ocrx_word' id='word_1_46' title='bbox 984 708 1235 764; x_wconf 81' lang='lat' dir='ltr'>diversis</span> <span class='ocrx_word' id='word_1_47' title='bbox 1254 711 1664 768; x_wconf 87' lang='lat' dir='ltr'>catechesibus</span> <span class='ocrx_word' id='word_1_48' title='bbox 1689 712 1972 784; x_wconf 83' lang='lat' dir='ltr'>perfecis-</span> 
     </span>
    </p>
   </div>
   <div class='ocr_carea' id='block_1_8' title="bbox 327 795 1973 869">
    <p class='ocr_par' dir='ltr' id='par_1_8' title="bbox 327 795 1973 869">
     <span class='ocr_line' id='line_1_8' title="bbox 327 795 1973 869; baseline 0.002 -19"><span class='ocrx_word' id='word_1_49' title='bbox 327 812 391 850; x_wconf 90' lang='lat' dir='ltr'>se</span> <span class='ocrx_word' id='word_1_50' title='bbox 421 802 479 851; x_wconf 90' lang='lat' dir='ltr'>et</span> <span class='ocrx_word' id='word_1_51' title='bbox 506 795 833 850; x_wconf 80' lang='lat' dir='ltr'>absolvisse</span> <span class='ocrx_word' id='word_1_52' title='bbox 864 813 972 866; x_wconf 90' lang='lat' dir='ltr'>pro</span> <span class='ocrx_word' id='word_1_53' title='bbox 1002 797 1154 852; x_wconf 88' lang='lat' dir='ltr'>virili</span> <span class='ocrx_word' id='word_1_54' title='bbox 1188 804 1355 869; x_wconf 87' lang='lat' dir='ltr'>parte</span> <span class='ocrx_word' id='word_1_55' title='bbox 1386 805 1654 855; x_wconf 79' lang='lat' dir='ltr'>testatur.</span> <span class='ocrx_word' id='word_1_56' title='bbox 1690 801 1973 866; x_wconf 89' lang='lat' dir='ltr'>Primam,</span> 
     </span>
    </p>
   </div>
   <div class='ocr_carea' id='block_1_9' title="bbox 331 884 1971 955">
    <p class='ocr_par' dir='ltr' id='par_1_9' title="bbox 331 884 1971 955">
     <span class='ocr_line' id='line_1_9' title="bbox 331 884 1971 955; baseline 0.005 -18"><span class='ocrx_word' id='word_1_57' title='bbox 331 884 649 939; x_wconf 86' lang='lat' dir='ltr'>secundam</span> <span class='ocrx_word' id='word_1_58' title='bbox 680 890 743 938; x_wconf 89' lang='lat' dir='ltr'>et</span> <span class='ocrx_word' id='word_1_59' title='bbox 789 887 1026 940; x_wconf 88' lang='lat' dir='ltr'>tertiam</span> <span class='ocrx_word' id='word_1_60' title='bbox 1084 887 1423 942; x_wconf 88' lang='lat' dir='ltr'>catecheses</span> <span class='ocrx_word' id='word_1_61' title='bbox 1478 889 1621 943; x_wconf 83' lang='lat' dir='ltr'>citat</span> <span class='ocrx_word' id='word_1_62' title='bbox 1649 896 1762 944; x_wconf 90' lang='lat' dir='ltr'>cat.</span> <span class='ocrx_word' id='word_1_63' title='bbox 1799 891 1885 955; x_wconf 88' lang='grc'>18,</span> <span class='ocrx_word' id='word_1_64' title='bbox 1911 907 1971 946; x_wconf 93' lang='lat' dir='ltr'>n.</span> 
     </span>
    </p>
   </div>
   <div class='ocr_carea' id='block_1_10' title="bbox 320 972 1973 1049">
    <p class='ocr_par' dir='ltr' id='par_1_10' title="bbox 320 972 1973 1049">
     <span class='ocr_line' id='line_1_10' title="bbox 320 972 1973 1049; baseline 0.006 -24"><span class='ocrx_word' id='word_1_65' title='bbox 320 973 410 1037; x_wconf 87' lang='lat'>22,</span> <span class='ocrx_word' id='word_1_66' title='bbox 435 972 606 1028; x_wconf 87' lang='lat' dir='ltr'>aiens</span> <span class='ocrx_word' id='word_1_67' title='bbox 627 989 690 1027; x_wconf 79' lang='lat' dir='ltr'>se</span> <span class='ocrx_word' id='word_1_68' title='bbox 723 973 785 1027; x_wconf 92' lang='lat' dir='ltr'>in</span> <span class='ocrx_word' id='word_1_69' title='bbox 807 973 1105 1044; x_wconf 86' lang='lat' dir='ltr'>prioribus</span> <span class='ocrx_word' id='word_1_70' title='bbox 1135 974 1546 1031; x_wconf 88' lang='lat' dir='ltr'>catechesibus</span> <span class='ocrx_word' id='word_1_71' title='bbox 1575 977 1649 1032; x_wconf 91' lang='lat' dir='ltr'>de</span> <span class='ocrx_word' id='word_1_72' title='bbox 1680 978 1973 1049; x_wconf 82' lang='lat' dir='ltr'>baptismo</span> 
     </span>
    </p>
   </div>
   <div class='ocr_carea' id='block_1_11' title="bbox 321 1061 1973 1132">
    <p class='ocr_par' dir='ltr' id='par_1_11' title="bbox 321 1061 1973 1132">
     <span class='ocr_line' id='line_1_11' title="bbox 321 1061 1973 1132; baseline 0.004 -16"><span class='ocrx_word' id='word_1_73' title='bbox 321 1062 796 1132; x_wconf 73' lang='lat' dir='ltr'>pmnitentiaque</span> <span class='ocrx_word' id='word_1_74' title='bbox 856 1061 1096 1119; x_wconf 81' lang='lat' dir='ltr'>dixisse.</span> <span class='ocrx_word' id='word_1_75' title='bbox 1156 1064 1414 1119; x_wconf 83' lang='lat' dir='ltr'>Primam</span> <span class='ocrx_word' id='word_1_76' title='bbox 1473 1066 1616 1121; x_wconf 87' lang='lat' dir='ltr'>item</span> <span class='ocrx_word' id='word_1_77' title='bbox 1648 1074 1707 1121; x_wconf 89' lang='lat' dir='ltr'>et</span> <span class='ocrx_word' id='word_1_78' title='bbox 1736 1068 1973 1123; x_wconf 85' lang='lat' dir='ltr'>tertiam</span> 
     </span>
    </p>
   </div>
   <div class='ocr_carea' id='block_1_12' title="bbox 316 1151 1972 1221">
    <p class='ocr_par' dir='ltr' id='par_1_12' title="bbox 316 1151 1972 1221">
     <span class='ocr_line' id='line_1_12' title="bbox 316 1151 1972 1221; baseline 0.004 -15"><span class='ocrx_word' id='word_1_79' title='bbox 316 1151 462 1206; x_wconf 83' lang='lat' dir='ltr'>citat</span> <span class='ocrx_word' id='word_1_80' title='bbox 491 1157 608 1205; x_wconf 90' lang='lat' dir='ltr'>cat.</span> <span class='ocrx_word' id='word_1_81' title='bbox 658 1153 715 1217; x_wconf 89' lang='lat'>4,</span> <span class='ocrx_word' id='word_1_82' title='bbox 770 1167 831 1205; x_wconf 88' lang='grc' dir='ltr'>ιι.</span> <span class='ocrx_word' id='word_1_83' title='bbox 895 1153 984 1220; x_wconf 87' lang='lat'>32,</span> <span class='ocrx_word' id='word_1_84' title='bbox 1033 1158 1090 1207; x_wconf 92' lang='lat' dir='ltr'>et</span> <span class='ocrx_word' id='word_1_85' title='bbox 1143 1159 1253 1208; x_wconf 88' lang='lat' dir='ltr'>cat.</span> <span class='ocrx_word' id='word_1_86' title='bbox 1292 1155 1378 1221; x_wconf 82' lang='grc'>16,</span> <span class='ocrx_word' id='word_1_87' title='bbox 1411 1170 1470 1208; x_wconf 92' lang='grc' dir='ltr'>ιι.</span> <span class='ocrx_word' id='word_1_88' title='bbox 1505 1156 1592 1209; x_wconf 86' lang='grc'>30.</span> <span class='ocrx_word' id='word_1_89' title='bbox 1625 1157 1972 1212; x_wconf 89' lang='lat' dir='ltr'>Catecheses</span> 
     </span>
    </p>
   </div>
   <div class='ocr_carea' id='block_1_13' title="bbox 319 1240 1970 1311">
    <p class='ocr_par' dir='ltr' id='par_1_13' title="bbox 319 1240 1970 1311">
     <span class='ocr_line' id='line_1_13' title="bbox 319 1240 1970 1311; baseline 0.004 -16"><span class='ocrx_word' id='word_1_90' title='bbox 319 1246 570 1306; x_wconf 76' lang='lat' dir='ltr'>sextam,</span> <span class='ocrx_word' id='word_1_91' title='bbox 633 1240 973 1311; x_wconf 85' lang='lat' dir='ltr'>septimam.</span> <span class='ocrx_word' id='word_1_92' title='bbox 1032 1246 1316 1306; x_wconf 82' lang='lat' dir='ltr'>octavam,</span> <span class='ocrx_word' id='word_1_93' title='bbox 1374 1260 1619 1310; x_wconf 91' lang='lat' dir='ltr'>nonam,</span> <span class='ocrx_word' id='word_1_94' title='bbox 1655 1244 1970 1311; x_wconf 89' lang='lat' dir='ltr'>decimam,</span> 
     </span>
    </p>
   </div>
   <div class='ocr_carea' id='block_1_14' title="bbox 315 1327 1975 1405">
    <p class='ocr_par' dir='ltr' id='par_1_14' title="bbox 315 1327 1975 1405">
     <span class='ocr_line' id='line_1_14' title="bbox 315 1327 1975 1405; baseline 0.004 -22"><span class='ocrx_word' id='word_1_95' title='bbox 315 1327 762 1393; x_wconf 78' lang='lat' dir='ltr'>duodecimam,</span> <span class='ocrx_word' id='word_1_96' title='bbox 797 1347 867 1385; x_wconf 89' lang='lat' dir='ltr'>ac</span> <span class='ocrx_word' id='word_1_97' title='bbox 895 1331 1049 1387; x_wconf 82' lang='lat' dir='ltr'>forte</span> <span class='ocrx_word' id='word_1_98' title='bbox 1105 1332 1282 1387; x_wconf 87' lang='lat' dir='ltr'>etiam</span> <span class='ocrx_word' id='word_1_99' title='bbox 1314 1339 1436 1388; x_wconf 89' lang='lat' dir='ltr'>tres</span> <span class='ocrx_word' id='word_1_100' title='bbox 1467 1341 1784 1405; x_wconf 87' lang='lat' dir='ltr'>sequentes</span> <span class='ocrx_word' id='word_1_101' title='bbox 1831 1335 1975 1391; x_wconf 88' lang='lat' dir='ltr'>citat</span> 
     </span>
    </p>
   </div>
   <div class='ocr_carea' id='block_1_15' title="bbox 317 1421 1969 1491">
    <p class='ocr_par' dir='ltr' id='par_1_15' title="bbox 317 1421 1969 1491">
     <span class='ocr_line' id='line_1_15' title="bbox 317 1421 1969 1491; baseline 0.003 -19"><span class='ocrx_word' id='word_1_102' title='bbox 317 1426 431 1473; x_wconf 88' lang='lat' dir='ltr'>cat.</span> <span class='ocrx_word' id='word_1_103' title='bbox 472 1423 559 1483; x_wconf 79' lang='lat' dir='ltr'>t7,</span> <span class='ocrx_word' id='word_1_104' title='bbox 593 1436 764 1473; x_wconf 91' lang='lat' dir='ltr'>num.</span> <span class='ocrx_word' id='word_1_105' title='bbox 797 1422 850 1473; x_wconf 87' lang='lat'>2.</span> <span class='ocrx_word' id='word_1_106' title='bbox 885 1421 1179 1477; x_wconf 71' lang='lat' dir='ltr'>Prwterea</span> <span class='ocrx_word' id='word_1_107' title='bbox 1207 1422 1269 1476; x_wconf 91' lang='lat' dir='ltr'>in</span> <span class='ocrx_word' id='word_1_108' title='bbox 1303 1423 1600 1477; x_wconf 87' lang='lat' dir='ltr'>catechesi</span> <span class='ocrx_word' id='word_1_109' title='bbox 1628 1426 1681 1487; x_wconf 86' lang='lat'>7,</span> <span class='ocrx_word' id='word_1_110' title='bbox 1718 1440 1882 1480; x_wconf 89' lang='lat' dir='ltr'>num.</span> <span class='ocrx_word' id='word_1_111' title='bbox 1918 1428 1969 1491; x_wconf 88' lang='grc'>1,</span> 
     </span>
    </p>
   </div>
   <div class='ocr_carea' id='block_1_16' title="bbox 317 1508 1970 1582">
    <p class='ocr_par' dir='ltr' id='par_1_16' title="bbox 317 1508 1970 1582">
     <span class='ocr_line' id='line_1_16' title="bbox 317 1508 1970 1582; baseline 0.002 -19"><span class='ocrx_word' id='word_1_112' title='bbox 317 1508 463 1563; x_wconf 88' lang='lat' dir='ltr'>citat</span> <span class='ocrx_word' id='word_1_113' title='bbox 492 1515 745 1573; x_wconf 81' lang='lat' dir='ltr'>sextam,</span> <span class='ocrx_word' id='word_1_114' title='bbox 780 1509 843 1562; x_wconf 90' lang='lat' dir='ltr'>in</span> <span class='ocrx_word' id='word_1_115' title='bbox 897 1516 1098 1565; x_wconf 88' lang='lat' dir='ltr'>octava</span> <span class='ocrx_word' id='word_1_116' title='bbox 1152 1526 1315 1565; x_wconf 92' lang='lat' dir='ltr'>num.</span> <span class='ocrx_word' id='word_1_117' title='bbox 1353 1517 1402 1579; x_wconf 82' lang='lat'>1,</span> <span class='ocrx_word' id='word_1_118' title='bbox 1449 1512 1784 1582; x_wconf 89' lang='lat' dir='ltr'>septimam,</span> <span class='ocrx_word' id='word_1_119' title='bbox 1811 1512 1970 1567; x_wconf 88' lang='lat' dir='ltr'>deci-</span> 
     </span>
    </p>
   </div>
   <div class='ocr_carea' id='block_1_17' title="bbox 319 1597 1967 1667">
    <p class='ocr_par' dir='ltr' id='par_1_17' title="bbox 319 1597 1967 1667">
     <span class='ocr_line' id='line_1_17' title="bbox 319 1597 1967 1667; baseline 0.002 -15"><span class='ocrx_word' id='word_1_120' title='bbox 319 1614 481 1652; x_wconf 88' lang='lat' dir='ltr'>mam</span> <span class='ocrx_word' id='word_1_121' title='bbox 511 1597 660 1652; x_wconf 85' lang='lat' dir='ltr'>citat</span> <span class='ocrx_word' id='word_1_122' title='bbox 687 1598 751 1651; x_wconf 91' lang='lat' dir='ltr'>in</span> <span class='ocrx_word' id='word_1_123' title='bbox 784 1600 1008 1653; x_wconf 86' lang='lat' dir='ltr'>catech.</span> <span class='ocrx_word' id='word_1_124' title='bbox 1049 1602 1129 1666; x_wconf 91' lang='grc'>11,</span> <span class='ocrx_word' id='word_1_125' title='bbox 1161 1616 1214 1654; x_wconf 93' lang='grc' dir='ltr'>ιι.</span> <span class='ocrx_word' id='word_1_126' title='bbox 1260 1604 1307 1666; x_wconf 88' lang='grc'>1,</span> <span class='ocrx_word' id='word_1_127' title='bbox 1344 1606 1402 1654; x_wconf 91' lang='lat' dir='ltr'>et</span> <span class='ocrx_word' id='word_1_128' title='bbox 1431 1600 1491 1654; x_wconf 90' lang='lat' dir='ltr'>in</span> <span class='ocrx_word' id='word_1_129' title='bbox 1522 1607 1634 1656; x_wconf 90' lang='lat' dir='ltr'>cat.</span> <span class='ocrx_word' id='word_1_130' title='bbox 1667 1602 1752 1666; x_wconf 88' lang='grc'>13,</span> <span class='ocrx_word' id='word_1_131' title='bbox 1802 1619 1861 1656; x_wconf 88' lang='grc' dir='ltr'>ιι.</span> <span class='ocrx_word' id='word_1_132' title='bbox 1914 1606 1967 1667; x_wconf 89' lang='lat'>9,</span> 
     </span>
    </p>
   </div>
   <div class='ocr_carea' id='block_1_18' title="bbox 315 1685 1971 1754">
    <p class='ocr_par' dir='ltr' id='par_1_18' title="bbox 315 1685 1971 1754">
     <span class='ocr_line' id='line_1_18' title="bbox 315 1685 1971 1754; baseline 0.002 -13"><span class='ocrx_word' id='word_1_133' title='bbox 315 1685 705 1741; x_wconf 85' lang='lat' dir='ltr'>undecimam</span> <span class='ocrx_word' id='word_1_134' title='bbox 738 1686 796 1740; x_wconf 89' lang='lat' dir='ltr'>in</span> <span class='ocrx_word' id='word_1_135' title='bbox 852 1692 965 1741; x_wconf 85' lang='lat' dir='ltr'>cat.</span> <span class='ocrx_word' id='word_1_136' title='bbox 1028 1689 1115 1749; x_wconf 88' lang='grc'>12,</span> <span class='ocrx_word' id='word_1_137' title='bbox 1176 1704 1233 1742; x_wconf 91' lang='grc' dir='ltr'>ιι.</span> <span class='ocrx_word' id='word_1_138' title='bbox 1267 1690 1321 1754; x_wconf 85' lang='grc'>4,</span> <span class='ocrx_word' id='word_1_139' title='bbox 1352 1694 1411 1742; x_wconf 90' lang='lat' dir='ltr'>et</span> <span class='ocrx_word' id='word_1_140' title='bbox 1439 1694 1549 1744; x_wconf 91' lang='lat' dir='ltr'>cat.</span> <span class='ocrx_word' id='word_1_141' title='bbox 1590 1692 1673 1748; x_wconf 85' lang='grc'>13.</span> <span class='ocrx_word' id='word_1_142' title='bbox 1707 1707 1767 1745; x_wconf 91' lang='grc' dir='ltr'>ιι.</span> <span class='ocrx_word' id='word_1_143' title='bbox 1796 1693 1844 1745; x_wconf 83' lang='grc'>9.</span> <span class='ocrx_word' id='word_1_144' title='bbox 1882 1690 1971 1744; x_wconf 82' lang='lat' dir='ltr'>Ad</span> 
     </span>
    </p>
   </div>
   <div class='ocr_carea' id='block_1_19' title="bbox 316 1774 1967 1844">
    <p class='ocr_par' dir='ltr' id='par_1_19' title="bbox 316 1774 1967 1844">
     <span class='ocr_line' id='line_1_19' title="bbox 316 1774 1967 1844; baseline 0.002 -15"><span class='ocrx_word' id='word_1_145' title='bbox 316 1774 741 1829; x_wconf 88' lang='lat' dir='ltr'>duodecimam</span> <span class='ocrx_word' id='word_1_146' title='bbox 765 1776 1019 1830; x_wconf 89' lang='lat' dir='ltr'>remittit</span> <span class='ocrx_word' id='word_1_147' title='bbox 1045 1782 1157 1831; x_wconf 89' lang='lat' dir='ltr'>cat.</span> <span class='ocrx_word' id='word_1_148' title='bbox 1212 1777 1302 1844; x_wconf 77' lang='lat' dir='ltr'>l3,</span> <span class='ocrx_word' id='word_1_149' title='bbox 1335 1794 1392 1832; x_wconf 92' lang='grc' dir='ltr'>ιι.</span> <span class='ocrx_word' id='word_1_150' title='bbox 1430 1780 1480 1831; x_wconf 91' lang='lat'>9.</span> <span class='ocrx_word' id='word_1_151' title='bbox 1515 1779 1771 1834; x_wconf 87' lang='lat' dir='ltr'>Tertiam</span> <span class='ocrx_word' id='word_1_152' title='bbox 1798 1779 1967 1833; x_wconf 84' lang='lat' dir='ltr'>deci-</span> 
     </span>
    </p>
   </div>
   <div class='ocr_carea' id='block_1_20' title="bbox 315 1864 1972 1934">
    <p class='ocr_par' dir='ltr' id='par_1_20' title="bbox 315 1864 1972 1934">
     <span class='ocr_line' id='line_1_20' title="bbox 315 1864 1972 1934; baseline 0.002 -15"><span class='ocrx_word' id='word_1_153' title='bbox 315 1880 479 1919; x_wconf 88' lang='lat' dir='ltr'>mam</span> <span class='ocrx_word' id='word_1_154' title='bbox 512 1865 577 1917; x_wconf 93' lang='lat' dir='ltr'>in</span> <span class='ocrx_word' id='word_1_155' title='bbox 610 1864 959 1919; x_wconf 88' lang='lat' dir='ltr'>memoriam</span> <span class='ocrx_word' id='word_1_156' title='bbox 991 1871 1223 1921; x_wconf 87' lang='lat' dir='ltr'>revocat</span> <span class='ocrx_word' id='word_1_157' title='bbox 1250 1872 1362 1922; x_wconf 89' lang='lat' dir='ltr'>cat.</span> <span class='ocrx_word' id='word_1_158' title='bbox 1404 1868 1485 1934; x_wconf 61' lang='lat' dir='ltr'>t4,</span> <span class='ocrx_word' id='word_1_159' title='bbox 1513 1883 1572 1921; x_wconf 92' lang='grc' dir='ltr'>ιι.</span> <span class='ocrx_word' id='word_1_160' title='bbox 1608 1870 1656 1922; x_wconf 85' lang='grc'>1.</span> <span class='ocrx_word' id='word_1_161' title='bbox 1691 1867 1972 1923; x_wconf 88' lang='lat' dir='ltr'>Eamdem</span> 
     </span>
    </p>
   </div>
   <div class='ocr_carea' id='block_1_21' title="bbox 318 1953 1969 2024">
    <p class='ocr_par' dir='ltr' id='par_1_21' title="bbox 318 1953 1969 2024">
     <span class='ocr_line' id='line_1_21' title="bbox 318 1953 1969 2024; baseline 0.004 -18"><span class='ocrx_word' id='word_1_162' title='bbox 318 1957 380 2006; x_wconf 89' lang='lat' dir='ltr'>et</span> <span class='ocrx_word' id='word_1_163' title='bbox 407 1953 709 2008; x_wconf 89' lang='lat' dir='ltr'>decimam</span> <span class='ocrx_word' id='word_1_164' title='bbox 767 1960 1040 2024; x_wconf 85' lang='lat' dir='ltr'>quartam</span> <span class='ocrx_word' id='word_1_165' title='bbox 1097 1960 1394 2011; x_wconf 89' lang='lat' dir='ltr'>memorat</span> <span class='ocrx_word' id='word_1_166' title='bbox 1446 1956 1508 2010; x_wconf 91' lang='lat' dir='ltr'>in</span> <span class='ocrx_word' id='word_1_167' title='bbox 1559 1962 1671 2012; x_wconf 87' lang='lat' dir='ltr'>cat.</span> <span class='ocrx_word' id='word_1_168' title='bbox 1706 1959 1791 2024; x_wconf 89' lang='grc'>16,</span> <span class='ocrx_word' id='word_1_169' title='bbox 1824 1973 1883 2012; x_wconf 92' lang='grc' dir='ltr'>ιι.</span> <span class='ocrx_word' id='word_1_170' title='bbox 1915 1959 1969 2013; x_wconf 91' lang='grc'><strong>4.</strong></span> 
     </span>
    </p>
   </div>
   <div class='ocr_carea' id='block_1_22' title="bbox 318 2042 1974 2117">
    <p class='ocr_par' dir='ltr' id='par_1_22' title="bbox 318 2042 1974 2117">
     <span class='ocr_line' id='line_1_22' title="bbox 318 2042 1974 2117; baseline 0.004 -21"><span class='ocrx_word' id='word_1_171' title='bbox 318 2043 627 2097; x_wconf 88' lang='lat' dir='ltr'>Promittit</span> <span class='ocrx_word' id='word_1_172' title='bbox 657 2043 720 2097; x_wconf 92' lang='lat' dir='ltr'>in</span> <span class='ocrx_word' id='word_1_173' title='bbox 755 2042 989 2098; x_wconf 88' lang='lat' dir='ltr'>decima</span> <span class='ocrx_word' id='word_1_174' title='bbox 1019 2051 1183 2100; x_wconf 85' lang='lat' dir='ltr'>sexta</span> <span class='ocrx_word' id='word_1_175' title='bbox 1211 2061 1375 2099; x_wconf 89' lang='lat' dir='ltr'>num.</span> <span class='ocrx_word' id='word_1_176' title='bbox 1410 2047 1500 2110; x_wconf 91' lang='lat'>32,</span> <span class='ocrx_word' id='word_1_177' title='bbox 1526 2047 1839 2117; x_wconf 89' lang='lat' dir='ltr'>septimam</span> <span class='ocrx_word' id='word_1_178' title='bbox 1871 2047 1974 2103; x_wconf 85' lang='lat' dir='ltr'>de-</span> 
     </span>
    </p>
   </div>
   <div class='ocr_carea' id='block_1_23' title="bbox 319 2132 1971 2207">
    <p class='ocr_par' dir='ltr' id='par_1_23' title="bbox 319 2132 1971 2207">
     <span class='ocr_line' id='line_1_23' title="bbox 319 2132 1971 2207; baseline 0.004 -22"><span class='ocrx_word' id='word_1_179' title='bbox 319 2132 563 2198; x_wconf 89' lang='lat' dir='ltr'>cimam,</span> <span class='ocrx_word' id='word_1_180' title='bbox 599 2138 661 2187; x_wconf 90' lang='lat' dir='ltr'>et</span> <span class='ocrx_word' id='word_1_181' title='bbox 689 2132 749 2186; x_wconf 93' lang='lat' dir='ltr'>in</span> <span class='ocrx_word' id='word_1_182' title='bbox 782 2133 1033 2204; x_wconf 90' lang='lat' dir='ltr'>septima</span> <span class='ocrx_word' id='word_1_183' title='bbox 1061 2133 1292 2189; x_wconf 88' lang='lat' dir='ltr'>decima</span> <span class='ocrx_word' id='word_1_184' title='bbox 1316 2150 1484 2189; x_wconf 88' lang='lat' dir='ltr'>num.</span> <span class='ocrx_word' id='word_1_185' title='bbox 1511 2138 1561 2201; x_wconf 88' lang='grc'>1,</span> <span class='ocrx_word' id='word_1_186' title='bbox 1586 2135 1879 2207; x_wconf 89' lang='lat' dir='ltr'>variisque</span> <span class='ocrx_word' id='word_1_187' title='bbox 1911 2138 1971 2191; x_wconf 93' lang='lat' dir='ltr'>in</span> 
     </span>
    </p>
   </div>
   <div class='ocr_carea' id='block_1_24' title="bbox 318 2220 1972 2280">
    <p class='ocr_par' dir='ltr' id='par_1_24' title="bbox 318 2220 1972 2280">
     <span class='ocr_line' id='line_1_24' title="bbox 318 2220 1972 2280; baseline 0.004 -6"><span class='ocrx_word' id='word_1_188' title='bbox 318 2220 471 2276; x_wconf 89' lang='lat' dir='ltr'>locis</span> <span class='ocrx_word' id='word_1_189' title='bbox 502 2221 649 2276; x_wconf 86' lang='lat' dir='ltr'>citat</span> <span class='ocrx_word' id='word_1_190' title='bbox 676 2228 737 2276; x_wconf 93' lang='lat' dir='ltr'>et</span> <span class='ocrx_word' id='word_1_191' title='bbox 784 2221 1036 2276; x_wconf 89' lang='lat' dir='ltr'>remittit</span> <span class='ocrx_word' id='word_1_192' title='bbox 1063 2223 1136 2277; x_wconf 92' lang='lat' dir='ltr'>ad</span> <span class='ocrx_word' id='word_1_193' title='bbox 1163 2228 1388 2278; x_wconf 85' lang='lat' dir='ltr'>sextam</span> <span class='ocrx_word' id='word_1_194' title='bbox 1420 2223 1734 2280; x_wconf 89' lang='lat' dir='ltr'>decimam.</span> <span class='ocrx_word' id='word_1_195' title='bbox 1768 2227 1849 2280; x_wconf 84' lang='lat' dir='ltr'>Ex</span> <span class='ocrx_word' id='word_1_196' title='bbox 1880 2225 1972 2280; x_wconf 89' lang='lat' dir='ltr'>his</span> 
     </span>
    </p>
   </div>
   <div class='ocr_carea' id='block_1_25' title="bbox 320 2310 1971 2385">
    <p class='ocr_par' dir='ltr' id='par_1_25' title="bbox 320 2310 1971 2385">
     <span class='ocr_line' id='line_1_25' title="bbox 320 2310 1971 2385; baseline 0.004 -22"><span class='ocrx_word' id='word_1_197' title='bbox 320 2310 613 2382; x_wconf 79' lang='lat' dir='ltr'>intelligis</span> <span class='ocrx_word' id='word_1_198' title='bbox 629 2326 838 2365; x_wconf 90' lang='lat' dir='ltr'>omnes</span> <span class='ocrx_word' id='word_1_199' title='bbox 855 2311 1194 2367; x_wconf 88' lang='lat' dir='ltr'>catecheses</span> <span class='ocrx_word' id='word_1_200' title='bbox 1211 2313 1387 2366; x_wconf 90' lang='lat' dir='ltr'>unius</span> <span class='ocrx_word' id='word_1_201' title='bbox 1408 2329 1622 2367; x_wconf 89' lang='lat' dir='ltr'>manus</span> <span class='ocrx_word' id='word_1_202' title='bbox 1638 2329 1766 2368; x_wconf 89' lang='lat' dir='ltr'>esse</span> <span class='ocrx_word' id='word_1_203' title='bbox 1783 2331 1795 2368; x_wconf 91' lang='lat'>:</span> <span class='ocrx_word' id='word_1_204' title='bbox 1812 2313 1971 2385; x_wconf 90' lang='lat' dir='ltr'>quod</span> 
     </span>
    </p>
   </div>
   <div class='ocr_carea' id='block_1_26' title="bbox 320 2399 1975 2470">
    <p class='ocr_par' dir='ltr' id='par_1_26' title="bbox 320 2399 1975 2470">
     <span class='ocr_line' id='line_1_26' title="bbox 320 2399 1975 2470; baseline 0.001 -16"><span class='ocrx_word' id='word_1_205' title='bbox 320 2399 549 2470; x_wconf 88' lang='lat' dir='ltr'>alioqui</span> <span class='ocrx_word' id='word_1_206' title='bbox 580 2400 725 2454; x_wconf 86' lang='lat' dir='ltr'>satis</span> <span class='ocrx_word' id='word_1_207' title='bbox 756 2399 1034 2470; x_wconf 87' lang='lat' dir='ltr'>probaret</span> <span class='ocrx_word' id='word_1_208' title='bbox 1056 2417 1241 2455; x_wconf 90' lang='lat' dir='ltr'>unum</span> <span class='ocrx_word' id='word_1_209' title='bbox 1263 2401 1530 2455; x_wconf 89' lang='lat' dir='ltr'>omnium</span> <span class='ocrx_word' id='word_1_210' title='bbox 1553 2402 1893 2458; x_wconf 88' lang='lat' dir='ltr'>institutum</span> <span class='ocrx_word' id='word_1_211' title='bbox 1916 2407 1975 2458; x_wconf 94' lang='lat' dir='ltr'>et</span> 
     </span>
    </p>
   </div>
   <div class='ocr_carea' id='block_1_27' title="bbox 321 2489 1969 2561">
    <p class='ocr_par' dir='ltr' id='par_1_27' title="bbox 321 2489 1969 2561">
     <span class='ocr_line' id='line_1_27' title="bbox 321 2489 1969 2561; baseline 0.002 -18"><span class='ocrx_word' id='word_1_212' title='bbox 321 2505 560 2561; x_wconf 89' lang='lat' dir='ltr'>scopus,</span> <span class='ocrx_word' id='word_1_213' title='bbox 596 2506 715 2543; x_wconf 90' lang='lat' dir='ltr'>una</span> <span class='ocrx_word' id='word_1_214' title='bbox 744 2489 805 2543; x_wconf 92' lang='lat' dir='ltr'>in</span> <span class='ocrx_word' id='word_1_215' title='bbox 835 2489 1114 2544; x_wconf 90' lang='lat' dir='ltr'>omnibus</span> <span class='ocrx_word' id='word_1_216' title='bbox 1159 2490 1414 2545; x_wconf 91' lang='lat' dir='ltr'>docendi</span> <span class='ocrx_word' id='word_1_217' title='bbox 1442 2497 1500 2545; x_wconf 92' lang='lat' dir='ltr'>et</span> <span class='ocrx_word' id='word_1_218' title='bbox 1529 2490 1767 2546; x_wconf 88' lang='lat' dir='ltr'>dicendi</span> <span class='ocrx_word' id='word_1_219' title='bbox 1799 2493 1969 2561; x_wconf 87' lang='lat' dir='ltr'>ratio,</span> 
     </span>
    </p>
   </div>
   <div class='ocr_carea' id='block_1_28' title="bbox 322 2578 1969 2652">
    <p class='ocr_par' dir='ltr' id='par_1_28' title="bbox 322 2578 1969 2652">
     <span class='ocr_line' id='line_1_28' title="bbox 322 2578 1969 2652; baseline 0.002 -20"><span class='ocrx_word' id='word_1_220' title='bbox 322 2578 532 2632; x_wconf 85' lang='lat' dir='ltr'>eadem</span> <span class='ocrx_word' id='word_1_221' title='bbox 564 2578 837 2633; x_wconf 86' lang='lat' dir='ltr'>doctrina</span> <span class='ocrx_word' id='word_1_222' title='bbox 868 2579 1083 2649; x_wconf 57' lang='lat' dir='ltr'>saepius</span> <span class='ocrx_word' id='word_1_223' title='bbox 1116 2578 1419 2635; x_wconf 89' lang='lat' dir='ltr'>inculcata</span> <span class='ocrx_word' id='word_1_224' title='bbox 1457 2586 1515 2635; x_wconf 89' lang='lat' dir='ltr'>et</span> <span class='ocrx_word' id='word_1_225' title='bbox 1553 2582 1821 2652; x_wconf 84' lang='lat' dir='ltr'>repetita,</span> <span class='ocrx_word' id='word_1_226' title='bbox 1857 2598 1969 2637; x_wconf 69' lang='lat' dir='ltr'>eaa-</span> 
     </span>
    </p>
   </div>
   <div class='ocr_carea' id='block_1_29' title="bbox 321 2666 1969 2742">
    <p class='ocr_par' dir='ltr' id='par_1_29' title="bbox 321 2666 1969 2742">
     <span class='ocr_line' id='line_1_29' title="bbox 321 2666 1969 2742; baseline 0.003 -21"><span class='ocrx_word' id='word_1_227' title='bbox 321 2667 456 2722; x_wconf 89' lang='lat' dir='ltr'>dem</span> <span class='ocrx_word' id='word_1_228' title='bbox 481 2667 795 2722; x_wconf 65' lang='lat' dir='ltr'>sententias</span> <span class='ocrx_word' id='word_1_229' title='bbox 823 2666 1031 2722; x_wconf 90' lang='lat' dir='ltr'>crebro</span> <span class='ocrx_word' id='word_1_230' title='bbox 1056 2667 1386 2740; x_wconf 88' lang='lat' dir='ltr'>iisdemque</span> <span class='ocrx_word' id='word_1_231' title='bbox 1413 2686 1563 2740; x_wconf 91' lang='lat' dir='ltr'>pene</span> <span class='ocrx_word' id='word_1_232' title='bbox 1584 2671 1777 2725; x_wconf 83' lang='lat' dir='ltr'>verbis</span> <span class='ocrx_word' id='word_1_233' title='bbox 1798 2687 1969 2742; x_wconf 90' lang='lat' dir='ltr'>repe-</span> 
     </span>
    </p>
   </div>
   <div class='ocr_carea' id='block_1_30' title="bbox 323 2756 1970 2830">
    <p class='ocr_par' dir='ltr' id='par_1_30' title="bbox 323 2756 1970 2830">
     <span class='ocr_line' id='line_1_30' title="bbox 323 2756 1970 2830; baseline 0.002 -21"><span class='ocrx_word' id='word_1_234' title='bbox 323 2757 465 2823; x_wconf 70' lang='lat' dir='ltr'>titae,</span> <span class='ocrx_word' id='word_1_235' title='bbox 494 2756 653 2810; x_wconf 86' lang='lat' dir='ltr'>idem</span> <span class='ocrx_word' id='word_1_236' title='bbox 683 2756 1016 2828; x_wconf 89' lang='lat' dir='ltr'>Scripturas</span> <span class='ocrx_word' id='word_1_237' title='bbox 1063 2763 1122 2812; x_wconf 92' lang='lat' dir='ltr'>et</span> <span class='ocrx_word' id='word_1_238' title='bbox 1167 2757 1387 2812; x_wconf 84' lang='lat' dir='ltr'>citandi</span> <span class='ocrx_word' id='word_1_239' title='bbox 1436 2764 1496 2813; x_wconf 89' lang='lat' dir='ltr'>et</span> <span class='ocrx_word' id='word_1_240' title='bbox 1539 2757 1970 2830; x_wconf 87' lang='lat' dir='ltr'>interpretandi</span> 
     </span>
    </p>
   </div>
   <div class='ocr_carea' id='block_1_31' title="bbox 318 2845 1971 2917">
    <p class='ocr_par' dir='ltr' id='par_1_31' title="bbox 318 2845 1971 2917">
     <span class='ocr_line' id='line_1_31' title="bbox 318 2845 1971 2917; baseline 0.002 -18"><span class='ocrx_word' id='word_1_241' title='bbox 318 2845 550 2900; x_wconf 89' lang='lat' dir='ltr'>modus.</span> <span class='ocrx_word' id='word_1_242' title='bbox 575 2846 701 2900; x_wconf 87' lang='lat' dir='ltr'>Una</span> <span class='ocrx_word' id='word_1_243' title='bbox 726 2845 908 2917; x_wconf 80' lang='lat' dir='ltr'>igitur</span> <span class='ocrx_word' id='word_1_244' title='bbox 927 2846 1219 2901; x_wconf 88' lang='lat' dir='ltr'>catechesi</span> <span class='ocrx_word' id='word_1_245' title='bbox 1242 2863 1313 2901; x_wconf 84' lang='lat' dir='ltr'>ex</span> <span class='ocrx_word' id='word_1_246' title='bbox 1333 2847 1683 2903; x_wconf 86' lang='lat' dir='ltr'>auctoritate</span> <span class='ocrx_word' id='word_1_247' title='bbox 1707 2854 1971 2903; x_wconf 91' lang='lat' dir='ltr'>veterum</span> 
     </span>
    </p>
   </div>
   <div class='ocr_carea' id='block_1_32' title="bbox 322 2934 1969 3006">
    <p class='ocr_par' dir='ltr' id='par_1_32' title="bbox 322 2934 1969 3006">
     <span class='ocr_line' id='line_1_32' title="bbox 322 2934 1969 3006; baseline 0.002 -18"><span class='ocrx_word' id='word_1_248' title='bbox 322 2941 379 2988; x_wconf 90' lang='lat' dir='ltr'>et</span> <span class='ocrx_word' id='word_1_249' title='bbox 409 2934 735 3005; x_wconf 72' lang='lat' dir='ltr'>aequalium</span> <span class='ocrx_word' id='word_1_250' title='bbox 766 2939 1077 2989; x_wconf 88' lang='lat' dir='ltr'>auctorum</span> <span class='ocrx_word' id='word_1_251' title='bbox 1125 2936 1345 3006; x_wconf 84' lang='lat' dir='ltr'>Cyrillo</span> <span class='ocrx_word' id='word_1_252' title='bbox 1384 2942 1631 3004; x_wconf 89' lang='lat' dir='ltr'>asserta,</span> <span class='ocrx_word' id='word_1_253' title='bbox 1665 2936 1737 2991; x_wconf 89' lang='lat' dir='ltr'>ab</span> <span class='ocrx_word' id='word_1_254' title='bbox 1761 2937 1969 2992; x_wconf 91' lang='lat' dir='ltr'>eodem</span> 
     </span>
    </p>
   </div>
   <div class='ocr_carea' id='block_1_33' title="bbox 322 3023 1970 3095">
    <p class='ocr_par' dir='ltr' id='par_1_33' title="bbox 322 3023 1970 3095">
     <span class='ocr_line' id='line_1_33' title="bbox 322 3023 1970 3095; baseline 0.002 -17"><span class='ocrx_word' id='word_1_255' title='bbox 322 3023 506 3079; x_wconf 91' lang='lat' dir='ltr'>simul</span> <span class='ocrx_word' id='word_1_256' title='bbox 533 3024 842 3079; x_wconf 89' lang='lat' dir='ltr'>universas</span> <span class='ocrx_word' id='word_1_257' title='bbox 872 3024 1168 3095; x_wconf 81' lang='lat' dir='ltr'>proﬁcisci</span> <span class='ocrx_word' id='word_1_258' title='bbox 1217 3026 1494 3080; x_wconf 73' lang='lat' dir='ltr'>effectum</span> <span class='ocrx_word' id='word_1_259' title='bbox 1536 3031 1594 3080; x_wconf 92' lang='lat' dir='ltr'>et</span> <span class='ocrx_word' id='word_1_260' title='bbox 1623 3026 1970 3081; x_wconf 88' lang='lat' dir='ltr'>conclusum</span> 
     </span>
    </p>
   </div>
   <div class='ocr_carea' id='block_1_34' title="bbox 323 3117 429 3166">
    <p class='ocr_par' dir='ltr' id='par_1_34' title="bbox 323 3117 429 3166">
     <span class='ocr_line' id='line_1_34' title="bbox 323 3117 429 3166; baseline -0.019 -1"><span class='ocrx_word' id='word_1_261' title='bbox 323 3117 429 3166; x_wconf 89' lang='lat' dir='ltr'>est.</span> 
     </span>
    </p>
   </div>
   <div class='ocr_carea' id='block_1_35' title="bbox 2087 531 3733 610">
    <p class='ocr_par' dir='ltr' id='par_1_35' title="bbox 2087 531 3733 610">
     <span class='ocr_line' id='line_1_35' title="bbox 2087 531 3733 610; baseline 0.006 -25"><span class='ocrx_word' id='word_1_262' title='bbox 2087 531 2165 584; x_wconf 91' lang='lat' dir='ltr'>De</span> <span class='ocrx_word' id='word_1_263' title='bbox 2189 547 2357 586; x_wconf 87' lang='lat' dir='ltr'>sacra</span> <span class='ocrx_word' id='word_1_264' title='bbox 2376 533 2764 602; x_wconf 85' lang='lat' dir='ltr'>Eucharistia,</span> <span class='ocrx_word' id='word_1_265' title='bbox 2787 542 2900 590; x_wconf 88' lang='lat' dir='ltr'>cat.</span> <span class='ocrx_word' id='word_1_266' title='bbox 2929 537 3014 600; x_wconf 86' lang='grc'>18,</span> <span class='ocrx_word' id='word_1_267' title='bbox 3039 552 3099 591; x_wconf 90' lang='grc' dir='ltr'>ιι.</span> <span class='ocrx_word' id='word_1_268' title='bbox 3125 539 3214 605; x_wconf 88' lang='grc'>33,</span> <span class='ocrx_word' id='word_1_269' title='bbox 3239 544 3402 593; x_wconf 90' lang='lat' dir='ltr'>vocat</span> <span class='ocrx_word' id='word_1_270' title='bbox 3425 555 3554 594; x_wconf 89' lang='lat' dir='ltr'>eam</span> <span class='ocrx_word' id='word_1_271' title='bbox 3580 556 3733 610; x_wconf 83' lang='lat' dir='ltr'>mys-</span> 
     </span>
    </p>
   </div>
   <div class='ocr_carea' id='block_1_36' title="bbox 2083 620 3730 697">
    <p class='ocr_par' dir='ltr' id='par_1_36' title="bbox 2083 620 3730 697">
     <span class='ocr_line' id='line_1_36' title="bbox 2083 620 3730 697; baseline 0.006 -24"><span class='ocrx_word' id='word_1_272' title='bbox 2083 620 2239 674; x_wconf 89' lang='lat' dir='ltr'>reria</span> <span class='ocrx_word' id='word_1_273' title='bbox 2269 637 2339 675; x_wconf 85' lang='lat' dir='ltr'>ex</span> <span class='ocrx_word' id='word_1_274' title='bbox 2370 621 2539 676; x_wconf 91' lang='lat' dir='ltr'>altari</span> <span class='ocrx_word' id='word_1_275' title='bbox 2566 629 2822 693; x_wconf 84' lang='lat' dir='ltr'>sumpta.</span> <span class='ocrx_word' id='word_1_276' title='bbox 2856 641 2988 695; x_wconf 63' lang='lat' dir='ltr'>qua;</span> <span class='ocrx_word' id='word_1_277' title='bbox 3020 625 3240 692; x_wconf 87' lang='lat' dir='ltr'>isthinc,</span> <span class='ocrx_word' id='word_1_278' title='bbox 3266 627 3481 697; x_wconf 89' lang='lat' dir='ltr'>inquit,</span> <span class='ocrx_word' id='word_1_279' title='bbox 3505 630 3730 683; x_wconf 86' lang='lat' dir='ltr'>initium</span> 
     </span>
    </p>
   </div>
   <div class='ocr_carea' id='block_1_37' title="bbox 2082 712 3727 785">
    <p class='ocr_par' dir='ltr' id='par_1_37' title="bbox 2082 712 3727 785">
     <span class='ocr_line' id='line_1_37' title="bbox 2082 712 3727 785; baseline 0.006 -23"><span class='ocrx_word' id='word_1_280' title='bbox 2082 716 2429 779; x_wconf 83' lang='lat' dir='ltr'>acceperunt,</span> <span class='ocrx_word' id='word_1_281' title='bbox 2450 712 2832 784; x_wconf 86' lang='lat' dir='ltr'>Jerosolymis</span> <span class='ocrx_word' id='word_1_282' title='bbox 2854 712 3133 769; x_wconf 88' lang='lat' dir='ltr'>videlicet</span> <span class='ocrx_word' id='word_1_283' title='bbox 3153 714 3411 785; x_wconf 90' lang='lat' dir='ltr'>primum</span> <span class='ocrx_word' id='word_1_284' title='bbox 3436 717 3727 772; x_wconf 87' lang='lat' dir='ltr'>instituta.</span> 
     </span>
    </p>
   </div>
   <div class='ocr_carea' id='block_1_38' title="bbox 2087 799 3728 874">
    <p class='ocr_par' dir='ltr' id='par_1_38' title="bbox 2087 799 3728 874">
     <span class='ocr_line' id='line_1_38' title="bbox 2087 799 3728 874; baseline 0.005 -23"><span class='ocrx_word' id='word_1_285' title='bbox 2087 799 2400 854; x_wconf 88' lang='lat' dir='ltr'>Veritatem</span> <span class='ocrx_word' id='word_1_286' title='bbox 2433 800 2718 855; x_wconf 87' lang='lat' dir='ltr'>adventus</span> <span class='ocrx_word' id='word_1_287' title='bbox 2749 802 2964 856; x_wconf 86' lang='lat' dir='ltr'>Christi</span> <span class='ocrx_word' id='word_1_288' title='bbox 2997 803 3256 874; x_wconf 90' lang='lat' dir='ltr'>probans</span> <span class='ocrx_word' id='word_1_289' title='bbox 3286 809 3398 859; x_wconf 86' lang='lat' dir='ltr'>cat.</span> <span class='ocrx_word' id='word_1_290' title='bbox 3429 808 3511 866; x_wconf 83' lang='grc'>10,</span> <span class='ocrx_word' id='word_1_291' title='bbox 3544 822 3604 860; x_wconf 90' lang='grc' dir='ltr'>ιι.</span> <span class='ocrx_word' id='word_1_292' title='bbox 3642 809 3728 871; x_wconf 84' lang='grc'>19,</span> 
     </span>
    </p>
   </div>
   <div class='ocr_carea' id='block_1_39' title="bbox 2082 885 3724 963">
    <p class='ocr_par' dir='ltr' id='par_1_39' title="bbox 2082 885 3724 963">
     <span class='ocr_line' id='line_1_39' title="bbox 2082 885 3724 963; baseline 0.005 -23"><span class='ocrx_word' id='word_1_293' title='bbox 2082 885 2145 939; x_wconf 89' lang='lat' dir='ltr'>in</span> <span class='ocrx_word' id='word_1_294' title='bbox 2179 888 2592 943; x_wconf 86' lang='lat' dir='ltr'>testimonium</span> <span class='ocrx_word' id='word_1_295' title='bbox 2652 893 2900 945; x_wconf 87' lang='lat' dir='ltr'>assumit</span> <span class='ocrx_word' id='word_1_296' title='bbox 2954 899 3205 947; x_wconf 86' lang='lat' dir='ltr'>sanctum</span> <span class='ocrx_word' id='word_1_297' title='bbox 3260 895 3434 948; x_wconf 83' lang='lat' dir='ltr'>crucis</span> <span class='ocrx_word' id='word_1_298' title='bbox 3494 894 3724 963; x_wconf 86' lang='lat' dir='ltr'>liynum,</span> 
     </span>
    </p>
   </div>
   <div class='ocr_carea' id='block_1_40' title="bbox 2083 976 3727 1052">
    <p class='ocr_par' dir='ltr' id='par_1_40' title="bbox 2083 976 3727 1052">
     <span class='ocr_line' id='line_1_40' title="bbox 2083 976 3727 1052; baseline 0.004 -22"><span class='ocrx_word' id='word_1_299' title='bbox 2083 977 2248 1044; x_wconf 87' lang='lat' dir='ltr'>quod,</span> <span class='ocrx_word' id='word_1_300' title='bbox 2271 976 2373 1042; x_wconf 89' lang='lat' dir='ltr'>ait,</span> <span class='ocrx_word' id='word_1_301' title='bbox 2396 977 2471 1032; x_wconf 85' lang='lat' dir='ltr'>ad</span> <span class='ocrx_word' id='word_1_302' title='bbox 2489 978 2813 1034; x_wconf 85' lang='lat' dir='ltr'>hodiernum</span> <span class='ocrx_word' id='word_1_303' title='bbox 2840 996 3011 1050; x_wconf 89' lang='lat' dir='ltr'>usque</span> <span class='ocrx_word' id='word_1_304' title='bbox 3039 981 3183 1036; x_wconf 88' lang='lat' dir='ltr'>diem</span> <span class='ocrx_word' id='word_1_305' title='bbox 3202 982 3353 1052; x_wconf 88' lang='lat' dir='ltr'>apud</span> <span class='ocrx_word' id='word_1_306' title='bbox 3381 998 3479 1037; x_wconf 91' lang='lat' dir='ltr'>nos</span> <span class='ocrx_word' id='word_1_307' title='bbox 3507 985 3727 1052; x_wconf 88' lang='lat' dir='ltr'>conspi-</span> 
     </span>
    </p>
   </div>
   <div class='ocr_carea' id='block_1_41' title="bbox 2082 1064 3727 1142">
    <p class='ocr_par' dir='ltr' id='par_1_41' title="bbox 2082 1064 3727 1142">
     <span class='ocr_line' id='line_1_41' title="bbox 2082 1064 3727 1142; baseline 0.004 -23"><span class='ocrx_word' id='word_1_308' title='bbox 2082 1064 2227 1119; x_wconf 87' lang='lat' dir='ltr'>citur</span> <span class='ocrx_word' id='word_1_309' title='bbox 2247 1082 2265 1118; x_wconf 88' lang='lat'>:</span> <span class='ocrx_word' id='word_1_310' title='bbox 2296 1066 2556 1136; x_wconf 89' lang='lat' dir='ltr'>palmam</span> <span class='ocrx_word' id='word_1_311' title='bbox 2587 1068 2649 1121; x_wconf 88' lang='lat' dir='ltr'>in</span> <span class='ocrx_word' id='word_1_312' title='bbox 2702 1068 2848 1124; x_wconf 83' lang='lat' dir='ltr'>valle</span> <span class='ocrx_word' id='word_1_313' title='bbox 2911 1069 3104 1136; x_wconf 88' lang='lat' dir='ltr'>sitam,</span> <span class='ocrx_word' id='word_1_314' title='bbox 3141 1088 3272 1141; x_wconf 72' lang='lat' dir='ltr'>quas</span> <span class='ocrx_word' id='word_1_315' title='bbox 3304 1088 3501 1126; x_wconf 85' lang='lat' dir='ltr'>ramos</span> <span class='ocrx_word' id='word_1_316' title='bbox 3532 1072 3727 1142; x_wconf 80' lang='lat' dir='ltr'>pueris</span> 
     </span>
    </p>
   </div>
   <div class='ocr_carea' id='block_1_42' title="bbox 2081 1153 3726 1216">
    <p class='ocr_par' dir='ltr' id='par_1_42' title="bbox 2081 1153 3726 1216">
     <span class='ocr_line' id='line_1_42' title="bbox 2081 1153 3726 1216; baseline 0.005 -8"><span class='ocrx_word' id='word_1_317' title='bbox 2081 1153 2380 1209; x_wconf 89' lang='lat' dir='ltr'>Christum</span> <span class='ocrx_word' id='word_1_318' title='bbox 2447 1157 2719 1212; x_wconf 89' lang='lat' dir='ltr'>encomio</span> <span class='ocrx_word' id='word_1_319' title='bbox 2797 1158 3240 1214; x_wconf 88' lang='lat' dir='ltr'>celebrantibus</span> <span class='ocrx_word' id='word_1_320' title='bbox 3322 1160 3726 1216; x_wconf 88' lang='lat' dir='ltr'>ministravit:</span> 
     </span>
    </p>
   </div>
   <div class='ocr_carea' id='block_1_43' title="bbox 2082 1243 3728 1319">
    <p class='ocr_par' dir='ltr' id='par_1_43' title="bbox 2082 1243 3728 1319">
     <span class='ocr_line' id='line_1_43' title="bbox 2082 1243 3728 1319; baseline 0.005 -23"><span class='ocrx_word' id='word_1_321' title='bbox 2082 1243 2472 1299; x_wconf 84' lang='lat' dir='ltr'>Gethsemane</span> <span class='ocrx_word' id='word_1_322' title='bbox 2504 1244 2722 1312; x_wconf 91' lang='lat' dir='ltr'>locum,</span> <span class='ocrx_word' id='word_1_323' title='bbox 2768 1247 2977 1302; x_wconf 88' lang='lat' dir='ltr'>Judam</span> <span class='ocrx_word' id='word_1_324' title='bbox 3031 1249 3222 1303; x_wconf 88' lang='lat' dir='ltr'>adhuc</span> <span class='ocrx_word' id='word_1_325' title='bbox 3270 1250 3439 1319; x_wconf 89' lang='lat' dir='ltr'>quasi</span> <span class='ocrx_word' id='word_1_326' title='bbox 3478 1248 3728 1304; x_wconf 88' lang='lat' dir='ltr'>demon-</span> 
     </span>
    </p>
   </div>
   <div class='ocr_carea' id='block_1_44' title="bbox 2080 1334 3729 1411">
    <p class='ocr_par' dir='ltr' id='par_1_44' title="bbox 2080 1334 3729 1411">
     <span class='ocr_line' id='line_1_44' title="bbox 2080 1334 3729 1411; baseline 0.006 -26"><span class='ocrx_word' id='word_1_327' title='bbox 2080 1336 2407 1400; x_wconf 90' lang='lat' dir='ltr'>strantem;</span> <span class='ocrx_word' id='word_1_328' title='bbox 2440 1334 2761 1407; x_wconf 88' lang='lat' dir='ltr'>additque:</span> <span class='ocrx_word' id='word_1_329' title='bbox 2811 1337 3043 1392; x_wconf 88' lang='lat' dir='ltr'>Sanctus</span> <span class='ocrx_word' id='word_1_330' title='bbox 3089 1340 3190 1393; x_wconf 90' lang='lat' dir='ltr'>iste</span> <span class='ocrx_word' id='word_1_331' title='bbox 3233 1339 3527 1408; x_wconf 84' lang='lat' dir='ltr'>Golgothas</span> <span class='ocrx_word' id='word_1_332' title='bbox 3563 1356 3729 1411; x_wconf 85' lang='lat' dir='ltr'>super</span> 
     </span>
    </p>
   </div>
   <div class='ocr_carea' id='block_1_45' title="bbox 2079 1423 3725 1495">
    <p class='ocr_par' dir='ltr' id='par_1_45' title="bbox 2079 1423 3725 1495">
     <span class='ocr_line' id='line_1_45' title="bbox 2079 1423 3725 1495; baseline 0.007 -22"><span class='ocrx_word' id='word_1_333' title='bbox 2079 1427 2274 1475; x_wconf 65' lang='lat' dir='ltr'>caetera</span> <span class='ocrx_word' id='word_1_334' title='bbox 2299 1423 2478 1479; x_wconf 85' lang='lat' dir='ltr'>editus</span> <span class='ocrx_word' id='word_1_335' title='bbox 2507 1430 2757 1492; x_wconf 79' lang='lat' dir='ltr'>testatur,</span> <span class='ocrx_word' id='word_1_336' title='bbox 2788 1428 3144 1495; x_wconf 85' lang='lat' dir='ltr'>conspicuum</span> <span class='ocrx_word' id='word_1_337' title='bbox 3191 1442 3246 1482; x_wconf 87' lang='lat' dir='ltr'>se</span> <span class='ocrx_word' id='word_1_338' title='bbox 3297 1434 3610 1493; x_wconf 87' lang='lat' dir='ltr'>ostentans;</span> <span class='ocrx_word' id='word_1_339' title='bbox 3642 1436 3725 1484; x_wconf 88' lang='lat' dir='ltr'>te-</span> 
     </span>
    </p>
   </div>
   <div class='ocr_carea' id='block_1_46' title="bbox 2077 1517 3724 1586">
    <p class='ocr_par' dir='ltr' id='par_1_46' title="bbox 2077 1517 3724 1586">
     <span class='ocr_line' id='line_1_46' title="bbox 2077 1517 3724 1586; baseline 0.006 -22"><span class='ocrx_word' id='word_1_340' title='bbox 2077 1517 2259 1565; x_wconf 85' lang='lat' dir='ltr'>statur</span> <span class='ocrx_word' id='word_1_341' title='bbox 2289 1520 2694 1568; x_wconf 85' lang='lat' dir='ltr'>monumentum</span> <span class='ocrx_word' id='word_1_342' title='bbox 2716 1531 2820 1584; x_wconf 87' lang='lat' dir='ltr'>per</span> <span class='ocrx_word' id='word_1_343' title='bbox 2847 1522 3116 1583; x_wconf 88' lang='lat' dir='ltr'>sanctum,</span> <span class='ocrx_word' id='word_1_344' title='bbox 3161 1523 3215 1570; x_wconf 89' lang='lat' dir='ltr'>et</span> <span class='ocrx_word' id='word_1_345' title='bbox 3242 1519 3341 1586; x_wconf 91' lang='lat' dir='ltr'>qui</span> <span class='ocrx_word' id='word_1_346' title='bbox 3371 1519 3429 1571; x_wconf 89' lang='lat' dir='ltr'>in</span> <span class='ocrx_word' id='word_1_347' title='bbox 3459 1518 3601 1573; x_wconf 88' lang='lat' dir='ltr'>hunc</span> <span class='ocrx_word' id='word_1_348' title='bbox 3630 1535 3724 1574; x_wconf 89' lang='lat' dir='ltr'>us-</span> 
     </span>
    </p>
   </div>
   <div class='ocr_carea' id='block_1_47' title="bbox 2077 1601 3721 1672">
    <p class='ocr_par' dir='ltr' id='par_1_47' title="bbox 2077 1601 3721 1672">
     <span class='ocr_line' id='line_1_47' title="bbox 2077 1601 3721 1672; baseline 0.006 -20"><span class='ocrx_word' id='word_1_349' title='bbox 2077 1615 2183 1668; x_wconf 89' lang='lat' dir='ltr'>que</span> <span class='ocrx_word' id='word_1_350' title='bbox 2209 1601 2355 1654; x_wconf 86' lang='lat' dir='ltr'>diem</span> <span class='ocrx_word' id='word_1_351' title='bbox 2372 1601 2525 1670; x_wconf 87' lang='lat' dir='ltr'>jacet</span> <span class='ocrx_word' id='word_1_352' title='bbox 2552 1603 2712 1672; x_wconf 88' lang='lat' dir='ltr'>lapis.</span> <span class='ocrx_word' id='word_1_353' title='bbox 2746 1603 2868 1659; x_wconf 89' lang='lat' dir='ltr'>Cat.</span> <span class='ocrx_word' id='word_1_354' title='bbox 2932 1605 3018 1670; x_wconf 83' lang='grc'>13,</span> <span class='ocrx_word' id='word_1_355' title='bbox 3051 1621 3109 1657; x_wconf 89' lang='grc' dir='ltr'>ιι.</span> <span class='ocrx_word' id='word_1_356' title='bbox 3146 1606 3235 1671; x_wconf 90' lang='grc'>38,</span> <span class='ocrx_word' id='word_1_357' title='bbox 3267 1605 3474 1659; x_wconf 91' lang='lat' dir='ltr'>eadem</span> <span class='ocrx_word' id='word_1_358' title='bbox 3507 1606 3721 1662; x_wconf 89' lang='lat' dir='ltr'>iterum</span> 
     </span>
    </p>
   </div>
   <div class='ocr_carea' id='block_1_48' title="bbox 2077 1688 3724 1766">
    <p class='ocr_par' dir='ltr' id='par_1_48' title="bbox 2077 1688 3724 1766">
     <span class='ocr_line' id='line_1_48' title="bbox 2077 1688 3724 1766; baseline 0.005 -25"><span class='ocrx_word' id='word_1_359' title='bbox 2077 1688 2295 1758; x_wconf 90' lang='lat' dir='ltr'>repetit</span> <span class='ocrx_word' id='word_1_360' title='bbox 2322 1689 2686 1755; x_wconf 89' lang='lat' dir='ltr'>testimonia,</span> <span class='ocrx_word' id='word_1_361' title='bbox 2720 1690 2934 1760; x_wconf 91' lang='lat' dir='ltr'>quibus</span> <span class='ocrx_word' id='word_1_362' title='bbox 2964 1708 3112 1747; x_wconf 88' lang='lat' dir='ltr'>nova</span> <span class='ocrx_word' id='word_1_363' title='bbox 3143 1693 3576 1763; x_wconf 88' lang='lat' dir='ltr'>superaddit,in</span> <span class='ocrx_word' id='word_1_364' title='bbox 3604 1697 3724 1766; x_wconf 87' lang='lat' dir='ltr'>pri-</span> 
     </span>
    </p>
   </div>
   <div class='ocr_carea' id='block_1_49' title="bbox 2078 1776 3724 1852">
    <p class='ocr_par' dir='ltr' id='par_1_49' title="bbox 2078 1776 3724 1852">
     <span class='ocr_line' id='line_1_49' title="bbox 2078 1776 3724 1852; baseline 0.006 -22"><span class='ocrx_word' id='word_1_365' title='bbox 2078 1776 2192 1831; x_wconf 90' lang='lat' dir='ltr'>mis</span> <span class='ocrx_word' id='word_1_366' title='bbox 2226 1783 2579 1848; x_wconf 73' lang='lat' dir='ltr'>praasentem</span> <span class='ocrx_word' id='word_1_367' title='bbox 2603 1780 2837 1850; x_wconf 82' lang='lat' dir='ltr'>Caiphae</span> <span class='ocrx_word' id='word_1_368' title='bbox 2860 1780 3071 1835; x_wconf 89' lang='lat' dir='ltr'>domus</span> <span class='ocrx_word' id='word_1_369' title='bbox 3092 1781 3445 1849; x_wconf 88' lang='lat' dir='ltr'>vastitatem,</span> <span class='ocrx_word' id='word_1_370' title='bbox 3470 1788 3528 1838; x_wconf 90' lang='lat' dir='ltr'>et</span> <span class='ocrx_word' id='word_1_371' title='bbox 3547 1801 3605 1838; x_wconf 91' lang='grc' dir='ltr'>ιι.</span> <span class='ocrx_word' id='word_1_372' title='bbox 3632 1785 3724 1852; x_wconf 90' lang='lat'>39,</span> 
     </span>
    </p>
   </div>
   <div class='ocr_carea' id='block_1_50' title="bbox 2086 1866 3719 1940">
    <p class='ocr_par' dir='ltr' id='par_1_50' title="bbox 2086 1866 3719 1940">
     <span class='ocr_line' id='line_1_50' title="bbox 2086 1866 3719 1940; baseline 0.006 -21"><span class='ocrx_word' id='word_1_373' title='bbox 2086 1866 2253 1920; x_wconf 82' lang='lat' dir='ltr'>Pilati</span> <span class='ocrx_word' id='word_1_374' title='bbox 2285 1868 2628 1938; x_wconf 78' lang='lat' dir='ltr'>praetorium</span> <span class='ocrx_word' id='word_1_375' title='bbox 2659 1885 2824 1938; x_wconf 90' lang='lat' dir='ltr'>nunc,</span> <span class='ocrx_word' id='word_1_376' title='bbox 2876 1869 3091 1940; x_wconf 84' lang='lat' dir='ltr'>inquit,</span> <span class='ocrx_word' id='word_1_377' title='bbox 3141 1873 3201 1924; x_wconf 89' lang='lat' dir='ltr'>in</span> <span class='ocrx_word' id='word_1_378' title='bbox 3239 1870 3588 1928; x_wconf 77' lang='lat' dir='ltr'>solitudinem</span> <span class='ocrx_word' id='word_1_379' title='bbox 3632 1890 3719 1928; x_wconf 68' lang='grc' dir='ltr'>τε·</span> 
     </span>
    </p>
   </div>
   <div class='ocr_carea' id='block_1_51' title="bbox 2081 1949 3724 2033">
    <p class='ocr_par' dir='ltr' id='par_1_51' title="bbox 2081 1949 3724 2033">
     <span class='ocr_line' id='line_1_51' title="bbox 2081 1949 3724 2033; baseline 0.005 -22"><span class='ocrx_word' id='word_1_380' title='bbox 2081 1957 2319 2014; x_wconf 77' lang='lat' dir='ltr'>ductum.</span> <span class='ocrx_word' id='word_1_381' title='bbox 2352 1949 2566 2015; x_wconf 80' lang='lat' dir='ltr'>Addit:</span> <span class='ocrx_word' id='word_1_382' title='bbox 2600 1960 2897 2029; x_wconf 85' lang='lat' dir='ltr'>Golgothas</span> <span class='ocrx_word' id='word_1_383' title='bbox 2927 1960 3030 2015; x_wconf 88' lang='lat' dir='ltr'>iste</span> <span class='ocrx_word' id='word_1_384' title='bbox 3052 1969 3270 2017; x_wconf 90' lang='lat' dir='ltr'>sanctus</span> <span class='ocrx_word' id='word_1_385' title='bbox 3296 1967 3724 2033; x_wconf 85' lang='lat' dir='ltr'>supereminens,</span> 
     </span>
    </p>
   </div>
   <div class='ocr_carea' id='block_1_52' title="bbox 2081 2049 3726 2124">
    <p class='ocr_par' dir='ltr' id='par_1_52' title="bbox 2081 2049 3726 2124">
     <span class='ocr_line' id='line_1_52' title="bbox 2081 2049 3726 2124; baseline 0.005 -24"><span class='ocrx_word' id='word_1_386' title='bbox 2081 2053 2249 2116; x_wconf 87' lang='lat' dir='ltr'>atque</span> <span class='ocrx_word' id='word_1_387' title='bbox 2279 2049 2339 2101; x_wconf 90' lang='lat' dir='ltr'>in</span> <span class='ocrx_word' id='word_1_388' title='bbox 2358 2055 2683 2117; x_wconf 58' lang='lat' dir='ltr'>prasentem</span> <span class='ocrx_word' id='word_1_389' title='bbox 2728 2064 2901 2119; x_wconf 85' lang='lat' dir='ltr'>usque</span> <span class='ocrx_word' id='word_1_390' title='bbox 2953 2050 3097 2104; x_wconf 88' lang='lat' dir='ltr'>diem</span> <span class='ocrx_word' id='word_1_391' title='bbox 3150 2052 3311 2119; x_wconf 86' lang='lat' dir='ltr'>ﬁdem</span> <span class='ocrx_word' id='word_1_392' title='bbox 3339 2054 3553 2120; x_wconf 83' lang='lat' dir='ltr'>faciens</span> <span class='ocrx_word' id='word_1_393' title='bbox 3582 2070 3726 2124; x_wconf 86' lang='lat' dir='ltr'>quo-</span> 
     </span>
    </p>
   </div>
   <div class='ocr_carea' id='block_1_53' title="bbox 2080 2135 3722 2209">
    <p class='ocr_par' dir='ltr' id='par_1_53' title="bbox 2080 2135 3722 2209">
     <span class='ocr_line' id='line_1_53' title="bbox 2080 2135 3722 2209; baseline 0.005 -21"><span class='ocrx_word' id='word_1_394' title='bbox 2080 2135 2237 2189; x_wconf 87' lang='lat' dir='ltr'>modo</span> <span class='ocrx_word' id='word_1_395' title='bbox 2260 2143 2434 2206; x_wconf 73' lang='lat' dir='ltr'>petrae</span> <span class='ocrx_word' id='word_1_396' title='bbox 2455 2144 2689 2208; x_wconf 80' lang='lat' dir='ltr'>propter</span> <span class='ocrx_word' id='word_1_397' title='bbox 2719 2138 2995 2194; x_wconf 80' lang='lat' dir='ltr'>Christum</span> <span class='ocrx_word' id='word_1_398' title='bbox 3016 2156 3078 2194; x_wconf 92' lang='lat' dir='ltr'>eo</span> <span class='ocrx_word' id='word_1_399' title='bbox 3102 2146 3341 2209; x_wconf 87' lang='lat' dir='ltr'>tempore</span> <span class='ocrx_word' id='word_1_400' title='bbox 3369 2147 3498 2196; x_wconf 88' lang='lat' dir='ltr'>sunt</span> <span class='ocrx_word' id='word_1_401' title='bbox 3525 2145 3722 2198; x_wconf 76' lang='lat' dir='ltr'>scissae.</span> 
     </span>
    </p>
   </div>
   <div class='ocr_carea' id='block_1_54' title="bbox 2081 2224 3726 2302">
    <p class='ocr_par' dir='ltr' id='par_1_54' title="bbox 2081 2224 3726 2302">
     <span class='ocr_line' id='line_1_54' title="bbox 2081 2224 3726 2302; baseline 0.005 -25"><span class='ocrx_word' id='word_1_402' title='bbox 2081 2224 2423 2289; x_wconf 84' lang='lat' dir='ltr'>Proximum</span> <span class='ocrx_word' id='word_1_403' title='bbox 2452 2243 2688 2297; x_wconf 91' lang='lat' dir='ltr'>quoque</span> <span class='ocrx_word' id='word_1_404' title='bbox 2728 2233 3201 2294; x_wconf 88' lang='lat' dir='ltr'>monumentum,</span> <span class='ocrx_word' id='word_1_405' title='bbox 3255 2234 3313 2284; x_wconf 89' lang='lat' dir='ltr'>et</span> <span class='ocrx_word' id='word_1_406' title='bbox 3362 2247 3545 2302; x_wconf 86' lang='lat' dir='ltr'>prope</span> <span class='ocrx_word' id='word_1_407' title='bbox 3596 2248 3726 2286; x_wconf 88' lang='lat' dir='ltr'>mo-</span> 
     </span>
    </p>
   </div>
   <div class='ocr_carea' id='block_1_55' title="bbox 2082 2317 3728 2392">
    <p class='ocr_par' dir='ltr' id='par_1_55' title="bbox 2082 2317 3728 2392">
     <span class='ocr_line' id='line_1_55' title="bbox 2082 2317 3728 2392; baseline 0.007 -26"><span class='ocrx_word' id='word_1_408' title='bbox 2082 2320 2434 2370; x_wconf 90' lang='lat' dir='ltr'>numentum</span> <span class='ocrx_word' id='word_1_409' title='bbox 2457 2317 2759 2387; x_wconf 91' lang='lat' dir='ltr'>jacentem</span> <span class='ocrx_word' id='word_1_410' title='bbox 2788 2317 3049 2389; x_wconf 90' lang='lat' dir='ltr'>lapidem</span> <span class='ocrx_word' id='word_1_411' title='bbox 3081 2319 3141 2373; x_wconf 92' lang='lat' dir='ltr'>in</span> <span class='ocrx_word' id='word_1_412' title='bbox 3183 2319 3590 2376; x_wconf 89' lang='lat' dir='ltr'>testimonium</span> <span class='ocrx_word' id='word_1_413' title='bbox 3623 2337 3728 2392; x_wconf 89' lang='lat' dir='ltr'>ap-</span> 
     </span>
    </p>
   </div>
   <div class='ocr_carea' id='block_1_56' title="bbox 2080 2401 3723 2479">
    <p class='ocr_par' dir='ltr' id='par_1_56' title="bbox 2080 2401 3723 2479">
     <span class='ocr_line' id='line_1_56' title="bbox 2080 2401 3723 2479; baseline 0.005 -24"><span class='ocrx_word' id='word_1_414' title='bbox 2080 2401 2284 2471; x_wconf 89' lang='lat' dir='ltr'>pellat.</span> <span class='ocrx_word' id='word_1_415' title='bbox 2316 2403 2534 2458; x_wconf 89' lang='lat' dir='ltr'>Eadem</span> <span class='ocrx_word' id='word_1_416' title='bbox 2564 2410 2674 2460; x_wconf 89' lang='lat' dir='ltr'>cat.</span> <span class='ocrx_word' id='word_1_417' title='bbox 2706 2423 2768 2460; x_wconf 89' lang='grc' dir='ltr'>ιι.</span> <span class='ocrx_word' id='word_1_418' title='bbox 2798 2409 2886 2474; x_wconf 89' lang='grc'>22,</span> <span class='ocrx_word' id='word_1_419' title='bbox 2915 2406 3001 2461; x_wconf 89' lang='lat' dir='ltr'>ait</span> <span class='ocrx_word' id='word_1_420' title='bbox 3028 2423 3089 2462; x_wconf 90' lang='lat' dir='ltr'>se</span> <span class='ocrx_word' id='word_1_421' title='bbox 3120 2407 3191 2463; x_wconf 94' lang='lat' dir='ltr'>de</span> <span class='ocrx_word' id='word_1_422' title='bbox 3224 2408 3461 2479; x_wconf 68' lang='lat' dir='ltr'>tropaeis</span> <span class='ocrx_word' id='word_1_423' title='bbox 3491 2409 3723 2463; x_wconf 90' lang='lat' dir='ltr'>Domini</span> 
     </span>
    </p>
   </div>
   <div class='ocr_carea' id='block_1_57' title="bbox 2083 2488 3724 2568">
    <p class='ocr_par' dir='ltr' id='par_1_57' title="bbox 2083 2488 3724 2568">
     <span class='ocr_line' id='line_1_57' title="bbox 2083 2488 3724 2568; baseline 0.005 -25"><span class='ocrx_word' id='word_1_424' title='bbox 2083 2488 2144 2544; x_wconf 91' lang='lat' dir='ltr'>in</span> <span class='ocrx_word' id='word_1_425' title='bbox 2166 2490 2294 2561; x_wconf 90' lang='lat' dir='ltr'>ipso</span> <span class='ocrx_word' id='word_1_426' title='bbox 2318 2495 2407 2545; x_wconf 89' lang='lat' dir='ltr'>ter</span> <span class='ocrx_word' id='word_1_427' title='bbox 2426 2499 2629 2547; x_wconf 89' lang='lat' dir='ltr'>sancto</span> <span class='ocrx_word' id='word_1_428' title='bbox 2652 2494 2937 2566; x_wconf 85' lang='lat' dir='ltr'>Golgotha</span> <span class='ocrx_word' id='word_1_429' title='bbox 2957 2494 3301 2551; x_wconf 79' lang='lat' dir='ltr'>dicere.Alii</span> <span class='ocrx_word' id='word_1_430' title='bbox 3319 2499 3482 2565; x_wconf 89' lang='lat' dir='ltr'>enim,</span> <span class='ocrx_word' id='word_1_431' title='bbox 3507 2497 3724 2568; x_wconf 88' lang='lat' dir='ltr'>inquit,</span> 
     </span>
    </p>
   </div>
   <div class='ocr_carea' id='block_1_58' title="bbox 2083 2580 3729 2647">
    <p class='ocr_par' dir='ltr' id='par_1_58' title="bbox 2083 2580 3729 2647">
     <span class='ocr_line' id='line_1_58' title="bbox 2083 2580 3729 2647; baseline 0.006 -16"><span class='ocrx_word' id='word_1_432' title='bbox 2083 2580 2458 2634; x_wconf 86' lang='lat' dir='ltr'>tantummodo</span> <span class='ocrx_word' id='word_1_433' title='bbox 2487 2581 2763 2647; x_wconf 87' lang='lat' dir='ltr'>audiunt;</span> <span class='ocrx_word' id='word_1_434' title='bbox 2809 2598 2906 2638; x_wconf 85' lang='lat' dir='ltr'>nos</span> <span class='ocrx_word' id='word_1_435' title='bbox 2955 2590 3138 2638; x_wconf 89' lang='lat' dir='ltr'>autem</span> <span class='ocrx_word' id='word_1_436' title='bbox 3167 2590 3218 2639; x_wconf 92' lang='lat' dir='ltr'>et</span> <span class='ocrx_word' id='word_1_437' title='bbox 3244 2585 3488 2640; x_wconf 81' lang='lat' dir='ltr'>videmus</span> <span class='ocrx_word' id='word_1_438' title='bbox 3519 2591 3567 2640; x_wconf 93' lang='lat' dir='ltr'>et</span> <span class='ocrx_word' id='word_1_439' title='bbox 3600 2592 3729 2641; x_wconf 88' lang='lat' dir='ltr'>tan-</span> 
     </span>
    </p>
   </div>
   <div class='ocr_carea' id='block_1_59' title="bbox 2078 2669 3727 2746">
    <p class='ocr_par' dir='ltr' id='par_1_59' title="bbox 2078 2669 3727 2746">
     <span class='ocr_line' id='line_1_59' title="bbox 2078 2669 3727 2746; baseline 0.005 -24"><span class='ocrx_word' id='word_1_440' title='bbox 2078 2669 2257 2736; x_wconf 83' lang='lat' dir='ltr'>gimus</span> <span class='ocrx_word' id='word_1_441' title='bbox 2276 2686 2298 2732; x_wconf 87' lang='lat'><strong><em>;</em></strong></span> <span class='ocrx_word' id='word_1_442' title='bbox 2316 2685 2376 2725; x_wconf 91' lang='grc' dir='ltr'>ιι.</span> <span class='ocrx_word' id='word_1_443' title='bbox 2402 2670 2488 2734; x_wconf 88' lang='lat'>23,</span> <span class='ocrx_word' id='word_1_444' title='bbox 2515 2671 2865 2727; x_wconf 77' lang='lat' dir='ltr'>cruciﬁxum</span> <span class='ocrx_word' id='word_1_445' title='bbox 2887 2688 3019 2727; x_wconf 88' lang='lat' dir='ltr'>vere</span> <span class='ocrx_word' id='word_1_446' title='bbox 3045 2673 3362 2728; x_wconf 91' lang='lat' dir='ltr'>Dominum</span> <span class='ocrx_word' id='word_1_447' title='bbox 3387 2672 3571 2729; x_wconf 82' lang='lat' dir='ltr'>fuisse</span> <span class='ocrx_word' id='word_1_448' title='bbox 3589 2691 3727 2746; x_wconf 91' lang='lat' dir='ltr'>pro-</span> 
     </span>
    </p>
   </div>
   <div class='ocr_carea' id='block_1_60' title="bbox 2078 2755 3722 2830">
    <p class='ocr_par' dir='ltr' id='par_1_60' title="bbox 2078 2755 3722 2830">
     <span class='ocr_line' id='line_1_60' title="bbox 2078 2755 3722 2830; baseline 0.005 -20"><span class='ocrx_word' id='word_1_449' title='bbox 2078 2755 2248 2823; x_wconf 91' lang='lat' dir='ltr'>bans,</span> <span class='ocrx_word' id='word_1_450' title='bbox 2278 2757 2448 2822; x_wconf 85' lang='lat' dir='ltr'>vides,</span> <span class='ocrx_word' id='word_1_451' title='bbox 2482 2757 2582 2823; x_wconf 90' lang='lat' dir='ltr'>ait,</span> <span class='ocrx_word' id='word_1_452' title='bbox 2617 2759 2793 2814; x_wconf 89' lang='lat' dir='ltr'>locum</span> <span class='ocrx_word' id='word_1_453' title='bbox 2823 2760 3125 2830; x_wconf 70' lang='lat' dir='ltr'>Golgothae.</span> <span class='ocrx_word' id='word_1_454' title='bbox 3162 2761 3372 2817; x_wconf 90' lang='lat' dir='ltr'>Secuta</span> <span class='ocrx_word' id='word_1_455' title='bbox 3410 2768 3500 2817; x_wconf 90' lang='lat' dir='ltr'>est</span> <span class='ocrx_word' id='word_1_456' title='bbox 3529 2762 3722 2818; x_wconf 51' lang='lat' dir='ltr'>acclao</span> 
     </span>
    </p>
   </div>
   <div class='ocr_carea' id='block_1_61' title="bbox 2079 2844 3717 2918">
    <p class='ocr_par' dir='ltr' id='par_1_61' title="bbox 2079 2844 3717 2918">
     <span class='ocr_line' id='line_1_61' title="bbox 2079 2844 3717 2918; baseline 0.005 -20"><span class='ocrx_word' id='word_1_457' title='bbox 2079 2845 2260 2899; x_wconf 90' lang='lat' dir='ltr'>matio</span> <span class='ocrx_word' id='word_1_458' title='bbox 2318 2844 2656 2901; x_wconf 89' lang='lat' dir='ltr'>auditorum</span> <span class='ocrx_word' id='word_1_459' title='bbox 2710 2848 3185 2904; x_wconf 89' lang='lat' dir='ltr'>assentientium.</span> <span class='ocrx_word' id='word_1_460' title='bbox 3244 2851 3365 2906; x_wconf 90' lang='lat' dir='ltr'>Cat.</span> <span class='ocrx_word' id='word_1_461' title='bbox 3416 2853 3501 2917; x_wconf 91' lang='grc'>14,</span> <span class='ocrx_word' id='word_1_462' title='bbox 3535 2868 3594 2905; x_wconf 88' lang='grc' dir='ltr'>ιι.</span> <span class='ocrx_word' id='word_1_463' title='bbox 3629 2854 3717 2918; x_wconf 89' lang='lat'>22,</span> 
     </span>
    </p>
   </div>
   <div class='ocr_carea' id='block_1_62' title="bbox 2079 2933 3721 3009">
    <p class='ocr_par' dir='ltr' id='par_1_62' title="bbox 2079 2933 3721 3009">
     <span class='ocr_line' id='line_1_62' title="bbox 2079 2933 3721 3009; baseline 0.004 -22"><span class='ocrx_word' id='word_1_464' title='bbox 2079 2933 2295 2988; x_wconf 88' lang='lat' dir='ltr'>iterum</span> <span class='ocrx_word' id='word_1_465' title='bbox 2316 2940 2545 3005; x_wconf 88' lang='lat' dir='ltr'>petram</span> <span class='ocrx_word' id='word_1_466' title='bbox 2576 2938 2971 3005; x_wconf 91' lang='lat' dir='ltr'>monumenti,</span> <span class='ocrx_word' id='word_1_467' title='bbox 2997 2944 3054 2991; x_wconf 91' lang='lat' dir='ltr'>et</span> <span class='ocrx_word' id='word_1_468' title='bbox 3073 2937 3331 3009; x_wconf 88' lang='lat' dir='ltr'>lapidem</span> <span class='ocrx_word' id='word_1_469' title='bbox 3354 2938 3414 2992; x_wconf 90' lang='lat' dir='ltr'>in</span> <span class='ocrx_word' id='word_1_470' title='bbox 3439 2939 3596 2992; x_wconf 90' lang='lat' dir='ltr'>diem</span> <span class='ocrx_word' id='word_1_471' title='bbox 3619 2956 3721 2995; x_wconf 88' lang='lat' dir='ltr'>us-</span> 
     </span>
    </p>
   </div>
   <div class='ocr_carea' id='block_1_63' title="bbox 2078 3025 3722 3097">
    <p class='ocr_par' dir='ltr' id='par_1_63' title="bbox 2078 3025 3722 3097">
     <span class='ocr_line' id='line_1_63' title="bbox 2078 3025 3722 3097; baseline 0.003 -22"><span class='ocrx_word' id='word_1_472' title='bbox 2078 3037 2195 3091; x_wconf 90' lang='lat' dir='ltr'>que</span> <span class='ocrx_word' id='word_1_473' title='bbox 2224 3027 2578 3092; x_wconf 68' lang='lat' dir='ltr'>praasentem</span> <span class='ocrx_word' id='word_1_474' title='bbox 2610 3025 3019 3095; x_wconf 90' lang='lat' dir='ltr'>conspicuum,</span> <span class='ocrx_word' id='word_1_475' title='bbox 3055 3031 3114 3079; x_wconf 93' lang='lat' dir='ltr'>et</span> <span class='ocrx_word' id='word_1_476' title='bbox 3141 3027 3354 3097; x_wconf 87' lang='lat' dir='ltr'>ipsam,</span> <span class='ocrx_word' id='word_1_477' title='bbox 3387 3026 3449 3079; x_wconf 92' lang='lat' dir='ltr'>in</span> <span class='ocrx_word' id='word_1_478' title='bbox 3480 3043 3597 3096; x_wconf 89' lang='lat' dir='ltr'>qua</span> <span class='ocrx_word' id='word_1_479' title='bbox 3629 3026 3722 3080; x_wconf 91' lang='lat' dir='ltr'>di-</span> 
     </span>
    </p>
   </div>
   <div class='ocr_carea' id='block_1_64' title="bbox 2079 3109 3721 3169">
    <p class='ocr_par' dir='ltr' id='par_1_64' title="bbox 2079 3109 3721 3169">
     <span class='ocr_line' id='line_1_64' title="bbox 2079 3109 3721 3169; baseline 0.003 -5"><span class='ocrx_word' id='word_1_480' title='bbox 2079 3109 2267 3167; x_wconf 87' lang='lat' dir='ltr'>cebat.</span> <span class='ocrx_word' id='word_1_481' title='bbox 2289 3112 2758 3167; x_wconf 82' lang='lat' dir='ltr'>Resurrectionis</span> <span class='ocrx_word' id='word_1_482' title='bbox 2781 3112 3094 3168; x_wconf 90' lang='lat' dir='ltr'>ecclesiam</span> <span class='ocrx_word' id='word_1_483' title='bbox 3110 3130 3145 3168; x_wconf 91' lang='lat' dir='ltr'>a</span> <span class='ocrx_word' id='word_1_484' title='bbox 3165 3114 3554 3168; x_wconf 88' lang='lat' dir='ltr'>Constantino</span> <span class='ocrx_word' id='word_1_485' title='bbox 3577 3114 3721 3169; x_wconf 65' lang='lat' dir='ltr'>aedi—</span> 
     </span>
    </p>
   </div>
   <div class='ocr_carea' id='block_1_65' title="bbox 392 3164 3723 3274">
    <p class='ocr_par' dir='ltr' id='par_1_65' title="bbox 392 3164 3723 3274">
     <span class='ocr_line' id='line_1_65' title="bbox 392 3164 3723 3274; baseline 0.001 -19"><span class='ocrx_word' id='word_1_486' title='bbox 392 3205 446 3257; x_wconf 84' lang='lat'>9.</span> <span class='ocrx_word' id='word_1_487' title='bbox 479 3201 569 3257; x_wconf 78' lang='lat' dir='ltr'>Ad</span> <span class='ocrx_word' id='word_1_488' title='bbox 589 3164 843 3257; x_wconf 88' lang='lat' dir='ltr'>alterum</span> <span class='ocrx_word' id='word_1_489' title='bbox 870 3206 1283 3274; x_wconf 74' lang='lat' dir='ltr'>argumentum</span> <span class='ocrx_word' id='word_1_490' title='bbox 1304 3201 1497 3270; x_wconf 91' lang='lat' dir='ltr'>venio,</span> <span class='ocrx_word' id='word_1_491' title='bbox 1521 3202 1682 3274; x_wconf 88' lang='lat' dir='ltr'>quod</span> <span class='ocrx_word' id='word_1_492' title='bbox 1709 3204 1799 3260; x_wconf 90' lang='lat' dir='ltr'>his</span> <span class='ocrx_word' id='word_1_493' title='bbox 1821 3205 1970 3260; x_wconf 87' lang='lat' dir='ltr'>dua-</span> <span class='ocrx_word' id='word_1_494' title='bbox 1998 3193 2041 3259; x_wconf 86' lang='lat' dir='ltr'>C</span> <span class='ocrx_word' id='word_1_495' title='bbox 2083 3199 2407 3267; x_wconf 82' lang='lat' dir='ltr'>ficatam,in</span> <span class='ocrx_word' id='word_1_496' title='bbox 2429 3201 2835 3257; x_wconf 88' lang='lat' dir='ltr'>testimonium</span> <span class='ocrx_word' id='word_1_497' title='bbox 2859 3218 3009 3257; x_wconf 64' lang='lat' dir='ltr'>vera:</span> <span class='ocrx_word' id='word_1_498' title='bbox 3031 3203 3244 3258; x_wconf 89' lang='lat' dir='ltr'>Christi</span> <span class='ocrx_word' id='word_1_499' title='bbox 3269 3203 3723 3258; x_wconf 88' lang='lat' dir='ltr'>resurrectionis</span> 
     </span>
    </p>
   </div>
   <div class='ocr_carea' id='block_1_66' title="bbox 325 3290 1972 3363">
    <p class='ocr_par' dir='ltr' id='par_1_66' title="bbox 325 3290 1972 3363">
     <span class='ocr_line' id='line_1_66' title="bbox 325 3290 1972 3363; baseline 0.002 -18"><span class='ocrx_word' id='word_1_500' title='bbox 325 3290 433 3345; x_wconf 90' lang='lat' dir='ltr'>bus</span> <span class='ocrx_word' id='word_1_501' title='bbox 463 3291 969 3363; x_wconf 87' lang='lat' dir='ltr'>propositionibus</span> <span class='ocrx_word' id='word_1_502' title='bbox 990 3291 1251 3346; x_wconf 92' lang='lat' dir='ltr'>includo.</span> <span class='ocrx_word' id='word_1_503' title='bbox 1275 3292 1473 3347; x_wconf 90' lang='lat' dir='ltr'>Prima</span> <span class='ocrx_word' id='word_1_504' title='bbox 1499 3298 1606 3358; x_wconf 91' lang='lat' dir='ltr'>est,</span> <span class='ocrx_word' id='word_1_505' title='bbox 1634 3294 1972 3349; x_wconf 89' lang='lat' dir='ltr'>catecheses</span> 
     </span>
    </p>
   </div>
   <div class='ocr_carea' id='block_1_67' title="bbox 324 3380 1968 3452">
    <p class='ocr_par' dir='ltr' id='par_1_67' title="bbox 324 3380 1968 3452">
     <span class='ocr_line' id='line_1_67' title="bbox 324 3380 1968 3452; baseline 0.002 -17"><span class='ocrx_word' id='word_1_506' title='bbox 324 3386 562 3436; x_wconf 89' lang='lat' dir='ltr'>nostras</span> <span class='ocrx_word' id='word_1_507' title='bbox 591 3380 976 3452; x_wconf 83' lang='lat' dir='ltr'>Jerosolymis</span> <span class='ocrx_word' id='word_1_508' title='bbox 1027 3385 1188 3436; x_wconf 90' lang='lat' dir='ltr'>certo</span> <span class='ocrx_word' id='word_1_509' title='bbox 1245 3382 1462 3437; x_wconf 89' lang='lat' dir='ltr'>certius</span> <span class='ocrx_word' id='word_1_510' title='bbox 1519 3382 1750 3438; x_wconf 89' lang='lat' dir='ltr'>habitas</span> <span class='ocrx_word' id='word_1_511' title='bbox 1802 3399 1968 3452; x_wconf 85' lang='lat' dir='ltr'>esse;</span> 
     </span>
    </p>
   </div>
   <div class='ocr_carea' id='block_1_68' title="bbox 324 3470 1972 3540">
    <p class='ocr_par' dir='ltr' id='par_1_68' title="bbox 324 3470 1972 3540">
     <span class='ocr_line' id='line_1_68' title="bbox 324 3470 1972 3540; baseline 0.001 -14"><span class='ocrx_word' id='word_1_512' title='bbox 324 3470 534 3535; x_wconf 85' lang='lat' dir='ltr'>altera,</span> <span class='ocrx_word' id='word_1_513' title='bbox 557 3475 860 3525; x_wconf 88' lang='lat' dir='ltr'>auctorem</span> <span class='ocrx_word' id='word_1_514' title='bbox 892 3476 1101 3540; x_wconf 89' lang='lat' dir='ltr'>quarto</span> <span class='ocrx_word' id='word_1_515' title='bbox 1125 3470 1364 3539; x_wconf 81' lang='lat' dir='ltr'>saeculo,</span> <span class='ocrx_word' id='word_1_516' title='bbox 1387 3471 1509 3527; x_wconf 90' lang='lat' dir='ltr'>imo</span> <span class='ocrx_word' id='word_1_517' title='bbox 1542 3478 1677 3527; x_wconf 88' lang='lat' dir='ltr'>ante</span> <span class='ocrx_word' id='word_1_518' title='bbox 1706 3473 1972 3528; x_wconf 90' lang='lat' dir='ltr'>medium</span> 
     </span>
    </p>
   </div>
   <div class='ocr_carea' id='block_1_69' title="bbox 322 3559 1975 3630">
    <p class='ocr_par' dir='ltr' id='par_1_69' title="bbox 322 3559 1975 3630">
     <span class='ocr_line' id='line_1_69' title="bbox 322 3559 1975 3630; baseline 0.002 -16"><span class='ocrx_word' id='word_1_519' title='bbox 322 3559 612 3615; x_wconf 64' lang='lat' dir='ltr'>saeculum</span> <span class='ocrx_word' id='word_1_520' title='bbox 643 3564 918 3630; x_wconf 90' lang='lat' dir='ltr'>quartum</span> <span class='ocrx_word' id='word_1_521' title='bbox 978 3560 1325 3630; x_wconf 88' lang='lat' dir='ltr'>scripsisse:</span> <span class='ocrx_word' id='word_1_522' title='bbox 1384 3576 1500 3630; x_wconf 93' lang='lat' dir='ltr'>qua</span> <span class='ocrx_word' id='word_1_523' title='bbox 1539 3566 1710 3616; x_wconf 59' lang='lat' dir='ltr'>astate</span> <span class='ocrx_word' id='word_1_524' title='bbox 1741 3567 1975 3617; x_wconf 90' lang='lat' dir='ltr'>constat</span> 
     </span>
    </p>
   </div>
   <div class='ocr_carea' id='block_1_70' title="bbox 324 3648 1972 3721">
    <p class='ocr_par' dir='ltr' id='par_1_70' title="bbox 324 3648 1972 3721">
     <span class='ocr_line' id='line_1_70' title="bbox 324 3648 1972 3721; baseline 0.002 -18"><span class='ocrx_word' id='word_1_525' title='bbox 324 3648 615 3720; x_wconf 78' lang='lat' dir='ltr'>Cyrillum</span> <span class='ocrx_word' id='word_1_526' title='bbox 668 3648 1177 3720; x_wconf 67' lang='lat' dir='ltr'>Jerosolymitanm</span> <span class='ocrx_word' id='word_1_527' title='bbox 1227 3648 1504 3703; x_wconf 76' lang='lat' dir='ltr'>Ecclesiae</span> <span class='ocrx_word' id='word_1_528' title='bbox 1561 3650 1972 3721; x_wconf 81' lang='lat' dir='ltr'>presbyterum</span> 
     </span>
    </p>
   </div>
   <div class='ocr_carea' id='block_1_71' title="bbox 320 3737 1971 3809">
    <p class='ocr_par' dir='ltr' id='par_1_71' title="bbox 320 3737 1971 3809">
     <span class='ocr_line' id='line_1_71' title="bbox 320 3737 1971 3809; baseline 0.002 -17"><span class='ocrx_word' id='word_1_529' title='bbox 320 3738 533 3803; x_wconf 83' lang='lat' dir='ltr'>fuisse,</span> <span class='ocrx_word' id='word_1_530' title='bbox 564 3754 633 3793; x_wconf 91' lang='lat' dir='ltr'>ac</span> <span class='ocrx_word' id='word_1_531' title='bbox 663 3738 1002 3794; x_wconf 87' lang='lat' dir='ltr'>catecheses</span> <span class='ocrx_word' id='word_1_532' title='bbox 1028 3737 1310 3794; x_wconf 88' lang='lat' dir='ltr'>habuisse</span> <span class='ocrx_word' id='word_1_533' title='bbox 1339 3737 1532 3792; x_wconf 90' lang='lat' dir='ltr'>adhuc</span> <span class='ocrx_word' id='word_1_534' title='bbox 1554 3738 1859 3809; x_wconf 88' lang='lat' dir='ltr'>juvenem,</span> <span class='ocrx_word' id='word_1_535' title='bbox 1893 3747 1971 3804; x_wconf 89' lang='lat' dir='ltr'>et,</span> 
     </span>
    </p>
   </div>
   <div class='ocr_carea' id='block_1_72' title="bbox 322 3826 1976 3900">
    <p class='ocr_par' dir='ltr' id='par_1_72' title="bbox 322 3826 1976 3900">
     <span class='ocr_line' id='line_1_72' title="bbox 322 3826 1976 3900; baseline 0.002 -18"><span class='ocrx_word' id='word_1_536' title='bbox 322 3832 391 3882; x_wconf 89' lang='lat' dir='ltr'>ut</span> <span class='ocrx_word' id='word_1_537' title='bbox 412 3844 551 3882; x_wconf 91' lang='lat' dir='ltr'>cum</span> <span class='ocrx_word' id='word_1_538' title='bbox 575 3828 934 3900; x_wconf 83' lang='lat' dir='ltr'>Hieronymo</span> <span class='ocrx_word' id='word_1_539' title='bbox 956 3827 1186 3898; x_wconf 90' lang='lat' dir='ltr'>loquar,</span> <span class='ocrx_word' id='word_1_540' title='bbox 1205 3826 1267 3882; x_wconf 88' lang='lat' dir='ltr'>in</span> <span class='ocrx_word' id='word_1_541' title='bbox 1286 3826 1674 3882; x_wconf 77' lang='lat' dir='ltr'>adolescentia.</span> <span class='ocrx_word' id='word_1_542' title='bbox 1699 3830 1976 3885; x_wconf 87' lang='lat' dir='ltr'>Cateche-</span> 
     </span>
    </p>
   </div>
   <div class='ocr_carea' id='block_1_73' title="bbox 324 3916 1967 3989">
    <p class='ocr_par' dir='ltr' id='par_1_73' title="bbox 324 3916 1967 3989">
     <span class='ocr_line' id='line_1_73' title="bbox 324 3916 1967 3989; baseline 0.002 -18"><span class='ocrx_word' id='word_1_543' title='bbox 324 3932 421 3972; x_wconf 87' lang='lat' dir='ltr'>ses</span> <span class='ocrx_word' id='word_1_544' title='bbox 439 3917 826 3988; x_wconf 81' lang='lat' dir='ltr'>Jerosolyinis</span> <span class='ocrx_word' id='word_1_545' title='bbox 852 3917 1040 3971; x_wconf 83' lang='lat' dir='ltr'>dictas</span> <span class='ocrx_word' id='word_1_546' title='bbox 1063 3933 1191 3971; x_wconf 86' lang='lat' dir='ltr'>esse</span> <span class='ocrx_word' id='word_1_547' title='bbox 1209 3932 1417 3971; x_wconf 89' lang='lat' dir='ltr'>omnes</span> <span class='ocrx_word' id='word_1_548' title='bbox 1439 3916 1669 3989; x_wconf 82' lang='lat' dir='ltr'>paginae</span> <span class='ocrx_word' id='word_1_549' title='bbox 1690 3917 1967 3975; x_wconf 87' lang='lat' dir='ltr'>clamant.</span> 
     </span>
    </p>
   </div>
   <div class='ocr_carea' id='block_1_74' title="bbox 322 4004 1968 4081">
    <p class='ocr_par' dir='ltr' id='par_1_74' title="bbox 322 4004 1968 4081">
     <span class='ocr_line' id='line_1_74' title="bbox 322 4004 1968 4081; baseline 0.002 -22"><span class='ocrx_word' id='word_1_550' title='bbox 322 4006 644 4061; x_wconf 81' lang='lat' dir='ltr'>Auditores</span> <span class='ocrx_word' id='word_1_551' title='bbox 671 4023 806 4061; x_wconf 87' lang='lat' dir='ltr'>suos</span> <span class='ocrx_word' id='word_1_552' title='bbox 834 4004 1357 4076; x_wconf 85' lang='lat' dir='ltr'>Jerosolymitanos</span> <span class='ocrx_word' id='word_1_553' title='bbox 1395 4006 1657 4077; x_wconf 83' lang='lat' dir='ltr'>appellat</span> <span class='ocrx_word' id='word_1_554' title='bbox 1684 4013 1796 4064; x_wconf 89' lang='lat' dir='ltr'>cat.</span> <span class='ocrx_word' id='word_1_555' title='bbox 1830 4010 1880 4062; x_wconf 92' lang='lat'>3.</span> <span class='ocrx_word' id='word_1_556' title='bbox 1909 4026 1968 4081; x_wconf 54' lang='grc' dir='ltr'>ιι,</span> 
     </span>
    </p>
   </div>
   <div class='ocr_carea' id='block_1_75' title="bbox 324 4095 1973 4165">
    <p class='ocr_par' dir='ltr' id='par_1_75' title="bbox 324 4095 1973 4165">
     <span class='ocr_line' id='line_1_75' title="bbox 324 4095 1973 4165; baseline 0.004 -17"><span class='ocrx_word' id='word_1_557' title='bbox 324 4099 380 4150; x_wconf 94' lang='lat'>7.</span> <span class='ocrx_word' id='word_1_558' title='bbox 412 4096 732 4164; x_wconf 82' lang='lat' dir='ltr'>Cognoscite</span> <span class='ocrx_word' id='word_1_559' title='bbox 761 4112 793 4149; x_wconf 92' lang='lat' dir='ltr'>o</span> <span class='ocrx_word' id='word_1_560' title='bbox 820 4111 914 4151; x_wconf 84' lang='lat' dir='ltr'>vos</span> <span class='ocrx_word' id='word_1_561' title='bbox 941 4095 1358 4165; x_wconf 75' lang='lat' dir='ltr'>Jerosolymitce.</span> <span class='ocrx_word' id='word_1_562' title='bbox 1381 4096 1504 4150; x_wconf 88' lang='lat' dir='ltr'>Cat.</span> <span class='ocrx_word' id='word_1_563' title='bbox 1530 4097 1616 4161; x_wconf 91' lang='grc'>12,</span> <span class='ocrx_word' id='word_1_564' title='bbox 1638 4113 1697 4151; x_wconf 88' lang='grc' dir='ltr'>ιι.</span> <span class='ocrx_word' id='word_1_565' title='bbox 1723 4100 1805 4152; x_wconf 88' lang='grc'>20.</span> <span class='ocrx_word' id='word_1_566' title='bbox 1828 4100 1973 4154; x_wconf 87' lang='lat' dir='ltr'>Loca</span> 
     </span>
    </p>
   </div>
   <div class='ocr_carea' id='block_1_76' title="bbox 322 4185 1972 4255">
    <p class='ocr_par' dir='ltr' id='par_1_76' title="bbox 322 4185 1972 4255">
     <span class='ocr_line' id='line_1_76' title="bbox 322 4185 1972 4255; baseline 0.002 -16"><span class='ocrx_word' id='word_1_567' title='bbox 322 4185 479 4255; x_wconf 86' lang='lat' dir='ltr'>quod</span> <span class='ocrx_word' id='word_1_568' title='bbox 507 4186 727 4250; x_wconf 87' lang='lat' dir='ltr'>attinet,</span> <span class='ocrx_word' id='word_1_569' title='bbox 759 4190 818 4239; x_wconf 89' lang='lat' dir='ltr'>tu</span> <span class='ocrx_word' id='word_1_570' title='bbox 845 4185 1334 4253; x_wconf 84' lang='lat' dir='ltr'>Jerosolymitanus</span> <span class='ocrx_word' id='word_1_571' title='bbox 1388 4200 1511 4239; x_wconf 87' lang='lat' dir='ltr'>cum</span> <span class='ocrx_word' id='word_1_572' title='bbox 1560 4187 1633 4240; x_wconf 88' lang='lat' dir='ltr'>sis</span> <span class='ocrx_word' id='word_1_573' title='bbox 1669 4186 1794 4255; x_wconf 87' lang='lat' dir='ltr'>jam</span> <span class='ocrx_word' id='word_1_574' title='bbox 1842 4194 1972 4242; x_wconf 88' lang='lat' dir='ltr'>ante</span> 
     </span>
    </p>
   </div>
   <div class='ocr_carea' id='block_1_77' title="bbox 323 4272 1973 4340">
    <p class='ocr_par' dir='ltr' id='par_1_77' title="bbox 323 4272 1973 4340">
     <span class='ocr_line' id='line_1_77' title="bbox 323 4272 1973 4340; baseline 0.002 -12"><span class='ocrx_word' id='word_1_575' title='bbox 323 4277 550 4339; x_wconf 78' lang='lat' dir='ltr'>novisti,</span> <span class='ocrx_word' id='word_1_576' title='bbox 583 4279 732 4339; x_wconf 87' lang='lat' dir='ltr'>etc.;</span> <span class='ocrx_word' id='word_1_577' title='bbox 792 4277 904 4328; x_wconf 88' lang='lat' dir='ltr'>cat.</span> <span class='ocrx_word' id='word_1_578' title='bbox 968 4274 1051 4339; x_wconf 88' lang='grc'><strong>18,</strong></span> <span class='ocrx_word' id='word_1_579' title='bbox 1113 4288 1278 4328; x_wconf 85' lang='grc' dir='ltr'>ιιιιιιι.</span> <span class='ocrx_word' id='word_1_580' title='bbox 1332 4274 1423 4340; x_wconf 86' lang='grc'>34,</span> <span class='ocrx_word' id='word_1_581' title='bbox 1478 4272 1796 4330; x_wconf 85' lang='lat' dir='ltr'>illuminare</span> <span class='ocrx_word' id='word_1_582' title='bbox 1831 4292 1973 4331; x_wconf 83' lang='lat' dir='ltr'>nova</span> 
     </span>
    </p>
   </div>
   <div class='ocr_carea' id='block_1_78' title="bbox 320 4360 1972 4437">
    <p class='ocr_par' dir='ltr' id='par_1_78' title="bbox 320 4360 1972 4437">
     <span class='ocr_line' id='line_1_78' title="bbox 320 4360 1972 4437; baseline 0.001 -19"><span class='ocrx_word' id='word_1_583' title='bbox 320 4363 647 4418; x_wconf 86' lang='lat' dir='ltr'>Jerusalem.</span> <span class='ocrx_word' id='word_1_584' title='bbox 681 4364 826 4417; x_wconf 91' lang='lat' dir='ltr'>Cum</span> <span class='ocrx_word' id='word_1_585' title='bbox 858 4362 932 4417; x_wconf 90' lang='lat' dir='ltr'>de</span> <span class='ocrx_word' id='word_1_586' title='bbox 961 4361 1260 4432; x_wconf 86' lang='lat' dir='ltr'>mysteriis</span> <span class='ocrx_word' id='word_1_587' title='bbox 1289 4360 1638 4418; x_wconf 67' lang='lat' dir='ltr'>Christianas</span> <span class='ocrx_word' id='word_1_588' title='bbox 1668 4364 1972 4437; x_wconf 82' lang='lat' dir='ltr'>religionis</span> 
     </span>
    </p>
   </div>
   <div class='ocr_carea' id='block_1_79' title="bbox 324 4448 1969 4523">
    <p class='ocr_par' dir='ltr' id='par_1_79' title="bbox 324 4448 1969 4523">
     <span class='ocr_line' id='line_1_79' title="bbox 324 4448 1969 4523; baseline 0.001 -16"><span class='ocrx_word' id='word_1_589' title='bbox 324 4452 590 4518; x_wconf 84' lang='lat' dir='ltr'>disserit,</span> <span class='ocrx_word' id='word_1_590' title='bbox 615 4467 736 4505; x_wconf 89' lang='lat' dir='ltr'>non</span> <span class='ocrx_word' id='word_1_591' title='bbox 759 4451 979 4505; x_wconf 90' lang='lat' dir='ltr'>omittit</span> <span class='ocrx_word' id='word_1_592' title='bbox 1002 4466 1133 4521; x_wconf 68' lang='lat' dir='ltr'>qua)</span> <span class='ocrx_word' id='word_1_593' title='bbox 1153 4448 1536 4520; x_wconf 84' lang='lat' dir='ltr'>Jerosolymis</span> <span class='ocrx_word' id='word_1_594' title='bbox 1564 4458 1802 4522; x_wconf 89' lang='lat' dir='ltr'>peracta</span> <span class='ocrx_word' id='word_1_595' title='bbox 1830 4453 1969 4523; x_wconf 88' lang='lat' dir='ltr'>sint,</span> 
     </span>
    </p>
   </div>
   <div class='ocr_carea' id='block_1_80' title="bbox 2076 3291 3721 3361">
    <p class='ocr_par' dir='ltr' id='par_1_80' title="bbox 2076 3291 3721 3361">
     <span class='ocr_line' id='line_1_80' title="bbox 2076 3291 3721 3361; baseline 0.002 -16"><span class='ocrx_word' id='word_1_596' title='bbox 2076 3296 2245 3347; x_wconf 90' lang='lat' dir='ltr'>vocat</span> <span class='ocrx_word' id='word_1_597' title='bbox 2294 3291 2427 3347; x_wconf 84' lang='lat' dir='ltr'>Alia</span> <span class='ocrx_word' id='word_1_598' title='bbox 2454 3292 2587 3348; x_wconf 87' lang='lat' dir='ltr'>loca</span> <span class='ocrx_word' id='word_1_599' title='bbox 2614 3292 2743 3348; x_wconf 89' lang='lat' dir='ltr'>vide</span> <span class='ocrx_word' id='word_1_600' title='bbox 2766 3298 2878 3349; x_wconf 89' lang='lat' dir='ltr'>cat.</span> <span class='ocrx_word' id='word_1_601' title='bbox 2906 3296 2960 3361; x_wconf 84' lang='lat'>4,</span> <span class='ocrx_word' id='word_1_602' title='bbox 2985 3311 3146 3349; x_wconf 90' lang='lat' dir='ltr'>num.</span> <span class='ocrx_word' id='word_1_603' title='bbox 3176 3297 3240 3349; x_wconf 89' lang='grc'><strong>10</strong></span> <span class='ocrx_word' id='word_1_604' title='bbox 3262 3300 3321 3349; x_wconf 91' lang='lat' dir='ltr'>et</span> <span class='ocrx_word' id='word_1_605' title='bbox 3347 3295 3431 3349; x_wconf 92' lang='grc'>12.</span> <span class='ocrx_word' id='word_1_606' title='bbox 3467 3296 3721 3349; x_wconf 88' lang='lat' dir='ltr'>Montem</span> 
     </span>
    </p>
   </div>
   <div class='ocr_carea' id='block_1_81' title="bbox 2076 3379 3719 3439">
    <p class='ocr_par' dir='ltr' id='par_1_81' title="bbox 2076 3379 3719 3439">
     <span class='ocr_line' id='line_1_81' title="bbox 2076 3379 3719 3439; baseline 0.001 -4"><span class='ocrx_word' id='word_1_607' title='bbox 2076 3379 2374 3435; x_wconf 85' lang='lat' dir='ltr'>Olivarum</span> <span class='ocrx_word' id='word_1_608' title='bbox 2430 3381 2492 3436; x_wconf 91' lang='lat' dir='ltr'>in</span> <span class='ocrx_word' id='word_1_609' title='bbox 2549 3382 2960 3437; x_wconf 88' lang='lat' dir='ltr'>testimonium</span> <span class='ocrx_word' id='word_1_610' title='bbox 3019 3383 3390 3438; x_wconf 89' lang='lat' dir='ltr'>ascensionis</span> <span class='ocrx_word' id='word_1_611' title='bbox 3434 3383 3578 3438; x_wconf 88' lang='lat' dir='ltr'>citat</span> <span class='ocrx_word' id='word_1_612' title='bbox 3606 3389 3719 3439; x_wconf 89' lang='lat' dir='ltr'>cat.</span> 
     </span>
    </p>
   </div>
   <div class='ocr_carea' id='block_1_82' title="bbox 2078 3472 3723 3543">
    <p class='ocr_par' dir='ltr' id='par_1_82' title="bbox 2078 3472 3723 3543">
     <span class='ocr_line' id='line_1_82' title="bbox 2078 3472 3723 3543; baseline 0.002 -20"><span class='ocrx_word' id='word_1_613' title='bbox 2078 3472 2165 3535; x_wconf 84' lang='grc'>14,</span> <span class='ocrx_word' id='word_1_614' title='bbox 2197 3486 2363 3526; x_wconf 89' lang='grc' dir='ltr'>ιιιιιιι.</span> <span class='ocrx_word' id='word_1_615' title='bbox 2397 3472 2464 3525; x_wconf 88' lang='grc'>23</span> <span class='ocrx_word' id='word_1_616' title='bbox 2493 3486 2506 3525; x_wconf 89' lang='lat'>:</span> <span class='ocrx_word' id='word_1_617' title='bbox 2541 3472 2742 3526; x_wconf 81' lang='lat' dir='ltr'>Multos</span> <span class='ocrx_word' id='word_1_618' title='bbox 2773 3477 2931 3527; x_wconf 86' lang='lat' dir='ltr'>testes</span> <span class='ocrx_word' id='word_1_619' title='bbox 2959 3472 3139 3528; x_wconf 82' lang='lat' dir='ltr'>habes.</span> <span class='ocrx_word' id='word_1_620' title='bbox 3174 3473 3350 3527; x_wconf 82' lang='lat' dir='ltr'>Habes</span> <span class='ocrx_word' id='word_1_621' title='bbox 3373 3472 3516 3527; x_wconf 85' lang='lat' dir='ltr'>hunc</span> <span class='ocrx_word' id='word_1_622' title='bbox 3542 3474 3723 3543; x_wconf 85' lang='lat' dir='ltr'>ipsum</span> 
     </span>
    </p>
   </div>
   <div class='ocr_carea' id='block_1_83' title="bbox 2076 3558 3724 3624">
    <p class='ocr_par' dir='ltr' id='par_1_83' title="bbox 2076 3558 3724 3624">
     <span class='ocr_line' id='line_1_83' title="bbox 2076 3558 3724 3624; baseline 0.003 -11"><span class='ocrx_word' id='word_1_623' title='bbox 2076 3558 2494 3615; x_wconf 83' lang='lat' dir='ltr'>resurrectionis</span> <span class='ocrx_word' id='word_1_624' title='bbox 2524 3559 2740 3624; x_wconf 87' lang='lat' dir='ltr'>locum;</span> <span class='ocrx_word' id='word_1_625' title='bbox 2788 3562 2950 3617; x_wconf 88' lang='lat' dir='ltr'>habes</span> <span class='ocrx_word' id='word_1_626' title='bbox 2999 3563 3178 3617; x_wconf 89' lang='lat' dir='ltr'>locum</span> <span class='ocrx_word' id='word_1_627' title='bbox 3208 3565 3539 3619; x_wconf 84' lang='lat' dir='ltr'>ascensionis</span> <span class='ocrx_word' id='word_1_628' title='bbox 3566 3564 3724 3618; x_wconf 77' lang='lat' dir='ltr'>nobis</span> 
     </span>
    </p>
   </div>
   <div class='ocr_carea' id='block_1_84' title="bbox 2076 3648 3725 3724">
    <p class='ocr_par' dir='ltr' id='par_1_84' title="bbox 2076 3648 3725 3724">
     <span class='ocr_line' id='line_1_84' title="bbox 2076 3648 3725 3724; baseline 0.002 -22"><span class='ocrx_word' id='word_1_629' title='bbox 2076 3648 2149 3702; x_wconf 89' lang='lat' dir='ltr'>ad</span> <span class='ocrx_word' id='word_1_630' title='bbox 2173 3649 2450 3703; x_wconf 81' lang='lat' dir='ltr'>Orientem</span> <span class='ocrx_word' id='word_1_631' title='bbox 2476 3649 2666 3706; x_wconf 87' lang='lat' dir='ltr'>situm.</span> <span class='ocrx_word' id='word_1_632' title='bbox 2689 3651 2946 3706; x_wconf 82' lang='lat' dir='ltr'>Montem</span> <span class='ocrx_word' id='word_1_633' title='bbox 2978 3652 3156 3707; x_wconf 90' lang='lat' dir='ltr'>etiam</span> <span class='ocrx_word' id='word_1_634' title='bbox 3178 3652 3477 3708; x_wconf 88' lang='lat' dir='ltr'>Olivarum</span> <span class='ocrx_word' id='word_1_635' title='bbox 3499 3670 3570 3707; x_wconf 80' lang='lat' dir='ltr'>ex</span> <span class='ocrx_word' id='word_1_636' title='bbox 3596 3652 3725 3724; x_wconf 85' lang='lat' dir='ltr'>ipsa</span> 
     </span>
    </p>
   </div>
   <div class='ocr_carea' id='block_1_85' title="bbox 2077 3736 3722 3810">
    <p class='ocr_par' dir='ltr' id='par_1_85' title="bbox 2077 3736 3722 3810">
     <span class='ocr_line' id='line_1_85' title="bbox 2077 3736 3722 3810; baseline 0.002 -18"><span class='ocrx_word' id='word_1_637' title='bbox 2077 3736 2221 3792; x_wconf 89' lang='lat' dir='ltr'>urbe</span> <span class='ocrx_word' id='word_1_638' title='bbox 2245 3738 2634 3810; x_wconf 91' lang='lat' dir='ltr'>contemplari</span> <span class='ocrx_word' id='word_1_639' title='bbox 2654 3738 2829 3810; x_wconf 87' lang='lat' dir='ltr'>jubet</span> <span class='ocrx_word' id='word_1_640' title='bbox 2849 3740 3174 3808; x_wconf 90' lang='lat' dir='ltr'>auditores,</span> <span class='ocrx_word' id='word_1_641' title='bbox 3190 3748 3302 3797; x_wconf 91' lang='lat' dir='ltr'>cat.</span> <span class='ocrx_word' id='word_1_642' title='bbox 3342 3746 3428 3806; x_wconf 89' lang='grc'>12,</span> <span class='ocrx_word' id='word_1_643' title='bbox 3448 3758 3612 3797; x_wconf 85' lang='grc' dir='ltr'>ιιιιιιι.</span> <span class='ocrx_word' id='word_1_644' title='bbox 3636 3744 3722 3796; x_wconf 87' lang='grc'>11.</span> 
     </span>
    </p>
   </div>
   <div class='ocr_carea' id='block_1_86' title="bbox 2077 3826 3724 3899">
    <p class='ocr_par' dir='ltr' id='par_1_86' title="bbox 2077 3826 3724 3899">
     <span class='ocr_line' id='line_1_86' title="bbox 2077 3826 3724 3899; baseline 0.002 -18"><span class='ocrx_word' id='word_1_645' title='bbox 2077 3826 2269 3882; x_wconf 89' lang='lat' dir='ltr'>Sionis</span> <span class='ocrx_word' id='word_1_646' title='bbox 2301 3844 2537 3899; x_wconf 89' lang='lat' dir='ltr'>quoque</span> <span class='ocrx_word' id='word_1_647' title='bbox 2566 3830 2920 3897; x_wconf 89' lang='lat' dir='ltr'>vastitatem,</span> <span class='ocrx_word' id='word_1_648' title='bbox 2955 3830 3264 3886; x_wconf 86' lang='lat' dir='ltr'>subactum</span> <span class='ocrx_word' id='word_1_649' title='bbox 3313 3836 3509 3886; x_wconf 89' lang='lat' dir='ltr'>aratro</span> <span class='ocrx_word' id='word_1_650' title='bbox 3543 3837 3601 3884; x_wconf 90' lang='lat' dir='ltr'>et</span> <span class='ocrx_word' id='word_1_651' title='bbox 3630 3846 3724 3884; x_wconf 84' lang='lat' dir='ltr'>re-</span> 
     </span>
    </p>
   </div>
   <div class='ocr_carea' id='block_1_87' title="bbox 2077 3915 3727 3987">
    <p class='ocr_par' dir='ltr' id='par_1_87' title="bbox 2077 3915 3727 3987">
     <span class='ocr_line' id='line_1_87' title="bbox 2077 3915 3727 3987; baseline 0.001 -16"><span class='ocrx_word' id='word_1_652' title='bbox 2077 3915 2304 3987; x_wconf 90' lang='lat' dir='ltr'>pletum</span> <span class='ocrx_word' id='word_1_653' title='bbox 2333 3919 2756 3973; x_wconf 85' lang='lat' dir='ltr'>cucumerariis</span> <span class='ocrx_word' id='word_1_654' title='bbox 2787 3918 3007 3985; x_wconf 91' lang='lat' dir='ltr'>locum,</span> <span class='ocrx_word' id='word_1_655' title='bbox 3032 3920 3119 3973; x_wconf 91' lang='lat' dir='ltr'>uti</span> <span class='ocrx_word' id='word_1_656' title='bbox 3152 3920 3317 3974; x_wconf 90' lang='lat' dir='ltr'>testis</span> <span class='ocrx_word' id='word_1_657' title='bbox 3339 3935 3538 3975; x_wconf 91' lang='lat' dir='ltr'>coram</span> <span class='ocrx_word' id='word_1_658' title='bbox 3565 3918 3727 3973; x_wconf 90' lang='lat' dir='ltr'>testi-</span> 
     </span>
    </p>
   </div>
   <div class='ocr_carea' id='block_1_88' title="bbox 2076 4004 3730 4080">
    <p class='ocr_par' dir='ltr' id='par_1_88' title="bbox 2076 4004 3730 4080">
     <span class='ocr_line' id='line_1_88' title="bbox 2076 4004 3730 4080; baseline 0.001 -20"><span class='ocrx_word' id='word_1_659' title='bbox 2076 4004 2188 4062; x_wconf 90' lang='lat' dir='ltr'>bus</span> <span class='ocrx_word' id='word_1_660' title='bbox 2220 4005 2505 4061; x_wconf 91' lang='lat' dir='ltr'>describit</span> <span class='ocrx_word' id='word_1_661' title='bbox 2533 4011 2644 4061; x_wconf 90' lang='lat' dir='ltr'>cat.</span> <span class='ocrx_word' id='word_1_662' title='bbox 2678 4010 2764 4074; x_wconf 77' lang='lat' dir='ltr'>l6,</span> <span class='ocrx_word' id='word_1_663' title='bbox 2787 4024 2847 4063; x_wconf 87' lang='grc' dir='ltr'>ιι.</span> <span class='ocrx_word' id='word_1_664' title='bbox 2880 4009 2963 4062; x_wconf 87' lang='grc'>18.</span> <span class='ocrx_word' id='word_1_665' title='bbox 2992 4008 3061 4062; x_wconf 92' lang='lat' dir='ltr'>Se</span> <span class='ocrx_word' id='word_1_666' title='bbox 3083 4024 3114 4062; x_wconf 92' lang='lat' dir='ltr'>e</span> <span class='ocrx_word' id='word_1_667' title='bbox 3137 4008 3378 4080; x_wconf 90' lang='lat' dir='ltr'>regione</span> <span class='ocrx_word' id='word_1_668' title='bbox 3412 4014 3471 4062; x_wconf 91' lang='lat' dir='ltr'>et</span> <span class='ocrx_word' id='word_1_669' title='bbox 3500 4010 3563 4061; x_wconf 91' lang='lat' dir='ltr'>in</span> <span class='ocrx_word' id='word_1_670' title='bbox 3595 4024 3730 4063; x_wconf 88' lang='lat' dir='ltr'>con-</span> 
     </span>
    </p>
   </div>
   <div class='ocr_carea' id='block_1_89' title="bbox 2078 4097 3729 4169">
    <p class='ocr_par' dir='ltr' id='par_1_89' title="bbox 2078 4097 3729 4169">
     <span class='ocr_line' id='line_1_89' title="bbox 2078 4097 3729 4169; baseline -0.001 -17"><span class='ocrx_word' id='word_1_671' title='bbox 2078 4103 2283 4169; x_wconf 90' lang='lat' dir='ltr'>spectu</span> <span class='ocrx_word' id='word_1_672' title='bbox 2310 4097 2789 4168; x_wconf 86' lang='lat' dir='ltr'>Jerosolymitani</span> <span class='ocrx_word' id='word_1_673' title='bbox 2815 4098 3020 4168; x_wconf 90' lang='lat' dir='ltr'>templi</span> <span class='ocrx_word' id='word_1_674' title='bbox 3051 4099 3383 4154; x_wconf 89' lang='lat' dir='ltr'>orationem</span> <span class='ocrx_word' id='word_1_675' title='bbox 3405 4098 3624 4153; x_wconf 88' lang='lat' dir='ltr'>habere</span> <span class='ocrx_word' id='word_1_676' title='bbox 3647 4102 3729 4152; x_wconf 89' lang='lat' dir='ltr'>te-</span> 
     </span>
    </p>
   </div>
   <div class='ocr_carea' id='block_1_90' title="bbox 2077 4186 3731 4256">
    <p class='ocr_par' dir='ltr' id='par_1_90' title="bbox 2077 4186 3731 4256">
     <span class='ocr_line' id='line_1_90' title="bbox 2077 4186 3731 4256; baseline 0 -15"><span class='ocrx_word' id='word_1_677' title='bbox 2077 4191 2267 4241; x_wconf 87' lang='lat' dir='ltr'>statur</span> <span class='ocrx_word' id='word_1_678' title='bbox 2296 4192 2409 4242; x_wconf 88' lang='lat' dir='ltr'>cat.</span> <span class='ocrx_word' id='word_1_679' title='bbox 2443 4191 2495 4254; x_wconf 87' lang='lat'>7,</span> <span class='ocrx_word' id='word_1_680' title='bbox 2529 4202 2589 4242; x_wconf 92' lang='lat' dir='ltr'>n.</span> <span class='ocrx_word' id='word_1_681' title='bbox 2623 4190 2677 4254; x_wconf 88' lang='lat'>6,</span> <span class='ocrx_word' id='word_1_682' title='bbox 2710 4191 2770 4242; x_wconf 92' lang='lat' dir='ltr'>et</span> <span class='ocrx_word' id='word_1_683' title='bbox 2798 4193 2913 4244; x_wconf 91' lang='lat' dir='ltr'>cat.</span> <span class='ocrx_word' id='word_1_684' title='bbox 2957 4189 3043 4256; x_wconf 89' lang='grc'><strong>10,</strong></span> <span class='ocrx_word' id='word_1_685' title='bbox 3076 4205 3134 4242; x_wconf 89' lang='grc' dir='ltr'>ιι.</span> <span class='ocrx_word' id='word_1_686' title='bbox 3172 4192 3258 4242; x_wconf 89' lang='grc'>11.</span> <span class='ocrx_word' id='word_1_687' title='bbox 3291 4186 3590 4251; x_wconf 82' lang='lat' dir='ltr'>Ecclesiae,</span> <span class='ocrx_word' id='word_1_688' title='bbox 3625 4203 3731 4241; x_wconf 87' lang='lat' dir='ltr'>cu-</span> 
     </span>
    </p>
   </div>
   <div class='ocr_carea' id='block_1_91' title="bbox 2069 4276 3726 4349">
    <p class='ocr_par' dir='ltr' id='par_1_91' title="bbox 2069 4276 3726 4349">
     <span class='ocr_line' id='line_1_91' title="bbox 2069 4276 3726 4349; baseline 0 -19"><span class='ocrx_word' id='word_1_689' title='bbox 2069 4276 2171 4347; x_wconf 88' lang='lat' dir='ltr'>jus</span> <span class='ocrx_word' id='word_1_690' title='bbox 2191 4277 2434 4347; x_wconf 86' lang='lat' dir='ltr'>erat.pri</span> <span class='ocrx_word' id='word_1_691' title='bbox 2444 4293 2604 4332; x_wconf 91' lang='lat' dir='ltr'>mum</span> <span class='ocrx_word' id='word_1_692' title='bbox 2622 4277 2964 4349; x_wconf 89' lang='lat' dir='ltr'>episcopum</span> <span class='ocrx_word' id='word_1_693' title='bbox 2981 4278 3163 4334; x_wconf 88' lang='lat' dir='ltr'>fuisse</span> <span class='ocrx_word' id='word_1_694' title='bbox 3178 4278 3461 4334; x_wconf 74' lang='lat' dir='ltr'>Iacobum</span> <span class='ocrx_word' id='word_1_695' title='bbox 3484 4276 3726 4331; x_wconf 85' lang='lat' dir='ltr'>fratrem</span> 
     </span>
    </p>
   </div>
   <div class='ocr_carea' id='block_1_92' title="bbox 2080 4365 3729 4435">
    <p class='ocr_par' dir='ltr' id='par_1_92' title="bbox 2080 4365 3729 4435">
     <span class='ocr_line' id='line_1_92' title="bbox 2080 4365 3729 4435; baseline 0.002 -16"><span class='ocrx_word' id='word_1_696' title='bbox 2080 4365 2338 4432; x_wconf 90' lang='lat' dir='ltr'>Domini,</span> <span class='ocrx_word' id='word_1_697' title='bbox 2360 4365 2444 4420; x_wconf 90' lang='lat' dir='ltr'>ait</span> <span class='ocrx_word' id='word_1_698' title='bbox 2468 4371 2580 4420; x_wconf 89' lang='lat' dir='ltr'>cat.</span> <span class='ocrx_word' id='word_1_699' title='bbox 2614 4368 2666 4430; x_wconf 88' lang='grc'>4,</span> <span class='ocrx_word' id='word_1_700' title='bbox 2701 4382 2760 4422; x_wconf 87' lang='grc' dir='ltr'>ιι.</span> <span class='ocrx_word' id='word_1_701' title='bbox 2793 4369 2883 4435; x_wconf 89' lang='grc'><strong>28,</strong></span> <span class='ocrx_word' id='word_1_702' title='bbox 2918 4373 2977 4422; x_wconf 91' lang='lat' dir='ltr'>et</span> <span class='ocrx_word' id='word_1_703' title='bbox 3025 4373 3138 4424; x_wconf 84' lang='lat' dir='ltr'>cat.</span> <span class='ocrx_word' id='word_1_704' title='bbox 3174 4370 3262 4434; x_wconf 84' lang='grc'>14,</span> <span class='ocrx_word' id='word_1_705' title='bbox 3310 4384 3477 4422; x_wconf 87' lang='grc' dir='ltr'>ιιιιιιι.</span> <span class='ocrx_word' id='word_1_706' title='bbox 3512 4370 3602 4430; x_wconf 84' lang='grc'>21,</span> <span class='ocrx_word' id='word_1_707' title='bbox 3635 4382 3729 4422; x_wconf 84' lang='lat' dir='ltr'>se-</span> 
     </span>
    </p>
   </div>
   <div class='ocr_carea' id='block_1_93' title="bbox 2079 4454 3731 4528">
    <p class='ocr_par' dir='ltr' id='par_1_93' title="bbox 2079 4454 3731 4528">
     <span class='ocr_line' id='line_1_93' title="bbox 2079 4454 3731 4528; baseline 0.001 -20"><span class='ocrx_word' id='word_1_708' title='bbox 2079 4459 2357 4525; x_wconf 90' lang='lat' dir='ltr'>ptemque</span> <span class='ocrx_word' id='word_1_709' title='bbox 2379 4455 2608 4526; x_wconf 88' lang='lat' dir='ltr'>priores</span> <span class='ocrx_word' id='word_1_710' title='bbox 2629 4454 2912 4511; x_wconf 87' lang='lat' dir='ltr'>diaconos</span> <span class='ocrx_word' id='word_1_711' title='bbox 2930 4456 3192 4528; x_wconf 83' lang='lat' dir='ltr'>appellat</span> <span class='ocrx_word' id='word_1_712' title='bbox 3199 4457 3604 4527; x_wconf 85' lang='lat' dir='ltr'>primogenitos</span> <span class='ocrx_word' id='word_1_713' title='bbox 3624 4454 3731 4509; x_wconf 86' lang='lat' dir='ltr'>hu-</span> 
     </span>
    </p>
   </div>
   <div class='ocr_carea' id='block_1_94' title="bbox 321 4539 3729 4626">
    <p class='ocr_par' dir='ltr' id='par_1_94' title="bbox 321 4539 3729 4626">
     <span class='ocr_line' id='line_1_94' title="bbox 321 4539 3729 4626; baseline 0.001 -30"><span class='ocrx_word' id='word_1_714' title='bbox 321 4548 379 4596; x_wconf 90' lang='lat' dir='ltr'>et</span> <span class='ocrx_word' id='word_1_715' title='bbox 413 4540 555 4595; x_wconf 90' lang='lat' dir='ltr'>inde</span> <span class='ocrx_word' id='word_1_716' title='bbox 585 4540 718 4595; x_wconf 90' lang='lat' dir='ltr'>urbi</span> <span class='ocrx_word' id='word_1_717' title='bbox 776 4539 990 4595; x_wconf 87' lang='lat' dir='ltr'>asserit</span> <span class='ocrx_word' id='word_1_718' title='bbox 1046 4539 1415 4611; x_wconf 88' lang='lat' dir='ltr'>dignitatem,</span> <span class='ocrx_word' id='word_1_719' title='bbox 1462 4539 1552 4594; x_wconf 88' lang='lat' dir='ltr'>vel</span> <span class='ocrx_word' id='word_1_720' title='bbox 1605 4556 1674 4595; x_wconf 83' lang='lat' dir='ltr'>ex</span> <span class='ocrx_word' id='word_1_721' title='bbox 1705 4541 1969 4611; x_wconf 88' lang='lat' dir='ltr'>ipsorum</span> <span class='ocrx_word' id='word_1_722' title='bbox 2001 4561 2046 4626; x_wconf 81' lang='lat' dir='ltr'><strong>D</strong></span> <span class='ocrx_word' id='word_1_723' title='bbox 2067 4545 2225 4614; x_wconf 87' lang='lat' dir='ltr'>jusce</span> <span class='ocrx_word' id='word_1_724' title='bbox 2252 4544 2556 4613; x_wconf 87' lang='lat' dir='ltr'>aliquando</span> <span class='ocrx_word' id='word_1_725' title='bbox 2612 4545 2817 4601; x_wconf 86' lang='lat' dir='ltr'>sterilis</span> <span class='ocrx_word' id='word_1_726' title='bbox 2876 4545 3123 4600; x_wconf 62' lang='lat' dir='ltr'>Ecclesia</span> <span class='ocrx_word' id='word_1_727' title='bbox 3180 4546 3343 4615; x_wconf 85' lang='lat' dir='ltr'>ﬁlios.</span> <span class='ocrx_word' id='word_1_728' title='bbox 3394 4544 3637 4599; x_wconf 88' lang='lat' dir='ltr'>Dicebat</span> <span class='ocrx_word' id='word_1_729' title='bbox 3666 4544 3729 4599; x_wconf 91' lang='lat' dir='ltr'>in</span> 
     </span>
    </p>
   </div>
   <div class='ocr_carea' id='block_1_95' title="bbox 321 4626 1968 4700">
    <p class='ocr_par' dir='ltr' id='par_1_95' title="bbox 321 4626 1968 4700">
     <span class='ocr_line' id='line_1_95' title="bbox 321 4626 1968 4700; baseline 0 -15"><span class='ocrx_word' id='word_1_730' title='bbox 321 4630 595 4685; x_wconf 89' lang='lat' dir='ltr'>locorum</span> <span class='ocrx_word' id='word_1_731' title='bbox 624 4634 947 4700; x_wconf 90' lang='lat' dir='ltr'>conspectu</span> <span class='ocrx_word' id='word_1_732' title='bbox 978 4628 1283 4683; x_wconf 87' lang='lat' dir='ltr'>veritatem</span> <span class='ocrx_word' id='word_1_733' title='bbox 1331 4626 1573 4682; x_wconf 89' lang='lat' dir='ltr'>illorum</span> <span class='ocrx_word' id='word_1_734' title='bbox 1604 4633 1821 4685; x_wconf 88' lang='lat' dir='ltr'>tuetur.</span> <span class='ocrx_word' id='word_1_735' title='bbox 1851 4631 1968 4685; x_wconf 80' lang='lat' dir='ltr'>Mo-</span> 
     </span>
    </p>
   </div>
   <div class='ocr_carea' id='block_1_96' title="bbox 323 4717 1971 4791">
    <p class='ocr_par' dir='ltr' id='par_1_96' title="bbox 323 4717 1971 4791">
     <span class='ocr_line' id='line_1_96' title="bbox 323 4717 1971 4791; baseline 0.001 -16"><span class='ocrx_word' id='word_1_736' title='bbox 323 4727 427 4775; x_wconf 90' lang='lat' dir='ltr'>net</span> <span class='ocrx_word' id='word_1_737' title='bbox 455 4727 571 4775; x_wconf 90' lang='lat' dir='ltr'>cat.</span> <span class='ocrx_word' id='word_1_738' title='bbox 607 4722 664 4789; x_wconf 85' lang='lat'>3,</span> <span class='ocrx_word' id='word_1_739' title='bbox 693 4736 753 4775; x_wconf 92' lang='lat' dir='ltr'>n.</span> <span class='ocrx_word' id='word_1_740' title='bbox 787 4723 842 4787; x_wconf 87' lang='lat'>7,</span> <span class='ocrx_word' id='word_1_741' title='bbox 873 4718 1301 4790; x_wconf 79' lang='lat' dir='ltr'>Jerosolymam</span> <span class='ocrx_word' id='word_1_742' title='bbox 1346 4717 1626 4788; x_wconf 90' lang='lat' dir='ltr'>baptismi</span> <span class='ocrx_word' id='word_1_743' title='bbox 1675 4720 1971 4791; x_wconf 86' lang='lat' dir='ltr'>primitias</span> 
     </span>
    </p>
   </div>
   <div class='ocr_carea' id='block_1_97' title="bbox 322 4806 1967 4880">
    <p class='ocr_par' dir='ltr' id='par_1_97' title="bbox 322 4806 1967 4880">
     <span class='ocr_line' id='line_1_97' title="bbox 322 4806 1967 4880; baseline 0 -16"><span class='ocrx_word' id='word_1_744' title='bbox 322 4810 648 4880; x_wconf 86' lang='lat' dir='ltr'>accepisse,</span> <span class='ocrx_word' id='word_1_745' title='bbox 680 4824 815 4863; x_wconf 90' lang='lat' dir='ltr'>cum</span> <span class='ocrx_word' id='word_1_746' title='bbox 847 4807 921 4863; x_wconf 93' lang='lat' dir='ltr'>ad</span> <span class='ocrx_word' id='word_1_747' title='bbox 947 4807 1193 4863; x_wconf 86' lang='lat' dir='ltr'>Joannis</span> <span class='ocrx_word' id='word_1_748' title='bbox 1221 4806 1585 4877; x_wconf 91' lang='lat' dir='ltr'>baptismum</span> <span class='ocrx_word' id='word_1_749' title='bbox 1625 4808 1967 4865; x_wconf 89' lang='lat' dir='ltr'>accederet:</span> 
     </span>
    </p>
   </div>
   <div class='ocr_carea' id='block_1_98' title="bbox 326 4894 1974 4971">
    <p class='ocr_par' dir='ltr' id='par_1_98' title="bbox 326 4894 1974 4971">
     <span class='ocr_line' id='line_1_98' title="bbox 326 4894 1974 4971; baseline 0.001 -19"><span class='ocrx_word' id='word_1_750' title='bbox 326 4919 355 4947; x_wconf 75' lang='grc' dir='ltr'>ι</span> <span class='ocrx_word' id='word_1_751' title='bbox 382 4897 663 4952; x_wconf 88' lang='lat' dir='ltr'>Omnium</span> <span class='ocrx_word' id='word_1_752' title='bbox 695 4897 879 4956; x_wconf 84' lang='lat' dir='ltr'>enim.</span> <span class='ocrx_word' id='word_1_753' title='bbox 908 4919 929 4945; x_wconf 77' lang='grc' dir='ltr'>ι</span> <span class='ocrx_word' id='word_1_754' title='bbox 966 4896 1179 4967; x_wconf 87' lang='lat' dir='ltr'>inquit,</span> <span class='ocrx_word' id='word_1_755' title='bbox 1214 4916 1243 4945; x_wconf 85' lang='lat'><strong>«</strong></span> <span class='ocrx_word' id='word_1_756' title='bbox 1267 4894 1559 4950; x_wconf 89' lang='lat' dir='ltr'>bonorum</span> <span class='ocrx_word' id='word_1_757' title='bbox 1590 4899 1974 4971; x_wconf 70' lang='lat' dir='ltr'>prmrogativa</span> 
     </span>
    </p>
   </div>
   <div class='ocr_carea' id='block_1_99' title="bbox 323 4984 1978 5062">
    <p class='ocr_par' dir='ltr' id='par_1_99' title="bbox 323 4984 1978 5062">
     <span class='ocr_line' id='line_1_99' title="bbox 323 4984 1978 5062; baseline 0.005 -27"><span class='ocrx_word' id='word_1_758' title='bbox 323 5008 354 5035; x_wconf 77' lang='grc' dir='ltr'><strong><em>κ</em></strong></span> <span class='ocrx_word' id='word_1_759' title='bbox 379 4986 441 5041; x_wconf 89' lang='lat' dir='ltr'>in</span> <span class='ocrx_word' id='word_1_760' title='bbox 466 4986 869 5057; x_wconf 82' lang='lat' dir='ltr'>Jerosolymis.</span> <span class='ocrx_word' id='word_1_761' title='bbox 896 5005 921 5037; x_wconf 74' lang='grc' dir='ltr'>ι</span> <span class='ocrx_word' id='word_1_762' title='bbox 942 4985 1244 5062; x_wconf 78' lang='lat' dir='ltr'>Catechesi</span> <span class='ocrx_word' id='word_1_763' title='bbox 1271 4984 1518 5047; x_wconf 84' lang='grc' dir='ltr'><strong>16,ιι.4,‹‹</strong></span> <span class='ocrx_word' id='word_1_764' title='bbox 1543 4985 1795 5056; x_wconf 89' lang='lat' dir='ltr'>Spiritus</span> <span class='ocrx_word' id='word_1_765' title='bbox 1814 5004 1978 5044; x_wconf 84' lang='lat' dir='ltr'>sanc-</span> 
     </span>
    </p>
   </div>
   <div class='ocr_carea' id='block_1_100' title="bbox 323 5071 1977 5145">
    <p class='ocr_par' dir='ltr' id='par_1_100' title="bbox 323 5071 1977 5145">
     <span class='ocr_line' id='line_1_100' title="bbox 323 5071 1977 5145; baseline 0.004 -20"><span class='ocrx_word' id='word_1_766' title='bbox 323 5098 351 5125; x_wconf 78' lang='grc' dir='ltr'>α</span> <span class='ocrx_word' id='word_1_767' title='bbox 377 5077 549 5130; x_wconf 88' lang='lat' dir='ltr'>tusin</span> <span class='ocrx_word' id='word_1_768' title='bbox 562 5078 909 5131; x_wconf 88' lang='lat' dir='ltr'>Pentecoste</span> <span class='ocrx_word' id='word_1_769' title='bbox 930 5072 1420 5145; x_wconf 89' lang='lat' dir='ltr'>superapostolos</span> <span class='ocrx_word' id='word_1_770' title='bbox 1432 5071 1712 5144; x_wconf 89' lang='lat' dir='ltr'>delapsus</span> <span class='ocrx_word' id='word_1_771' title='bbox 1725 5082 1834 5143; x_wconf 87' lang='lat' dir='ltr'>est,</span> <span class='ocrx_word' id='word_1_772' title='bbox 1862 5077 1977 5132; x_wconf 89' lang='lat' dir='ltr'>ist-</span> 
     </span>
    </p>
   </div>
   <div class='ocr_carea' id='block_1_101' title="bbox 318 5160 1982 5236">
    <p class='ocr_par' dir='ltr' id='par_1_101' title="bbox 318 5160 1982 5236">
     <span class='ocr_line' id='line_1_101' title="bbox 318 5160 1982 5236; baseline 0.003 -20"><span class='ocrx_word' id='word_1_773' title='bbox 318 5188 349 5216; x_wconf 75' lang='grc' dir='ltr'>ι(</span> <span class='ocrx_word' id='word_1_774' title='bbox 369 5165 468 5219; x_wconf 89' lang='lat' dir='ltr'>hic</span> <span class='ocrx_word' id='word_1_775' title='bbox 489 5166 553 5219; x_wconf 93' lang='lat' dir='ltr'>in</span> <span class='ocrx_word' id='word_1_776' title='bbox 574 5163 1200 5229; x_wconf 81' lang='lat' dir='ltr'>Jerusalem,omnium</span> <span class='ocrx_word' id='word_1_777' title='bbox 1218 5162 1375 5216; x_wconf 89' lang='lat' dir='ltr'>enim</span> <span class='ocrx_word' id='word_1_778' title='bbox 1389 5160 1544 5233; x_wconf 88' lang='lat' dir='ltr'>apud</span> <span class='ocrx_word' id='word_1_779' title='bbox 1564 5178 1670 5217; x_wconf 86' lang='lat' dir='ltr'>nos</span> <span class='ocrx_word' id='word_1_780' title='bbox 1682 5172 1982 5236; x_wconf 71' lang='lat' dir='ltr'>suntpraa-</span> 
     </span>
    </p>
   </div>
   <div class='ocr_carea' id='block_1_102' title="bbox 320 5249 1980 5324">
    <p class='ocr_par' dir='ltr' id='par_1_102' title="bbox 320 5249 1980 5324">
     <span class='ocr_line' id='line_1_102' title="bbox 320 5249 1980 5324; baseline 0.003 -18"><span class='ocrx_word' id='word_1_781' title='bbox 320 5277 349 5306; x_wconf 74' lang='grc' dir='ltr'>ιι</span> <span class='ocrx_word' id='word_1_782' title='bbox 367 5254 779 5324; x_wconf 69' lang='lat' dir='ltr'>rogativaz.»Et</span> <span class='ocrx_word' id='word_1_783' title='bbox 791 5255 935 5307; x_wconf 81' lang='lat' dir='ltr'>cat.l</span> <span class='ocrx_word' id='word_1_784' title='bbox 947 5255 1064 5317; x_wconf 85' lang='lat' dir='ltr'>7,n.</span> <span class='ocrx_word' id='word_1_785' title='bbox 1104 5251 1221 5317; x_wconf 47' lang='lat'>13¢:</span> <span class='ocrx_word' id='word_1_786' title='bbox 1244 5250 1390 5305; x_wconf 90' lang='lat' dir='ltr'>Cum</span> <span class='ocrx_word' id='word_1_787' title='bbox 1404 5249 1844 5321; x_wconf 86' lang='lat' dir='ltr'>complerentur</span> <span class='ocrx_word' id='word_1_788' title='bbox 1854 5254 1980 5311; x_wconf 90' lang='lat' dir='ltr'>dies</span> 
     </span>
    </p>
   </div>
   <div class='ocr_carea' id='block_1_103' title="bbox 315 5338 1982 5413">
    <p class='ocr_par' dir='ltr' id='par_1_103' title="bbox 315 5338 1982 5413">
     <span class='ocr_line' id='line_1_103' title="bbox 315 5338 1982 5413; baseline 0.004 -20"><span class='ocrx_word' id='word_1_789' title='bbox 315 5367 343 5394; x_wconf 73' lang='grc' dir='ltr'>ι.</span> <span class='ocrx_word' id='word_1_790' title='bbox 370 5345 782 5408; x_wconf 88' lang='lat' dir='ltr'>Pentecostes,</span> <span class='ocrx_word' id='word_1_791' title='bbox 807 5340 994 5399; x_wconf 90' lang='lat' dir='ltr'>hic.in</span> <span class='ocrx_word' id='word_1_792' title='bbox 1015 5340 1246 5394; x_wconf 87' lang='lat' dir='ltr'>civitate</span> <span class='ocrx_word' id='word_1_793' title='bbox 1268 5339 1382 5394; x_wconf 89' lang='lat' dir='ltr'>ista</span> <span class='ocrx_word' id='word_1_794' title='bbox 1399 5338 1731 5395; x_wconf 82' lang='lat' dir='ltr'>Jerusalem</span> <span class='ocrx_word' id='word_1_795' title='bbox 1753 5343 1982 5413; x_wconf 87' lang='lat' dir='ltr'>(nostra</span> 
     </span>
    </p>
   </div>
   <div class='ocr_carea' id='block_1_104' title="bbox 313 5426 1979 5503">
    <p class='ocr_par' dir='ltr' id='par_1_104' title="bbox 313 5426 1979 5503">
     <span class='ocr_line' id='line_1_104' title="bbox 313 5426 1979 5503; baseline 0.002 -19"><span class='ocrx_word' id='word_1_796' title='bbox 313 5455 343 5484; x_wconf 73' lang='grc' dir='ltr'><strong><em>α</em></strong></span> <span class='ocrx_word' id='word_1_797' title='bbox 375 5433 535 5487; x_wconf 88' lang='lat' dir='ltr'>enim</span> <span class='ocrx_word' id='word_1_798' title='bbox 557 5437 648 5487; x_wconf 87' lang='lat' dir='ltr'>est</span> <span class='ocrx_word' id='word_1_799' title='bbox 678 5431 805 5485; x_wconf 67' lang='lat' dir='ltr'>haec</span> <span class='ocrx_word' id='word_1_800' title='bbox 834 5445 1070 5501; x_wconf 89' lang='lat' dir='ltr'>quoque</span> <span class='ocrx_word' id='word_1_801' title='bbox 1102 5429 1520 5499; x_wconf 73' lang='lat' dir='ltr'>praerogativa:</span> <span class='ocrx_word' id='word_1_802' title='bbox 1554 5426 1979 5503; x_wconf 91' lang='lat' dir='ltr'>loquimurque</span> 
     </span>
    </p>
   </div>
   <div class='ocr_carea' id='block_1_105' title="bbox 316 5516 1980 5590">
    <p class='ocr_par' dir='ltr' id='par_1_105' title="bbox 316 5516 1980 5590">
     <span class='ocr_line' id='line_1_105' title="bbox 316 5516 1980 5590; baseline -0.002 -17"><span class='ocrx_word' id='word_1_803' title='bbox 316 5543 347 5573; x_wconf 72' lang='grc' dir='ltr'><strong>α</strong></span> <span class='ocrx_word' id='word_1_804' title='bbox 368 5537 489 5577; x_wconf 86' lang='grc' dir='ltr'>ιιοιι</span> <span class='ocrx_word' id='word_1_805' title='bbox 511 5520 584 5577; x_wconf 91' lang='lat' dir='ltr'>de</span> <span class='ocrx_word' id='word_1_806' title='bbox 600 5520 695 5575; x_wconf 89' lang='lat' dir='ltr'>his</span> <span class='ocrx_word' id='word_1_807' title='bbox 715 5535 846 5590; x_wconf 64' lang='lat' dir='ltr'>qua</span> <span class='ocrx_word' id='word_1_808' title='bbox 870 5516 1029 5589; x_wconf 90' lang='lat' dir='ltr'>apud</span> <span class='ocrx_word' id='word_1_809' title='bbox 1050 5516 1199 5572; x_wconf 87' lang='lat' dir='ltr'>alios</span> <span class='ocrx_word' id='word_1_810' title='bbox 1220 5516 1732 5588; x_wconf 91' lang='lat' dir='ltr'>contigerunt,sed</span> <span class='ocrx_word' id='word_1_811' title='bbox 1750 5517 1821 5574; x_wconf 93' lang='lat' dir='ltr'>de</span> <span class='ocrx_word' id='word_1_812' title='bbox 1842 5537 1980 5578; x_wconf 89' lang='lat' dir='ltr'>con-</span> 
     </span>
    </p>
   </div>
   <div class='ocr_carea' id='block_1_106' title="bbox 314 5606 1984 5683">
    <p class='ocr_par' dir='ltr' id='par_1_106' title="bbox 314 5606 1984 5683">
     <span class='ocr_line' id='line_1_106' title="bbox 314 5606 1984 5683; baseline 0.004 -20"><span class='ocrx_word' id='word_1_813' title='bbox 314 5612 546 5667; x_wconf 74' lang='lat' dir='ltr'>«cessis</span> <span class='ocrx_word' id='word_1_814' title='bbox 594 5608 756 5682; x_wconf 86' lang='lat' dir='ltr'>apud</span> <span class='ocrx_word' id='word_1_815' title='bbox 784 5624 892 5664; x_wconf 90' lang='lat' dir='ltr'>nos</span> <span class='ocrx_word' id='word_1_816' title='bbox 933 5606 1127 5677; x_wconf 89' lang='lat' dir='ltr'>bonis)</span> <span class='ocrx_word' id='word_1_817' title='bbox 1156 5606 1373 5678; x_wconf 78' lang='lat' dir='ltr'>[XCIX]</span> <span class='ocrx_word' id='word_1_818' title='bbox 1399 5607 1582 5662; x_wconf 90' lang='lat' dir='ltr'>Pente</span> <span class='ocrx_word' id='word_1_819' title='bbox 1613 5612 1773 5663; x_wconf 87' lang='lat' dir='ltr'>coste</span> <span class='ocrx_word' id='word_1_820' title='bbox 1805 5609 1984 5683; x_wconf 84' lang='lat' dir='ltr'>igitur</span> 
     </span>
    </p>
   </div>
   <div class='ocr_carea' id='block_1_107' title="bbox 2078 4633 3729 4705">
    <p class='ocr_par' dir='ltr' id='par_1_107' title="bbox 2078 4633 3729 4705">
     <span class='ocr_line' id='line_1_107' title="bbox 2078 4633 3729 4705; baseline 0 -18"><span class='ocrx_word' id='word_1_821' title='bbox 2078 4633 2208 4703; x_wconf 88' lang='lat' dir='ltr'>ipso</span> <span class='ocrx_word' id='word_1_822' title='bbox 2240 4639 2441 4688; x_wconf 92' lang='lat' dir='ltr'>monte</span> <span class='ocrx_word' id='word_1_823' title='bbox 2468 4633 2774 4705; x_wconf 77' lang='lat' dir='ltr'>Golgotha,</span> <span class='ocrx_word' id='word_1_824' title='bbox 2807 4640 2872 4689; x_wconf 89' lang='lat' dir='ltr'>ut</span> <span class='ocrx_word' id='word_1_825' title='bbox 2898 4640 3146 4689; x_wconf 85' lang='lat' dir='ltr'>testatur</span> <span class='ocrx_word' id='word_1_826' title='bbox 3176 4635 3302 4705; x_wconf 89' lang='lat' dir='ltr'>ipse</span> <span class='ocrx_word' id='word_1_827' title='bbox 3333 4638 3446 4689; x_wconf 88' lang='lat' dir='ltr'>cat.</span> <span class='ocrx_word' id='word_1_828' title='bbox 3480 4636 3533 4698; x_wconf 91' lang='lat'>4,</span> <span class='ocrx_word' id='word_1_829' title='bbox 3568 4650 3628 4688; x_wconf 87' lang='grc' dir='ltr'>ιι.</span> <span class='ocrx_word' id='word_1_830' title='bbox 3665 4636 3729 4687; x_wconf 89' lang='grc'>10</span> 
     </span>
    </p>
   </div>
   <div class='ocr_carea' id='block_1_108' title="bbox 2079 4724 3724 4790">
    <p class='ocr_par' dir='ltr' id='par_1_108' title="bbox 2079 4724 3724 4790">
     <span class='ocr_line' id='line_1_108' title="bbox 2079 4724 3724 4790; baseline -0.001 -13"><span class='ocrx_word' id='word_1_831' title='bbox 2079 4727 2140 4777; x_wconf 91' lang='lat' dir='ltr'>et</span> <span class='ocrx_word' id='word_1_832' title='bbox 2168 4724 2253 4790; x_wconf 82' lang='grc'>14,</span> <span class='ocrx_word' id='word_1_833' title='bbox 2287 4727 2401 4777; x_wconf 89' lang='lat' dir='ltr'>cat.</span> <span class='ocrx_word' id='word_1_834' title='bbox 2438 4724 2521 4790; x_wconf 91' lang='grc'>10,</span> <span class='ocrx_word' id='word_1_835' title='bbox 2557 4739 2618 4777; x_wconf 88' lang='grc' dir='ltr'>ιι.</span> <span class='ocrx_word' id='word_1_836' title='bbox 2657 4725 2741 4787; x_wconf 83' lang='grc'>19,</span> <span class='ocrx_word' id='word_1_837' title='bbox 2795 4728 2906 4777; x_wconf 91' lang='lat' dir='ltr'>cat.</span> <span class='ocrx_word' id='word_1_838' title='bbox 2960 4725 3047 4790; x_wconf 86' lang='grc'>13,</span> <span class='ocrx_word' id='word_1_839' title='bbox 3084 4739 3249 4778; x_wconf 83' lang='grc' dir='ltr'>ιιιιιιι.</span> <span class='ocrx_word' id='word_1_840' title='bbox 3283 4726 3336 4788; x_wconf 89' lang='lat'>4,</span> <span class='ocrx_word' id='word_1_841' title='bbox 3368 4726 3457 4786; x_wconf 90' lang='lat'>22,</span> <span class='ocrx_word' id='word_1_842' title='bbox 3491 4724 3579 4785; x_wconf 87' lang='lat'>39,</span> <span class='ocrx_word' id='word_1_843' title='bbox 3612 4727 3724 4777; x_wconf 92' lang='lat' dir='ltr'>cat.</span> 
     </span>
    </p>
   </div>
   <div class='ocr_carea' id='block_1_109' title="bbox 2087 4810 3733 4884">
    <p class='ocr_par' dir='ltr' id='par_1_109' title="bbox 2087 4810 3733 4884">
     <span class='ocr_line' id='line_1_109' title="bbox 2087 4810 3733 4884; baseline 0 -19"><span class='ocrx_word' id='word_1_844' title='bbox 2087 4813 2172 4878; x_wconf 87' lang='lat' dir='ltr'>l6,</span> <span class='ocrx_word' id='word_1_845' title='bbox 2205 4827 2265 4865; x_wconf 90' lang='grc' dir='ltr'>ιι.</span> <span class='ocrx_word' id='word_1_846' title='bbox 2297 4812 2350 4874; x_wconf 88' lang='grc'>4,</span> <span class='ocrx_word' id='word_1_847' title='bbox 2385 4810 2446 4865; x_wconf 93' lang='lat' dir='ltr'>in</span> <span class='ocrx_word' id='word_1_848' title='bbox 2490 4810 2744 4866; x_wconf 90' lang='lat' dir='ltr'>ecclesia</span> <span class='ocrx_word' id='word_1_849' title='bbox 2791 4812 3260 4868; x_wconf 83' lang='lat' dir='ltr'>Resurrectionis</span> <span class='ocrx_word' id='word_1_850' title='bbox 3303 4813 3378 4868; x_wconf 89' lang='lat' dir='ltr'>ad</span> <span class='ocrx_word' id='word_1_851' title='bbox 3409 4813 3605 4884; x_wconf 89' lang='lat' dir='ltr'>ipsum</span> <span class='ocrx_word' id='word_1_852' title='bbox 3637 4826 3733 4865; x_wconf 87' lang='lat' dir='ltr'>se—</span> 
     </span>
    </p>
   </div>
   <div class='ocr_carea' id='block_1_110' title="bbox 2085 4899 3729 4972">
    <p class='ocr_par' dir='ltr' id='par_1_110' title="bbox 2085 4899 3729 4972">
     <span class='ocr_line' id='line_1_110' title="bbox 2085 4899 3729 4972; baseline 0 -17"><span class='ocrx_word' id='word_1_853' title='bbox 2085 4899 2276 4972; x_wconf 89' lang='lat' dir='ltr'>pulcri</span> <span class='ocrx_word' id='word_1_854' title='bbox 2310 4900 2505 4955; x_wconf 91' lang='lat' dir='ltr'>locum</span> <span class='ocrx_word' id='word_1_855' title='bbox 2562 4899 2871 4965; x_wconf 76' lang='lat' dir='ltr'>aadiflcata,</span> <span class='ocrx_word' id='word_1_856' title='bbox 2934 4906 3047 4956; x_wconf 88' lang='lat' dir='ltr'>cat.</span> <span class='ocrx_word' id='word_1_857' title='bbox 3110 4905 3197 4965; x_wconf 84' lang='grc'>14,</span> <span class='ocrx_word' id='word_1_858' title='bbox 3229 4920 3394 4958; x_wconf 83' lang='grc' dir='ltr'>ιιιιιιι.</span> <span class='ocrx_word' id='word_1_859' title='bbox 3428 4904 3480 4966; x_wconf 84' lang='lat'>9,</span> <span class='ocrx_word' id='word_1_860' title='bbox 3514 4918 3548 4956; x_wconf 89' lang='lat' dir='ltr'>a</span> <span class='ocrx_word' id='word_1_861' title='bbox 3576 4901 3729 4957; x_wconf 89' lang='lat' dir='ltr'>Con-</span> 
     </span>
    </p>
   </div>
   <div class='ocr_carea' id='block_1_111' title="bbox 2087 4988 3728 5064">
    <p class='ocr_par' dir='ltr' id='par_1_111' title="bbox 2087 4988 3728 5064">
     <span class='ocr_line' id='line_1_111' title="bbox 2087 4988 3728 5064; baseline -0.001 -20"><span class='ocrx_word' id='word_1_862' title='bbox 2087 4989 2348 5044; x_wconf 87' lang='lat' dir='ltr'>stantino</span> <span class='ocrx_word' id='word_1_863' title='bbox 2373 4993 2432 5043; x_wconf 90' lang='lat' dir='ltr'>et</span> <span class='ocrx_word' id='word_1_864' title='bbox 2456 4988 2595 5043; x_wconf 80' lang='lat' dir='ltr'>ﬁliis</span> <span class='ocrx_word' id='word_1_865' title='bbox 2617 4994 2839 5045; x_wconf 85' lang='lat' dir='ltr'>structa</span> <span class='ocrx_word' id='word_1_866' title='bbox 2860 4994 2918 5044; x_wconf 90' lang='lat' dir='ltr'>et</span> <span class='ocrx_word' id='word_1_867' title='bbox 2937 4995 3146 5045; x_wconf 88' lang='lat' dir='ltr'>ornata</span> <span class='ocrx_word' id='word_1_868' title='bbox 3170 4990 3651 5064; x_wconf 83' lang='lat' dir='ltr'>magniﬁce,ibid.</span> <span class='ocrx_word' id='word_1_869' title='bbox 3668 5005 3728 5044; x_wconf 92' lang='grc' dir='ltr'>ιι.</span> 
     </span>
    </p>
   </div>
   <div class='ocr_carea' id='block_1_112' title="bbox 2089 5077 3731 5148">
    <p class='ocr_par' dir='ltr' id='par_1_112' title="bbox 2089 5077 3731 5148">
     <span class='ocr_line' id='line_1_112' title="bbox 2089 5077 3731 5148; baseline 0.001 -17"><span class='ocrx_word' id='word_1_870' title='bbox 2089 5079 2176 5144; x_wconf 81' lang='grc'><strong>56,</strong></span> <span class='ocrx_word' id='word_1_871' title='bbox 2209 5079 2277 5129; x_wconf 89' lang='lat'>22</span> <span class='ocrx_word' id='word_1_872' title='bbox 2308 5081 2368 5130; x_wconf 90' lang='lat' dir='ltr'>et</span> <span class='ocrx_word' id='word_1_873' title='bbox 2398 5078 2481 5131; x_wconf 78' lang='grc'>14.</span> <span class='ocrx_word' id='word_1_874' title='bbox 2512 5077 2634 5131; x_wconf 90' lang='lat' dir='ltr'>Imo</span> <span class='ocrx_word' id='word_1_875' title='bbox 2666 5077 2728 5131; x_wconf 91' lang='lat' dir='ltr'>in</span> <span class='ocrx_word' id='word_1_876' title='bbox 2761 5077 2889 5148; x_wconf 90' lang='lat' dir='ltr'>ipso</span> <span class='ocrx_word' id='word_1_877' title='bbox 2922 5079 3393 5135; x_wconf 82' lang='lat' dir='ltr'>Resurrectionis</span> <span class='ocrx_word' id='word_1_878' title='bbox 3426 5078 3643 5134; x_wconf 89' lang='lat' dir='ltr'>sacello</span> <span class='ocrx_word' id='word_1_879' title='bbox 3667 5094 3731 5133; x_wconf 89' lang='lat' dir='ltr'>se</span> 
     </span>
    </p>
   </div>
   <div class='ocr_carea' id='block_1_113' title="bbox 2092 5164 3730 5236">
    <p class='ocr_par' dir='ltr' id='par_1_113' title="bbox 2092 5164 3730 5236">
     <span class='ocr_line' id='line_1_113' title="bbox 2092 5164 3730 5236; baseline 0 -16"><span class='ocrx_word' id='word_1_880' title='bbox 2092 5164 2516 5236; x_wconf 85' lang='lat' dir='ltr'>mystagogicas</span> <span class='ocrx_word' id='word_1_881' title='bbox 2573 5165 2910 5222; x_wconf 89' lang='lat' dir='ltr'>catecheses</span> <span class='ocrx_word' id='word_1_882' title='bbox 2968 5168 3051 5223; x_wconf 89' lang='lat' dir='ltr'>ait</span> <span class='ocrx_word' id='word_1_883' title='bbox 3108 5169 3448 5224; x_wconf 86' lang='lat' dir='ltr'>habiturum</span> <span class='ocrx_word' id='word_1_884' title='bbox 3492 5173 3605 5222; x_wconf 88' lang='lat' dir='ltr'>cat.</span> <span class='ocrx_word' id='word_1_885' title='bbox 3642 5168 3730 5231; x_wconf 89' lang='grc'><strong>18,</strong></span> 
     </span>
    </p>
   </div>
   <div class='ocr_carea' id='block_1_114' title="bbox 2091 5253 3732 5313">
    <p class='ocr_par' dir='ltr' id='par_1_114' title="bbox 2091 5253 3732 5313">
     <span class='ocr_line' id='line_1_114' title="bbox 2091 5253 3732 5313; baseline -0.001 -4"><span class='ocrx_word' id='word_1_886' title='bbox 2091 5255 2224 5309; x_wconf 87' lang='grc' dir='ltr'>ιι.33</span> <span class='ocrx_word' id='word_1_887' title='bbox 2254 5253 2327 5308; x_wconf 90' lang='lat' dir='ltr'>Ut</span> <span class='ocrx_word' id='word_1_888' title='bbox 2355 5269 2426 5306; x_wconf 80' lang='lat' dir='ltr'>ex</span> <span class='ocrx_word' id='word_1_889' title='bbox 2453 5253 2547 5307; x_wconf 90' lang='lat' dir='ltr'>his</span> <span class='ocrx_word' id='word_1_890' title='bbox 2572 5254 2849 5310; x_wconf 90' lang='lat' dir='ltr'>omnibus</span> <span class='ocrx_word' id='word_1_891' title='bbox 2871 5261 3103 5312; x_wconf 89' lang='lat' dir='ltr'>constet</span> <span class='ocrx_word' id='word_1_892' title='bbox 3129 5259 3468 5313; x_wconf 87' lang='lat' dir='ltr'>catecheses</span> <span class='ocrx_word' id='word_1_893' title='bbox 3498 5260 3732 5311; x_wconf 90' lang='lat' dir='ltr'>nostras</span> 
     </span>
    </p>
   </div>
   <div class='ocr_carea' id='block_1_115' title="bbox 2089 5342 3040 5414">
    <p class='ocr_par' dir='ltr' id='par_1_115' title="bbox 2089 5342 3040 5414">
     <span class='ocr_line' id='line_1_115' title="bbox 2089 5342 3040 5414; baseline 0.001 -15"><span class='ocrx_word' id='word_1_894' title='bbox 2089 5342 2569 5414; x_wconf 79' lang='lat' dir='ltr'>Jerosolymitani</span> <span class='ocrx_word' id='word_1_895' title='bbox 2601 5344 2859 5399; x_wconf 89' lang='lat' dir='ltr'>auctoris</span> <span class='ocrx_word' id='word_1_896' title='bbox 2892 5360 3040 5400; x_wconf 90' lang='lat' dir='ltr'>esse.</span> 
     </span>
    </p>
   </div>
   <div class='ocr_carea' id='block_1_116' title="bbox 2165 5434 3722 5506">
    <p class='ocr_par' dir='ltr' id='par_1_116' title="bbox 2165 5434 3722 5506">
     <span class='ocr_line' id='line_1_116' title="bbox 2165 5434 3722 5506; baseline -0.001 -17"><span class='ocrx_word' id='word_1_897' title='bbox 2165 5438 2252 5489; x_wconf 88' lang='grc'><strong>10.</strong></span> <span class='ocrx_word' id='word_1_898' title='bbox 2281 5435 2406 5490; x_wconf 77' lang='lat' dir='ltr'>lam</span> <span class='ocrx_word' id='word_1_899' title='bbox 2439 5435 2681 5491; x_wconf 81' lang='lat' dir='ltr'>difﬁcile</span> <span class='ocrx_word' id='word_1_900' title='bbox 2715 5453 2833 5492; x_wconf 90' lang='lat' dir='ltr'>non</span> <span class='ocrx_word' id='word_1_901' title='bbox 2866 5441 2956 5491; x_wconf 90' lang='lat' dir='ltr'>est</span> <span class='ocrx_word' id='word_1_902' title='bbox 2978 5437 3376 5493; x_wconf 89' lang='lat' dir='ltr'>Catecheseon</span> <span class='ocrx_word' id='word_1_903' title='bbox 3407 5434 3722 5506; x_wconf 88' lang='lat' dir='ltr'>antiquita-</span> 
     </span>
    </p>
   </div>
   <div class='ocr_carea' id='block_1_117' title="bbox 2091 5523 3732 5597">
    <p class='ocr_par' dir='ltr' id='par_1_117' title="bbox 2091 5523 3732 5597">
     <span class='ocr_line' id='line_1_117' title="bbox 2091 5523 3732 5597; baseline -0.002 -18"><span class='ocrx_word' id='word_1_904' title='bbox 2091 5530 2214 5579; x_wconf 91' lang='lat' dir='ltr'>tem</span> <span class='ocrx_word' id='word_1_905' title='bbox 2234 5523 2664 5593; x_wconf 89' lang='lat' dir='ltr'>demonstrare,</span> <span class='ocrx_word' id='word_1_906' title='bbox 2687 5543 2819 5597; x_wconf 64' lang='lat' dir='ltr'>quas</span> <span class='ocrx_word' id='word_1_907' title='bbox 2840 5525 3036 5581; x_wconf 90' lang='lat' dir='ltr'>medio</span> <span class='ocrx_word' id='word_1_908' title='bbox 3055 5533 3264 5597; x_wconf 88' lang='lat' dir='ltr'>quarto</span> <span class='ocrx_word' id='word_1_909' title='bbox 3282 5524 3498 5581; x_wconf 69' lang='lat' dir='ltr'>saeculo</span> <span class='ocrx_word' id='word_1_910' title='bbox 3519 5536 3732 5578; x_wconf 88' lang='lat' dir='ltr'>recen-</span> 
     </span>
    </p>
   </div>
   <div class='ocr_carea' id='block_1_118' title="bbox 2090 5607 3727 5687">
    <p class='ocr_par' dir='ltr' id='par_1_118' title="bbox 2090 5607 3727 5687">
     <span class='ocr_line' id='line_1_118' title="bbox 2090 5607 3727 5687; baseline -0.006 -18"><span class='ocrx_word' id='word_1_911' title='bbox 2090 5613 2271 5671; x_wconf 82' lang='lat' dir='ltr'>tiores</span> <span class='ocrx_word' id='word_1_912' title='bbox 2310 5628 2440 5669; x_wconf 85' lang='lat' dir='ltr'>esse</span> <span class='ocrx_word' id='word_1_913' title='bbox 2473 5629 2596 5670; x_wconf 92' lang='lat' dir='ltr'>non</span> <span class='ocrx_word' id='word_1_914' title='bbox 2618 5620 2889 5687; x_wconf 88' lang='lat' dir='ltr'>possunt.</span> <span class='ocrx_word' id='word_1_915' title='bbox 2909 5613 3090 5671; x_wconf 83' lang='lat' dir='ltr'>Multa</span> <span class='ocrx_word' id='word_1_916' title='bbox 3109 5620 3250 5671; x_wconf 89' lang='lat' dir='ltr'>sunt</span> <span class='ocrx_word' id='word_1_917' title='bbox 3267 5614 3447 5685; x_wconf 86' lang='lat' dir='ltr'>hujus</span> <span class='ocrx_word' id='word_1_918' title='bbox 3467 5607 3727 5678; x_wconf 87' lang='lat' dir='ltr'>antiqui-</span> 
     </span>
    </p>
   </div>
  </div>
