4090 6268
371 322 481 381 131

1447 310 1551 371 DE
1592 296 2176 369 CATECHESIBUS
2220 297 2287 357 Β.
2331 292 2667 356 CYBILLI.

3659 292 3776 353 13!

367 460 506 517 tatis
529 461 765 531 sumpta
796 457 856 513 in
889 454 1034 527 ipsis
1056 449 1466 509 catechesibus
1488 445 1857 517 argumenta.
1884 435 2014 531 Pri-
2047 444 2092 508 Α
2127 431 2406 531 ambitus,
2439 430 2544 531 sed
2575 434 2635 531 et
2660 428 2964 531 interioris
2994 429 3184 531 tedis,‘
3318 442 3436 531 qua
3460 426 3775 531 cherubim

366 568 464 608 mo
497 529 894 606 enim‘auctor
923 546 996 602 ab
1027 545 1194 599 Isaias
1223 546 1394 597 aetate
1425 538 1499 594 ad
1533 550 1723 599 suam,
1747 529 2016 586 nondum

372 639 536 694 mille
567 654 755 693 annos
813 636 1073 706 integros
1133 638 1192 686 et
1248 634 1483 685 exactos
1516 620 1906 683 numerabat;
1938 614 2023 706 ait

373 728 532 783 enim
562 732 671 781 cat.
712 728 798 793 16,
821 704 964 779 num
1013 724 1099 790 18,
1122 722 1293 775 Isaias
1320 724 1446 772 ante
1473 727 1644 769 annos
1669 724 1848 781 prope
1870 704 2020 759 mille

374 825 511 873 erat.
546 818 793 872 Centum
825 829 975 885 pene
1007 826 1188 881 supra
1218 808 1301 880 [C]
1341 805 1506 862 mille
1536 816 1740 856 revera
1770 794 2019 885 effluxe-

371 911 507 962 rant
530 906 670 961 anni
697 921 711 970 ;
735 904 784 958 is
813 884 1009 957 tamen
1037 916 1203 955 error
1223 897 1409 969 magis
1430 894 1609 949 etiam
1631 884 1891 945 auctoris
1912 898 2021 937 an-

371 996 709 1067 tiquitatem
766 990 981 1064 prodit.
1043 990 1166 1043 Cat.
1229 990 1315 1048 16,
1372 999 1536 1039 num.
1580 982 1634 1046 9,
1668 977 2020 1031 ducentosa

371 1089 562 1139 morte
590 1082 994 1154 apostolorum
1027 1077 1099 1133 ad
1134 1077 1427 1131 Manetem
1465 1085 1655 1140 usque
1684 1080 1874 1121 annos
1903 1076 2019 1114 nu-

371 1178 579 1229 merat.
607 1175 682 1227 At
710 1177 822 1226 cat.
847 1173 899 1233 6,
924 1184 1087 1223 num.
1113 1168 1201 1233 20,
1222 1182 1256 1219 a
1279 1165 1505 1218 Manete
1527 1158 1599 1214 ad
1624 1172 1731 1211 sua
1753 1160 2021 1222 tempore.

375 1262 748 1335 septuaginta
777 1275 968 1316 annos
998 1256 1070 1312 ad
1103 1269 1401 1309 summum
1433 1247 1622 1322 ponit,
1653 1242 1880 1335 addens
1911 1254 2018 1293 suo

375 1331 637 1424 tempore
668 1351 994 1405 etiamnum
1027 1347 1086 1400 in
1135 1344 1275 1398 vivis
1325 1352 1656 1413 superesse,
1690 1332 1789 1404 qui
1825 1331 2021 1424 Man-es-

378 1415 648 1497 tem.suis
678 1438 867 1495 oculis
897 1434 1367 1506 conspexissent.
1404 1432 1610 1484 Annus
1649 1438 1766 1495 quo
1799 1415 2023 1491 prodiit

374 1532 595 1594 Manes,
630 1526 785 1599 apud
840 1524 1233 1595 chronologos
1290 1521 1543 1583 constat,
1585 1518 1793 1599 estque
1825 1521 2020 1563 annus

373 1618 586 1673 Christi
618 1598 744 1682 277,
777 1614 870 1670 cui
924 1609 1337 1684 conjungendo
1394 1606 1629 1676 elapsos
1659 1598 1797 1655 inde
1828 1609 2019 1649 annos

373 1707 765 1779 septuaginta,
788 1704 970 1758 habes
988 1717 1232 1764 annum,
1258 1713 1373 1769 quo
1395 1696 1567 1751 dicta;
1590 1694 1730 1746 sunt
1748 1684 2015 1779 cateche-

369 1776 484 1865 ses,
520 1776 733 1849 Christi
767 1795 889 1847 347.
924 1790 1194 1845 Secundo
1225 1784 1522 1843 scribebat
1550 1776 1773 1835 recenti
1806 1788 2014 1865 perse-

369 1860 675 1940 cutionum
706 1880 1013 1937 memoria.
1049 1879 1170 1933 Cat.
1226 1878 1312 1934 16.
1345 1888 1509 1928 num.
1540 1872 1592 1935 8,
1628 1866 1894 1922 referens
1924 1860 2017 1914 in-

367 1973 547 2030 fanda
576 1972 1069 2027 Montanistarum
1094 1964 1377 2037 mysteria
1401 1955 1774 2017 inlanticidio
1804 1965 2015 2006 cruen~

369 2068 508 2128 tata,
545 2063 661 2118 ait:
705 2061 797 2116 Ad
852 2060 962 2114 hac
1018 2073 1189 2127 usque
1245 2068 1460 2123 nupera
1516 2056 1765 2117 tempora
1820 2038 2017 2113 μέχρις

367 2154 561 2225 πρώην
595 2168 718 2208 cum
769 2151 1081 2221 persecutio
1137 2145 1438 2208 desumit-et,
1495 2153 1593 2193 nos
1647 2136 1842 2189 horum
1871 2131 2017 2228 faci-

368 2224 569 2298 norum
623 2241 928 2312 suspicione
988 2235 1391 2297 laborabamus,
1452 2227 1600 2299 quod
1664 2224 2014 2282 Montanistm

366 2332 642 2387 communi
667 2330 945 2384 nobiscum
968 2326 1405 2381 Christianorum
1432 2318 1653 2373 nomine
1678 2313 2011 2367 dicerentur.

369 2422 729 2493 Supererant
774 2417 876 2487 qui
935 2416 995 2469 in
1055 2407 1572 2485 persecutionibus
1609 2402 2014 2493 Christorcon:

370 2486 678 2566 tumeliam
711 2486 931 2561 inferre
990 2505 1327 2575 potuerant.
1388 2498 1508 2552 Cat.
1551 2497 1604 2563 3,
1637 2507 1800 2547 num.
1837 2490 1922 2551 15,
1952 2486 2014 2541 Si

367 2602 489 2670 quis
518 2606 754 2653 vestrum
793 2594 1121 2663 blasphemis
1146 2590 1364 2645 vocibus
1395 2586 1679 2640 Christum
1705 2578 2015 2670 cruciﬁxit:

365 2666 414 2743 si
442 2690 564 2760 quis
588 2703 694 2757 per
740 2684 1121 2755 ignorantiam
1177 2693 1364 2733 coram
1424 2672 1740 2728 hominibus
1766 2666 2010 2735 negavit.

366 2780 435 2831 Et
455 2759 577 2832 cat.
607 2779 661 2836 2,
685 2772 1013 2829 secundum
1045 2767 1206 2824 aliud
1238 2763 1541 2835 exemplar
1569 2775 1734 2815 num.
1760 2759 1846 2821 19,
1879 2769 2009 2825 pag.

368 2869 454 2921 37.
488 2867 551 2921 Si
574 2863 697 2935 quis
729 2864 817 2917 hic
868 2862 1019 2915 adest
1074 2861 1131 2912 in
1183 2856 1334 2912 vobis
1363 2870 1390 2909 e
1426 2850 1717 2923 gentilium
1762 2858 2009 2935 numero,

366 2958 463 3026 qui
494 2933 600 3010 aut
618 2956 677 3007 in
711 2951 1049 3007 Christianos
1097 2944 1400 3016 aliquando
1444 2941 1751 2997 convicium
1780 2933 2009 3026 direrit,

366 3021 462 3100 aut
484 3045 924 3115 persecutionum
955 3045 1195 3108 tempore
1250 3034 1452 3089 sanctis
1493 3029 1747 3086 Ecclesiis
1774 3021 2013 3079 insidia-

367 3143 452 3191 tus
481 3138 571 3191 sit.
606 3135 754 3189 Pace
786 3136 926 3186 tunc
975 3126 1214 3200 quidem
1267 3128 1402 3196 post
1436 3117 1881 3193 persecutiones
1909 3128 2010 3165 ex-

365 3182 638 3287 ᾇξῖτξέξέἰ
654 3182 919 3276 bene};
942 3182 1390 3287 alprincipi‘bus
1423 3182 1682 3266 exhibito
1713 3201 2005 3277 gaudebat
2036 3182 2077 3249 C

363 3312 645 3376 Ecclesia,
670 3314 782 3364 cat.
815 3310 897 3375 18,
921 3321 1087 3360 num.
1112 3306 1200 3369 27,
1222 3316 1426 3356 verum
1449 3314 1570 3353 non
1596 3293 2017 3364 conquieverat

364 3399 650 3457 iterandm
707 3394 1139 3469 persecutionis
1209 3396 1422 3452 metus,
1484 3392 1596 3442 cat.
1659 3385 1744 3446 13,
1803 3396 1862 3435 n.
1922 3378 2010 3432 23.

367 3515 393 3540 α
422 3490 563 3544 Vide
579 3505 651 3543 ne
668 3484 988 3557 aliquando
1004 3483 1061 3536 in
1080 3486 1345 3551 tempore
1358 3471 1793 3549 persecutionis
1811 3483 2011 3557 neges.

373 3603 391 3627 ει
420 3581 498 3633 Ne
521 3578 581 3632 in
606 3556 869 3647 tempore
894 3572 1055 3645 pacis
1080 3566 1454 3626 solummodo
1476 3562 1809 3635 adgaudeas
1830 3556 2013 3621 cruci,

368 3689 395 3716 «
416 3683 616 3721 verum
633 3672 809 3720 etiam
824 3664 885 3718 in
901 3670 1163 3733 tempore
1180 3655 1610 3731 persecutionis
1624 3650 1893 3708 eamdem
1912 3648 2015 3701 ha-

373 3777 393 3807 α
418 3755 551 3810 beto
571 3754 769 3809 fidem.
800 3776 826 3800 υ
858 3750 1072 3817 Tertio,
1098 3747 1334 3803 dicebat
1348 3761 1469 3801 non
1491 3742 1677 3798 multo
1701 3744 1835 3813 post
1854 3751 2018 3793 exor-

368 3851 506 3901 nata
526 3845 953 3914 imperatorum
975 3841 1193 3911 pietate
1210 3837 1341 3891 loca
1358 3836 1647 3899 sancta,et
1667 3835 1901 3885 auctam
1924 3841 2018 3882 ur.

367 3934 501 3988 hem
522 3931 1096 4003 Jerosolymitanam.
1123 3927 1244 3982 Cat.
1273 3928 1359 3991 12,
1379 3941 1437 3979 n.
1457 3924 1548 3981 20.
1567 3922 1650 3976 ait
1673 3926 2016 3989 antepaucos

368 4039 539 4078 annos
572 4022 917 4092 sylvestrem
938 4018 1121 4072 fuisse
1147 4011 1517 4069 Bethlehemi
1543 4010 1760 4075 locum;
1786 4006 2015 4063 succiso

368 4113 652 4167 nimirum
686 4109 922 4166 Helenae
955 4122 1133 4177 opera
1164 4102 1452 4158 Adonidis
1481 4101 1637 4160 luco.
1660 4097 1881 4151 ibidem
1911 4109 2018 4165 per

360 4202 681 4257 Adrianum
737 4197 986 4253 consito.
1042 4196 1165 4249 Cat.
1232 4195 1319 4257 14,
1366 4206 1532 4245 num.
1566 4192 1618 4254 9,
1653 4184 1916 4257 loquitur
1943 4182 2016 4237 de

362 4292 657 4346 anteriore
681 4288 963 4358 spelunca
973 4300 1126 4354 ,quas
1151 4283 1536 4335 monumento
1557 4275 1772 4332 Christi
1791 4290 1895 4345 pro
1917 4288 2017 4327 ve-

359 4379 579 4436 stibulo
611 4383 757 4444 erat,
790 4392 824 4430 a
853 4369 1244 4429 Constantino
1277 4366 1351 4422 ad
1401 4365 1735 4420 ornandum
1777 4360 2013 4417 facilius

360 4472 814 4524 monumentum
848 4462 996 4517 illud
1030 4475 1198 4513 erasa
1246 4462 1304 4511 et
1350 4454 1599 4509 sublata.
1637 4451 1877 4506 Vivebat
1903 4447 2011 4505 sub

2129 523 2271 578 olim
2305 527 2492 585 erant,
2526 527 2639 577 cat.
2670 525 2757 588 15,
2803 536 2968 576 num.
3022 523 3107 575 15.
3155 522 3231 575 At
3256 518 3473 574 Juliani
3506 523 3776 589 tempore

2129 627 2226 666 an.
2260 612 2384 674 363,
2419 616 2543 665 tum
2575 610 2722 681 ipsis
2753 609 3030 664 manibus
3077 608 3436 673 Iudaeorum,
3470 613 3593 662 tum
3624 607 3773 678 igni-

2130 700 2241 755 bus
2271 717 2301 755 e
2333 699 2479 754 cmlo
2514 698 2793 769 delapsis,
2814 704 2874 752 et
2894 702 3066 752 terras
3098 696 3497 759 successibus,
3520 701 3777 766 prostra-

2129 794 2188 843 ta
2218 794 2275 843 et
2304 788 2591 860 dissipata
2615 793 2755 843 sunt
2782 787 2985 843 omnia
3005 803 3137 857 quin
3161 802 3191 841 e
3213 786 3339 842 solo
3358 784 3777 858 prominebant

2128 877 2409 945 aedilicia;
2442 883 2509 932 ut
2539 878 2707 949 Greg.
2741 879 3041 948 Nyssenus
3088 892 3194 931 suo
3249 880 3517 946 tempore
3549 874 3775 929 diceret

2128 965 2415 1037 templum
2441 967 2568 1038 jam
2624 983 2700 1022 ne
2760 983 2831 1022 ex
2889 966 3149 1039 vestigiis
3196 965 3441 1036 quidem
3470 963 3771 1037 cognosci,

2124 1057 2225 1108 τοῦ
2255 1057 2387 1107 ναοῦ
2420 1054 2515 1126 μὶν
2547 1052 2672 1109 οὐδὲ
2731 1052 2783 1124 ἐξ
2842 1052 3014 1128 ἰχνῶν
3050 1052 3459 1126 γινωσκομένου
3490 1054 3649 1122 (orat.
3682 1069 3775 1109 ca-

2129 1144 2270 1199 tech.
2304 1161 2431 1217 cap.
2469 1144 2556 1209 18,
2589 1150 2730 1200 tom.
2765 1146 2859 1211 ΙΙΙ,
2888 1162 2947 1216 p.
2999 1147 3111 1214 75).
3143 1143 3381 1211 Quinto,
3413 1143 3637 1199 bellum
3662 1141 3776 1213 [CI]

2128 1238 2255 1288 erat
2282 1235 2340 1288 in
2376 1233 2798 1306 Mesopotamia
2826 1235 3122 1289 Romanos
3154 1233 3311 1288 inter
3340 1237 3399 1286 et
3424 1234 3632 1288 Persas
3657 1235 3774 1287 cat.

2131 1326 2217 1391 15,
2251 1340 2312 1378 n.
2345 1326 2398 1391 6,
2427 1324 2586 1395 quod
2615 1340 2751 1379 cum
2783 1328 2905 1380 toto
2947 1323 3071 1379 fere
3101 1322 3433 1379 Constantii
3465 1326 3526 1377 et
3553 1321 3773 1377 Iuliani

2128 1412 2379 1484 imperio
2412 1414 2896 1484 perseveraverit,
2948 1412 3128 1484 hujus
3174 1417 3366 1467 morte
3397 1416 3457 1467 et
3481 1410 3637 1467 fceda
3667 1409 3773 1466 sed

2128 1502 2467 1558 necessaria
2491 1502 2715 1558 Joviani
2760 1504 3035 1575 pactione
3093 1519 3192 1559 an.
3254 1504 3354 1557 363
3386 1501 3774 1557 terminatum

2129 1598 2237 1647 est.

2200 1685 2285 1737 11.
2318 1681 2510 1747 Sexto,
2535 1698 2671 1738 cum
2700 1688 2908 1738 auctor
2935 1688 3208 1738 accurate
3243 1686 3552 1737 recenseat
3580 1681 3775 1735 bmre-

2127 1786 2221 1825 ses
2235 1786 2443 1825 omnes
2461 1770 2620 1827 circa
2630 1778 3048 1844 argumentum
3061 1770 3220 1841 quod
3238 1769 3525 1826 tractabat
3546 1775 3776 1836 enatus,

2121 1875 2242 1914 non
2265 1859 2414 1916 alias
2437 1867 2714 1916 numerat
2733 1878 2913 1931 quam
2936 1862 3289 1916 vetustiores
3306 1859 3439 1916 illas
3461 1859 3663 1931 primi,
3684 1875 3780 1914 se—

2120 1948 2300 2004 cundi
2334 1954 2393 2004 et
2420 1950 2579 2004 tertii
2612 1950 2835 2015 saeculi,
2867 1957 3044 2021 atque
3095 1951 3155 2005 in
3208 1949 3571 2006 Manichaica
3603 1947 3779 2019 quasi

2120 2038 2387 2093 omnium
2417 2040 2765 2094 recentiore.
2788 2040 3200 2096 recensionem
3223 2055 3393 2095 suam
3414 2037 3774 2095 concludere

2118 2127 2287 2182 solet.
2320 2127 2445 2182 Vid.
2474 2134 2587 2184 cat.
2622 2132 2676 2193 6,
2708 2146 2768 2184 n.
2800 2132 2890 2193 20,
2924 2135 2984 2185 et
3027 2135 3139 2185 cat.
3174 2132 3259 2187 16.
3303 2145 3363 2184 n.
3396 2131 3449 2185 9.
3484 2126 3778 2183 Sabellia-

2120 2231 2333 2271 norum
2366 2234 2601 2288 quoque
2632 2218 2927 2282 meminit,
2971 2224 3030 2273 et
3074 2219 3431 2273 Arianorum
3460 2216 3635 2288 quasi
3667 2231 3775 2273 suo

2121 2309 2387 2377 tempore
2420 2312 2601 2363 totam
2634 2325 2784 2380 pene
2827 2308 3150 2364 Ecclesiam
3181 2308 3624 2379 occupantium,
3660 2310 3772 2363 cat.

2119 2397 2173 2460 4,
2208 2411 2267 2449 n.
2299 2396 2350 2458 8,
2384 2401 2496 2452 cat.
2536 2401 2622 2464 15,
2655 2414 2716 2453 n.
2752 2401 2838 2460 10.
2871 2405 2931 2453 et
2968 2397 3102 2453 aliis
3133 2398 3195 2453 in
3224 2397 3413 2463 locis;
3446 2413 3578 2468 quin
3609 2395 3776 2450 vide-

2121 2483 2262 2539 licet
2289 2486 2511 2556 optime
2534 2486 2594 2541 in
2619 2488 2877 2558 priorem
2904 2488 3069 2542 illam
3095 2488 3288 2558 quarti
3314 2485 3512 2542 seaculi
3537 2490 3772 2557 partem

2119 2574 2515 2629 conveniunt:
2549 2592 2685 2631 cum
2716 2576 2990 2631 videlicet
3013 2575 3201 2633 divisa
3219 2592 3373 2648 pene
3403 2575 3477 2630 ob
3506 2573 3769 2630 consub-

2121 2663 2401 2734 stpntiale
2434 2664 2495 2719 in
2525 2665 2674 2721 duas
2699 2672 2897 2736 partes
2927 2666 3210 2733 Ecclesia,
3243 2665 3433 2722 altera
3459 2680 3598 2736 pars
3627 2663 3771 2720 alte-

2119 2767 2246 2806 ram
2277 2753 2523 2809 diversaa
2546 2759 2603 2810 et
2623 2757 2906 2827 opposita)
2933 2756 3179 2812 heeresis
3210 2755 3664 2812 insimulatione
3690 2754 3772 2808 vi-

2118 2842 2319 2897 cissim
2348 2844 2780 2916 insequeretur.
2815 2847 3095 2902 Arianam
3116 2846 3392 2903 bmresim
3424 2863 3493 2902 ex
3524 2845 3773 2901 nomine

2115 2947 2444 3004 numquam
2467 2935 2857 3007 appellat.sed
2882 2952 3012 2992 eam
3035 2942 3188 2992 tecte
3210 2936 3410 2991 doceri
3432 2940 3492 2991 et
3511 2934 3773 3008 grassari

2118 3022 2406 3091 queritur.
2440 3025 2618 3079 Pauci
2672 3040 2874 3081 revera
2931 3030 3104 3081 erant
3162 3026 3264 3081 illo
3303 3030 3573 3096 tempore
3603 3040 3772 3095 puras

2116 3110 2348 3166 Arianaa
2372 3113 2614 3169 haeresis
2634 3114 3022 3185 professores,
3043 3115 3204 3186 iique
3221 3114 3293 3170 ab
3312 3114 3575 3170 Ecclesia
3591 3114 3643 3184 ej
3657 3113 3769 3169 ecti

2116 3205 2173 3253 et
2203 3200 2476 3258 latentes.
2511 3202 2622 3259 Sed
2671 3209 2805 3275 post
2850 3204 3113 3258 medium
3172 3209 3448 3275 quartum
3479 3202 3769 3258 saaculum

2120 3296 2320 3361 aperte
2352 3298 2530 3363 caput
2558 3309 2871 3348 exseruere
2898 3310 2911 3347 :
2961 3293 3152 3364 iisque
3198 3309 3260 3348 se
3288 3291 3634 3366 gravissime
3668 3307 3775 3362 op—

2122 3379 2603 3451 posuitCyrillus.
2620 3384 2837 3436 Eorum
2856 3381 3258 3453 blasphemias
3276 3380 3498 3452 passim
3522 3378 3765 3434 refellit.

2121 3469 2201 3522 De
2223 3468 2664 3526 substilioribus
2693 3470 2920 3526 cavillis
2941 3470 3014 3525 ab
3038 3471 3124 3526 eis
3147 3486 3265 3526 non
3298 3469 3488 3525 multo
3519 3474 3658 3539 post
3685 3467 3770 3523 in-

2120 3560 2309 3615 ventis
2339 3561 2493 3615 silet.
2528 3562 2607 3616 De
2642 3562 2874 3617 Arianis
2918 3568 2978 3616 et
3024 3577 3229 3617 eorum
3259 3559 3769 3633 oppugnatoribus

2123 3649 2208 3705 sic
2237 3650 2503 3721 loquitur
2521 3656 2633 3707 cat.
2661 3655 2747 3719 15,
2773 3668 2831 3706 n.
2857 3653 2914 3720 7,
2936 3652 3108 3722 quasi
3129 3652 3191 3709 in
3213 3651 3481 3722 utrisque
3512 3648 3694 3721 culpa
3713 3652 3771 3703 et

2119 3737 2447 3795 fraternum
2469 3740 2669 3796 odium
2689 3740 2979 3796 hmsisset.
3000 3740 3163 3796 Haud
3187 3756 3328 3795 sane
3348 3746 3486 3811 post
3505 3754 3612 3794 sua
3634 3751 3770 3794 cum

2121 3828 2333 3884 Acacio
2367 3829 2613 3884 dissidia
2660 3830 2743 3885 ita
2793 3829 2978 3885 fuisse
3035 3830 3370 3885 locuturum
3417 3833 3578 3901 puto.
3612 3831 3768 3883 Ante

2121 3917 2247 3973 hinc
2277 3923 2545 3990 tempora
2593 3919 2772 3991 igitur
2828 3919 3063 3975 dicebat
3110 3919 3471 3975 catecheses.
3506 3916 3769 3973 Marcelli

2120 4007 2396 4063 haeresim
2429 4014 2711 4079 tanquam
2766 4026 2954 4065 recens
3009 4016 3226 4066 enatam
3283 4008 3489 4065 scribit
3530 4012 3646 4063 cat.
3682 4010 3767 4074 15,

2121 4113 2159 4151 n
2190 4099 2279 4165 27,
2310 4094 2634 4171 προσφάτως
2666 4095 3121 4173 ἆναφυεῖσαᾘωο
3151 4104 3347 4154 autem
3381 4113 3478 4153 an.
3510 4098 3613 4152 335
3648 4096 3766 4169 pri-

2120 4202 2283 4240 mum
2317 4186 2537 4242 audita.
2572 4187 3250 4251 Pneumatomachorum
3281 4187 3371 4242 vel
3407 4185 3769 4258 Apollinari-

2120 4280 2345 4330 starum
2376 4274 2544 4330 nulla
2580 4275 2827 4339 mentio,
2876 4293 3220 4348 quanquam
3252 4277 3345 4339 iis,
3378 4282 3769 4347 posteaquam

2119 4364 2413 4436 prodiere,
2444 4363 2699 4436 Cyrillus
2729 4365 2988 4420 maxime
3018 4365 3288 4421 infensus
3318 4365 3448 4420 fuit.
3482 4365 3767 4436 Septimo,

2118 4453 2318 4509 nullos
2348 4458 2621 4508 auctores
2641 4453 2785 4508 citat
2811 4454 2926 4508 nisi
2958 4460 3243 4523 vetustos,
3264 4454 3629 4510 Clementem
3656 4456 3768 4508 Bo-

358 4559 430 4613 iis
450 4543 1529 4627 imperatoribus,quiResurrectionis
1544 4541 1854 4597 ecclesiam
1869 4538 2003 4593 aadi-
2034 4535 2079 4599 D
2112 4559 2377 4611 manum,
2414 4547 2472 4597 et
2494 4543 2804 4597 Irenmum,
2840 4544 3036 4598 Utitur
3064 4544 3242 4600 etiam
3272 4544 3502 4600 ,ιιιειίηο
3535 4543 3773 4606 Arche.

360 4647 817 4707 ficaverant,cat.
832 4646 849 4694 1
864 4642 1011 4696 t.n.1
1025 4640 1110 4691 4.‹‹
1123 4636 1308 4704 Hujus
1322 4631 2009 4703 temporisimperatores

362 4758 389 4786 «
422 4740 691 4790 sanctam
726 4733 898 4796 hanc,
923 4730 985 4783 in
1016 4741 1133 4797 qua
1160 4739 1386 4788 sumus,
1413 4718 1882 4776 Hesurrectionis
1912 4733 2009 4772 ec-

360 4849 386 4875 ‹‹
420 4824 665 4879 clesiam
698 4822 1135 4875 exstruxerunt.
1171 4837 1198 4863 ››
1247 4813 1406 4867 Hanc
1438 4815 1636 4865 autem
1664 4807 2008 4863 aadiflcatio-

360 4930 495 4968 nem
520 4918 573 4967 et
595 4908 1041 4965 exornationem
1060 4902 1444 4959 Constantino
1458 4900 1584 4971 jam
1608 4897 1888 4952 defuncto
1910 4896 2013 4950 tri-

360 5003 485 5058 buit
506 5019 564 5056 n.
590 5004 676 5054 22.
698 4998 978 5069 Loquitur
1000 5011 1134 5067 ergo
1153 4994 1213 5048 in
1232 4993 1363 5047 loco
1387 4990 1564 5045 citato
1591 5005 1657 5042 ex
1679 4987 1920 5043 num.”
1936 4985 2008 5041 de

358 5092 497 5148 filiis
521 5088 914 5155 Constantini,
935 5085 1277 5143 Constantio
1303 5087 1361 5137 et
1380 5082 1732 5144 Constante;
1753 5093 2009 5147 cumque

357 5184 647 5238 Constans
680 5179 756 5234 sit
785 5177 927 5232 anni
959 5178 1062 5229 350
1092 5174 1263 5227 initio
1284 5175 1571 5233 mortuus,
1596 5173 1731 5223 ante
1764 5167 1824 5221 id
1852 5172 2004 5221 tem-

358 5287 470 5343 pus
496 5270 745 5341 scriptas
777 5283 906 5322 esse
937 5264 1276 5320 catecheses
1306 5275 1548 5314 necesse
1579 5264 1688 5313 est.
1727 5256 2011 5327 Loquitur

357 5364 579 5433 procat.
600 5374 762 5413 num.
787 5361 870 5424 16,
886 5356 956 5411 de
974 5353 1206 5409 balneis
1228 5365 1438 5405 recens
1458 5348 1840 5418 JerOsolymaa
1865 5344 2007 5401 tedi-

358 5450 548 5506 ficatis
597 5448 741 5522 ἄρτι,
797 5452 856 5501 et
915 5449 1027 5500 cat.
1082 5446 1168 5501 14,
1222 5456 1385 5494 num.
1419 5442 1471 5504 9,
1505 5437 1576 5493 de
1619 5435 2007 5492 antemurali-

354 5540 466 5594 bus
500 5543 705 5611 postea
735 5535 865 5591 urbi
899 5532 1136 5588 additis.
1194 5531 1437 5594 Quarto,
1488 5526 1727 5581 stabant
1756 5540 1825 5578 eo
1858 5529 2010 5577 tem-

354 5647 498 5704 pore
528 5628 780 5703 grandia
804 5624 1011 5696 templi
1032 5622 1269 5689 rudera,
1291 5636 1411 5675 non
1442 5617 1755 5675 exterioris
1777 5620 2009 5671 tantum

2115 4632 2231 4695 lao,
2265 4630 2519 4687 Eusebio
2541 4630 2889 4687 Caesariensi
2923 4650 2936 4686 :
2985 4633 3089 4688 sed
3119 4634 3356 4690 nullum
3392 4632 3648 4689 Eusebio
3679 4648 3774 4687 re-

2116 4721 2440 4777 centiorem
2470 4718 2561 4774 vel
2592 4719 2837 4775 citatum
2869 4722 2943 4775 ab
2966 4737 3035 4777 eo
3062 4723 3152 4777 vel
3180 4723 3574 4794 compilatum
3605 4736 3773 4792 repe-

2115 4811 2252 4866 rias.
2289 4811 2523 4874 Octavo,
2558 4825 2676 4878 quo
2713 4814 2979 4880 tempore
3010 4810 3184 4866 dictas
3216 4812 3582 4873 catecheses.
3617 4824 3772 4864 com-

2114 4899 2321 4956 munia
2351 4902 2519 4953 erant
2559 4898 2620 4951 in
2664 4898 2929 4954 Ecclesia
2983 4900 3385 4963 sanationum,
3419 4898 3767 4971 prophetiae,

2114 4987 2660 5058 miraculorumque
2684 4986 3001 5044 dona.Haac
3022 4989 3081 5043 in
3102 4989 3456 5060 baptismate
3478 5005 3584 5059 pro
3608 5003 3769 5042 men-

2117 5095 2255 5135 sura
2273 5076 2409 5131 fidei
2432 5081 2491 5131 et
2512 5075 2922 5147 dispositionis
2942 5078 3235 5148 cujusque
3253 5077 3461 5133 donari
3491 5092 3771 5133 consues-

2117 5185 2200 5234 se,
2233 5182 2353 5222 non
2383 5181 2505 5220 uno
2536 5164 2666 5220 loco
2698 5170 2950 5220 testatur
3001 5174 3228 5223 auctor.
3290 5167 3428 5222 Vide
3471 5163 3767 5238 imprimis

2118 5262 2230 5312 cat.
2268 5259 2316 5309 1.
2351 5270 2411 5308 n.
2445 5256 2499 5320 5,
2526 5254 2586 5308 in
2619 5270 2737 5325 qua
2766 5254 3180 5311 remissionem
3224 5262 3601 5327 peccatorum
3649 5269 3771 5309 om-

2117 5344 2294 5400 nibus
2324 5359 2395 5398 ex
2424 5357 2593 5412 aequo
2644 5341 2769 5397 dari
2820 5343 2921 5408 ait,
2975 5345 3581 5400 communicationem
3628 5358 3763 5397 vere

2118 5433 2371 5505 Spiritus
2392 5431 2578 5487 sancti
2610 5431 2940 5486 secundum
2955 5434 3401 5504 proportionem
3425 5432 3563 5488 fldei
3586 5432 3762 5487 unius

2116 5523 2426 5594 cujusque.
2450 5520 2510 5574 Si
2538 5518 2857 5585 credideris,
2891 5520 3107 5593 inquit,
3171 5528 3281 5577 cat.
3324 5526 3404 5583 l7.
3440 5539 3497 5577 n.
3535 5523 3623 5583 36,
3656 5536 3765 5576 non

2114 5612 2287 5670 solum
2341 5609 2717 5664 remissionem
2798 5617 3158 5678 peccatorum
3239 5613 3493 5683 accipies,
3579 5624 3770 5667 verum
