4090 6268
278 330 388 388 I33

1682 321 2206 385 DISSERTATIO
2247 321 2328 385 ll.

3576 339 3699 398 134

268 464 433 517 etiam
497 461 760 517 humanis
814 459 1022 514 viribus
1075 460 1364 528 superiora
1421 458 1641 528 efﬁcies.
1705 457 1929 513 Utinam
1958 458 2009 525 Α
2047 457 2150 512 347
2180 458 2274 513 vel
2304 458 2429 528 348,
2466 477 2582 532 quo
2615 464 2954 521 catecheses
2985 465 3235 535 dicebat,
3265 484 3455 525 annos
3514 477 3693 529 natus

267 568 391 607 vero
420 555 593 607 etiam
612 551 925 622 prophetiae
946 551 1087 605 dono
1116 548 1320 620 dignus
1349 549 1623 604 habeare!
1674 549 1928 617 Accipies

268 649 481 697 tantum
534 648 756 710 gratia,
808 647 1079 711 quantum
1136 656 1332 710 capere
1382 641 1605 709 poteris,
1688 644 1741 692 et
1818 652 1931 691 non

265 738 539 801 quantum
569 745 671 800 ego
702 729 869 784 dico:
915 731 1037 799 ﬁeri
1085 729 1233 783 enim
1278 734 1460 798 potest
1508 744 1591 782 me
1624 743 1805 797 parva
1843 727 1928 781 di-

269 836 409 879 cere.
442 827 492 874 te
544 835 672 875 vero
730 820 951 890 majora
1004 825 1308 888 reportare.
1357 818 1427 871 Et
1456 821 1568 872 cat.
1606 817 1692 881 13,
1727 832 1788 870 n.
1834 816 1925 879 23,

274 909 495 978 Accipis
539 923 689 961 nunc
741 914 1101 977 peccatorum
1160 913 1382 961 tuorum
1437 906 1830 968 remissionem,
1876 909 1929 958 et

269 996 581 1067 spiritualis
611 998 867 1051 donativi
892 998 1040 1066 regis
1065 998 1149 1050 tui
1172 996 1458 1063 muniﬁcas
1520 996 1751 1063 gratias.
1802 994 1924 1047 Cat.

273 1088 326 1149 5,
358 1101 527 1139 num.
564 1089 649 1146 11.
683 1085 972 1141 distincta
1001 1084 1224 1156 duplici
1260 1083 1397 1149 ﬁde,
1432 1099 1554 1138 una
1584 1081 1929 1151 dogmatum

272 1179 329 1228 et
354 1175 786 1229 miraculorum
818 1176 1027 1240 altera,
1055 1175 1387 1230 auditorem
1411 1175 1681 1229 hortatur
1710 1180 1775 1227 ut
1803 1172 1925 1244 pri-

276 1279 433 1318 mam
460 1281 596 1334 qua
623 1264 696 1318 ab
730 1281 985 1319 assensu
1014 1265 1142 1336 ejus
1173 1263 1415 1335 pendet,
1448 1279 1517 1317 ex
1548 1279 1610 1317 se
1634 1261 1925 1317 submini‘

272 1359 438 1419 stret,
463 1353 721 1408 alteram
747 1371 881 1425 qua
905 1354 1212 1425 superiora
1241 1353 1520 1408 humanis
1545 1351 1767 1406 viribus
1797 1365 1928 1405 mo-

272 1440 429 1505 litur,
465 1447 825 1512 accept.1rus
856 1458 889 1496 a
919 1442 1055 1495 Deo.
1090 1441 1212 1496 Cat.
1250 1443 1334 1502 10.
1366 1458 1427 1495 n.
1463 1441 1547 1501 13,
1588 1439 1673 1495 ait
1700 1440 1929 1494 invoca-

270 1532 430 1585 tione
460 1531 681 1586 Christi
716 1548 872 1601 sape
904 1530 1145 1585 morbos
1174 1530 1389 1585 curari.
1424 1530 1545 1584 Cat.
1598 1530 1683 1593 13,
1739 1544 1799 1582 n.
1832 1530 1923 1595 4-0,

269 1626 524 1674 testatur
545 1621 717 1693 signo
740 1620 936 1675 crucis
959 1637 1064 1675 suo
1090 1625 1354 1690 tempore
1378 1618 1492 1692 [CII
1497 1622 1512 1688 J
1544 1618 1742 1673 sanari
1765 1633 1922 1672 mor-

269 1710 375 1763 bos
408 1710 660 1781 et'l'ugari
712 1709 1036 1778 damones,
1096 1709 1515 1764 veneﬁciorum
1569 1706 1921 1761 incantatio-

269 1815 540 1870 numque
574 1800 939 1870 imposturas
970 1798 1168 1853 everti.
1203 1799 1280 1853 De
1341 1796 1609 1869 ejusdem
1660 1796 1810 1868 signi
1848 1795 1922 1851 ad
1958 1829 2002 1893 Β

268 1887 580 1942 damones
614 1887 938 1959 abigendos
970 1887 1246 1958 prasenti
1279 1888 1514 1953 virtute,
1558 1886 1920 1941 exorcismo-

267 1996 527 2051 rumque
551 1980 612 2033 in
632 1996 760 2033 eam
786 1995 913 2034 rem
944 1978 1228 2045 efﬁcacia,
1252 1978 1519 2049 loquitur
1540 1977 1920 2049 passim.Vid.

265 2077 378 2125 cat.
410 2072 467 2135 4,
504 2085 565 2124 n.
606 2071 691 2134 l3,
725 2074 838 2125 cat.
871 2071 953 2130 i3,
986 2086 1043 2123 n.
1081 2071 1132 2130 3.
1168 2071 1255 2133 36,
1301 2073 1413 2124 cat.
1469 2071 1554 2136 l6,
1604 2084 1662 2121 n.
1711 2067 1796 2122 19.
1851 2070 1924 2121 At

263 2175 330 2213 ea
359 2158 523 2213 dona
554 2164 765 2230 quarto
801 2157 1015 2213 saculo
1049 2163 1251 2213 exacto
1282 2158 1401 2227 iam
1434 2173 1565 2211 rara
1595 2161 1782 2211 erant.
1809 2155 1922 2210 De—

261 2248 446 2319 nique
481 2248 602 2303 alia
631 2247 938 2302 vetustatis
971 2248 1190 2302 indicia
1212 2248 1273 2301 in
1295 2245 1713 2301 Catechesibus
1734 2245 1920 2300 inter-

264 2338 513 2403 micant,
547 2336 825 2409 publicus
880 2335 1177 2391 idolorum
1225 2336 1439 2403 cultus,
1487 2334 1919 2407 gentiliumque

262 2428 459 2482 irrisio
484 2426 795 2500 religionis
817 2427 1164 2482 Christiana
1190 2444 1203 2493 ;
1229 2426 1688 2498 Quadragesima
1707 2423 1917 2478 diebus

262 2526 551 2573 constans
585 2523 816 2571 tantum
846 2519 935 2581 40,
964 2534 1095 2572 cum
1121 2518 1248 2589 jam
1299 2516 1446 2571 sexti
1494 2515 1693 2570 saculi
1745 2513 1916 2568 initio

259 2609 655 2681 Jerosolymis
679 2606 1152 2662 hebdomadibus
1174 2611 1399 2678 septem
1422 2605 1918 2675 constaret;Sym-

262 2698 465 2753 bolum
500 2697 816 2769 antiquum
850 2713 883 2752 a
928 2696 1145 2768 Cyrillo
1197 2695 1549 2767 expositum,
1599 2692 1755 2765 quod
1807 2691 1915 2747 sub

263 2787 443 2840 ﬁnem
480 2785 677 2856 quinti
711 2784 912 2840 saculi
935 2785 1062 2855 jam
1097 2784 1332 2838 Nicano
1362 2782 1451 2837 vel
1490 2781 1915 2838 Constantino-

262 2875 529 2947 politano
563 2880 995 2929 commutatum
1030 2879 1192 2939 erat;
1227 2871 1623 2927 sacerdotium
1682 2870 1913 2925 Christo

257 2963 327 3018 ab
352 2970 583 3019 aterno
611 2962 930 3030 tributum;
955 2961 1354 3029 asserta'Filii,
1374 2961 1552 3016 etiam
1584 2959 1911 3014 secundum

253 3051 633 3107 divinitatem
655 3051 812 3106 Patri
835 3050 1165 3106 obedientis
1181 3050 1501 3123 subjectio;
1527 3064 1658 3120 qua
1678 3046 1767 3101 vix
1782 3051 1914 3118 post

254 3142 518 3197 medium
548 3141 838 3197 saculum
870 3147 1145 3212 quartum
1179 3140 1336 3213 apud
1394 3135 1717 3195 catholicos
1772 3137 1913 3193 scri-

254 3236 453 3302 ptores
467 3230 1123 3303 auditazpratermissio
1140 3246 1347 3286 vocum
1362 3228 1908 3296 consubstantialis,

254 3321 672 3393 hypostaseos,
707 3338 998 3392 persona,
1032 3321 1461 3391 similiumque,
1504 3337 1633 3391 qua
1686 3336 1753 3375 eo
1779 3319 1908 3391 jam

253 3417 526 3485 tempore
559 3411 929 3480 communia,
963 3412 1127 3468 nullo
1156 3416 1291 3484 post
1322 3410 1601 3466 saculum
1637 3415 1913 3481 quartum

253 3500 311 3555 in
340 3518 527 3574 opere
560 3502 897 3576 theologico
930 3506 1380 3574 praetereuntur.
1400 3500 1500 3555 His
1521 3499 1910 3572 argumentis,

254 3593 413 3648 etiis
446 3591 860 3664 potissimum,
922 3609 1052 3663 qua
1111 3592 1328 3664 primo,
1383 3588 1665 3655 secundo,
1716 3589 1911 3655 tertio,

252 3690 542 3756 sextoque
565 3682 698 3738 loco
719 3700 850 3738 com
861 3700 951 3739 me
962 3680 1531 3750 morantur,abunde
1550 3680 1916 3736 demonstra-

252 3781 374 3830 tum
399 3779 546 3847 puto
575 3773 927 3830 Catecbeses
950 3779 1087 3829 ante
1111 3790 1335 3829 annum
1354 3774 1457 3827 350
1480 3771 1729 3842 scriptas
1753 3786 1911 3838 esse;

259 3882 373 3935 quo
397 3863 651 3936 pracise
676 3879 832 3917 anno
858 3862 1278 3933 consignanda
1312 3861 1449 3929 sint,
1485 3860 1675 3932 capite
1707 3859 1915 3929 quinto

259 3952 721 4026 disputabimus.
758 3952 1001 4007 Interim
1036 3951 1180 4023 quid
1210 3952 1446 4007 Hivetus
1465 3950 1536 4005 ad
1559 3946 1916 4004 auferendas

253 4041 475 4113 Cyrillo
506 4040 881 4107 Catecheses,
914 4039 1003 4096 vel
1038 4040 1435 4113 corruptionis
1478 4035 1916 4093 insimulandas

251 4131 511 4187 adducat
542 4128 1003 4202 explorandum.

328 4224 414 4275 l2.
452 4218 612 4273 Nihil
643 4219 841 4273 all‘erri
899 4223 1132 4290 poterat
1187 4216 1376 4272 levius
1429 4220 1607 4287 atque
1658 4214 1913 4272 futilius.

257 4310 461 4365 Primo
490 4307 606 4363 sibi
638 4324 793 4380 agre
814 4306 1135 4379 persuadet
1159 4305 1721 4362 catechumenorum
1745 4303 1918 4359 insti-

257 4401 553 4455 tutionem
570 4397 868 4470 publicam
883 4398 954 4452 iis
970 4395 1339 4469 temporibus
1352 4394 1716 4450 adolescenti
1735 4394 1917 4448 fuisse

261 4487 668 4544 commissam.
704 4486 978 4542 Afﬁrmat
1009 4493 1207 4541 tamen
1231 4485 1624 4556 Hieronymus
1648 4482 1734 4536 illi
1758 4482 1916 4537 atati

2039 547 2241 603 minus
2274 550 2519 621 triginta
2548 568 2668 608 non
2694 560 2822 610 erat
2847 574 2861 622 ;
2886 572 3005 625 qua
3035 563 3206 612 atate
3231 574 3541 615 successor
3562 563 3693 634 ejus

2038 636 2297 693 Joannes
2325 640 2400 694 ad
2434 641 2841 714 episcopatum
2873 650 3110 701 evectus
3168 653 3275 715 est,
3330 649 3688 721 Hieronymo

2042 730 2188 780 teste
2218 744 2310 799 ep.
2346 730 2423 786 al.
2456 733 2545 797 61,
2578 749 2740 789 nunc
2770 735 2856 787 38.
2893 735 3035 800 Quis
3064 736 3380 805 mirabitur
3438 741 3491 794 ei
3544 757 3689 811 pre-

2040 814 2275 885 sbytero
2306 819 2593 876 creditam
2621 824 3008 880 catecheseon
3030 825 3439 882 habendarum
3460 845 3684 896 curam,

2038 904 2131 958 cui
2155 921 2312 961 anno
2342 910 2606 966 secundo
2627 911 2718 967 vel
2739 912 2814 968 ad
2841 930 3145 969 summum
3174 916 3348 971 tertio
3372 923 3523 987 post,
3558 934 3689 972 crc-

2037 992 2194 1048 ditus
2216 995 2382 1051 urbis
2405 998 2779 1071 episcOpatus
2797 1003 2824 1057 ?
2842 1002 3033 1059 factus
3056 1010 3146 1060 est
3166 1022 3263 1060 an.
3293 1007 3417 1073 350,
3442 1006 3533 1061 vel
3560 1008 3685 1074 351,

2038 1083 2369 1156 episcopus.
2401 1089 2526 1142 Non
2558 1096 2788 1159 poterat
2816 1108 2911 1148 an.
2946 1094 3048 1147 348
3070 1095 3460 1150 catecheseon
3482 1112 3685 1151 curam

2038 1173 2388 1244 suscipere?
2416 1177 2512 1232 Ait
2541 1180 2801 1234 secundo
2858 1182 3096 1238 Rivetus
3146 1184 3431 1255 Cyrillum
3483 1185 3682 1239 Hiero~

2035 1277 2214 1332 nymo
2250 1269 2395 1319 teste
2427 1268 2766 1324 catecheses
2792 1274 3192 1340 composuisse;
3223 1278 3457 1328 nostras
3486 1278 3685 1328 autem

2037 1354 2517 1423 extemporaliter
2547 1359 2960 1427 prouuutiatas
2993 1366 3052 1415 et
3080 1361 3152 1416 ab
3184 1378 3285 1417 ore
3310 1362 3563 1417 dicentis
3585 1379 3685 1417 ex-

2035 1443 2235 1507 ceptas
2262 1457 2276 1505 ;
2310 1442 2467 1511 quod
2500 1448 2700 1499 tamen
2733 1445 2806 1500 de
2836 1446 3215 1504 adolescente
3239 1449 3350 1505 sibi
3376 1466 3527 1521 agre
3550 1466 3682 1521 per-

2036 1527 2267 1583 suadet.
2303 1529 2556 1598 Scilicet,
2592 1534 2639 1587 si
2674 1534 2938 1591 Rivetum
2971 1538 3303 1603 audiamus,
3336 1538 3685 1610 negabimus

2035 1615 2379 1673 Ciceronem
2399 1620 2771 1679 Catilinarias
2795 1626 3097 1681 orationes
3130 1627 3511 1697 composuisse,
3546 1628 3686 1697 quia

2033 1720 2104 1758 ex
2136 1710 2401 1778 tempore
2434 1711 2644 1766 effudit
2698 1715 2833 1769 Esto
2867 1720 3090 1782 tamen,
3125 1723 3190 1771 ut
3221 1718 3516 1787 composita
3567 1715 3684 1770 dici

2034 1810 2153 1848 non
2179 1798 2528 1869 possit,qua
2552 1803 2972 1873 extemporalis
2995 1811 3087 1860 est
3107 1811 3165 1859 et
3185 1805 3353 1860 nulla
3374 1804 3684 1876 pramedi-

2037 1883 2256 1939 tatione
2291 1885 2495 1943 habita
2523 1890 2732 1957 oratio,
2766 1908 2887 1947 non
2919 1892 3081 1949 licuit
3115 1894 3472 1965 Hieronymo
3514 1894 3678 1966 igno-

2032 1987 2163 2028 rare
2195 1975 2396 2046 Cyrilli
2428 1979 2771 2035 catecheses
2801 1980 2989 2036 dictas
3020 1982 3184 2054 [Clll]
3217 1982 3401 2039 fuisse
3424 2000 3495 2038 ex
3526 1990 3679 2037 tem-

2032 2062 2222 2130 pore?
2270 2066 2411 2129 Quis
2468 2074 2667 2122 autem
2727 2070 2928 2125 Riveto
2981 2072 3336 2127 asseveravit
3390 2072 3678 2145 Cyrillum

2031 2156 2132 2205 aut
2163 2155 2504 2211 catecheses
2561 2174 2698 2212 suas
2750 2159 2910 2214 nulla
2966 2160 3159 2215 habita
3203 2161 3679 2232 prameditatione

2022 2244 2437 2311 pronuntiasse,
2470 2261 2581 2300 nec
2609 2252 2747 2304 ante
2777 2248 2981 2304 animo
3015 2249 3368 2305 meditatum
3406 2250 3589 2304 fuisse
3621 2254 3680 2303 et

2030 2328 2337 2385 ordinasse
2370 2331 2623 2390 dicenda
2646 2335 2674 2389 ?
2701 2342 2804 2391 aut
2832 2354 2978 2407 quas
3010 2338 3138 2393 sine
3166 2339 3387 2409 scripto
3418 2337 3674 2406 fuderat,

2028 2432 2148 2472 non
2172 2421 2704 2493 posteadigessisse
2726 2430 2785 2479 et
2805 2425 3020 2482 litteris
3037 2427 3419 2500 consignasse
3436 2427 3463 2481 ?
3481 2426 3675 2482 Tertio

2028 2506 2269 2562 tandem
2301 2509 2384 2563 ait
2412 2510 2472 2564 in
2503 2527 2614 2566 ms.
2650 2512 2779 2568 cod.
2807 2515 3186 2572 Bibliotheca
3206 2519 3560 2590 Augustana
3583 2532 3675 2570 ca-

2027 2596 2297 2654 techeses
2350 2600 2458 2651 τῶν
2522 2601 2909 2673 φωτιζομένων
2976 2607 3060 2670 18,
3148 2611 3207 2660 et
3278 2604 3673 2677 mytagogicas

2026 2685 2288 2756 quinque
2306 2687 2518 2743 Joanni
2542 2689 2775 2745 cuidam
2797 2692 3290 2763 Jerosolymitano
3314 2692 3513 2748 tribui.
3530 2693 3671 2763 Ejus

2024 2773 2134 2829 hac
2162 2776 2224 2830 in
2246 2792 2308 2831 re
2330 2777 2751 2850 negligentiam
2773 2783 2979 2850 miror,
3003 2800 3076 2838 ne
3108 2784 3326 2839 malam
3361 2782 3542 2837 ﬁdem
3569 2799 3669 2837 ac-

2024 2878 2247 2921 cusem.
2279 2866 2359 2920 Eo
2386 2867 2448 2921 in
2492 2868 2696 2925 codice
2748 2872 3086 2927 catecheses
3131 2871 3668 2927 illuminandorum

2023 2952 2173 3007 nulli
2204 2970 2399 3024 neque
2426 2957 2638 3012 Joanni
2670 2974 2861 3030 neque
2894 2960 3112 3031 Cyrillo
3146 2961 3508 3027 tribuuntur,
3566 2959 3671 3014 sed

2022 3042 2249 3098 Marcus
2299 3045 2594 3101 Welserus
2648 3063 2755 3102 sua
2807 3049 3157 3104 auctoritate
3215 3048 3667 3119 inscriptionem

2023 3132 2259 3202 posuit:
2314 3133 2672 3192 Catecheticae
2728 3136 3095 3192 institutiones
3151 3139 3390 3208 episcopi
3443 3139 3665 3191 Jeroso-

2024 3220 2301 3290 lymitani,
2332 3238 2493 3292 quem
2523 3224 2792 3294 Cyrillum
2823 3241 2930 3281 esse
2952 3233 3111 3295 puto.
3147 3228 3228 3281 Ex
3274 3225 3476 3281 codice
3508 3226 3670 3280 Gra-

2022 3326 2090 3365 co
2111 3309 2261 3366 forte
2284 3313 2542 3383 sumpsit
2569 3312 2744 3369 verba
2773 3315 3119 3373 catechetica
3148 3318 3524 3371 institutiones
3549 3316 3670 3385 epi-

2020 3398 2173 3470 scopi
2225 3402 2671 3471 Jerosolymitani
2729 3406 2999 3476 quamvis
3055 3406 3254 3462 Graca
3309 3422 3488 3460 verna
3546 3420 3666 3459 non

2022 3488 2298 3544 ascribat.
2333 3492 2552 3547 Revera
2581 3494 2991 3566 mystagogica
3022 3495 3083 3550 in
3128 3511 3196 3550 eo
3251 3494 3402 3550 libro
3452 3493 3664 3549 Joauni

2023 3576 2388 3646 tribuuntur,
2422 3579 2526 3634 sed
2556 3580 2629 3635 de
2662 3581 2755 3637 his
2787 3582 2961 3639 infra.

2094 3668 2179 3719 13.
2205 3668 2319 3721 Nec
2341 3666 2572 3725 felicior
2596 3670 2831 3727 Rivetus
2862 3672 2924 3726 in
2955 3673 3349 3745 Oppugnanda
3379 3672 3665 3728 Cateche-

2022 3770 2164 3809 seon
2196 3756 2553 3827 integritate.
2587 3758 2766 3814 Plura
2796 3776 2858 3815 se
2886 3763 3311 3817 assumentain
3344 3762 3429 3816 eis
3452 3762 3664 3831 depre-

2021 3844 2302 3899 hendisse
2325 3846 2590 3914 conﬁdit,
2614 3865 2740 3919 qua
2763 3865 2881 3904 non
2906 3866 2978 3904 ex
2999 3851 3542 3921 manuscriptorum
3566 3866 3661 3904 co-

2021 3933 2220 3989 dicum
2253 3936 2775 4005 pratermissione,
2810 3938 2945 4009 styli
2987 3938 3494 4005 dissimilitudine,
3528 3952 3664 3992 cum

2020 4023 2176 4079 veris
2197 4030 2256 4079 et
2275 4023 2452 4079 certis
2472 4024 2674 4094 Cyrilli
2697 4026 3013 4081 sententiis
3026 4028 3490 4099 comparatione,
3505 4026 3668 4081 aliis-

2023 4130 2088 4168 ve
2118 4113 2355 4169 critices
2385 4114 2751 4185 argumentis
2768 4115 3059 4181 aestimat;
3093 4115 3197 4171 sed
3223 4133 3293 4171 ex
3313 4115 3667 4188 prajudica-

2024 4203 2100 4258 tis
2130 4204 2255 4258 suis
2277 4202 2681 4274 opinionibus,
2708 4220 2855 4275 quas
2884 4205 3170 4275 Cyrillum
3194 4205 3410 4261 ladere
3427 4220 3548 4259 non
3569 4220 3669 4260 au-

2025 4308 2231 4347 surum
2262 4290 2445 4347 fuisse
2478 4292 2795 4363 supponit;
2825 4299 2883 4348 et
2912 4293 3017 4350 illo
3073 4294 3251 4351 unico
3292 4298 3665 4366 argumento,

2025 4380 2184 4453 quod
2215 4380 2496 4436 detractis
2526 4382 2601 4437 iis
2633 4383 2965 4453 sententiis,
2991 4400 3138 4455 quas
3163 4390 3392 4455 optaret
3420 4383 3668 4455 scriptas

2025 4486 2145 4526 non
2168 4470 2372 4539 fuisse,
2397 4471 2880 4543 maneatinteger
2900 4473 3159 4528 auctoris
3173 4489 3405 4539 sensus,
3439 4478 3498 4527 et
3524 4488 3666 4527 con-

256 4576 587 4648 proximus.
622 4574 824 4630 Riveto
856 4574 1026 4649 longe
1062 4574 1176 4629 ﬁde
1204 4555 1463 4646 dignior.
1488 4571 1640 4637 Quin
1672 4571 1908 4626 Hivetus
1941 4555 1986 4619 D
2024 4564 2217 4649 textus
2239 4559 2438 4615 series.
2476 4560 2519 4614 Ο
2549 4560 2955 4649 admirabilem
2983 4562 3305 4627 licentiam,
3333 4567 3391 4617 et
3410 4562 3666 4617 misera-

258 4665 478 4737 ipsein
512 4662 927 4719 catechesibus
958 4663 1041 4718 ait
1086 4664 1323 4733 reperiri
1376 4678 1486 4715 non
1530 4676 1735 4731 pauca,
1784 4673 1913 4730 qua?

254 4754 633 4824 negligentius
675 4754 904 4822 scripta,
938 4753 1005 4806 ab
1036 4752 1376 4807 adolescente
1404 4750 1696 4805 videantur
1719 4751 1911 4818 profe-

252 4849 361 4905 cta,
395 4849 448 4897 et
478 4859 668 4897 carere
716 4858 780 4897 ea
819 4842 1029 4911 judicii
1073 4842 1356 4910 ﬁrmitate,
1400 4855 1565 4909 quam
1613 4840 1673 4892 in
1710 4853 1908 4907 prove-

254 4933 493 4987 ctiorum
523 4931 917 5001 scriptionibus
946 4930 1304 4984 observamus.
1363 4928 1573 4982 Fateor
1619 4941 1714 4980 me
1758 4924 1909 4980 nihil

255 5018 602 5091 hujusmodi
637 5019 939 5090 reperire:
972 5019 1075 5073 sed
1108 5034 1213 5073 suo
1247 5032 1307 5072 se
1341 5016 1466 5087 ipse
1498 5013 1693 5087 gladio
1724 5014 1905 5086 jugu-

248 5110 329 5165 lat
360 5110 625 5173 Rivetus,
659 5108 803 5164 dum
835 5114 1010 5180 negat
1045 5107 1434 5163 catecheseon
1467 5120 1668 5159 curam
1702 5102 1903 5158 adole-

246 5202 431 5257 scenti
466 5199 689 5274 Cyrillo
721 5200 1123 5266 commissam,
1158 5203 1216 5253 et
1246 5195 1591 5252 Catecheses
1616 5193 1744 5265 ejus
1762 5193 1907 5249 ado-

244 5290 527 5347 lescentis
568 5288 836 5344 hominis
868 5289 1110 5362 vestigia
1135 5302 1484 5343 conservare
1537 5285 1638 5339 ait.
1689 5283 1901 5340 Adole-

242 5396 388 5437 scens
422 5378 777 5449 Hieronymi
810 5395 918 5433 usu
950 5378 1256 5432 hominem
1314 5389 1606 5431 annorum
1656 5372 1902 5445 triginta

239 5477 293 5527 et
322 5486 510 5543 supra
563 5483 690 5523 non
725 5483 858 5522 raro
891 5466 1201 5539 significat.
1235 5465 1379 5521 Cum
1406 5462 1664 5537 Cyrillus
1696 5460 1902 5532 pristi-

233 5577 375 5619 num
407 5560 697 5615 locorum
731 5560 1070 5611 sanctorum
1102 5560 1321 5610 statum
1351 5557 1487 5608 ante
1545 5565 1748 5607 eorum
1798 5566 1901 5604 ex-

235 5649 666 5725 purgationem
722 5644 1100 5718 conspexerit
1152 5650 1212 5699 et
1267 5640 1700 5707 observaverit;
1743 5653 1900 5695 anno

2021 4648 2204 4704 bilem
2237 4649 2536 4704 inscitiam
2583 4648 2915 4705 disserendi
2943 4650 2955 4704 l
3007 4652 3145 4716 Qua
3193 4653 3342 4708 ratio
3375 4652 3423 4707 si
3454 4652 3665 4720 valeat,

2019 4738 2407 4809 parentheses
2438 4753 2671 4804 omnes,
2704 4740 3023 4811 ampliores
3054 4741 3320 4812 ejusdem
3357 4743 3667 4797 sententia

2023 4826 2454 4883 declarationes
2467 4827 3161 4895 etcontirmationes,etc.
3172 4830 3435 4902 ,quando
3447 4831 3522 4886 ad
3537 4831 3670 4885 libi-

2020 4923 2147 4972 tum
2168 4916 2348 4972 fuerit
2369 4917 2697 4971 assumenti
2723 4919 2967 4972 nomine
2989 4920 3666 4991 repudiare,etveterum

2018 5004 2764 5076 scriptalmpudentissime
2787 5023 3143 5079 concerpere
3168 5008 3511 5065 licebit.Sed
3528 5027 3663 5080 pro-

2017 5095 2211 5167 posita
2238 5093 2311 5149 ab
2335 5094 2463 5165 ipso
2485 5100 2967 5151 assumentorum
2989 5098 3263 5170 exempla
3297 5099 3548 5153 breviter
3563 5115 3665 5153 ex-

2015 5183 2366 5255 pendamus.
2389 5182 2654 5238 Primum
2677 5189 2767 5239 est
2798 5201 2865 5240 ex
2896 5192 3009 5241 cat.
3047 5190 3130 5255 l2,
3166 5204 3227 5242 n.
3263 5190 3351 5255 25,
3384 5205 3500 5258 quo
3531 5186 3660 5243 loco

2013 5275 2214 5329 Jesum
2244 5270 2455 5343 probat
2482 5271 2738 5342 Cyrillus
2769 5290 2837 5329 ex
2868 5276 3092 5348 virgine
3142 5277 3305 5332 nasci
3367 5277 3661 5343 decuisse,

2015 5360 2352 5434 quoniamii
2379 5360 2479 5430 qui
2502 5361 2563 5415 in
2587 5360 2774 5433 ipsius
2794 5363 2922 5435 lege
2949 5365 3347 5421 sacerdotium
3374 5366 3658 5437 praclare

2013 5451 2257 5517 obeunt,
2280 5466 2315 5504 a
2337 5449 2590 5505 muliere
2620 5451 2979 5510 abstineant.
3016 5454 3167 5510 lllud
3196 5455 3466 5525 praeclare
3488 5455 3535 5509 si
3564 5460 3651 5509 at-

2011 5539 2696 5611 tendisset,pepercisset
2707 5557 2849 5597 sane
2864 5544 3334 5615 sententia,qua
3348 5559 3477 5599 com
3488 5541 3653 5597 muni

2015 5632 2159 5689 licet
2184 5625 2572 5685 sacerdotalis
2600 5630 2981 5687 continentia
3002 5631 3419 5688 consuetudini
3450 5631 3656 5686 suﬂ'ra-
