4090 6268
401 346 520 407 135

1477 332 1582 392 DE
1626 322 2214 391 CATECHESIBUS
2258 321 2321 381 Β.
2370 321 2716 385 CYRILLI.

3690 311 3806 373 136

400 472 726 551 getur,eam
750 478 950 529 tamen
976 471 1048 527 ab
1068 466 1515 541 exceptionibus
1546 480 1665 520 non
1697 460 1943 518 omnino
1973 457 2049 513 li.
2082 457 2125 523 Α
2163 473 2277 508 σιον
2308 453 2369 509 in
2403 453 2636 510 diversa
2652 450 3017 523 exemplaria
3036 448 3276 521 irrepsit
3303 451 3417 502 cat.
3441 447 3495 513 4,
3526 462 3586 500 n.
3613 448 3668 514 '7,
3691 446 3804 500 cat.

395 550 602 623 beram
622 565 806 619 fuisse
837 561 1148 633 significat.
1184 557 1553 630 Pepercisset
1584 559 1643 609 et
1671 551 1840 607 alteri
1866 550 1928 604 in
1953 564 2046 603 ea-

398 655 532 711 dem
556 652 920 718 catechesi,n
950 648 1378 716 33,5ententize,
1404 646 1450 700 si
1476 658 1605 699 eam
1627 640 2040 703 intellexisset,

394 744 756 814 vidissetque
789 740 942 795 nihil
970 740 1032 793 in
1065 755 1134 794 ea
1162 737 1235 792 de
1266 737 1330 790 Β.
1372 734 1568 789 Mariae
1609 730 1852 804 virginis
1882 726 2045 783 cultu

397 839 457 889 et
484 831 861 886 veneratione
894 825 1206 883 contineri.
1245 823 1356 879 Sed
1389 818 1879 892 interpretatione
1924 832 2042 870 non

399 922 557 977 bona
585 920 888 991 deceptus,
923 922 982 970 et
1010 930 1250 970 sensum
1283 908 1407 984 ips'e
1464 907 1804 982 Cyrillianis
1852 904 2045 960 verbis

397 1011 637 1084 penitus
654 1006 978 1064 absurdum
993 1004 1380 1076 afﬁngens,ea
1397 999 1606 1055 merito
1621 996 2050 1069 qualiaperim-

399 1100 675 1172 peritiam
709 1096 1099 1168 concipiebat.
1134 1092 1457 1163 Cyrilliana
1478 1105 1607 1144 esse
1637 1087 2046 1157 negavitTres

400 1205 639 1261 quoque
660 1186 1012 1250 sententias,
1041 1197 1145 1238 seu
1168 1180 1438 1237 eamdem
1466 1177 1823 1234 sententiam
1844 1180 1933 1230 ter
1952 1191 2043 1230 re-

398 1279 670 1350 petitam,
703 1281 815 1331 cat.
848 1277 901 1341 4,
935 1291 995 1328 n.
1027 1276 1113 1338 10,
1147 1276 1259 1325 cat.
1298 1271 1382 1336 10,
1416 1285 1477 1323 n.
1516 1270 1602 1334 19,
1635 1271 1747 1321 cat.
1786 1266 1868 1333 13,
1895 1280 1956 1317 n.
1990 1265 2044 1327 4,

403 1367 475 1421 de
496 1366 656 1438 ligno
689 1365 882 1420 crucis
911 1359 1293 1431 Jerosolymis
1325 1362 1586 1421 ostenso,
1620 1361 1679 1409 et
1724 1356 1783 1408 in
1823 1352 2042 1406 hodier—

400 1473 535 1510 num
563 1471 732 1524 usque
761 1454 904 1508 diem
933 1454 1252 1514 asservato,
1285 1464 1403 1501 uno
1451 1446 1677 1517 impetu
1725 1445 2045 1514 oppugnat.

403 1545 690 1608 Primum,
712 1543 870 1614 quod
900 1540 1171 1596 fabulosa
1193 1539 1271 1594 sit
1299 1537 1490 1592 crucis
1522 1534 1630 1590 sub
1661 1532 2046 1589 Constantino

404 1634 667 1688 inventio
693 1638 750 1686 et
770 1631 1041 1686 detectio.
1076 1627 1366 1690 Secundo,
1403 1624 1560 1695 quod
1591 1622 1766 1678 verba
1792 1637 1963 1690 usque
1986 1619 2047 1673 in

402 1722 727 1776 hodiernum
758 1719 902 1772 diem
933 1716 1004 1771 de
1039 1714 1346 1787 prolixiori
1379 1711 1664 1783 temporis
1697 1708 1887 1780 spatio
1929 1706 2045 1761 dici

403 1810 783 1874 soleant,non
805 1808 877 1863 de
893 1806 1145 1862 breviori
1161 1822 1228 1860 ac
1242 1803 1443 1877 viginti
1467 1801 1704 1857 circiter
1724 1813 2042 1863 annorum,
2075 1822 2123 1886 Β

404 1899 564 1970 quod
594 1915 629 1953 a
656 1903 891 1969 reperta
920 1912 1094 1951 cruce
1127 1894 1199 1949 ad
1257 1892 1459 1965 Cyrilli
1510 1896 1745 1961 tempus
1795 1886 2041 1943 efﬂuxit.

405 1987 723 2042 Veritatem
755 1989 1004 2056 reperta)
1034 1983 1226 2039 crucis
1256 1998 1375 2037 uno
1405 1979 1643 2034 Eusebii
1678 1976 1915 2032 silentio
1942 1991 2043 2046 op-

403 2081 661 2150 pugnat;
696 2076 790 2131 cui
822 2075 993 2146 longe
1019 2072 1437 2145 praeponderat
1463 2068 1664 2141 Cyrilli
1700 2064 1947 2137 aequalis
1991 2069 2048 2119 et

401 2166 681 2239 indigetis
703 2164 963 2220 auctoris
982 2161 1508 2226 testimonium,ter
1529 2157 1777 2212 diversis
1800 2155 1944 2209 locis
1961 2169 2049 2208 re-

402 2254 753 2327 petitum,ab
779 2252 989 2308 eodem
1003 2252 1182 2306 etiam
1200 2250 1261 2303 in
1278 2246 1614 2319 epistolaad
1637 2244 2048 2300 Constantium

405 2362 572 2400 num-
602 2346 656 2412 3,
689 2342 851 2413 [CIV]
884 2341 1322 2396 confirmatum.
1357 2338 1510 2408 Nego
1538 2342 1736 2392 autem
1785 2333 1962 2389 verba
1991 2333 2050 2386 in

406 2434 731 2488 hodiernum
763 2448 931 2501 usque
960 2431 1105 2485 diem
1135 2429 1370 2499 longam
1397 2425 1681 2497 temporis
1704 2439 1929 2478 moram
1953 2420 2050 2475 de-

406 2523 655 2589 clarare,
716 2538 847 2593 quae
878 2537 913 2575 a
943 2521 997 2574 S.
1058 2519 1331 2574 Matthaeo
1382 2516 1740 2589 evangelista
1789 2530 1961 2578 xxvii,
1994 2512 2048 2580 8,

406 2628 699 2668 annorum
731 2610 805 2664 ad
838 2625 1138 2664 summum
1171 2608 1376 2662 decem
1409 2606 1599 2677 spatio
1658 2603 2051 2675 applicantur,

409 2706 467 2755 et
494 2718 528 2755 a
558 2698 776 2770 Cyrillo
808 2698 935 2768 ipso
968 2702 1077 2751 cat.
1117 2699 1202 2757 17,
1236 2711 1400 2749 num.
1436 2697 1520 2760 10,
1547 2692 1736 2764 spatio
1768 2705 1910 2745 sane
1933 2704 2053 2743 non

410 2788 621 2855 multo,
655 2785 814 2857 quod
843 2786 915 2840 ab
947 2785 1374 2856 imperatorum
1407 2783 1481 2838 ad
1512 2780 1863 2853 religionem
1893 2776 2055 2831 Chri-

412 2879 668 2933 stianam
683 2877 1065 2931 conversione
1080 2881 1351 2930 exactum
1375 2871 1638 2928 erat.Sed
1659 2868 1818 2941 quod
1832 2867 2055 2923 nodum

412 2967 651 3039 penitus
682 2972 741 3021 et
770 2970 932 3021 secat
962 2970 1019 3020 et
1049 2964 1240 3032 solvit,
1275 2963 1423 3017 illud
1456 2967 1581 3017 est:
1613 2959 1868 3032 Cyrillus
1899 2955 2058 3028 quod

416 3057 487 3112 de
520 3061 748 3111 servata
779 3072 973 3120 cruce,
1009 3053 1168 3109 idem
1214 3053 1285 3108 de
1335 3052 1531 3124 lapide
1583 3046 1952 3104 monumenti
1985 3043 2058 3100 ad

419 3162 588 3201 suam
618 3160 807 3216 usque
838 3149 1071 3199 aetatem
1104 3144 1506 3198 demonstrato
1547 3139 1693 3194 dicit
1730 3142 1842 3193 cat.
1880 3139 1963 3202 10,
1997 3150 2057 3188 n.
2091 3162 2133 3227 Ο

425 3235 512 3302 19,
547 3239 659 3287 cat.
696 3235 781 3301 13,
814 3250 869 3287 n.
907 3234 996 3298 39,
1025 3237 1135 3287 cat.
1171 3234 1257 3294 14,
1291 3247 1350 3285 n.
1382 3233 1472 3295 22,
1530 3227 1631 3283 ubi
1672 3226 1887 3281 iisdem
1928 3239 2059 3278 ver-

420 3323 512 3377 bis
544 3324 601 3376 in
632 3323 953 3377 hodiernum
983 3337 1153 3390 usque
1183 3320 1326 3375 diem
1374 3319 1580 3374 utitur.
1630 3314 1807 3386 Atqui
1854 3329 1973 3369 uno
2005 3316 2065 3366 et

423 3412 632 3467 eodem
650 3417 917 3482 tempore
939 3415 1174 3481 reperta
1195 3425 1357 3475 crux,
1373 3413 1431 3461 et
1451 3407 1717 3461 detectus
1738 3419 1871 3458 cum
1896 3416 2062 3456 sacro

424 3507 812 3557 monumento
840 3500 1010 3570 lapis.
1046 3500 1395 3570 Quanquam
1429 3512 1551 3551 non
1574 3495 1646 3550 ab
1668 3496 1917 3564 repertae
1940 3506 2066 3544 cru-

422 3591 505 3645 cis
537 3596 595 3644 et
621 3588 835 3644 detecti
864 3588 1080 3660 lapidis
1132 3588 1375 3659 epocha,
1428 3585 1531 3641 sed
1576 3583 1647 3639 ab
1697 3584 1826 3655 ipso
1875 3595 2062 3651 usque

421 3679 718 3751 passionis
740 3683 798 3732 et
820 3676 1140 3749 sepulturas
1164 3683 1279 3732 tem
1291 3690 1632 3747 pore,suum
1648 3671 1797 3727 illud
1819 3671 1881 3725 in
1901 3675 2062 3724 utro-

425 3785 540 3838 que
574 3767 701 3822 loco
733 3769 807 3821 ad
836 3768 1155 3822 hodiernam
1186 3782 1357 3836 usque
1387 3766 1528 3819 diem
1561 3763 1815 3835 spatium
1853 3774 2067 3814 nume-

422 3872 584 3911 rasse
609 3857 944 3912 censendus
973 3860 1078 3910 est.
1103 3855 1469 3910 Postremum
1497 3853 1736 3908 Rivelus
1758 3862 2062 3904 assumen-

423 3948 545 3998 tum
581 3950 878 4011 numerat,
913 3944 974 3999 id
1020 3943 1178 4016 quod
1231 3947 1344 3998 cat.
1397 3942 1483 4007 18,
1546 3956 1707 3995 num.
1765 3940 1853 3993 16.
1904 3936 1977 3991 de
2036 3951 2065 3987 v

424 4040 764 4089 sanctorum
799 4035 1214 4089 defunctorum
1238 4031 1583 4104 corporibus
1606 4036 1665 4084 et
1685 4025 2066 4092 ossibus,imo

421 4128 481 4178 et
501 4124 846 4186 eorumdem
869 4123 1128 4177 vivorum
1147 4121 1489 4194 pignoribus
1514 4119 1585 4174 ad
1606 4112 2067 4173 mirabiliumef-

426 4211 747 4267 factionem
779 4212 1108 4265 inhaerente
1144 4211 1287 4264 dicit
1313 4209 1607 4280 Cyrillus;
1643 4204 1798 4277 quod
1830 4202 2068 4258 Rivetus

424 4300 788 4355 contrarium
822 4305 993 4370 putat
1023 4299 1210 4370 ipsius
1239 4297 1442 4370 Cyriili
1498 4294 1782 4349 doctrinae
1831 4297 1926 4347 cat
1978 4293 2063 4355 1⁵7,

424 4406 592 4444 num.
627 4390 716 4455 30,
749 4388 851 4442 ubi
883 4388 956 4443 ad
989 4390 1344 4458 praasentem
1378 4384 1628 4455 Spiritus
1659 4382 1851 4437 sancti
1885 4381 2066 4433 virtu-

422 4483 545 4532 tem
559 4483 793 4531 revocat
822 4477 1033 4531 horum
1057 4491 1358 4530 sacrorum
1384 4474 1697 4544 pignorum
1721 4469 2067 4525 efﬁcaciam:

426 4566 677 4637 perinde
709 4566 876 4636 quasi
920 4565 1068 4619 illud
1100 4564 1390 4619 catechesi
1427 4563 1490 4615 18
1522 4565 1714 4630 neget.
1750 4558 2070 4629 Explican-

430 4655 542 4710 dus
574 4654 767 4708 fuerat
813 4670 968 4709 unus
1023 4670 1091 4708 ex
1149 4653 1334 4708 altero
1392 4651 1579 4715 locus,
1639 4666 1759 4704 non
1808 4648 1960 4703 alter
2006 4661 2076 4699 ex

431 4742 616 4797 altero
648 4743 1077 4797 criminandus.

506 4831 591 4887 14.
627 4830 736 4884 Sed
771 4830 1100 4884 liberaliter
1124 4845 1230 4903 ego
1272 4845 1443 4901 agere
1488 4827 1616 4881 volo
1667 4840 1800 4879 cum
1852 4823 2074 4888 Riveto,

426 4919 736 4989 fateorque
769 4920 1126 4974 assumentis
1171 4917 1482 4973 nonnullis
1532 4915 1848 4987 depravata
1894 4911 2077 4965 fuisse

431 5007 632 5078 Cyrilli
669 5008 907 5079 scripta.
943 5008 1385 5063 Procatechesis
1443 5012 1501 5060 et
1538 5002 1866 5059 catechesis
1897 5015 2076 5064 nona,

434 5096 542 5151 sub
577 5097 819 5152 nomine
852 5097 907 5152 S.
938 5097 1135 5151 Basilii
1170 5114 1302 5152 cum
1335 5094 1667 5168 insignibus
1701 5088 2078 5147 varietatibus

433 5184 930 5240 etadditamentis
952 5187 1015 5240 in
1036 5185 1389 5257 quibusdam
1410 5180 2081 5254 mss.reperiuntur.Du-

430 5276 567 5347 plex
601 5275 779 5331 iidem
803 5265 1603 5332 mssfsecundte'catechesis
1628 5270 1963 5342 exemplum
1985 5283 2082 5322 re-

427 5371 794 5437 praesentant
815 5366 1128 5437 :amboque
1153 5367 1307 5420 inter
1320 5380 1449 5420 sese
1465 5362 1694 5418 diversa
1708 5375 1829 5415 non
1846 5372 2077 5430 parum.

427 5454 497 5508 In
528 5459 644 5510 cat.
682 5458 766 5517 16,
802 5472 966 5510 num.
1002 5458 1053 5520 3,
1089 5470 1368 5526 magnum
1401 5453 1617 5525 legitur
1665 5448 1824 5520 apud
1870 5444 2083 5500 Coisli-

429 5544 681 5598 nianum
706 5544 969 5599 codicem
988 5550 1398 5600 assumentum
1420 5561 1433 5610 ;
1456 5540 1738 5611 aliudque
1764 5535 1971 5591 eadem
1993 5548 2084 5588 ca-

432 5632 655 5689 tachesi
687 5632 843 5704 apud
872 5633 1135 5689 diversos
1164 5649 1334 5703 mss,
1366 5647 1535 5687 num.
1568 5630 1657 5685 23.
1688 5627 1813 5681 Vox
1870 5618 2076 5694 ὁμοσύ-

2152 544 2237 609 16,
2271 560 2333 598 n.
2368 544 2398 597 3
2426 548 2485 598 et
2512 544 2604 608 23,
2652 547 2765 597 cat.
2811 542 2900 611 17,
2932 557 2992 595 n.
3027 541 3096 593 32
3128 543 3187 592 et
3214 539 3308 593 34.
3340 535 3593 590 Diversus
3624 532 3802 587 etiam

2149 632 2436 688 lectiones
2465 632 2527 687 in
2558 648 2700 687 mss.
2726 629 3034 686 nonnullis
3059 628 3129 683 de
3154 624 3448 681 industria
3476 625 3799 678 commuta-

2153 727 2223 777 ιω
2254 721 2548 787 videntur,
2583 726 2694 776 cat.
2731 723 2784 784 4,
2817 736 2875 775 n.
2914 720 3002 787 16,
3034 723 3146 773 cat.
3197 719 3283 781 11,
3323 731 3383 770 n.
3417 715 3447 767 5
3480 717 3539 767 et
3568 714 3658 766 20.
3690 714 3800 766 cat.

2149 813 2363 875 i7,n.5,
2389 827 2524 865 cum
2547 809 2839 881 imperitis
2870 807 3136 863 librariis
3164 805 3256 861 vel
3287 820 3321 859 a
3344 801 3634 859 catholico
3664 815 3798 854 sen-

2150 916 2217 955 su
2248 899 2551 966 recedere,
2583 899 2675 955 vel
2698 915 2819 954 non
2842 899 2986 954 satis
3017 897 3240 952 diserte
3271 893 3444 949 illum
3471 889 3804 962 exprimere

2148 987 2511 1044 viderentur.
2565 990 2779 1044 Verum
2836 987 3039 1059 ecquis
3072 985 3224 1041 liber
3260 982 3541 1053 antiquus
3590 979 3663 1035 ab
3693 978 3802 1033 hac

2151 1078 2436 1149 temporis
2466 1077 2689 1150 injuria
2707 1077 2993 1132 immunis
3011 1075 3040 1130 ‘I
3061 1076 3184 1130 Non
3212 1074 3429 1128 desunt
3443 1075 3605 1125 certa
3632 1083 3805 1139 argu-

2151 1170 2371 1230 menta,
2406 1182 2542 1222 cum
2569 1183 2638 1223 ex
2667 1183 2808 1221 mss.
2845 1163 3240 1221 sinceriorum
3271 1159 3649 1219 auctoritate,
3680 1163 3806 1211 tum

2150 1269 2222 1307 ex
2251 1252 2395 1308 artis
2426 1252 2650 1307 criticis
2681 1252 2923 1322 regulis,
2957 1250 3174 1322 quibus
3206 1252 3552 1304 assumenta
3583 1244 3805 1300 discer-

2151 1347 2389 1397 nantur.
2426 1341 2514 1397 Ad
2545 1358 2866 1405 summum,
2898 1341 2961 1395 in
2984 1341 3189 1412 paucis
3219 1336 3543 1393 admodum
3566 1338 3801 1390 senten-

2150 1429 2248 1484 tiis
2279 1430 2530 1485 hmrebit
2558 1430 2831 1496 dubium,
2866 1435 2925 1484 et
2954 1427 3214 1500 suspicio
3240 1444 3255 1492 ;
3314 1442 3446 1497 quas
3477 1423 3641 1496 operi
3675 1422 3802 1489 toti,

2150 1518 2308 1589 quod
2338 1519 2533 1574 omnis
2562 1520 2797 1591 generis
2858 1516 3221 1573 testimoniis
3270 1514 3666 1586 approbatum
3714 1515 3803 1566 est

2150 1608 2564 1663 auctoritatem
2595 1608 2859 1663 adimere
2909 1623 3030 1662 non
3084 1610 3354 1678 possunt,
3385 1603 3500 1658 nisi
3534 1602 3806 1657 universe

2149 1697 2319 1752 libris
2366 1696 2645 1753 omnibus
2703 1702 2763 1752 et
2814 1695 3232 1752 instrumentis
3280 1692 3577 1749 veteribus
3627 1689 3804 1745 ﬁdem

2153 1803 2392 1841 omnem
2423 1786 2737 1842 detrahere
2768 1785 3061 1841 volumus.

2793 1875 3024 1930 CAPUT
3061 1874 3158 1930 III.

2152 1966 2541 2035 Mystagogicae
2584 1980 2800 2035 quoque
2846 1964 3146 2019 catecheses
3189 1960 3397 2035 Cyrillo
3444 1963 3810 2019 asseruntur;

2470 2033 2770 2106 earumque
2808 2038 3103 2105 integritas
3144 2033 3481 2089 vindicatur.

2226 2128 2312 2179 15.
2337 2124 2504 2190 Quod
2522 2124 2593 2180 de
2615 2123 3026 2181 catechesibus
3047 2120 3588 2179 illuminandorum
3606 2115 3809 2173 timide

2156 2218 2215 2268 et
2243 2213 2672 2280 dubitanter,id
2695 2213 2767 2268 de
2790 2212 3206 2285 mystagogicis
3230 2215 3389 2266 certe
3412 2225 3567 2281 pene
3599 2205 3812 2262 fiducia

2156 2302 2841 2374 pronuntiantRobertus
2862 2303 3069 2368 Cocus,
3086 2299 3353 2355 Andreas
3373 2293 3805 2355 Rivetus.Edm.

2157 2392 2521 2459 Albertinus,
2546 2408 2645 2447 eas
2667 2391 2799 2463 [CV]
2820 2390 3021 2462 Cyrilli
3044 2389 3272 2445 nomini
3297 2387 3639 2460 suppositas
3661 2398 3808 2439 esse:

2156 2481 2603 2551 liberaliterque
2621 2479 2940 2536 Catholicis
2962 2477 3283 2536 annuendo
3305 2476 3508 2549 Cyrilli
3538 2491 3688 2540 esse,
3719 2472 3808 2526 in-

2159 2570 2426 2643 signibus
2441 2570 2651 2625 saltem
2674 2568 3034 2625 assumentis
3047 2567 3391 2640 depravatas
3409 2582 3546 2620 esse
3564 2563 3676 2619 sibi
3697 2577 3814 2617 om-

2161 2660 2304 2713 nino
2331 2658 2576 2713 concedi
2607 2664 2883 2730 oportere
2906 2656 3232 2712 confidunt.
3265 2656 3425 2709 Hanc
3443 2668 3656 2709 eorum
3688 2650 3812 2722 opi-

2161 2748 2405 2804 nionem
2437 2748 2655 2820 triplici
2709 2752 3056 2819 argumento
3087 2750 3345 2801 evertere
3380 2742 3647 2798 tentabo.
3690 2739 3815 2794 Pri-

2166 2853 2328 2892 mum
2360 2854 2430 2892 ex
2460 2836 2816 2891 testimoniis
2873 2841 3158 2903 veterum,
3191 2834 3444 2889 alterum
3493 2847 3576 2886 ex
3604 2826 3814 2902 Cyrillo

2171 2926 2324 2997 ipso,
2349 2926 2589 2980 tertium
2621 2942 2691 2980 ex
2740 2925 2885 2996 ipsis
2930 2922 3341 2979 catechesibus
3372 2921 3710 2976 desumam.
3740 2918 3818 2971 Ea

2177 3014 2649 3070 adversariorum
2670 3018 3009 3068 nostrorum
3033 3011 3266 3067 fiduciaa
3298 3026 3477 3066 causa
3495 3008 3535 3064 Γ
3534 3010 3638 3076 uit,
3672 3003 3824 3078 quod

2173 3103 2441 3158 nondum
2463 3102 2751 3174 producta
2780 3102 2840 3156 in
2864 3102 3122 3157 favorem
3156 3099 3696 3172 mystagogicarum
3730 3111 3823 3151 ca-

2176 3195 2514 3261 techeseon,
2546 3198 2810 3249 veterum
2829 3191 3171 3247 testimonia
3195 3190 3469 3245 fuissent.
3502 3190 3820 3261 Repertum

2168 3289 2375 3356 postea
2401 3283 2515 3337 fuit
2544 3300 2643 3337 eas
2675 3281 2783 3337 sub
2814 3280 3019 3353 Cyrilli
3045 3279 3287 3335 nomine
3319 3278 3392 3333 ab
3424 3275 3688 3348 antiquis
3717 3289 3816 3330 au-

2168 3372 2431 3428 ctoribus
2461 3371 2732 3427 laudatas
2802 3370 3135 3425 Eustratius
3168 3369 3269 3439 qui
3297 3367 3622 3423 Justiniani
3653 3367 3817 3420 astate

2166 3462 2417 3523 vivebat,
2450 3460 2722 3517 ducentis
2757 3464 2891 3531 post
2917 3458 3202 3531 Cyrillum
3254 3456 3448 3525 annis,
3483 3457 3724 3528 longum
3752 3467 3820 3506 ex

2169 3556 2282 3607 cat.
2306 3553 2373 3605 23
2405 3551 2813 3606 testimonium
2846 3549 3075 3604 recitat.
3128 3546 3479 3603 Anastasius
3538 3545 3683 3601 sexti
3734 3538 3819 3595 vel

2170 3639 2407 3711 septimi
2434 3638 2635 3695 saeculi
2663 3643 2869 3693 auctor
2890 3642 3001 3692 cat.
3028 3652 3249 3691 nonam
3274 3634 3569 3690 decimam
3600 3630 3813 3688 laudat.

2170 3728 2309 3785 Nico
2334 3729 2659 3783 monachus
2684 3726 2897 3781 decimi
2930 3725 3053 3780 fere
3085 3723 3285 3780 seaculi
3312 3723 3569 3794 scriptor
3597 3723 3656 3776 in
3676 3723 3817 3775 Pan-

2170 3819 2338 3874 decte
2368 3834 2479 3873 ms.
2514 3823 2625 3873 cat.
2659 3820 2724 3871 23
2759 3816 3100 3871 testimonio
3120 3815 3328 3870 utitur.
3366 3816 3585 3869 Auctor
3615 3807 3817 3866 inediti

2170 3907 2360 3964 libelli
2394 3906 2465 3961 de
2495 3905 2707 3960 divinis
2748 3905 3068 3977 mysteriis,
3106 3904 3293 3959 multa
3320 3920 3389 3958 ex
3421 3910 3519 3957 cat
3575 3903 3643 3957 22
3669 3904 3725 3954 et
3753 3897 3818 3951 23

2173 3997 2513 4053 testimonia
2559 3995 2802 4067 profert.
2851 3995 3035 4066 quue
3082 3992 3376 4057 mirabile,
3411 3992 3572 4062 quod
3603 4007 3670 4045 ea
3702 3987 3821 4044 sola

2171 4086 2357 4141 citant
2386 4086 2737 4152 Eustratius,
2771 4085 2932 4151 Nico,
2960 4088 3166 4139 auctor
3192 4081 3381 4137 libelli
3414 4080 3664 4153 praefati,
3695 4093 3821 4149 quin

2173 4174 2493 4230 adversarii
2547 4175 2757 4241 nostri,
2813 4174 2899 4228 uti
2955 4173 3289 4228 certissima
3344 4175 3820 4226 assumentorum

2177 4264 2450 4335 exempla
2469 4262 2822 4334 producunt.

2250 4355 2336 4407 16.
2371 4352 2483 4407 Sed
2509 4351 2740 4407 dandus
2763 4357 2853 4407 est
2874 4351 2999 4423 ipse
3021 4349 3276 4423 Cyrillus
3299 4348 3499 4419 operis
3532 4347 3620 4402 sui
3643 4359 3825 4402 asser-

2178 4446 2269 4495 tor
2299 4447 2359 4495 et
2387 4440 2618 4496 vindex.
2654 4442 2794 4495 Nam
2830 4444 2888 4494 et
2933 4440 2994 4494 in
3044 4436 3455 4493 catechesibus
3488 4436 3563 4492 ad
3593 4431 3820 4490 illumi-

2105 4533 2147 4595 D
2180 4529 2431 4595 nandos,
2451 4530 2878 4602 mystagogicas
2900 4545 2963 4583 se
2986 4528 3326 4583 habiturum
3353 4526 3664 4598 promittit,
3692 4527 3749 4577 et
3766 4520 3827 4575 in

2184 4619 2598 4692 mystagogicis
2634 4635 2695 4673 se
2722 4618 3111 4673 catecheseon
3142 4616 3216 4671 ad
3247 4613 3674 4670 illuminandos
3697 4625 3829 4666 auc-

2186 4714 2373 4764 torem
2397 4698 2727 4779 protitetur.
2785 4707 3020 4762 Catecb.
3075 4707 3159 4774 18,
3192 4722 3252 4760 n.
3284 4706 3370 4772 33,
3406 4701 3828 4775 mystagogicas

2187 4798 2472 4871 singulas,
2504 4802 2967 4853 commemorato
2982 4796 3272 4867 cujusque
3292 4798 3662 4865 argumento,
3687 4805 3746 4843 se
3767 4786 3826 4840 in

2186 4888 2315 4959 ipso
2329 4892 2547 4943 sanctis
2573 4885 3012 4942 Resurectionis
3028 4884 3158 4940 loco
3174 4883 3469 4938 dicturum
3490 4881 3824 4954 proﬁtetur:

2188 4976 2410 5031 ibidem
2445 4991 2647 5031 revera
2675 4974 2845 5030 dictas
2877 4978 3038 5040 sunt,
3059 4978 3124 5027 ut
3146 4977 3309 5044 patet
3330 4989 3400 5026 ex
3425 4976 3537 5027 cat.
3564 4972 3653 5036 20,
3689 4979 3827 5021 num

2189 5069 2219 5119 7
2243 5071 2300 5120 et
2319 5067 2372 5131 4,
2399 5065 2500 5120 ubi
2540 5064 2771 5119 Domini
2812 5062 3184 5118 monumenti
3209 5066 3491 5132 tanquam
3521 5073 3703 5114 coram
3726 5068 3829 5124 po—

2187 5154 2285 5210 siti
2314 5153 2603 5209 meminit.
2641 5153 2825 5222 Hujus
2842 5151 3177 5224 argumenti
3210 5150 3326 5204 vim
3359 5150 3622 5204 elevasse
3648 5161 3708 5201 se
3730 5157 3831 5214 pu-

2188 5250 2276 5299 tat
2303 5244 2565 5311 Rivetus,
2598 5248 2785 5297 totum
2836 5242 2995 5295 hunc
3024 5240 3220 5295 locum
3253 5245 3365 5295 cat.
3425 5239 3489 5292 18
3519 5229 3832 5291 asserendo

2190 5334 2482 5388 intextum
2515 5347 2664 5386 esse.
2697 5331 2834 5396 Qum
2864 5328 3108 5401 quidem
3140 5328 3361 5398 alioqui
3396 5325 3563 5381 nulla
3592 5335 3833 5392 respon—

2192 5425 2361 5478 sione
2386 5421 2580 5493 digna.
2608 5420 2669 5474 in
2702 5419 2927 5475 monito
2957 5416 3032 5472 ad
3055 5421 3166 5472 cat.
3204 5417 3288 5479 18,
3322 5432 3484 5471 num.
3519 5416 3572 5480 9,
3604 5406 3834 5467 abunde

2190 5513 2539 5568 refellimus.
2573 5508 2827 5581 Cyrillus
2875 5512 3164 5579 praeterea
3218 5504 3512 5560 catechesi
3537 5502 3625 5569 13,
3654 5515 3713 5554 n.
3752 5497 3837 5561 19,

2189 5602 2486 5682 promittit
2504 5596 2864 5654 catechesim
2885 5612 3017 5667 quas
3040 5594 3111 5650 de
3133 5590 3501 5649 Eucharistia
3522 5590 3753 5655 tractet,
3779 5584 3839 5639 in
