4090 6268
419 415 533 473 139

1501 405 1604 466 DE
1644 397 2226 466 CATEGHESIBUS
2269 399 2335 458 Β.
2379 398 2716 459 CXRILLI.

3703 396 3812 458 140

417 547 661 604 tandem
686 546 890 602 eadem
907 548 995 598 est
1011 543 1071 598 in
1089 542 1365 598 omnibus
1380 541 1514 613 styli
1529 534 2066 610 simplicitas,idem
2091 531 2146 600 Α
2179 533 2260 588 Ne
2293 533 2503 589 Joanni
2542 531 2804 590 secundo
2826 532 3140 600 tribuatur,
3160 532 3356 588 obstat
3375 530 3631 603 primum
3647 530 3810 586 litur-

420 637 706 693 orationis
731 636 911 699 color,
939 635 1119 689 nulla:
1146 635 1368 706 ﬁgurze,
1395 629 1880 697 exclamationes,
1911 623 2065 680 anti-

419 729 638 791 theses,
663 724 1292 798 apostrophamimiles
1321 718 1927 794 passimlocutiones;
1955 713 2064 769 ali-

419 821 563 886 quot
584 815 855 886 exempla
877 814 1049 868 dabo.
1074 815 1198 868 Cat.
1230 815 1315 882 19,
1345 827 1507 866 num.
1528 812 1579 875 2,
1604 803 1934 878 baptisterii
1965 819 2061 857 ve-

419 906 706 960 stibulum
736 910 921 974 vocat,
953 900 1252 976 προαύλιον
1297 903 1394 953 τοῦ
1449 894 1843 970 βαπτιστηρίου
1895 891 2060 945 οἶκονο

418 1001 640 1066 pI'OC-(lt.
661 1012 825 1049 num.
853 998 902 1061 1,
924 990 1312 1067 πρόαυλιντῶν
1341 985 1654 1064 βασιλείων.
1672 986 1789 1040 Cat.
1810 984 1898 1051 19,
1921 999 1982 1036 n.
2007 982 2060 1038 8.

421 1084 492 1139 de
524 1084 758 1139 diabolo
793 1084 904 1138 sibi
940 1083 1235 1154 subjectos
1266 1078 1721 1150 complectente,
1753 1072 1829 1133 ὡς
1860 1069 2059 1125 οἰκεῖον

413 1174 785 1244 περιέποντος⁹
821 1179 879 1226 et
909 1176 1020 1227 cat.
1054 1175 1181 1238 l,n.
1203 1173 1254 1238 3,
1298 1169 1368 1223 de
1397 1165 1832 1239 angelisjustos
1865 1165 2061 1233 prote-

415 1263 710 1335 gentibus,
729 1262 780 1314 οἱ
796 1258 852 1314 δὲ
873 1260 1222 1335 περιέπουσιν
1248 1257 1323 1318 ὡς
1346 1254 1564 1312 οἰκεῖοι.
1588 1254 1803 1321 Cat.19,
1826 1268 1888 1306 n.
1915 1251 1966 1317 1,
1990 1248 2062 1304 de

415 1353 693 1425 baptismi
726 1352 1114 1418 caeremoniis,
1141 1356 1198 1406 et
1219 1346 1552 1405 consecutis
1571 1361 1636 1399 eo
1671 1348 1934 1413 tempore
1956 1339 2061 1394 do-

417 1445 532 1510 nis,
566 1444 649 1498 ait
673 1442 771 1510 τὴν
804 1439 1031 1515 ἔμφασιν
1067 1440 1163 1508 τήν
1211 1438 1346 1514 πρὸς
1399 1436 1536 1508 ὑμᾶς
1567 1429 1953 1509 γεγενημένην,
2005 1431 2065 1483 et

415 1538 639 1604 procat.
673 1550 731 1586 n.
768 1536 852 1600 15,
889 1525 1095 1599 λάϐητε
1123 1526 1393 1601 ἐνέργειαν
1414 1522 1568 1579 Θείων
1589 1519 1944 1598 πραγμάτων.
1981 1519 2060 1573 De

415 1622 785 1676 Eucharistia
813 1627 924 1675 cat.
959 1624 1047 1688 22,
1080 1636 1139 1674 n.
1175 1621 1227 1682 3,
1263 1616 1312 1670 ἐν
1350 1613 1506 1686 τύπῳ
1537 1613 1702 1686 ἄρτου
1735 1605 1944 1663 δίδοταί
1976 1625 2060 1660 σοι

413 1710 474 1763 τὸ
505 1714 682 1782 σῶμα·
718 1716 828 1765 cat.
866 1712 954 1777 13,
987 1726 1044 1763 n.
1079 1713 1164 1778 19,
1197 1706 1259 1760 τὸ
1290 1709 1450 1778 σῶμα
1495 1701 1659 1756 αὐτοῦ
1680 1699 1848 1754 τύπον
1876 1690 2058 1774 ἔφερεν

416 1796 599 1874 ἄρτων
635 1807 744 1855 cat.
772 1804 859 1866 23,
894 1817 952 1854 n.
978 1802 1065 1866 22,
1101 1796 1164 1850 οὗ
1186 1792 1384 1865 πολλῷ
1405 1791 1616 1867 μᾶλλον
1641 1785 2058 1861 ἀσφαλέστερον.

2175 622 2283 695 giae
2313 622 2376 677 in
2425 623 2718 680 catechesi
2747 623 2819 677 23
2860 622 3170 694 descriptas
3221 621 3591 693 simplicitas,
3643 637 3810 691 quam

2176 712 2393 768 saaculo
2427 718 2590 768 sexto
2621 718 2853 769 constat
2874 713 3224 784 ampliorem
3247 711 3433 766 multo
3457 727 3522 765 ac
3548 711 3814 782 prolixio-

2173 819 2302 858 rem
2330 803 2646 858 exstitisse.
2675 805 2741 858 In
2770 801 3335 859 commemoratione
3357 806 3723 856 mortuorum
3754 816 3808 853 n.

2173 895 2225 960 9,
2262 893 2328 948 fit
2357 893 2553 949 solum
2584 894 2807 949 mentio
2840 894 3292 965 epi300porum;
3327 890 3595 945 nondum
3635 889 3814 943 intro-

2174 981 2366 1038 ductis
2383 983 2444 1038 in
2469 983 2766 1055 liturgiam
2790 983 3377 1054 archiepiscoporum
3393 986 3450 1035 et
3463 979 3814 1050 patriarcha-

2171 1090 2305 1128 rum
2337 1073 2702 1130 nominibus.
2736 1074 2939 1129 Obstat
2987 1073 3167 1128 etiam
3199 1071 3471 1144 publicus
3503 1068 3603 1124 ille
3634 1067 3817 1123 idolo-

2171 1161 2359 1217 latriae
2391 1163 2606 1231 cultus,
2640 1168 2965 1218 conventus
2997 1162 3086 1217 illi
3117 1177 3185 1218 ac
3218 1165 3513 1216 mercatus
3544 1158 3605 1213 in
3635 1157 3817 1212 idolo-

2171 1268 2306 1306 rum
2329 1252 2806 1308 solemnitatibus
2831 1271 2845 1320 ;
2887 1256 3011 1319 aut,
3035 1255 3102 1306 ut
3123 1251 3184 1306 in
3205 1249 3491 1305 nonnulis
3522 1246 3817 1303 codicibus

2171 1339 2408 1413 legitur,
2439 1343 2498 1396 in
2527 1342 2802 1396 idolorum
2832 1340 3060 1396 delubro
3108 1347 3162 1395 et
3190 1339 3660 1404 solemnitatibus;
3693 1351 3817 1390 sus-

2179 1447 2501 1504 pensaque
2528 1432 2750 1488 ibidem
2769 1448 3210 1505 carnes,panes,
3233 1431 3655 1501 esculentaque
3673 1427 3786 1482 alia
3807 1444 3820 1495 ;

2173 1519 2245 1574 de
2273 1521 2490 1592 quibus
2523 1523 2590 1578 fit
2619 1523 2844 1578 mentio
2877 1528 2990 1578 cat.
3028 1526 3113 1588 19,
3148 1538 3314 1576 num.
3335 1525 3388 1586 ’7,
3414 1519 3630 1575 saeculo
3665 1518 3821 1573 enim

2171 1616 2336 1667 sexto
2367 1612 2535 1668 nulla
2564 1613 2692 1685 ejus
2722 1613 2806 1668 rei
2857 1613 3101 1686 vestigia
3140 1614 3570 1668 remanserant.
3605 1607 3821 1663 Eadem

2169 1701 2320 1756 ratio
2350 1701 2493 1757 facit
2521 1719 2596 1758 ne
2621 1702 2836 1757 Joanni
2869 1703 3046 1758 etiam
3078 1701 3347 1773 proximo
3369 1698 3574 1772 Cyrilli
3593 1713 3820 1754 succes-

2171 1791 2290 1845 sori
2342 1792 2578 1862 possint
2625 1792 2806 1847 tribui
2851 1792 3212 1848 catecheses.
3275 1793 3425 1846 Num
3475 1789 3638 1844 enim
3687 1787 3825 1842 talia

417 1890 633 1945 Eadem
674 1889 893 1944 locutio
944 1889 1164 1959 passim
1192 1887 1255 1942 in
1303 1883 1601 1957 prioribus
1654 1877 2062 1936 catechesibus
2095 1877 2141 1944 Β
2171 1885 2306 1951 post
2337 1897 2561 1938 annum
2595 1884 2696 1937 386
2726 1882 3016 1938 auderent
3049 1881 3344 1937 idolorum
3389 1879 3671 1944 cultores,
3701 1893 3824 1932 me-

418 1978 708 2032 occurrit:
739 1981 848 2032 cat.
883 1978 968 2041 12,
996 1994 1054 2030 n.
1089 1977 1176 2044 28,
1204 1977 1362 2026 ποῖον
1391 1966 1603 2042 μᾶλλόν
1637 1965 1746 2020 ἐστι
1780 1961 2063 2018 δυσιολώυ

415 2083 589 2140 τερον·
622 2071 732 2120 cat.
767 2068 820 2132 4,
854 2084 913 2120 n.
949 2068 1037 2134 30,
1088 2063 1148 2117 οὐ
1179 2060 1378 2131 πολλῳ
1430 2055 1652 2130 μᾶλλον
1695 2054 1786 2110 καὶ
1816 2051 2060 2108 εὐκοπώ-

413 2174 590 2230 τερον.
623 2157 931 2209 Daemones
961 2158 1129 2207 vocat
1158 2156 1270 2206 cat.
1301 2151 1393 2216 20,
1426 2164 1591 2203 num.
1628 2147 1679 2216 3,
1711 2144 1848 2200 Mali
1883 2144 2066 2199 virtu-

418 2252 520 2311 tes,
549 2245 646 2296 τοῦ
700 2245 952 2315 Πονηροῦ
984 2238 1261 2313 δυνάμεις·
1295 2244 1406 2294 cat.
1441 2240 1532 2304 17,
1563 2254 1624 2292 n.
1657 2237 1744 2303 30,
1775 2235 1911 2293 Mali
1938 2236 2064 2306 spi-

416 2336 580 2402 ritus,
613 2331 681 2384 τὰ
708 2334 804 2384 τοῦ
835 2333 1088 2405 Πονηροῦ
1137 2329 1436 2400 πνεύματαο
1482 2332 1595 2384 cat.
1645 2328 1734 2394 29,
1768 2342 1831 2380 n.
1865 2327 1920 2389 2,
1959 2324 2065 2378 ad-

414 2426 683 2478 versar-ias
707 2423 956 2491 virtutes,
983 2421 1036 2474 ai
1066 2418 1431 2491 ἀντικείμεναι
1453 2414 1729 2488 δυνάμεις·
1761 2414 2064 2470 diabolum

414 2529 570 2579 vero,
604 2519 715 2567 cat.
754 2515 838 2579 15,
873 2528 932 2566 n.
965 2514 1054 2581 22,
1073 2511 1443 2565 adversariam
1453 2512 1802 2578 potestatem,
1838 2499 2066 2574 δύναμις

414 2599 642 2656 ἐναντία.
674 2600 984 2654 Diabolum
1010 2605 1067 2654 et
1099 2599 1399 2654 daemones
1434 2602 1602 2652 vocat
1648 2601 1761 2651 cat.
1791 2595 1882 2660 20,
1915 2611 1974 2647 n.
2011 2595 2066 2663 3,

421 2690 798 2761 ἀντικειμένην
825 2687 1106 2763 ἐνέργειαν,
1143 2694 1200 2742 et
1224 2692 1447 2760 procat.
1481 2704 1542 2741 n.
1578 2688 1664 2753 10,
1693 2682 1789 2744 τὰς
1831 2681 2067 2735 ἀντικει-

421 2779 582 2850 μένας
604 2777 891 2852 ἐνεργείας.
926 2778 1132 2832 Plures
1163 2777 1310 2832 alias
1341 2776 1559 2848 Cyrillo
1591 2773 1914 2829 familiares
1945 2771 2069 2827 col-

416 2870 597 2941 ligere
631 2885 866 2940 possem
917 2868 1268 2934 locutiones,
1313 2883 1442 2937 quae
1481 2866 1543 2918 in
1591 2863 1860 2934 utrisque
1911 2865 2068 2916 cate-

417 2960 693 3015 chesibus
737 2964 1076 3015 occurrunt.
1131 2959 1230 3012 His
1279 2955 1514 3012 abunde
1566 2955 1882 3027 probatum
1925 2957 2068 3025 puto

419 3051 697 3106 eumdem
724 3054 1110 3119 utrarumque
1143 3047 1534 3102 catecheseon
1566 3050 1870 3100 auctorem
1899 3058 2068 3098 esse:

416 3141 559 3210 quid
591 3139 877 3210 objiciant
905 3137 1224 3192 adversarii
1256 3153 1417 3191 nunc
1448 3134 1925 3207 expendendum.

2170 1970 2284 2025 rito
2307 1970 2632 2028 dubitatur.
2657 1973 2874 2041 Tertio,
2898 1972 3057 2044 quod
3089 1971 3138 2027 si
3161 1971 3635 2026 concesserimus
3652 1969 3823 2024 Joan-

2172 2077 2310 2116 nem
2338 2062 2496 2118 hunc
2510 2079 2713 2118 earum
2741 2063 3129 2118 catecheseon
3152 2065 3451 2117 auctorem
3469 2076 3622 2126 esse,
3638 2057 3821 2113 nihilo

2172 2151 2373 2206 minor
2403 2152 2466 2206 in
2511 2151 2930 2208 controversiis
2987 2151 3205 2206 nostris
3254 2166 3456 2206 earum
3510 2150 3708 2204 futura
3740 2151 3827 2201 est

2175 2242 2518 2310 auctoritas,
2551 2241 2758 2298 eadem
2788 2257 2941 2313 pene
2971 2241 3345 2313 antiquitate.
3380 2239 3492 2294 Sed
3527 2245 3591 2294 ut
3613 2237 3826 2311 Cyrillo

2173 2332 2529 2404 praeclarum
2560 2348 2709 2404 opus
2740 2331 3044 2403 eripiatur,
3077 2347 3199 2385 non
3230 2329 3386 2402 cogit
3409 2329 3594 2384 unius
3613 2327 3830 2383 codicis

2177 2421 2537 2488 auctoritas;
2597 2419 2835 2476 obstant
2882 2423 3090 2475 contra
3147 2418 3416 2474 adductas
3468 2417 3749 2489 superius
3800 2431 3834 2470 a

2177 2511 2350 2567 nobis
2395 2510 2808 2566 ineluctabiles
2859 2527 2965 2582 pro
3015 2510 3191 2566 unico
3238 2509 3516 2564 omnium
3569 2507 3835 2564 cateche-

2180 2617 2324 2656 seon
2356 2606 2594 2656 auctore
2626 2600 2911 2655 rationes.

2252 2694 2338 2746 19.
2367 2689 2499 2745 Alia
2519 2689 2704 2746 Riveti
2728 2695 3075 2762 argumenta
3093 2694 3249 2755 sunt,
3272 2688 3429 2760 quod
3459 2705 3502 2744 δ,
3543 2686 3838 2744 veteribus

2181 2796 2302 2834 non
2332 2782 2589 2835 citentur
2617 2779 3049 2852 mystagogicaa.
3092 2777 3333 2833 Falsum
3382 2777 3442 2833 id
3478 2783 3545 2834 et
3572 2776 3840 2849 imperite

2182 2874 2776 2934 assertum,veterum
2798 2867 3138 2923 testimonia
3161 2867 3557 2940 producendo
3581 2865 3842 2923 ostendi-

2181 2977 2347 3015 mus:
2375 2982 2402 3010 «
2427 2958 2591 3024 Quod
2621 2957 2960 3014 catecheses
2991 2957 3538 3014 illuminandorum
3572 2976 3643 3014 ex
3670 2956 3844 3012 variis

2184 3069 2216 3102 α
2237 3049 2551 3121 Scriptura
2573 3047 2721 3103 locis
2739 3047 2908 3118 quasi
2932 3052 3215 3102 centones
3237 3047 3358 3101 sint
3383 3054 3685 3116 consutaa,
3708 3052 3765 3102 et
3785 3045 3846 3100 in

2187 3161 2212 3193 ι
2228 3139 2407 3195 rebus
2420 3137 2598 3194 etiam
2611 3154 2734 3194 non
2745 3137 3097 3194 necessariis
3112 3136 3185 3192 ad
3199 3153 3497 3193 nauseam
3511 3153 3700 3208 usque
3714 3152 3847 3208 pro-

501 3231 585 3282 18.
611 3228 880 3282 Palmare
923 3226 1079 3294 Coei,
1123 3225 1312 3316 liivetir
1349 3229 1407 3279 et
1431 3223 1721 3278 Albertini
1753 3237 2070 3316 argumen-
2102 3247 2145 3316 ο
2188 3251 2209 3279 ι
2237 3228 2389 3295 lixa,
2413 3227 2826 3300 mystagogicaa
2840 3227 3052 3282 veroin
3068 3226 3246 3282 rebus
3268 3225 3498 3298 arduis,
3524 3225 3841 3299 magnis,et

417 3323 541 3371 tum
575 3316 907 3371 desumitur
936 3332 1006 3369 ex
1039 3314 1239 3368 codice
1288 3315 1650 3385 Augustano,
1703 3312 1804 3384 qui
1846 3316 2070 3382 mysta-

419 3407 652 3478 gogicas
692 3407 955 3476 quinque
1006 3404 1346 3459 catecheses
1392 3419 1511 3457 non
1569 3401 1808 3474 Cyrillo,
1858 3401 2070 3473 [CVIII]

419 3495 522 3550 sed
544 3497 751 3550 Joanni
772 3494 1267 3566 Jerosolymitano
1292 3493 1567 3564 episcopo
1595 3490 1820 3547 tribuit.
1847 3490 2069 3556 Quibus

417 3585 599 3639 etiam
628 3585 738 3639 hoc
761 3584 911 3643 addo
934 3583 1282 3650 liberaliter,
1307 3582 1368 3636 in
1400 3581 1592 3636 Ottob.
1627 3580 1829 3636 codice
1859 3579 2066 3635 ambo—

418 3674 529 3728 bus
557 3673 907 3745 adjudicari,
933 3679 991 3728 et
1011 3672 1220 3743 Cyrillo
1250 3679 1300 3727 et
1328 3673 1550 3726 Joanni.
1584 3669 1695 3724 Sed
1727 3687 1861 3741 quas
1887 3671 2069 3725 unius

422 3765 662 3832 codicis,
687 3763 1000 3818 alteriusve
1032 3761 1374 3830 auctoritas,
1409 3761 1688 3816 adversus
1719 3765 2069 3816 caaterorum

423 3855 690 3910 omnium
715 3869 1094 3920 consensum,
1119 3858 1502 3922 veterumque
1526 3855 1833 3906 auctorum
1857 3851 2071 3906 suﬂ‘ra-

422 3945 603 4015 gium,
630 3949 683 3998 et
729 3948 960 4014 sumpta
1000 3961 1069 3997 ex
1089 3943 1218 4014 ipsa
1247 3958 1310 3996 re
1333 3940 1725 4014 argumenta?
1754 3940 1916 4011 atqui
1948 3941 2069 4012 pri-

424 4051 518 4088 mo
550 4034 689 4088 inde
720 4038 970 4100 constat,
1003 4049 1124 4086 non
1164 4031 1347 4103 ignoti
1390 4030 1648 4085 auctoris
1676 4034 1912 4084 nostras
1940 4045 2069 4085 esse

423 4123 787 4190 catecheses,
822 4123 924 4177 sed
971 4120 1448 4192 Jerosolymitani
1498 4119 1752 4190 alicujus
1784 4119 2067 4192 episcopi,

420 4216 769 4284 Quanquam
785 4211 1004 4282 alioqui
1021 4211 1162 4266 satis
1181 4215 1410 4265 constet
1423 4225 1493 4263 ex
1505 4209 1648 4281 ipsis
1661 4209 2070 4266 catechesibus

421 4320 520 4359 eas
563 4301 945 4373 Jerosolymis
989 4300 1210 4355 dictas:
1261 4315 1396 4354 cum
1447 4315 1516 4353 ex
1549 4297 1771 4354 diserta
1809 4299 2069 4355 auctoris

419 4392 882 4459 asseveratione,
904 4395 1013 4445 cat.
1041 4393 1129 4457 20,
1154 4392 1288 4456 n.7,
1311 4387 1609 4442 Christum
1632 4404 1698 4442 eo
1721 4389 1848 4459 ipso
1867 4389 1930 4444 in
1951 4405 2068 4460 quo

421 4483 655 4539 dicebat
709 4482 838 4536 loco
903 4479 1202 4550 sepultum
1256 4477 1550 4544 testantis,
1609 4474 1829 4531 ἐνταῦτα
1897 4475 2070 4550 πεφύ-

417 4590 600 4625 τευται
636 4571 670 4637 ἡ
705 4566 953 4641 ἄμπελος
987 4569 1020 4636 ἡ
1055 4564 1318 4636 ἀληθινή,
1352 4571 1409 4622 et
1437 4566 1672 4622 Domini
1710 4583 2070 4625 monumen-

421 4668 548 4716 tum
578 4677 776 4715 coram
825 4659 1086 4730 positum
1134 4656 1330 4713 indice
1379 4656 1868 4729 demonstrantis,
1921 4659 2062 4715 ibid.

420 4767 584 4806 num.
638 4752 692 4816 4,
746 4746 850 4801 ἀπὸ
881 4748 1112 4820 σταυροῦ
1153 4744 1241 4800 ἐπὶ
1287 4745 1351 4800 τὸ
1407 4744 1766 4819 προκείμενον
1829 4749 2068 4819 μνῆμαι

424 4846 546 4894 tum
581 4856 649 4893 ex
682 4838 773 4892 his
808 4837 998 4892 verbis
1031 4837 1316 4892 brevioris
1348 4834 1602 4907 symboli
1633 4841 1746 4893 cat.
1783 4838 1868 4905 19,
1901 4854 2066 4895 num.

420 4933 472 4995 9,
503 4930 569 4982 Et
598 4931 656 4981 in
697 4943 866 4981 unum
917 4928 1187 4996 baptisma
1218 4924 1562 4995 pcenitentia:
1583 4943 1605 4989 ;
1653 4942 1784 4996 quae
1831 4928 2071 4999 propria

419 5017 696 5072 Ecclesiae
716 5015 1227 5087 Jerosolymitanaa
1251 5015 1429 5086 hujus
1453 5014 1687 5069 articuli
1715 5017 2064 5073 enuntiatio.

420 5106 711 5171 Secundo,
746 5123 881 5161 cum
913 5105 1114 5176 plures
1134 5103 1517 5174 Jerosolymis
1549 5103 1813 5161 sederint
1829 5107 2067 5162 antisti-

421 5201 505 5250 tos
527 5196 766 5250 Joannis
791 5195 1051 5262 nomine,
1085 5211 1205 5248 non
1239 5195 1299 5248 in
1319 5209 1505 5248 unum
1522 5193 1784 5266 aliquem
1814 5211 1844 5251 e
1869 5202 2070 5268 poste-

418 5284 676 5339 rioribus
709 5284 963 5339 conferri
1003 5287 1254 5354 possunt
1301 5288 1518 5338 nostra:
1557 5283 1935 5352 catecheses;
1966 5285 2070 5341 sed

416 5373 588 5429 autin
613 5375 900 5428 Joannem
919 5372 1178 5444 primum
1207 5372 1407 5444 Cyrilli
1429 5371 1618 5427 nostri
1641 5389 2068 5443 successorem,

416 5470 518 5518 aut
548 5465 608 5518 in
638 5466 928 5520 Joannem
960 5463 1288 5518 secundum
1321 5463 1419 5534 qui
1447 5468 1582 5534 post
1610 5462 1798 5519 Eliam
1825 5463 2072 5521 sedebat

415 5569 573 5608 anno
607 5556 710 5608 514
739 5559 876 5609 ante
907 5555 1184 5622 Petrum;
1233 5569 1374 5608 nam
1420 5553 1676 5607 Joannes
1728 5553 1938 5610 tertius
1968 5554 2069 5626 qui

419 5642 526 5698 sub
551 5643 681 5715 ejus
703 5643 905 5700 saeculi
927 5643 1111 5699 ﬁnem
1136 5642 1384 5710 vivebat,
1422 5640 1717 5697 Eustratio
1756 5644 2069 5714 posterior,

415 5731 578 5788 citati
609 5734 681 5788 ab
731 5733 1023 5790 Eustratio
1071 5731 1268 5803 operis
1300 5735 1506 5786 auctor
1533 5745 1664 5785 esse
1696 5747 1822 5788 non
1852 5739 2068 5805 potest.

2098 4614 2145 4680 D

2181 3340 2210 3369 «
2232 3333 2353 3373 non
2370 3317 2455 3372 ita
2470 3316 2638 3390 vulgo
2653 3317 2811 3372 notis
2824 3315 3664 3387 brevissimae;Scripturarum
3683 3313 3840 3368 testi-

2180 3409 2442 3464 «moniis
2461 3408 2527 3463 in
2551 3407 2853 3479 plerisque
2875 3407 2998 3462 suis
3029 3406 3467 3464 assertionibus
3492 3406 3800 3462 destitutas
3824 3420 3837 3470 ;

2177 3520 2206 3550 (ι
2223 3515 2370 3570 quas
2385 3498 2433 3552 si
2448 3496 2768 3568 aliquando
2783 3496 3159 3568 usurpant,id
3171 3496 3532 3568 plerumque
3549 3497 3617 3552 fit
3632 3493 3844 3550 ridicu-

2182 3610 2204 3638 ι
2228 3587 2306 3644 le.
2323 3611 2351 3638 »
2374 3586 2532 3643 Nihil
2546 3587 2620 3642 de
2635 3586 2902 3658 priorum
2916 3586 3304 3641 catecheseon
3318 3586 3543 3657 prolixi
3554 3590 3670 3641 tate
3688 3583 3839 3638 dico:

2178 3694 2429 3749 quarum
2443 3693 2595 3750 pene
2609 3675 2857 3748 singulm
2870 3680 3285 3742 argumentum
3308 3677 3630 3730 continent
3657 3672 3846 3745 pluri-

2176 3767 2288 3823 bus
2303 3784 2457 3839 saape
2470 3764 3108 3838 libris,grandibusque
3130 3763 3610 3832 voluminibus,a
3623 3761 3843 3818 sanctis

2178 3857 2450 3913 Patribus
2481 3861 2796 3912 tractatum
2828 3859 2886 3910 et
2915 3855 3271 3926 expositum,
3297 3870 3655 3925 quanquam
3679 3849 3842 3922 [CIX]

2179 3951 2415 4002 exstant
2462 3945 2663 4001 multae
2707 3945 2910 4016 quavis
2957 3943 3358 4017 mystagogica
3400 3943 3735 4008 breviores,
3780 3944 3846 3995 ut

2177 4041 2288 4090 cat.
2324 4039 2347 4088 1
2384 4041 2443 4090 et
2471 4037 2525 4104 8,
2556 4051 2632 4091 ne
2663 4034 2806 4106 quid
2832 4035 3026 4090 dicam
3058 4033 3129 4088 de
3163 4032 3355 4101 tertia,
3390 4033 3633 4104 quinta,
3662 4028 3842 4104 septi-

2176 4142 2294 4194 ma,
2322 4141 2502 4190 nona,
2536 4142 2665 4196 quas
2698 4141 2819 4180 non
2851 4129 2990 4179 sunt
3017 4123 3298 4179 vicesima
3323 4124 3508 4178 tertia
3555 4119 3848 4194 prolixio-

2176 4231 2293 4270 res.
2317 4213 2568 4285 Cyrillus
2599 4215 2930 4271 orationem
2952 4229 3058 4285 pro
3089 4212 3176 4268 rei
3206 4212 3540 4267 tractandae
3569 4211 3848 4266 ubertate

2178 4308 2237 4358 et
2257 4304 2446 4374 cOpia,
2472 4319 2538 4358 ac
2561 4301 2682 4359 dati
2702 4303 2988 4376 temporis
3010 4317 3312 4370 mensura,
3345 4317 3514 4357 nunc
3547 4299 3853 4374 produce-

2177 4393 2299 4461 bat,
2332 4410 2495 4449 nunc
2519 4393 2929 4450 contrahebat.
2963 4392 3368 4464 Mystagogicae
3403 4392 3712 4464 cujusque
3755 4406 3852 4445 ar-

2177 4488 2524 4556 gumentum
2553 4481 3224 4549 sufficientissime,etut
3244 4479 3396 4536 nihil
3421 4480 3855 4552 desit,tractat;

2180 4589 2288 4629 nec
2320 4573 2496 4646 paulo
2526 4573 2834 4629 uberiores
2864 4571 3064 4628 videas
3093 4571 3348 4627 aliorum
3369 4571 3628 4626 Patrum
3656 4570 3731 4626 de
3756 4585 3855 4625 eo-

2177 4662 2314 4720 dem
2361 4667 2711 4736 argumento
2757 4667 3060 4719 tractatus.
3103 4663 3177 4717 At
3221 4661 3521 4732 temporis
3574 4659 3858 4734 angustia

2179 4752 2514 4826 cogebatur,
2549 4752 2650 4823 qui
2679 4757 2814 4824 post
2853 4751 3144 4823 synaxim,
3196 4754 3443 4821 totoque
3494 4750 3728 4822 populo
3760 4749 3856 4804 di-

2178 4844 2384 4910 misso,
2415 4843 2490 4899 ad
2518 4843 2727 4898 horam
2764 4842 2998 4915 prandii
3049 4839 3301 4905 dicebat,
3335 4845 3452 4895 cat.
3503 4842 3599 4907 18,
3657 4858 3721 4896 n.
3755 4842 3850 4898 33.

2177 4933 2506 4988 Cumulatis
2528 4932 2964 5004 Scripturarum
2985 4930 3342 4986 testimoniis
3372 4930 3481 4986 ubi
3515 4949 3617 4988 res
3641 4937 3854 5004 postu-

2180 5023 2360 5090 labat,
2393 5021 2701 5091 utebatur;
2733 5021 3055 5092 multazque
3102 5025 3242 5076 sunt
3288 5020 3855 5078 illuminandorum

2179 5113 2516 5169 catecheses
2547 5113 2610 5168 in
2641 5110 2857 5183 quibus
2904 5110 3281 5182 reperiantur
3324 5111 3625 5182 pauciora
3671 5126 3854 5182 quam

2180 5203 2240 5258 in
2273 5201 2726 5274 mystagogicis:
2760 5205 2942 5256 testes
2981 5199 3448 5272 procatechesis,
3507 5200 3855 5257 catechesis

2180 5292 2395 5363 prima,
2425 5295 2654 5363 quarta,
2683 5306 2861 5358 nona,
2909 5294 3021 5345 etc.
3073 5289 3438 5345 Tractandos
3492 5290 3768 5346 habebat
3798 5290 3864 5345 in

2177 5380 2592 5454 mystagogicis
2624 5385 2882 5436 secretos
2913 5379 3226 5450 quosdam,
3259 5383 3318 5434 et
3345 5376 3484 5434 sine
3520 5379 3755 5453 scripto
3788 5379 3863 5436 ab

2179 5469 2466 5541 apostolis
2485 5469 2765 5526 Ecclesiae
2779 5467 3027 5524 traditos
3050 5469 3201 5524 ritus
3224 5486 3238 5537 ;
3276 5483 3427 5539 quos
3463 5469 3738 5526 Basilius
3756 5469 3864 5525 lib.

2179 5560 2257 5615 De
2281 5560 2501 5630 Spiritu
2545 5566 2756 5630 sancto,
2789 5575 2918 5632 cap.
2954 5563 3040 5630 17,
3073 5559 3246 5614 docet
3295 5556 3426 5614 sola
3460 5559 3602 5616 sine
3637 5559 3868 5633 scripto

2180 5646 2500 5705 traditione
2523 5648 2764 5705 servari.
2788 5649 3139 5720 Quanquam
3161 5646 3420 5721 Cyrillus
3444 5665 3577 5705 suae
3603 5667 3870 5707 consue-

2181 5737 2406 5795 tudinis
2428 5739 2716 5806 retinens,
2748 5740 2926 5796 Vetus
2951 5739 3396 5795 Testamentum
3432 5743 3498 5793 et
3529 5741 3870 5814 propheta-
