4094 6282
265 484 381 545 Mi

1651 473 2173 538 DISSERTATIO
2214 477 2291 539 II.

3566 492 3683 551 1η

264 635 413 676 ram
428 617 1208 690 vaticinia,quotiescunque
1237 617 1398 685 licet,
1423 617 1485 671 in
1507 612 1919 672 testimonium
1948 609 2005 676 Α
2033 612 2094 670 ἱιι
2124 616 2598 686 praecedentibus
2613 617 2975 675 editionibus
2990 620 3315 687 obtinebat,
3349 630 3686 696 suspectam

269 725 340 764 vo
349 714 476 773 cat;
501 708 839 780 nostrisque
856 707 1068 762 ritibus
1088 724 1157 763 ea
1173 707 1608 779 Scripturarum
1628 705 1760 760 loca
1775 707 1932 756 vete-

273 813 496 869 resque
546 802 712 868 typos
759 813 827 852 ac
874 795 1090 868 ﬁguras
1124 795 1568 851 accommodat:
1605 799 1671 848 ut
1730 788 1931 847 caateri

278 887 486 942 Patres
517 887 578 941 in
609 885 820 941 eodem
851 890 1199 958 argumento
1224 883 1436 940 solent.
1461 881 1627 948 Quod
1659 881 1706 936 si
1729 880 1932 936 Riveto

276 975 528 1030 ridicule
557 974 782 1030 factum
812 974 1064 1041 videtur,
1099 991 1218 1029 non
1249 974 1337 1027 illi
1371 973 1623 1045 Cyrillus
1646 965 1934 1036 unus,sed

277 1071 333 1120 et
363 1080 573 1120 omnes
603 1081 756 1136 pene
784 1065 990 1118 Patres
1026 1062 1352 1118 ludibrium
1385 1061 1622 1117 debent.
1674 1058 1787 1115 Sed
1818 1057 1936 1113 alia

272 1155 470 1210 libens
499 1155 705 1210 Riveto
749 1158 1102 1226 argumenta
1151 1151 1638 1219 subministrabo,
1690 1150 1932 1222 quibus,

271 1243 346 1298 ad
371 1241 828 1315 distinguendos
851 1247 1238 1313 utrarumque
1271 1242 1707 1298 cathecheseon
1731 1244 1932 1296 aucto-

273 1348 518 1400 res,non
531 1333 664 1387 sine
678 1331 877 1387 colore
891 1330 1090 1402 aliquo
1104 1347 1171 1386 ac
1183 1349 1243 1402 p1
1257 1335 1470 1386 aatextu
1484 1329 1763 1384 inductus
1776 1328 1936 1383 visus

275 1426 453 1490 esset,
477 1421 736 1494 Cyrillus
758 1426 872 1476 cat.
897 1424 950 1486 2,
969 1437 1031 1475 n.
1058 1424 1142 1476 10.
1173 1421 1441 1493 agnoscit
1462 1420 1525 1475 in
1547 1419 1736 1474 beatis
1758 1433 1934 1490 ange-

273 1511 350 1566 lis
378 1516 645 1584 peccata,
680 1527 812 1582 quae
846 1510 949 1565 Dei
980 1509 1377 1566 condonantis
1420 1510 1785 1582 benignitate
1842 1508 1935 1562 in-

277 1599 541 1672 digeant.
575 1603 647 1655 At
675 1605 786 1655 cat.
818 1601 911 1668 23,
945 1617 1004 1654 n.
1045 1603 1128 1667 14,
1165 1600 1449 1671 supponit
1497 1599 1569 1654 ab
1616 1599 1841 1672 angelis
1873 1599 1934 1652 in

277 1689 429 1745 cmlo
462 1690 561 1744 Dei
591 1689 955 1744 voluntatem
986 1705 1295 1759 nunquam
1326 1688 1724 1760 prwtermitti.
1776 1689 1930 1742 Prte-

281 1784 448 1834 terea
475 1783 587 1834 cat.
623 1781 710 1845 10,
733 1796 794 1834 n.
819 1780 873 1845 4,
893 1778 977 1833 ait
1001 1778 1302 1832 Christum
1325 1794 1396 1832 ex
1418 1776 1582 1833 omni
1603 1776 1934 1832 aaternitate

278 1885 315 1924 a
344 1870 517 1924 Patre
549 1873 802 1924 unctum
852 1883 1021 1923 esse:
1075 1883 1254 1938 quem
1301 1872 1411 1922 cat.
1463 1870 1547 1935 12,
1581 1884 1639 1921 ιι.
1673 1869 1726 1932 2,
1763 1866 1936 1920 docet

2041 705 2200 761 facit.
2229 708 2302 762 At
2321 722 2388 763 ea
2417 709 2783 780 perturbatio
2806 709 2933 781 jam
2955 709 3122 766 nulla
3153 716 3261 778 est,
3287 729 3320 767 a
3345 714 3514 770 nobis
3538 733 3682 772 mss.

2042 795 2311 852 codicum
2341 798 2690 854 auctoritate
2745 799 2996 856 sublata.
3050 802 3188 866 Quae
3236 819 3371 858 vero
3423 806 3688 860 numeris

2041 884 2272 942 duobus
2296 889 2682 958 sequentibus
2708 890 3314 961 comprehenduntur,
3339 892 3412 947 de
3435 893 3505 947 iis
3528 911 3686 964 pror-

2041 991 2141 1030 sus
2172 976 2536 1043 conticescit,
2568 993 2678 1033 nec
2704 977 2890 1034 ullam
2922 996 3027 1034 cur
3064 995 3133 1035 ea
3179 986 3479 1052 Oppugnet
3507 983 3686 1036 ratio-

2042 1081 2179 1119 nem
2211 1067 2401 1121 aﬂ‘ert.
2436 1066 2581 1122 Male
2611 1067 2855 1138 factum,
2887 1069 3045 1140 quod
3069 1085 3139 1124 ex
3160 1072 3574 1143 mystagogicis
3596 1087 3690 1127 ca-

2042 1155 2402 1223 techesibus,
2439 1172 2509 1212 ea
2536 1173 2689 1228 pene
2722 1159 2849 1214 sola
2878 1176 3009 1230 quas
3040 1161 3276 1216 Rivetus
3301 1166 3505 1216 assuta
3552 1179 3688 1232 pro-

2041 1246 2298 1311 nuntiat,
2331 1261 2365 1300 a
2394 1247 2692 1302 veteribus
2723 1249 3062 1304 auctoribus
3086 1249 3193 1304 sub
3216 1249 3418 1321 Cyrilli
3445 1250 3690 1305 nomine

2043 1333 2104 1388 in
2136 1334 2544 1390 testimonium
2571 1336 2960 1393 adducantur.
2994 1339 3284 1393 Cmterum
3316 1338 3388 1392 iis
3411 1337 3691 1394 detractis

2043 1439 2174 1494 quas
2204 1423 2406 1480 Riveto
2438 1424 2818 1497 displicuere,
2850 1428 3150 1499 praacipua
3179 1428 3596 1484 ecclesiasticae
3627 1428 3694 1483 li-

2041 1513 2247 1585 turgiaa
2295 1532 2433 1586 pars
2485 1515 2906 1584 detruncatur;
2956 1535 3086 1589 qum
3137 1518 3378 1590 quidem
3423 1519 3485 1574 in
3529 1519 3696 1575 nulla

2040 1618 2309 1673 unquam
2331 1603 2595 1660 Ecclesia
2617 1606 2820 1676 quovis
2864 1612 3129 1679 tempore
3154 1607 3554 1678 prastermissa
3583 1612 3694 1665 est.

2041 1690 2199 1746 Nihil
2226 1708 2430 1747 moror
2450 1693 2852 1764 suspicionem
2875 1694 3276 1766 corruptionis
3301 1710 3480 1765 quam
3502 1695 3699 1765 injicit

2041 1779 2406 1850 Albertinus,
2432 1798 2503 1837 ex
2525 1799 2592 1838 eo
2617 1783 2775 1854 quod
2797 1784 2858 1838 in
2900 1783 3103 1838 libello
3123 1782 3346 1838 inedito
3377 1783 3450 1838 de
3481 1783 3696 1838 divinis

2040 1871 2364 1941 mysteriis,
2422 1872 2721 1928 nonnulla
2769 1873 3300 1945 mystagogicarum
3354 1873 3696 1929 testimonia

275 1958 504 2030 Spiritu
523 1963 730 2014 sancto
748 1962 1000 2012 unctum
1022 1972 1056 2011 a
1076 1958 1272 2023 Patre,
1294 1955 1467 2010 illum
1503 1956 1684 2010 totius
1725 1954 1931 2010 mundi
1962 1975 2008 2040 Β
2041 1959 2391 2015 detruncata
2409 1965 2468 2016 et
2497 1961 2803 2018 decurtata
2833 1962 3230 2033 proferantur,
3265 1979 3400 2017 cum
3430 1962 3692 2018 nonnul-

280 2054 642 2105 servatorem
691 2048 1115 2115 constituente,
1167 2047 1326 2118 quod
1374 2047 1448 2102 ad
1497 2047 1932 2102 humanitatem

278 2139 594 2212 perspicue
614 2138 931 2210 pertineat.
954 2137 1118 2192 Idem
1140 2141 1337 2191 autem
1373 2136 1587 2208 psalmi
1614 2153 1744 2192 xuv
1767 2137 1936 2191 locus

281 2230 356 2285 ad
382 2235 705 2300 utrumque
728 2244 971 2284 sensum
992 2227 1164 2282 illum
1183 2229 1682 2283 accommodatur.
1717 2227 1938 2282 Dissol-

279 2320 474 2376 venda
504 2323 594 2375 est
621 2317 840 2390 duplex
870 2318 976 2373 illa
1005 2333 1298 2389 apparens
1329 2317 1738 2373 contradictio.
1784 2318 1939 2383 Quas

277 2411 343 2465 in
373 2409 602 2482 angelis
632 2408 902 2480 agnoscit
930 2408 1157 2479 culpas,
1211 2425 1241 2463 e
1260 2424 1308 2462 aa
1360 2407 1488 2462 sine
1530 2407 1708 2462 dubio
1737 2407 1894 2462 leves
1924 2423 1938 2475 ;

280 2516 431 2571 quas
462 2514 586 2553 non
628 2499 804 2564 Deus,
849 2497 936 2551 uti
962 2497 1211 2552 Luciferi
1245 2501 1303 2551 et
1333 2497 1630 2552 sociorum
1660 2496 1940 2552 rebellio-

277 2605 446 2655 nem,
473 2586 844 2644 irrevocabili
877 2586 1168 2658 supplicio
1199 2586 1428 2657 plectit,
1478 2586 1582 2640 sed
1614 2603 1720 2657 pro
1747 2585 1941 2641 facili-

280 2682 406 2731 tate
427 2675 764 2744 condonat;
801 2692 932 2747 qua)
955 2674 1176 2730 idcirco
1202 2692 1324 2730 non
1347 2675 1771 2746 impediuntne
1813 2691 1944 2746 pre-

283 2783 494 2822 cemur
523 2767 728 2834 Deum,
763 2771 831 2821 ut
860 2766 943 2820 ita
972 2764 1264 2821 faciamus
1313 2766 1442 2837 ejus
1484 2765 1854 2821 voluntatem
1884 2765 1945 2820 in

281 2857 482 2925 terris,
517 2857 671 2911 sicut
700 2857 754 2921 ei
785 2856 848 2911 in
877 2856 1024 2911 cmlo
1054 2856 1250 2928 angeli
1281 2857 1718 2928 obsequuntur.
1739 2858 1945 2912 Nonne

283 2945 552 3019 quotidie
572 2961 872 3018 rogamus,
896 2951 962 3000 ut
998 2944 1080 3000 ita
1111 2945 1228 3000 Deo
1262 2945 1470 3000 ﬁdeles
1501 2947 1708 3013 simus,
1744 2961 1947 3017 quem-

287 3035 618 3093 admodum
649 3035 839 3091 sancti
872 3034 1048 3089 nobis
1097 3033 1172 3089 ad
1212 3035 1606 3091 imitationem
1636 3034 1948 3107 propositi,

287 3124 756 3196 eidem,quando
776 3127 836 3178 in
855 3124 1028 3178 terris
1045 3123 1707 3196 degerent,ﬂdelitatem
1720 3124 1950 3196 prsesti-

285 3215 534 3271 terunt?
561 3231 671 3269 nec
701 3219 1017 3286 propterea
1048 3213 1186 3269 illos
1218 3230 1252 3268 a
1274 3214 1532 3285 peccatis
1564 3212 1953 3269 omnibusid-

283 3305 447 3360 circo
479 3305 780 3359 immunes
810 3301 994 3358 fuisse
1025 3318 1362 3358 censemus.
1389 3303 1554 3368 Quod
1588 3302 1661 3358 ad
1691 3303 1946 3358 alterum

284 3399 506 3466 caput;
533 3394 582 3448 si
610 3393 966 3460 constiterit,
991 3391 1149 3464 quod
1181 3409 1304 3447 non
1328 3407 1432 3464 ego
1451 3409 1694 3464 prorsus
1715 3396 1947 3448 certum

286 3483 594 3550 existimo,
642 3481 988 3538 unctionem
1035 3481 1254 3537 Christi
1301 3481 1374 3538 de
1429 3498 1546 3554 qua
1595 3498 1789 3538 sermo
1838 3486 1946 3548 est,

287 3578 404 3629 cat.
440 3575 532 3640 21,
564 3588 624 3626 ιι.
658 3573 712 3640 2,
750 3571 1174 3642 temporariam
1207 3587 1358 3639 esse,
1407 3577 1465 3626 et
1493 3571 1568 3627 ad
1612 3571 1950 3626 humanita-

287 3669 413 3719 tem
445 3661 751 3733 pertinere
781 3661 948 3733 (nam
980 3660 1224 3716 verbum
1254 3659 1701 3734 προχρισάμενος
1731 3660 1951 3732 optime

287 3752 483 3826 possit
511 3750 586 3805 ad
615 3750 1010 3806 aeternitatem
1039 3749 1272 3818 referri,
1296 3766 1415 3820 qua
1445 3766 1516 3805 ex
1545 3753 1768 3804 aeterno
1799 3750 1954 3804 Deus

288 3841 508 3898 ﬁlium
541 3855 717 3895 suum
757 3839 982 3895 mundo
1031 3844 1390 3895 servatorem
1438 3837 1796 3893 destinavit:
1849 3835 1954 3891 sed

291 3948 416 3988 non
448 3946 555 4003 ago
584 3929 994 4002 pugnaciter);
1029 3929 1101 3995 si,
1141 3929 1413 3999 inquam,
1457 3927 1800 3983 constiterit
1829 3926 1955 3981 haec

297 4021 371 4076 ad
430 4019 868 4076 humanitatem
922 4017 1138 4073 Christi
1179 4016 1514 4082 referenda,
1573 4016 1792 4088 duplex
1845 4015 1960 4071 erit

297 4109 518 4166 Christi
549 4108 753 4164 unctio
783 4107 986 4180 Cyrilli
1017 4112 1216 4162 mente
1261 4105 1696 4180 distinguenda.
1734 4107 1861 4162 Una
1886 4104 1956 4160 ab

297 4204 550 4267 aeterno,
572 4214 690 4268 qua
711 4197 895 4252 Filius
915 4196 1191 4252 sacerdos
1210 4201 1300 4250 est
1320 4197 1680 4251 constitutus
1702 4212 1736 4251 a
1751 4197 1922 4250 Patre
1943 4212 1956 4262 ;

297 4288 504 4344 unctio
526 4287 717 4342 Patris
750 4285 935 4342 solius
952 4286 1312 4354 generantis,
1336 4286 1503 4341 nulla
1523 4285 1775 4358 Spiritus
1821 4283 1954 4354 [CX]

298 4376 492 4434 sancti
522 4376 850 4431 mentione.
884 4374 1085 4431 Altera
1114 4375 1494 4445 temporaria,
1529 4390 1645 4444 qua
1677 4372 1960 4429 humani-

298 4470 487 4520 tatem
519 4463 737 4518 Christi
787 4463 961 4518 Pater
1007 4462 1199 4532 unxit,
1251 4467 1309 4516 et
1357 4463 1663 4518 exornavit
1711 4460 1962 4533 Spiritus

299 4555 494 4610 sancti
525 4554 701 4609 donis
733 4553 970 4609 abunde
1015 4552 1365 4620 cumulatis;
1418 4569 1556 4608 cum
1602 4568 1732 4607 eam
1765 4551 1962 4606 divino

2041 2049 2114 2104 lis
2145 2050 2548 2106 varietatibus.
2573 2052 2712 2117 Quis
2738 2054 2898 2107 enim
2933 2053 3268 2108 Grmcorum
3290 2053 3693 2109 recentiorum

2041 2139 2102 2193 in
2133 2141 2360 2196 catenis
2391 2146 2449 2197 et
2495 2140 2805 2212 pandectis
2849 2141 3264 2207 conficiendis,
3321 2147 3423 2196 aut
3469 2142 3694 2213 alioqui

2042 2228 2296 2283 citandis
2321 2229 2618 2284 veteribus
2647 2246 2878 2286 morem
2901 2231 3152 2303 ignorat,
3171 2235 3238 2286 ut
3259 2230 3600 2286 testimonia
3621 2229 3695 2286 ad

2044 2317 2356 2373 arbitrium
2389 2317 2762 2388 detruncent,
2795 2319 2868 2375 ad
2901 2319 3256 2376 sumendum
3296 2319 3444 2375 illud
3484 2337 3693 2388 unum,

2047 2423 2163 2476 quo
2195 2423 2342 2478 opus
2371 2407 2595 2462 habent
2622 2409 2696 2464 ad
2734 2425 3000 2480 prassens
3047 2413 3463 2482 argumentum
3485 2409 3513 2464 ‘I
3541 2415 3608 2464 ut
3633 2426 3695 2464 o-

2047 2495 2278 2550 mittam
2311 2500 2537 2551 tantam
2588 2497 2652 2552 in
2681 2496 2924 2552 librario
2967 2497 3237 2568 opusculi
3268 2498 3448 2569 hujus
3481 2499 3699 2552 exscri-

2047 2590 2239 2656 ptore,
2271 2589 2448 2656 atque
2481 2586 2541 2640 in
2574 2585 2703 2657 ipso
2755 2590 2994 2642 auctore
3026 2586 3294 2642 fortassis
3338 2585 3702 2658 imperitiam

2050 2675 2438 2746 deprehendi,
2473 2680 2538 2730 ut
2566 2692 2641 2732 ne
2673 2676 2995 2732 divinando
3027 2676 3267 2748 quidem
3299 2692 3542 2732 sensum
3573 2677 3705 2748 ejus

2050 2766 2339 2822 orationis
2371 2767 2608 2838 assequi
2654 2768 2867 2839 possis.
2925 2767 3072 2823 Male
3104 2773 3261 2823 certe
3303 2766 3376 2822 de
3429 2767 3708 2824 omnibus

2052 2856 2444 2927 scriptoribus
2475 2873 2866 2924 mereremur,
2915 2857 2961 2911 si
3015 2873 3220 2912 eorum
3267 2873 3447 2928 opera
3497 2873 3567 2912 ex
3597 2858 3710 2913 hu-

2047 2944 2313 3017 jusmodi
2348 2946 2776 3018 exscriptorum
2805 2945 2922 3000 fide
2954 2946 3431 3002 emendaremus.

2707 3035 2939 3089 CAPUT
2976 3036 3068 3090 IV.

2055 3126 2132 3179 De
2160 3124 2454 3179 catechesis
2499 3125 2718 3178 nomine
2765 3129 2814 3178 et
2857 3126 3026 3179 variis
3072 3123 3612 3192 signiﬁcationibus:
3645 3141 3709 3182 ac

2127 3213 2192 3268 de
2223 3212 2585 3268 catechesibus
2613 3211 2858 3268 diversis.
2892 3214 2964 3268 De
2996 3211 3432 3282 Cyrillianarum
3458 3217 3710 3271 cateche-

2129 3319 2253 3358 seon
2282 3302 2498 3373 duplici
2527 3320 2742 3372 genere,
2791 3319 3089 3373 earumque
3136 3305 3611 3374 inscriptionibus,
3646 3323 3711 3362 ac

2060 3394 2257 3461 titulis,
2285 3392 2696 3463 Scripturwque
2745 3393 3066 3448 lectionibus
3112 3395 3174 3448 in
3222 3395 3386 3450 titulo
3433 3395 3711 3452 indicatis.

2128 3483 2220 3537 21.
2253 3482 2588 3537 Catechesis
2620 3498 2840 3537 nomen
2874 3482 3093 3538 Latinis
3133 3500 3285 3555 pene
3336 3485 3714 3553 inusitatum,

2061 3569 2264 3625 nullus
2293 3570 2524 3643 ignorat
2572 3571 2840 3626 Graecum
2883 3587 3048 3639 esse;
3104 3573 3262 3644 quod
3310 3590 3344 3629 a
3373 3591 3512 3630 voce
3542 3573 3711 3648 ἦχος,

2060 3675 2243 3725 sonus,
2278 3663 2337 3713 et
2363 3658 2644 3732 κατηχέω,
2669 3661 2879 3727 insono,
2908 3659 3258 3728 derivatum,
3280 3664 3518 3734 proprie
3540 3664 3719 3735 signi-

2063 3748 2203 3803 ficat
2230 3747 2598 3802 insinuatum
2625 3747 2868 3804 auribus
2894 3765 3108 3804 sonum
3135 3766 3147 3814 ;
3178 3755 3235 3804 et
3265 3751 3449 3806 cuivis
3480 3752 3720 3807 institu-

2063 3837 2210 3892 tioni
2229 3837 2426 3892 animo
2444 3853 2550 3909 per
2569 3854 2744 3893 aures
2764 3837 2916 3893 datas
2929 3839 3430 3894 accommodatur.
3453 3840 3546 3895 Sic
3567 3842 3718 3896 Pau-

2066 3925 2159 3981 lus
2189 3927 2213 3980 Ι
2238 3927 2367 3982 Cor.
2401 3943 2516 3992 xxv,
2569 3929 2658 3993 17,
2691 3929 2755 3980 In
2805 3927 3049 3981 Ecclesia
3092 3927 3236 3982 malo
3281 3930 3528 3999 quinque
3556 3931 3723 3986 verba

2065 4031 2184 4071 meo
2213 4032 2370 4071 sensu
2402 4015 2552 4086 loqui
2607 4021 2670 4070 ut
2727 4014 2866 4069 alios
2923 4017 3213 4084 instruam,
3257 4013 3349 4069 ’ἶνα
3405 4015 3496 4070 καὶ
3529 4015 3724 4080 ἄλλοις

2066 4105 2394 4178 κατηχήσω,
2421 4121 2589 4174 quam
2646 4104 2824 4158 decem
2856 4103 3040 4160 millia
3078 4106 3363 4161 verborum
3417 4108 3475 4161 in
3507 4107 3722 4176 lingua.

2071 4196 2274 4250 Sermo
2288 4200 2414 4250 erat
2426 4194 2497 4249 de
2511 4194 2719 4265 quavis
2731 4194 2998 4249 oratione
3011 4194 3084 4250 ad
3099 4195 3556 4252 aedificationem
3571 4214 3727 4253 com-

2069 4284 2521 4356 parata.Eodem
2547 4300 2728 4339 sensu
2739 4283 3080 4340 Theodorus
3094 4285 3325 4342 Studita
3337 4287 3726 4343 catecheseon

2071 4374 2315 4430 nomine
2337 4374 2500 4446 [CXI]
2525 4373 2829 4445 inscripsit
2852 4373 3108 4429 morales
3134 4391 3269 4430 suas
3292 4375 3368 4430 ad
3401 4377 3728 4432 monachos

2072 4479 2194 4518 sum
2209 4479 2365 4517 cura)
2380 4461 2682 4533 subjectos
2695 4461 3256 4519 exhortationes.Sic
3276 4464 3615 4520 catechistaa
3630 4481 3731 4520 no-

2073 4568 2211 4606 men
2243 4551 2428 4606 cuivis
2459 4552 2806 4624 praaceptori
2832 4552 3009 4606 tribui
3042 4557 3257 4623 potest,
3279 4558 3344 4608 ut
3363 4553 3507 4609 facit
3536 4554 3736 4610 Hiero-

305 4645 494 4701 Verbo
527 4644 792 4700 sociavit:
819 4660 951 4715 quae
971 4643 1174 4698 unctio
1205 4642 1521 4698 visibiliter
1547 4641 1846 4743 declarata
1875 4645 2039 4743 θείη)
2074 4658 2291 4742 nymus
2310 4642 2483 4741 epist.
2529 4645 2617 4709 51,
2643 4646 2753 4697 vet.
2798 4641 2889 4696 ed.
3003 4645 3090 4708 32,
3126 4643 3268 4698 dum
3304 4644 3425 4698 ait:
3467 4665 3492 4698 ε
3519 4645 3734 4718 Grego-

300 4735 590 4806 baptismi
617 4734 837 4789 Christi
859 4739 1148 4805 tempore,
1170 4749 1306 4788 cum
1328 4732 1402 4788 ad
1424 4731 1806 4805 pugnandum
1827 4747 1963 4786 cum

303 4824 550 4880 diabolo
576 4822 1146 4896 praedicandumque
1168 4822 1549 4895 Evangelium
1562 4837 1834 4895 agressus
1857 4826 1964 4876 est.

381 4917 471 4968 20.
509 4915 702 4970 Unum
731 4914 972 4969 Rivetus
1019 4912 1081 4968 in
1127 4911 1265 4967 totis
1315 4911 1723 4967 catechesibus
1755 4915 1972 4982 mysta-

303 5003 530 5078 gogicis
572 5009 984 5059 assumentum
1038 5006 1353 5057 numerat:
1406 5017 1474 5056 ea
1503 5017 1718 5072 nempe
1745 5017 1876 5072 quin
1907 5001 1970 5055 in

305 5098 425 5149 cat.
448 5093 542 5159 23,
577 5109 743 5148 num.
779 5095 832 5160 8,
867 5096 896 5146 ’7
929 5097 988 5147 et
1021 5095 1108 5158 10,
1155 5092 1556 5158 continentur,
1592 5091 1664 5145 ab
1696 5090 1792 5145 his
1840 5106 1974 5146 ver-

305 5182 400 5238 bis
424 5182 599 5237 initio
622 5198 790 5237 num.
805 5181 860 5248 8,
876 5204 903 5231 ‹‹
921 5173 1314 5237 Obsecramus
1336 5182 1522 5235 Deum
1542 5197 1647 5251 pro
1661 5178 1969 5235 communi

307 5271 752 5328 «Ecclesiarum
766 5276 1376 5343 pace,netc.,quorum
1389 5269 1703 5325 verborum
1719 5268 1870 5336 loco,
1888 5268 1973 5323 is-

307 5368 550 5419 tanum.
571 5364 624 5430 8,
653 5365 712 5415 11
741 5377 798 5416 :«
824 5362 970 5415 Tum
992 5377 1128 5416 vero
1151 5365 1285 5432 post
1309 5361 1437 5415 haec
1463 5359 1628 5416 illam
1654 5359 1975 5414 recitamus

314 5475 336 5501 ι
363 5451 914 5520 orationem,quam
927 5448 1190 5504 Salvator
1201 5448 1459 5520 propriis
1478 5447 1788 5519 discipulis
1801 5448 1926 5502 trad
1936 5447 1978 5501 i-

309 5562 338 5590 α
355 5539 460 5610 dit,
478 5563 506 5590 ››
525 5545 668 5610 etc.,
698 5537 1121 5611 conjungenda
1142 5537 1465 5593 arbitratur
1486 5537 1579 5592 his
1602 5551 1732 5608 quas
1755 5552 1921 5605 num,
1943 5537 1976 5590 8

310 5633 657 5707 occipiunt:
693 5633 992 5700 Postquam
1036 5645 1164 5685 vero
1207 5632 1516 5700 perfectum
1565 5635 1642 5684 est
1681 5625 1979 5699 sp’irituale

309 5727 667 5796 sacriﬁcium.
703 5722 790 5776 Ac
820 5719 1076 5791 primam
1106 5718 1352 5791 quidem
1382 5723 1612 5791 partem
1645 5733 1778 5789 quae
1807 5733 1975 5772 num.

311 5815 341 5869 8
368 5817 749 5881 continetur,
785 5824 853 5864 ex
882 5807 1334 5881 perturbatione
1356 5807 1977 5879 constructionis,quaa

2083 4751 2107 4782 α
2140 4731 2296 4787 rium
2327 4731 2750 4786 Nazianzenum
2783 4735 2838 4785 et
2864 4730 3176 4802 Didymum
3199 4733 3259 4786 in
3292 4732 3611 4806 Scripturis
3633 4751 3733 4789 ca-

2087 4844 2106 4871 ι
2129 4820 2409 4876 techistas
2423 4820 2620 4876 habui.
2633 4842 2662 4870 »
2673 4822 2741 4875 In
2761 4819 3012 4891 epistola
3022 4820 3343 4877 Clementis
3356 4822 3430 4878 ad
3449 4823 3733 4879 Iacobum

2081 4927 2245 4965 num.
2272 4912 2358 4977 13,
2382 4911 2590 4965 Petrus
2612 4909 2976 4964 Clementem
3001 4909 3114 4964 sibi
3145 4911 3206 4966 in
3235 4912 3578 4984 episcOpatu
3602 4929 3736 4968 suc-

2082 5017 2411 5068 cessurum,
2444 5000 2589 5054 dicit
2634 5005 2768 5071 post
2811 5016 2872 5054 se
2920 5000 3440 5064 catechizaturum,
3495 5001 3608 5074 μετ’
3637 5000 3736 5074 ἐμὲ

2080 5091 2347 5160 κατηχεῖν
2385 5085 2680 5159 μέλλοντα.
2713 5086 2967 5158 Cyrillus
2989 5094 3213 5159 procat.
3247 5105 3307 5145 n.
3337 5093 3389 5158 6,
3427 5089 3641 5146 ludens
3672 5090 3736 5146 in

2085 5177 2364 5232 derivatis
2392 5177 2553 5231 verbi
2583 5174 2760 5244 ἠχέω,
2812 5177 2991 5232 verba
3036 5178 3396 5251 κατηχεῖσθαι
3447 5186 3506 5234 et
3542 5197 3737 5252 περιη-

2085 5267 2300 5343 χεῖσθαι
2333 5267 2407 5322 ad
2439 5267 2748 5323 exterioris
2778 5269 2906 5322 soni
2956 5269 3327 5324 auditionem
3375 5269 3577 5337 refert,
3611 5286 3740 5326 ver-

2086 5357 2228 5413 bum
2253 5353 2567 5429 ἐνηχεῖσθαι
2592 5357 2991 5428 interpretans
3013 5357 3084 5412 de
3117 5359 3387 5414 interiori
3404 5376 3549 5415 sono
3565 5376 3742 5431 quem

2090 5447 2344 5518 Spiritus
2379 5451 2620 5501 sanctus
2650 5447 2834 5500 menti
2868 5446 3152 5502 infundit.
3205 5448 3393 5504 Minus
3447 5449 3748 5506 subtiliter

2093 5536 2406 5610 Gregorius
2436 5537 2736 5609 Nyssenus
2766 5537 3058 5592 catechesis
3091 5554 3326 5610 quoque
3375 5539 3623 5595 verbum
3655 5541 3746 5596 in-

2090 5626 2296 5683 teriori
2329 5626 2517 5682 sancti
2569 5625 2821 5698 Spiritus
2871 5626 3253 5700 inspirationi
3303 5626 3531 5696 tribuit,
3569 5628 3673 5682 lib.
3707 5642 3748 5682 ιι

2087 5719 2149 5773 in
2200 5717 2463 5785 Psalmos,
2513 5733 2642 5789 cap.
2695 5717 2783 5773 40.
2829 5733 2962 5788 pag.
3013 5717 3138 5779 323,
3168 5715 3487 5786 Ἐνηργεῖτο
3541 5716 3576 5779 ἡ
3620 5731 3748 5766 κατ-

2097 5807 2330 5879 ἤχησις,
2361 5805 2396 5873 ἠ
2419 5803 2558 5858 κατᾶ
2581 5804 2644 5858 τὸ
2674 5801 2986 5878 ἀπόρῥητον
3013 5803 3083 5872 τῇ
3106 5799 3260 5871 ψυχῇ
3292 5795 3438 5868 παρά
3465 5799 3568 5846 τοῖ’,
3589 5793 3754 5850 ang,
