4094 6282
428 391 545 452 443
588 358 591 361 ‘

1515 391 1618 450 DE
1661 372 2253 451 CATECHESIBUS
2296 382 2364 447 s.
2408 384 2753 451 CYRILLI.

3725 396 3848 457 144

432 548 602 600 ματος
633 526 983 602 ἐγγινομένη,
1009 525 1776 600 «Operabaturcatechesis,
1797 541 1833 580 a
1852 521 2073 595 Spiritu
2109 516 2160 584 Α
2192 520 2287 576 cui
2317 523 2655 595 Pantaenus,
2678 525 2973 596 Clemens,
2995 528 3297 602 Origenes,
3330 525 3551 602 aliique
3597 547 3847 587 succes-

432 641 460 669 ‹‹
475 625 680 674 sancto
693 620 907 674 animae
924 624 1148 674 secreto
1166 619 1378 674 infusa.
1406 640 1433 667 »
1448 614 1957 684 Quemadmodum
1986 616 2073 667 ta-

429 725 569 763 men
583 709 738 779 apud
753 708 1030 781 profanos
1045 714 1314 763 auctores
1335 708 1623 763 catechesis
1641 705 1951 777 designare
1982 717 2075 756 so-

429 801 956 872 letprimamillam
974 800 1428 859 institutionem.
1454 814 1571 868 qua
1601 796 1864 852 scientiae
1885 793 2075 849 alicu-

422 892 525 962 jus
539 890 835 945 elementa
852 894 909 943 et
921 890 1259 944 rudimenta
1276 889 1609 950 traduntur,
1624 886 1706 941 ita
1718 881 2078 940 ecclesiasti-

430 1000 497 1038 co
512 999 622 1037 usu
640 982 965 1037 catechesis
979 983 1302 1036 assumitur
1315 980 1387 1035 ad
1402 977 1852 1051 signiﬁcandam
1866 974 2081 1046 prima-

430 1073 581 1126 riam
606 1088 785 1126 sacrze
814 1071 1097 1125 doctrinas
1121 1071 1577 1125 institutionem.
1599 1068 1692 1121 Sic
1715 1065 1934 1120 Paulus
1969 1062 2076 1118 Ga-

431 1162 711 1228 lat.v1,6:«
731 1160 1201 1215 Communicetis
1217 1160 1316 1230 qui
1331 1159 1724 1215 catechizatur
1736 1154 1999 1224 verbum,
2024 1151 2079 1207 ei

439 1274 459 1300 ιι
487 1252 589 1321 qui
616 1269 677 1307 se
700 1251 1104 1317 catecliizat,in
1126 1249 1401 1304 omnibus
1430 1248 1625 1303 bonis.
1660 1267 1689 1295 »
1716 1245 1899 1300 Clem.
1931 1241 2077 1297 Ale-

431 1340 703 1396 xandrin.
739 1339 842 1395 lib.
876 1356 905 1391 v
936 1340 1137 1394 Strom.
1169 1355 1300 1411 pag.
1329 1341 1455 1408 750,
1504 1335 1829 1392 catechesim
1875 1331 2077 1405 appel-

430 1428 516 1483 lat
541 1430 622 1483 lac
648 1428 967 1498 quoddam,
995 1429 1165 1483 veluti
1186 1430 1433 1498 primum
1474 1428 1675 1481 animae
1715 1426 2076 1480 alimentum:

429 1514 578 1570 Γάλα
611 1517 703 1587 μὲν
736 1519 771 1583 ἡ
803 1517 1138 1589 κατήχησις,
1172 1516 1339 1569 οἱονεὶ
1408 1515 1600 1590 πρώτη
1660 1514 1847 1587 ψυχῆς
1872 1508 2076 1585 τροφὴ,

426 1607 774 1674 νοηθήσεται.
800 1608 879 1660 Eo
913 1623 1094 1661 sensu
1122 1604 1470 1676 Pamphilus
1497 1608 1722 1674 martyr
1752 1602 1812 1656 in
1845 1599 2077 1672 exposi-

432 1697 591 1751 tione
621 1696 882 1766 capitum
931 1699 1184 1750 Actuum
1230 1694 1658 1766 apostolorum,
1707 1690 1850 1745 bibl.
1899 1687 2076 1745 Coisl.

435 1784 562 1839 cod.
600 1788 689 1853 25,
722 1785 1061 1839 catecheses
1092 1783 1355 1856 appellat
1375 1784 1509 1838 illas
1538 1780 1695 1836 Petri
1718 1779 1791 1835 ad
1810 1778 2080 1834 Judeaaos

435 1874 751 1929 conciones
784 1892 913 1944 quae
939 1874 1234 1929 habentur
1263 1877 1389 1928 Act.
1423 1889 1501 1934 ιι.
1532 1873 1630 1939 14;
1664 1886 1739 1936 iv,
1779 1870 1851 1935 8;
1897 1886 1957 1936 χ,
1988 1868 2077 1921 28.
2109 1884 2159 1953 Β

435 1964 806 2035 Cyrillusque
855 1963 1103 2019 Paulum
1132 1964 1280 2017 dicit
1325 1967 1438 2017 cat.
1475 1962 1560 2029 17,
1602 1976 1663 2013 n.
1694 1959 1785 2027 26,
1834 1960 2081 2013 Romam

432 2054 861 2108 catechizasse:
922 2054 1320 2125 Κατηχήσαντα
1377 2046 1436 2104 δὲ
1501 2048 1592 2103 καὶ
1668 2047 1768 2117 τὴν
1827 2043 2083 2121 βασιλίδα

427 2142 679 2212 Ρώμην..
713 2145 758 2197 Α
791 2143 1083 2198 catechesi
1118 2142 1259 2197 dicti
1300 2140 1692 2204 catechumeni,
1740 2137 1842 2209 qui
1872 2137 2081 2208 primis

430 2232 779 2287 Christianae
795 2233 1081 2287 doctrinae
1096 2222 1407 2303 praeceptis
1429 2227 1864 2284 imbuebantur.
1884 2226 2082 2281 Latius

428 2326 628 2376 tamen
655 2322 812 2392 apud
845 2320 1131 2391 Cyrillum
1164 2326 1222 2374 et
1252 2317 1850 2390 Hierosolymitanam
1879 2313 2079 2370 Eccle-

431 2410 581 2464 siam
612 2410 850 2480 patebat
863 2410 1188 2465 catechesis
1202 2426 1380 2480 quam
1403 2405 1812 2464 catechumeni
1835 2419 2075 2459 nomen.

434 2501 505 2554 Ut
536 2501 696 2555 enim
726 2501 997 2555 omittam
1015 2501 1174 2570 quod
1214 2500 1617 2555 institutiones
1635 2498 1705 2552 de
1737 2509 2076 2552 sacramen-

430 2589 508 2643 tis
522 2595 657 2659 post
670 2589 1029 2660 baptismum
1045 2589 1359 2659 neophytis
1380 2589 1553 2657 datae,
1568 2586 1906 2642 catecheses
1923 2580 2079 2654 apud

430 2678 718 2748 Cyrillum
752 2678 1150 2748 appellantur,
1174 2677 1402 2748 priores
1434 2678 1610 2731 etiam
1642 2674 1981 2730 catecheses
2006 2672 2079 2727 iis

428 2768 602 2822 dictas
625 2772 783 2833 sunt,
830 2768 931 2838 qui
964 2767 1100 2821 dato
1124 2767 1196 2821 ad
1223 2767 1586 2838 baptismum
1624 2763 1889 2831 nomine,
1919 2767 2077 2818 cate-

427 2858 859 2913 chumenorum
893 2856 1375 2928 appellationem,
1426 2855 1667 2927 proprio
1713 2852 1836 2908 fere
1874 2850 2076 2907 Eccle-

429 2948 532 3003 siae
564 2947 1114 3018 Hierosolymitanas
1146 2964 1259 3002 usu
1289 2946 1709 3018 deposuerant,
1750 2941 2077 3012 ﬁdelesque

429 3036 784 3092 ﬁdebantur.

500 3128 588 3179 22.
624 3127 697 3181 Ut
733 3131 931 3181 autem
971 3125 1189 3196 duplex
1235 3130 1362 3179 erat
1403 3122 1798 3179 Christianam
1840 3116 2074 3192 religio-

429 3230 566 3268 nem
599 3214 865 3284 proﬁteri
888 3215 1254 3286 cupientium
1274 3231 1402 3269 sors
1432 3213 1551 3268 sive
1582 3211 1818 3284 gradus,
1850 3211 1934 3265 ita
1961 3207 2072 3263 du-

428 3303 566 3375 plex
595 3304 940 3359 catechesis.
976 3304 1210 3358 Primus
1241 3303 1803 3358 catechumenorum
1833 3297 2072 3371 gradus,

428 3391 487 3445 in
517 3408 635 3461 quo
665 3390 905 3460 quidem
922 3390 1047 3445 solo
1064 3390 1485 3461 Hierosolymis
1513 3389 2080 3445 catechumenorum

436 3495 655 3534 nomen
678 3480 1065 3545 retinebatur;
1085 3495 1290 3534 eorum
1322 3479 1561 3549 eratqui
1584 3479 1703 3533 sive
1726 3480 1936 3548 sponte
1949 3490 2077 3543 sua,

435 3570 553 3624 sive
587 3569 937 3624 clericorum
971 3568 1296 3623 aliorumve
1340 3567 1629 3636 ﬁdelium,
1679 3566 1894 3638 quibus
1943 3581 2081 3637 spe-

435 3659 584 3713 ciale
616 3658 691 3713 ad
723 3676 852 3714 eam
882 3676 1009 3713 rem
1056 3659 1281 3714 donum
1311 3657 1402 3712 vel
1445 3657 1707 3712 studium
1747 3655 2082 3712 contulerat

434 3751 606 3819 Deus,
631 3766 812 3821 opera
830 3756 887 3804 et
906 3750 1143 3805 hortatu
1165 3748 1608 3812 adducti,suum
1639 3747 1711 3802 de
1742 3746 2080 3819 proﬁtenda

424 3840 760 3894 Christiana
814 3840 1103 3912 religione
1154 3844 1351 3893 votum
1402 3835 1802 3891 declarabant.
1855 3836 2077 3890 Horum

423 3930 695 3985 voluntas
717 3930 941 3984 (ludum
966 3928 1417 4001 explorabatur;
1452 3925 1894 3997 explorataque,
1911 3924 2076 3996 signo

423 4020 637 4085 crucis,
657 4037 724 4075 ac
747 4020 1042 4090 precibus,
1066 4019 1269 4073 aliisve
1301 4034 1406 4088 pro
1435 4015 1701 4070 locorum
1736 4013 2077 4069 diversitate

425 4109 799 4164 caeremoniis
822 4107 1062 4173 initiati,
1087 4106 1653 4160 catechumenorum
1666 4102 1907 4158 nomine
1935 4118 2076 4158 cen-

425 4198 729 4263 sebantur,
763 4211 1017 4265 cumque
1049 4194 1269 4249 auditis
1298 4194 1361 4247 in
1394 4191 1601 4263 synaxi
1631 4191 1987 4247 lectionibus
2019 4197 2079 4247 et

426 4286 817 4343 concionibus
866 4284 1328 4348 dimitterentur,
1386 4280 1665 4336 audientes
1712 4282 1775 4336 in
1822 4286 2074 4352 utraque

426 4376 690 4432 Ecclesia
741 4372 1028 4445 appellari
1078 4373 1525 4426 consueverant.
1578 4368 1704 4427 Vid.
1734 4371 1918 4425 Const.
1981 4386 2073 4440 ap.

426 4465 532 4520 lib.
566 4480 688 4529 νιιι,
723 4480 850 4534 cap.
884 4465 914 4515 5
949 4466 1007 4515 et
1037 4462 1122 4523 l2,
1157 4460 1333 4513 Conc.
1362 4457 1538 4512 Laod.
1572 4474 1702 4513 can.
1736 4460 1800 4514 5:
1835 4457 1909 4513 ad
1943 4475 2075 4514 eam

422 4555 886 4625 appellationem
912 4550 1177 4607 alludere
1204 4549 1433 4603 videtur
1452 4547 1728 4619 Cyrillus,
1753 4553 1979 4619 procat.
2012 4564 2072 4602 n.

425 4610 477 4701 6:
508 4610 757 4698 interim
788 4644 850 4697 in
870 4656 1084 4697 manus
1112 4638 1449 4694 catechistaa
1474 4610 1661 4709 [CXII]
1685 4610 1939 4709 alicujus
1964 4641 2077 4693 tra-
2105 4610 2155 4679 Ῑ)

426 4735 741 4791 dabantur.
762 4730 1108 4786 Catechistae
1132 4728 1219 4783 illi
1236 4725 1557 4797 aliquando
1581 4726 1654 4782 ad
1675 4726 1735 4781 id
1757 4743 1975 4783 munus
2008 4744 2078 4783 ex

427 4823 623 4881 ofﬁcio
647 4820 932 4892 deputati:
967 4816 1288 4887 aliquando
1311 4816 1551 4871 nemine
1572 4816 1948 4887 potissimum
1970 4816 2076 4872 de-

427 4914 678 4984 signato,
700 4909 888 4981 quivis
919 4906 1185 4961 ﬁdelium
1219 4905 1459 4977 proprio
1494 4903 1688 4959 studio
1711 4904 1990 4963 incensus
2007 4922 2076 4963 eo

424 5018 675 5056 munere
707 4997 1079 5071 fungebatur.
1103 4997 1428 5051 Commune
1443 4999 1534 5050 est
1562 4994 1720 5067 apud
1742 5001 1969 5052 veteres
1985 5013 2078 5053 ca-

424 5093 811 5148 techistarum
836 5087 1170 5157 κατηχητῶν
1201 5101 1441 5140 nomen.
1475 5086 1541 5139 In
1570 5084 1721 5140 falsa
1750 5085 2077 5142 Clementis

424 5184 497 5239 ad
518 5181 800 5237 Iacobum
850 5175 1122 5248 epistola,
1156 5192 1214 5230 n.
1255 5178 1338 5243 13,
1372 5175 1423 5227 οἱ
1453 5177 1820 5247 κατηχοῦντες
1862 5175 2079 5232 distin-

425 5277 688 5345 guuntur
717 5269 789 5324 ab
822 5264 1139 5338 episcopis,
1170 5264 1552 5337 presbyteris,
1597 5269 1656 5319 et
1706 5264 2076 5322 diaconibus.

425 5363 646 5418 Eodem
678 5357 854 5415 modo
886 5357 948 5411 in
980 5354 1350 5410 Clementina
1368 5354 1617 5409 homilia
1647 5355 1701 5423 3,
1723 5370 1782 5409 n.
1809 5355 1897 5425 7i,
1929 5354 2075 5411 dici-

422 5459 563 5509 tur:
615 5451 888 5505 Honorate
938 5445 1305 5516 presbyteros,
1370 5443 1717 5512 catechistas,
1795 5444 2075 5501 diaconos.

418 5545 488 5600 In
519 5538 925 5598 Alexandrina
954 5534 1219 5591 Ecclesia
1254 5537 1381 5589 erat
1412 5531 1618 5590 schola
1662 5531 2074 5607 catecheseon,

487 5726 619 5800 (39')
649 5726 772 5782 Cat.
806 5725 859 5792 3,
894 5738 953 5776 n.
990 5722 1076 5787 l3,
1110 5721 1223 5773 cat.
1260 5719 1347 5773 l5.
1375 5732 1434 5772 n.
1466 5718 1555 5771 26.

2185 612 2307 667 sive
2336 615 2723 686 praefuerunt.
2747 617 2813 673 In
2836 618 3104 676 Ecclesia
3130 621 3605 695 Carthaginensi,
3636 623 3690 678 ei
3719 639 3850 678 mu-

2184 702 2313 756 neri
2346 706 2700 776 praapositus
2732 712 2822 763 est
2850 724 2885 763 a
2931 709 3223 781 Cypriane
3258 709 3446 766 lector
3475 712 3747 783 Optatus,
3780 716 3850 766 ut

2184 793 2437 847 testatur
2460 793 2554 849 his
2574 795 2767 852 verbis
2790 798 2945 869 epist
2992 799 3215 856 Pamel.
3238 802 3328 867 24,
3356 801 3542 869 Oxon,
3561 804 3651 869 29,
3674 824 3702 850 ε(
3728 801 3848 872 Op-

2189 884 2852 942 statuminterlectores
2874 886 3247 943 audientium
3281 891 3585 945 doctorem
3617 891 3847 946 consti-

2184 970 2470 1027 «tuimus.
2500 994 2528 1022 ››
2563 974 2850 1031 Eumdem
2890 976 3088 1033 locum
3120 978 3360 1035 tenebat
3387 979 3662 1036 ducentis
3688 996 3848 1051 pene

2184 1061 2504 1128 postannis
2520 1063 2582 1118 in
2614 1064 2725 1120 hac
2748 1066 3012 1122 Ecclesia
3028 1068 3145 1123 Deo
3163 1069 3496 1142 gratiasille
3527 1069 3844 1138 diaconus,

2186 1148 2287 1218 qui
2316 1149 2518 1219 petitis
2549 1152 2621 1207 ab
2652 1155 2981 1228 Augustino
3005 1157 3077 1212 ad
3105 1158 3503 1213 ministerium
3537 1175 3714 1213 suum
3748 1157 3848 1213 di—

2184 1253 2297 1309 gne
2308 1236 2677 1313 fungendum
2690 1243 3163 1317 documentis,ab
3178 1264 3246 1303 eo
3260 1249 3599 1320 impetravit
3620 1248 3848 1304 librum

2185 1327 2262 1380 De
2291 1330 2687 1388 catechizandis
2714 1333 2965 1391 rudibus.
2998 1336 3220 1391 Eodem
3267 1355 3503 1409 quoque
3552 1338 3626 1393 de
3655 1354 3846 1410 argu-

2187 1422 2388 1473 mento
2419 1422 2843 1480 catecheticam
2899 1425 3231 1482 orationem
3279 1427 3517 1499 scripsit
3561 1428 3615 1483 S.
3670 1429 3845 1501 Greg.

2185 1506 2485 1577 Nyssenus
2498 1509 2572 1565 ad
2584 1513 3075 1571 catechizantium
3088 1517 3407 1572 utilitatem
3421 1517 3842 1573 etsubsidium.

2187 1594 2362 1651 Vides
2388 1597 2527 1653 huic
2558 1601 2752 1657 ofﬁcio
2775 1603 2952 1659 modo
2975 1603 3249 1675 lectores,
3265 1606 3442 1662 modo
3470 1606 3757 1662 diaconos
3780 1607 3844 1662 in

2186 1682 2396 1741 eadem
2447 1688 2733 1760 Ecclesia,
2780 1693 2958 1748 modo
3008 1694 3218 1762 laicos,
3249 1701 3316 1749 ut
3363 1701 3489 1751 erat
3530 1697 3843 1769 Origenes,

2186 1773 2495 1843 praefectos
2518 1794 2667 1834 esse.
2692 1779 2783 1835 Ad
2808 1781 2867 1836 id
2890 1783 3049 1838 enim
3066 1800 3188 1840 non
3210 1784 3439 1841 ordinis
3460 1786 3702 1859 gradus,
3735 1783 3843 1841 sed

2188 1863 2441 1921 eruditio
2471 1867 2565 1922 vel
2595 1869 2852 1940 speciale
2904 1870 3128 1928 donum
3176 1874 3609 1945 requirebatur.
3652 1875 3843 1932 Certis

2190 1968 2325 2008 vero
2357 1954 2419 2010 in
2450 1956 2730 2014 Ecclesiis
2759 1960 2912 2016 nulli
2941 1962 3016 2018 ad
3046 1962 3106 2018 id
3133 1980 3354 2020 munus
3394 1965 3707 2037 speciatim
3739 1965 3843 2021 de-

2186 2043 2377 2112 putati
2402 2044 2678 2101 videntur
2706 2046 2913 2106 fuisse.
2946 2051 3203 2123 Cyrillus
3231 2053 3450 2124 prioris
3475 2054 3653 2126 hujus
3683 2058 3840 2110 cate-

2186 2130 2381 2187 chésis
2399 2135 2765 2192 mentionem
2788 2137 3012 2195 faciens
3044 2146 3158 2198 cat.
3183 2144 3268 2211 l5,
3287 2159 3455 2199 num.
3478 2145 3564 2211 18,
3598 2143 3715 2199 ait:
3739 2165 3766 2195 ι
3784 2145 3843 2199 Si

2186 2236 2364 2290 quem
2386 2239 2493 2294 per
2504 2227 2857 2284 catechesim
2869 2231 3315 2301 genuisti,hunc
3331 2238 3569 2289 cautum
3585 2234 3792 2289 redde:
3811 2257 3838 2284 ››

2186 2325 2302 2379 quo
2317 2310 2444 2366 loco
2459 2315 2716 2384 quemvis
2731 2317 2802 2372 de
2811 2318 3182 2377 auditoribus
3193 2321 3843 2396 alloquitur.Alibi(39')

2187 2414 2287 2454 eos
2318 2400 2544 2474 invitat,
2604 2410 2670 2460 ut
2706 2411 3011 2465 certamen
3054 2427 3191 2467 cum
3237 2411 3514 2468 Ecclesia;
3563 2412 3839 2470 hostibus

2187 2492 2428 2546 strenue
2459 2494 2806 2566 suscipiant,
2840 2502 3017 2569 atque
3049 2499 3227 2555 etiam
3259 2501 3640 2574 Evangelium
3685 2518 3843 2573 pras-

2186 2575 2423 2634 dicent:
2453 2582 2675 2653 quique
2706 2585 2779 2640 ad
2810 2585 3128 2644 lucrandas
3178 2589 3408 2645 Christo
3453 2590 3686 2647 animas
3716 2591 3841 2663 apti

2187 2667 2409 2737 sunt,id
2436 2669 2688 2728 sollicite
2710 2672 3042 2730 elaborent.
3062 2679 3202 2744 Quae
3227 2677 3467 2749 quidem
3490 2682 3696 2736 omnia
3717 2698 3838 2737 non

2187 2756 2514 2815 excludunt
2542 2760 2889 2832 deputatum
2935 2781 3007 2819 ex
3057 2766 3254 2823 ofﬁcio
3298 2768 3373 2824 ad
3419 2770 3839 2827 catechumeos

2185 2845 2584 2905 instituendos
2614 2851 2844 2921 virum;
2878 2858 2938 2908 at
2979 2854 3249 2912 relictam
3291 2857 3444 2913 hanc
3488 2859 3838 2932 unicuique,

2183 2940 2359 3007 prout
2376 2935 2606 2995 ferebat
2629 2940 2921 3011 voluntas,
2946 2948 3050 2998 aut
3069 2961 3131 3000 sc
3148 2943 3395 3002 dederat
3415 2948 3668 3017 occasio,
3704 2964 3842 3020 spe-

2184 3024 2396 3081 cialem
2418 3043 2622 3084 curam
2653 3029 2960 3088 insinuare
2982 3034 3273 3091 videntur.
3304 3036 3542 3092 Nullum
3566 3038 3841 3110 Augusti-

2182 3130 2297 3171 nus
2321 3117 2637 3173 Mediolani
2667 3119 2742 3176 ad
2773 3119 2832 3175 id
2863 3121 3128 3179 ofﬁcium
3161 3124 3545 3197 destinatum,
3591 3144 3836 3199 suaeque

2185 3206 2554 3263 conversioni
2585 3210 2971 3281 praepositum
3010 3219 3334 3284 memorat;
3368 3215 3603 3271 nullum
3632 3219 3836 3274 Roma

2190 3295 2369 3368 hujus
2389 3299 2725 3356 catechistaa
2746 3302 3056 3376 vestigium
3087 3305 3450 3362 observatur:
3466 3306 3660 3379 deque
3681 3308 3837 3364 mul-

2189 3385 2264 3441 tis
2280 3385 2561 3444 Ecclesiis
2584 3389 2701 3446 dici
2723 3391 2880 3448 idem
2904 3398 3116 3466 potest.
3148 3396 3449 3468 Quidquid
3489 3398 3586 3468 sit,
3620 3404 3840 3471 praster

2189 3475 2562 3548 catechistas,
2592 3479 2815 3549 patrini
2838 3486 2896 3536 et
2923 3483 3196 3539 matrinaa
3227 3485 3440 3542 horum
3461 3488 3836 3545 catechume-

2186 3580 2402 3621 norum
2425 3566 2692 3623 animum
2710 3569 3058 3627 Christiana;
3080 3571 3362 3631 doctrinas
3397 3577 3713 3650 praaceptis
3742 3578 3835 3633 in-

2185 3654 2443 3711 formare
2457 3655 2829 3713 solebant.At
2849 3659 2922 3714 iis
2942 3660 3386 3719 catechumenis
3407 3681 3529 3720 non
3551 3666 3839 3723 interiora

2185 3743 2493 3817 religionis
2518 3752 2736 3802 nostraa
2781 3748 3057 3822 dogmata
3112 3752 3548 3823 aperiebantur.
3582 3757 3837 3812 Tantum

2186 3834 2439 3891 ethnicm
2466 3837 2908 3908 superstitionis
2937 3841 3187 3909 vanitas,
3211 3844 3568 3916 gentilisque
3602 3846 3839 3917 mytho-

2184 3921 2355 3995 logiaa
2381 3928 2440 3978 et
2467 3924 2859 3997 philosoPhiaa
2883 3927 3220 3986 absurditas
3241 3932 3620 4003 probabatur.
3651 3936 3837 3991 Mora-

2185 4010 2268 4067 lia
2295 4013 2591 4085 Evangelii
2618 4021 2914 4088 praecepta
2943 4016 3310 4076 docebantur
3337 4021 3448 4087 illi,
3478 4027 3545 4078 ut
3573 4041 3634 4080 se
3656 4040 3833 4095 gene-

2185 4101 2335 4157 ralia
2364 4107 2582 4159 nostrae
2614 4104 2752 4159 ﬁdei
2784 4105 3061 4179 dogmata
3089 4108 3161 4165 de
3193 4110 3297 4166 Dei
3327 4112 3578 4178 unitate,
3601 4112 3833 4184 judicio

2186 4195 2246 4247 et
2265 4194 2703 4249 resurrectione
2720 4196 3006 4268 generali;
3029 4214 3150 4255 una
3164 4216 3299 4255 cum
3322 4216 3493 4257 sacra
3521 4202 3835 4274 utriusque

2186 4283 2528 4338 testamenti
2550 4284 2819 4340 historia.
2850 4287 3065 4342 Verum
3090 4288 3345 4360 Cyrillus
3371 4296 3548 4364 negat
3567 4292 3713 4363 ipsis
3743 4292 3843 4348 de-

2186 4371 2475 4427 claratum
2497 4372 2681 4430 fuisse
2702 4374 3005 4431 Trinitatis
3043 4378 3415 4450 mysterium,
3439 4385 3551 4436 cat.
3585 4383 3639 4446 6,
3669 4398 3839 4439 num.

2186 4461 2561 4532 29,aitque,si
2584 4463 2633 4517 si
2649 4462 2885 4533 quando
2900 4466 3347 4523 catechumenis
3358 4470 3754 4540 praasentibus
3766 4470 3843 4527 de

2188 4565 2258 4605 ea
2286 4567 2349 4606 re
2383 4567 2577 4606 sermo
2608 4558 2865 4623 occurat,
2900 4554 2961 4609 id
2990 4555 3160 4611 tectis
3192 4557 3439 4614 omnino
3470 4559 3665 4615 verbis
3710 4558 3841 4615 ﬁeri

2189 4646 2444 4696 suetum.
2480 4642 2670 4707 Quare
2702 4659 3079 4716 summopere
3117 4652 3283 4703 cavet
3326 4653 3550 4720 procat.
3584 4666 3647 4705 n.
3678 4653 3735 4722 7,
3767 4664 3844 4706 ne

2191 4745 2260 4785 ea
2286 4747 2418 4801 quae
2451 4730 2513 4785 in
2545 4732 2956 4789 catechesibus
2988 4734 3191 4790 audita
3239 4736 3482 4805 fuerint,
3515 4754 3714 4795 coram
3745 4755 3844 4795 ca-

2189 4819 2561 4892 techumenis
2597 4821 2939 4877 efferantur.
2977 4823 3326 4896 Symbolum
3351 4825 3497 4898 ipsis
3512 4827 3692 4884 etiam
3723 4844 3848 4884 ma-

2187 4925 2305 4982 gna
2332 4909 2620 4985 religione
2653 4910 2937 4967 occultari
2978 4913 3250 4985 praacipit
3296 4921 3410 4971 cat.
3443 4918 3496 4985 5,
3547 4933 3716 4973 num.
3750 4921 3841 4973 12.

2190 4999 2502 5071 Gregorius
2535 5004 2735 5055 tamen
2767 5000 3160 5057 Nazianzenus
3192 5009 3340 5059 orat.
3390 5006 3484 5071 40,
3516 5022 3633 5076 quo
3682 5011 3841 5062 cate-

2188 5087 2439 5144 chumos
2488 5088 2697 5144 invitat
2724 5088 2798 5145 ad
2832 5089 3029 5147 danda
3076 5092 3322 5148 nomina
3369 5099 3428 5149 et
3472 5093 3839 5167 baptismum

2188 5177 2317 5233 sine
2350 5193 2518 5232 mora
2548 5176 2762 5248 [CXIII]
2798 5179 3266 5250 suscipiendum,
3296 5180 3404 5237 sub
3434 5182 3617 5239 ﬁnem
3666 5184 3752 5240 eis
3783 5189 3846 5239 et

2187 5266 2557 5334 Trinitatem,
2592 5272 2650 5322 et
2679 5266 3015 5339 symbolum
3042 5267 3146 5324 sed
3166 5268 3297 5325 aliis
3326 5271 3519 5327 verbis
3542 5272 3843 5346 integrum

2188 5353 2487 5428 explanat.
2520 5355 2682 5412 Alias
2712 5373 2947 5427 quoque
2979 5360 3314 5416 communis
3343 5359 3492 5433 legis
3540 5362 3847 5435 exceptio-

2189 5460 2296 5501 nes
2326 5445 2528 5501 aﬂ‘erri
2556 5462 2731 5517 posse
2762 5446 2919 5504 novi.

2258 5536 2350 5593 2t.
2380 5534 2547 5591 Alter
2574 5536 3139 5598 catechumenorum
3171 5539 3316 5598 ordo
3346 5557 3550 5599 eorum
3585 5544 3848 5617 erat,qui
