4090 6268
322 372 441 434 145

1708 372 2230 438 DISSERTATIO
2271 378 2350 441 Il.

3628 391 3744 461 146

317 508 679 581 baptismum
709 509 988 581 proximo
1019 510 1308 567 Paschate
1338 510 1695 582 suscepturi,
1726 509 1974 567 nomina
2006 511 2059 578 Α
2084 526 2239 567 ceam
2281 519 2546 571 Romanae
2574 516 2820 574 civitatis
2857 523 3172 592 episcopum
3218 524 3304 595 (in
3355 525 3484 581 cod.
3533 526 3737 583 Sanci-

318 598 539 655 dabant
569 599 816 655 diversis
836 599 1171 655 secundum
1192 601 1460 657 locorum
1477 600 1971 657 consuetudinem

319 688 551 745 diebus.
582 688 670 743 Ad
701 704 805 745 eos
833 688 1010 745 dicta;
1042 694 1181 745 sunt
1225 690 1455 762 priores
1504 690 1710 746 decem
1752 697 1812 745 et
1840 694 1971 746 octo

319 778 525 849 Cyrilli
554 778 914 834 catecheses.
966 778 1035 833 Hi
1079 772 1234 850 apu‘d
1281 779 1521 835 Latinos
1569 780 1726 835 electi
1752 796 1972 852 compe-

322 875 509 935 tentes,
531 869 695 940 quasi
711 867 896 923 simul
927 873 1198 939 petentes
1214 868 1576 940 baptismum
1598 869 1970 936 dicebantur;

318 972 466 1030 apus
506 958 754 1024 Gracos,
787 956 1179 1034 φωτιζόμενοι,
1217 958 1634 1031 βαπτιζόμενοι,
1671 955 1969 1031 μέλλοντες

313 1046 663 1123 φωτίζεσθαι,
695 1045 1213 1123 φωτισθησόμενοις
1247 1047 1320 1104 de
1365 1048 1582 1120 quibus
1616 1048 1967 1121 appellatio-

311 1136 495 1193 nibus
524 1153 694 1210 agam
721 1135 1112 1208 sequentibus
1140 1137 1428 1193 numeris.
1466 1139 1537 1193 Et
1574 1138 1700 1193 haec
1727 1137 1970 1211 quidem

311 1226 565 1282 nomina
579 1226 1221 1295 assumebant,retento
1242 1226 1439 1282 adhuc
1467 1231 1670 1283 tamen
1692 1227 1968 1282 catechu-

313 1332 633 1372 menorum
663 1316 928 1371 nomine.
962 1318 1034 1371 At
1061 1316 1124 1371 in
1155 1315 1418 1372 Ecclesia
1446 1317 1966 1389 Jerosolymitana,

308 1405 603 1478 singulari
618 1420 732 1460 usu
744 1405 1310 1461 catechumenorum
1322 1422 1545 1462 nomen
1568 1405 1964 1478 deponebant,

306 1496 604 1566 ﬁdelesque
633 1495 762 1566 ejus
818 1493 950 1550 loco
1008 1494 1382 1564 dicebantur,
1425 1500 1650 1567 procat.
1708 1513 1874 1551 num.
1910 1499 1965 1566 6,

303 1591 414 1641 cat.
455 1588 508 1653 1,
543 1599 710 1640 num.
743 1585 795 1637 4».
826 1588 937 1640 cat.
967 1586 1021 1652 5,
1043 1600 1207 1639 num.
1239 1588 1288 1650 1,
1313 1589 1426 1640 cat.
1450 1587 1504 1651 6,
1532 1601 1593 1641 n.
1626 1587 1715 1640 29.
1748 1587 1967 1641 Pecca-

303 1680 504 1731 torum
536 1672 934 1740 confessione,
960 1673 1232 1746 jejuniis,
1266 1674 1564 1745 precibus,
1620 1674 1964 1730 exorcismis

303 1765 375 1822 ad
406 1764 778 1837 baptismum
807 1762 1298 1835 disponebantur.
1336 1765 1403 1819 In
1446 1763 1711 1819 Ecclesia
1759 1764 1964 1820 Latina

2080 604 2395 676 gyranensi
2440 623 2545 677 pro
2580 607 2814 678 Nz'ceas,
2862 610 3141 666 scribitur
3183 613 3523 683 Anechz‘tus;
3570 623 3627 672 et
3670 618 3734 674 in

2081 709 2191 750 ms.
2226 695 2640 754 San—German.
2675 716 2779 771 pro
2834 702 3087 757 Romanae
3123 703 3312 758 fertur
3359 707 3728 780 Romaeionae)

2086 805 2107 834 ι
2123 787 2527 857 composuisse
2541 791 2798 862 simplici
2813 793 3068 848 etnitido
3087 811 3361 850 sermone
3376 814 3477 853 sex
3491 814 3728 870 compe-

2081 895 2110 925 «
2134 875 2394 932 tentibus
2408 877 2768 950 baptismum
2797 882 3205 939 instructionis
3232 885 3487 952 libellos;
3513 887 3572 940 in
3594 889 3730 959 qui-

2084 985 2106 1013 ι
2133 964 2243 1020 bus
2271 966 2500 1036 primus
2522 970 2867 1026 continebat
2893 973 3151 1042 qualiter
3180 991 3241 1029 se
3272 974 3527 1031 debeant
3554 993 3729 1049 agere

2080 1075 2109 1104 α
2130 1059 2664 1128 competentes,qui
2679 1060 2754 1115 ad
2765 1060 3043 1132 baptismi
3056 1064 3304 1134 gratiam
3319 1065 3569 1135 cupiunt
3584 1081 3726 1136 per-

2083 1164 2104 1192 c
2130 1144 2355 1213 venire;
2387 1147 2684 1202 secundus
2704 1150 2910 1220 agebat
2933 1151 3004 1206 de
3035 1153 3383 1224 gentilitatis
3408 1155 3731 1222 erroribus;

2078 1233 2325 1288 «tertius
2338 1240 2466 1291 erat
2476 1235 2548 1291 de
2562 1236 2675 1292 fide
2688 1239 2879 1294 unicae
2891 1241 3007 1310 maj
3017 1243 3243 1303 estatis;
3263 1249 3508 1312 quartus
3527 1244 3729 1299 adver-

2080 1341 2109 1371 «
2132 1338 2232 1376 sus
2243 1324 2759 1398 genethlelogiam;
2781 1329 3023 1399 quintus
3039 1331 3108 1384 de
3128 1331 3421 1402 symbolo;
3436 1338 3636 1389 sextus
3656 1334 3728 1389 de

2077 1430 2106 1460 ‹‹
2127 1410 2834 1482 agnipaschalisvictima.
2863 1440 2888 1464 ››
2913 1418 3069 1472 Nihil
3100 1420 3196 1474 hic
3209 1421 3422 1476 attinet
3462 1438 3729 1492 quaerere

2076 1498 2382 1569 quisitille
2405 1502 2725 1570 Niceas,vel
2749 1506 3725 1579 Anechitus,autAnicetus,Romaa

2072 1586 2165 1641 vel
2182 1588 2558 1644 Romacianaa
2589 1591 2838 1647 civitatis
2853 1594 3185 1665 episcopus.
3207 1598 3455 1651 Tantum
3478 1599 3725 1654 observa

2072 1674 2294 1730 librum
2317 1677 2576 1748 primum
2593 1688 2940 1753 argumento
2963 1683 3221 1738 similem
3242 1684 3425 1740 fuisse
3455 1693 3724 1756 procate-

2072 1764 2237 1820 chesi
2267 1771 2327 1821 et
2354 1768 2646 1823 catechesi
2678 1770 2885 1841 primae
2918 1772 3275 1842 Cyrillianae;
3303 1776 3634 1832 secundum
3667 1784 3726 1833 et

302 1854 542 1910 diversa
573 1852 856 1908 subibant
884 1852 1191 1920 scrutinia,
1222 1852 1284 1907 in
1316 1852 1534 1926 quibus
1573 1857 1708 1924 post
1733 1853 1960 1909 exorci-
1992 1881 2041 1947 Β
2071 1854 2313 1911 tertium
2341 1857 2635 1914 catechesi
2677 1864 2854 1914 sexta:
2872 1879 2896 1925 ;
2944 1866 3221 1931 quartum
3270 1862 3518 1921 diversis
3563 1872 3722 1924 cate-

305 1940 1062 2008 smos,abrenuntiationes
1091 1942 1355 2014 proﬁteri
1361 1941 1751 2014 jubebantur;
1782 1943 1871 1999 sal
1900 1942 1963 1997 in
1992 1940 2036 1947 ⁷
2070 1944 2267 1999 chesis
2299 1946 2594 2014 secundae,
2626 1951 2851 2018 quartae
2884 1953 2941 2007 et
2966 1966 3139 2004 nonae
3172 1950 3356 2015 locis;
3393 1954 3585 2024 quinti
3626 1972 3720 2011 ar-

295 2050 508 2091 eorum
541 2050 609 2089 os
640 2031 1094 2099 immittebatur;
1128 2032 1311 2088 saliva
1332 2048 1505 2088 aures
1537 2038 1595 2087 et
1623 2049 1799 2090 nares
1829 2039 1963 2090 tan-

292 2122 615 2196 gebantur,
637 2126 750 2178 etc.
775 2121 1102 2178 Conciones
1124 2122 1242 2177 sive
1261 2122 1601 2177 catecheses
1631 2121 1704 2177 ad
1728 2139 1830 2178 eos
1851 2122 1960 2178 ha-

291 2211 596 2268 bebantur
624 2210 879 2282 triplicis
899 2210 1135 2283 generis
1159 2227 1173 2266 :
1210 2214 1266 2264 to
1294 2210 1574 2278 morales,
1608 2210 1823 2282 quibus
1853 2210 1956 2267 ad-

288 2300 696 2356 monebantur
726 2316 801 2354 ne
831 2299 1196 2370 baptismum
1228 2299 1360 2354 sine
1391 2298 1625 2355 sincera
1651 2298 1954 2355 voluntate

286 2395 345 2445 et
365 2389 490 2444 ﬁde
519 2388 931 2460 susciperent:
963 2393 1148 2460 utque
1178 2403 1308 2443 sese
1340 2386 1534 2460 dignis
1573 2388 1939 2459 pcenitentiae

277 2479 591 2536 laboribus
620 2478 696 2533 ad
728 2494 859 2534 eam
880 2477 1132 2547 gratiam
1150 2481 1576 2549 prapararent.
1595 2478 1950 2550 Hujusmodi

281 2575 423 2626 sunt
440 2568 911 2641 procatechesis,
947 2572 1005 2623 et
1033 2567 1361 2624 catechesis
1390 2568 1587 2639 prima
1626 2567 1682 2622 S.
1718 2568 1948 2640 Cyrilli,

278 2659 412 2715 dum
444 2658 502 2712 S.
535 2658 784 2713 Joannis
813 2656 1218 2728 Chrysostomi
1249 2656 1592 2711 catecheses
1646 2653 1785 2731 πρὸς
1817 2654 1946 2720 τοὺς

287 2743 598 2818 μέλλοντας
628 2744 977 2823 φωτίζεσθαι,
999 2762 1132 2817 qum
1161 2744 1458 2800 habentur
1476 2749 1589 2800 vet.
1623 2744 1759 2800 edit.
1798 2750 1940 2802 tom.

277 2839 491 2906 I,orat.
516 2837 608 2901 60,
641 2853 700 2907 p.
733 2837 861 2902 705,
894 2839 954 2889 et
976 2837 1067 2900 2i,
1096 2849 1211 2905 pag
1237 2834 1364 2903 255,
1393 2849 1645 2905 quaeque
1684 2835 1747 2889 in
1792 2851 1943 2892 nova

280 2927 545 2984 editione
576 2924 758 2980 simul
787 2924 1121 2995 conjunctaa
1152 2927 1293 2979 sunt
1322 2924 1541 2991 tom.ll,
1568 2939 1700 2996 pag.
1733 2926 1838 2980 225
1882 2930 1941 2981 et

277 3019 416 3073 23L:
448 3016 621 3088 prior
648 3013 890 3084 triginta
919 3018 1057 3069 ante
1084 3012 1447 3084 baptismum
1476 3012 1688 3068 diebus
1736 3012 1940 3071 habita

275 3114 383 3175 est,
416 3105 721 3178 posterior
748 3108 885 3177 post
913 3103 1042 3159 dies
1071 3103 1300 3159 decem.
1343 3103 1647 3159 Habentur
1700 3120 1935 3176 quoque

274 3196 493 3255 similis
524 3194 860 3267 argumenti
879 3209 1186 3248 sermones
1214 3191 1544 3265 plurimiad
1573 3200 1933 3264 competentes

272 3286 428 3359 apud
491 3283 915 3357 Augustinum.
967 3285 1028 3336 2°
1088 3282 1507 3354 Exponebatur
1561 3282 1928 3355 baptizandis

270 3374 636 3448 symbolum.
663 3374 889 3428 Paucas
915 3376 975 3427 et
1001 3388 1153 3443 pene
1197 3371 1396 3427 nullas
1445 3371 1737 3429 habemus
1769 3372 1929 3445 apud

269 3465 505 3521 Graacos
552 3463 853 3518 catecheses
909 3463 969 3515 in
1026 3460 1322 3516 traditione
1369 3462 1643 3531 symboli:
1705 3462 1928 3520 multos

265 3571 401 3611 vero
434 3553 511 3609 de
544 3552 756 3607 eodem
802 3555 1151 3614 argumento
1200 3550 1544 3605 Latinorum
1594 3566 1924 3609 sermones.

269 3647 326 3699 3·
350 3641 531 3715 Apud
564 3640 803 3696 Latinos
831 3639 950 3695 alio
982 3654 1255 3695 sermone
1286 3638 1630 3695 tradebatur
1657 3645 1715 3695 et
1743 3657 1923 3712 expo-

267 3733 530 3789 nebatur
557 3730 747 3785 oratio
771 3728 1095 3784 Dominica.
1121 3727 1235 3784 Sed
1263 3726 1419 3800 apud
1449 3728 1681 3784 Graacos
1703 3745 1772 3785 ea
1791 3746 1924 3786 con-

269 3819 525 3878 suetudo
554 3835 675 3874 non
708 3823 874 3884 erat;
908 3833 1019 3873 nec
1044 3817 1231 3872 oratio
1268 3816 1580 3873 Dominica
1625 3818 1743 3873 nisi
1791 3824 1927 3891 post

266 3910 639 3983 baptismum
668 3905 1039 3962 audiebatur.
1055 3906 1271 3961 Omitto
1288 3905 1525 3961 brevem
1555 3905 1925 3979 singulorum

265 4003 781 4057 sacramentorum
813 3995 1406 4067 expositionem,quaa
1436 3994 1499 4050 in
1520 3995 1651 4067 ipsa
1678 3998 1926 4056 Pascha-

264 4092 339 4148 tis
363 4090 573 4156 vigilia
601 4093 728 4143 tum
759 4085 958 4153 ﬂebat,
991 4102 1128 4141 cum
1158 4085 1232 4141 ad
1263 4102 1333 4141 ea
1383 4087 1679 4142 accessuri
1721 4094 1925 4145 essent

263 4181 366 4252 qui
396 4176 873 4249 baptizabantur.
908 4176 1126 4231 Harum
1157 4175 1526 4231 mentionem
1555 4175 1698 4231 facit
1735 4178 1920 4248 Cyril-

260 4270 355 4325 lus
372 4272 493 4324 cat.
523 4268 607 4329 18,
630 4280 692 4319 n-
716 4265 806 4331 32,
825 4263 1075 4336 ejusque
1097 4264 1429 4334 argumenti
1454 4263 1745 4335 quosdam
1769 4267 1924 4323 Gau—

259 4358 453 4415 dentii
470 4353 798 4410 Brixiensis
815 4368 1121 4408 sermones
1140 4352 1450 4408 habemus.
1476 4351 1589 4408 Sed
1609 4352 1918 4411 fatendum

259 4446 433 4503 nulla
461 4445 527 4499 in
558 4441 822 4498 Ecclesia
851 4457 1019 4512 mque
1049 4440 1400 4512 diligentem
1430 4456 1499 4496 ac
1523 4441 1588 4496 in
1625 4442 1923 4516 Jerosoly-

261 4537 495 4594 mitana
523 4530 1009 4605 baptizandorum
1039 4529 1436 4586 institutionis
1463 4546 1667 4586 curam
1715 4532 1918 4588 obser-

2068 2038 2418 2105 gumentum
2449 2039 2571 2090 toto
2602 2053 2754 2107 pene
2805 2037 3192 2094 catecheseon
3224 2058 3399 2111 opere
3442 2045 3678 2099 tractari
3704 2065 3717 2111 ;

2068 2128 2267 2177 sextus
2298 2128 2497 2178 autem
2523 2124 2635 2197 legi
2666 2125 2755 2179 vel
2788 2128 3162 2197 pronuntiari
3195 2134 3424 2185 tantum
3468 2130 3721 2189 debebat

2065 2210 2129 2266 in
2184 2212 2311 2283 ipso
2372 2213 2676 2269 Paschatis
2742 2215 3083 2287 pervigilio:
3144 2218 3357 2272 similis
3412 2222 3720 2278 nonnullis

2063 2299 2374 2356 Gaudentii
2405 2302 2624 2358 habitis
2655 2304 2718 2358 in
2749 2304 2854 2359 illa
2879 2311 3049 2360 nocte
3080 2308 3476 2373 sermonibus,
3510 2316 3569 2363 et
3596 2311 3718 2367 ins-

2062 2387 2439 2445 titutionibus
2470 2391 2590 2447 illis
2619 2408 2768 2462 quas
2799 2393 3053 2464 Cyrillus
3084 2413 3189 2465 pro
3223 2401 3487 2467 tempore
3520 2416 3581 2453 se
3611 2399 3711 2455 da-

2059 2482 2260 2533 turum
2290 2479 2584 2549 promittit
2614 2485 2723 2535 cat.
2761 2483 2845 2549 18,
2879 2499 2939 2537 n.
2973 2486 3060 2551 32,
3095 2484 3236 2539 dum
3267 2493 3709 2544 sacramentum

2055 2565 2335 2638 baptismi
2377 2573 2436 2623 et
2459 2570 2771 2640 sequentia
2799 2571 3170 2627 auditoribus
3201 2574 3702 2633 administrabun-

2052 2656 2464 2712 tur.C€eterum
2478 2657 2963 2729 baptizandorum
2977 2662 3537 2735 institutio,propria
3553 2667 3705 2738 epis-

2054 2745 2186 2817 copi
2201 2745 2283 2800 vel
2302 2746 2459 2802 vices
2473 2748 2602 2819 ejus
2615 2750 2843 2820 agentis
2858 2750 3187 2821 presbyteri
3206 2760 3623 2819 euraerat;nec
3636 2762 3703 2811 ut

2052 2834 2484 2906 simpliciorum
2507 2839 3447 2903 catechumenorum,catechistis
3479 2843 3600 2898 illis
3631 2845 3703 2900 de

2049 2924 2267 2995 quibus
2288 2942 2452 2980 num.
2479 2943 2609 2997 sup.
2653 2926 2910 2983 diximus
2943 2929 3527 2987 credebatur.Nullos
3551 2950 3704 3004 pene

2047 3012 2121 3067 ad
2148 3019 2555 3085 competentes
2599 3031 2908 3070 sermones
2955 3017 3261 3087 habemus,
3302 3026 3701 3091 praeterquam

2047 3102 2483 3174 episcOporum.
2518 3103 2573 3157 S.
2612 3103 2957 3159 Ambrosius
2989 3122 3051 3160 se
3098 3108 3432 3177 symbolum
3463 3127 3700 3183 compe-

1988 3220 2002 3272 ὲ
2043 3190 2307 3247 tentibus
2323 3191 2637 3248 tradidisse
2669 3197 2938 3249 testatur.
2967 3195 3031 3248 Id
3053 3196 3263 3267 agebat
3295 3214 3401 3268 per
3423 3216 3484 3252 se
3509 3202 3700 3272 Augu-

2043 3280 2236 3336 stinus
2266 3286 2400 3352 post
2434 3282 2864 3353 episcopatum,
2898 3288 2956 3338 et
3003 3290 3138 3339 ante
3185 3287 3593 3358 episcopatum
3623 3306 3695 3345 ex

2038 3370 2316 3442 imposito
2348 3370 2461 3425 sibi
2492 3371 2565 3426 ab
2598 3372 2874 3443 episcopo
2907 3372 2970 3428 in
3001 3374 3186 3444 ipsius
3215 3375 3417 3430 locum
3450 3377 3687 3434 dicendi

2038 3457 2256 3514 officio.
2289 3459 2355 3513 In
2404 3460 2671 3514 Romana
2715 3460 2978 3516 Ecclesia
3026 3462 3360 3532 symbolum
3412 3465 3685 3521 tradebat

2035 3547 2382 3619 presbyter;
2417 3547 2519 3602 sed
2550 3564 2625 3603 ne
2663 3548 2724 3602 id
2754 3553 2953 3619 ageret
3000 3552 3261 3621 pontifex
3308 3555 3682 3625 negotiorum

2035 3634 2193 3690 mole
2224 3636 2717 3707 praegravabatur.
2751 3638 3262 3710 Constantinopoli
3296 3643 3679 3711 patriarchae

2033 3729 2312 3797 suggestu
2326 3723 2421 3779 die
2440 3727 2791 3780 Parasceves
2808 3727 3141 3798 symbolum
3164 3728 3529 3800 baptizandis
3552 3751 3683 3804 pro-

2033 3812 2294 3884 penebat
2329 3813 2801 3885 explicabatque,
2851 3816 3120 3870 Thodoro
3152 3822 3300 3871 teste
3358 3822 3499 3872 Hist.
3547 3838 3677 3891 pag.

2033 3903 2158 3956 563.
2189 3902 2446 3957 Joannes
2475 3903 2676 3972 Cyrilli
2707 3919 3015 3958 successor
3039 3906 3376 3960 catecheses
3406 3908 3681 3981 habebat,

2031 3994 2183 4045 teste
2230 3990 2486 4062 ipsemet
2523 3991 2679 4061 apud
2724 3991 2958 4046 Hieron.
3014 3993 3185 4062 epist.
3221 3994 3308 4060 38,
3358 4012 3489 4050 nov.
3538 3999 3680 4055 edit.

2031 4078 2467 4151 Chrysostonus
2487 4079 2817 4134 Antiochia;
2842 4080 2987 4135 duas
3010 4080 3083 4134 ad
3102 4080 3528 4139 illuminandos
3552 4105 3677 4143 ora-

2032 4167 2224 4223 tiones
2255 4168 2481 4223 habuit.
2501 4170 2710 4222 Totum
2733 4169 3086 4224 concionum
3114 4171 3348 4242 pondus
3370 4174 3481 4244 ipsi
3503 4192 3535 4231 a
3562 4178 3679 4229 Me-

2030 4254 2173 4311 letio
2195 4262 2254 4311 et
2274 4256 2547 4312 Flaviano
2571 4257 2935 4328 impositum.
2978 4260 3195 4314 Eadem
3237 4260 3309 4315 de
3353 4279 3529 4317 causa
3561 4264 3677 4335 Cy-

2028 4345 2235 4401 rillum
2252 4345 2445 4401 adhuc
2467 4346 2879 4418 presbyterum
2902 4350 3310 4404 catechesibus
3334 4356 3392 4406 et
3412 4352 3676 4407 homiliis

2030 4434 2104 4489 ad
2134 4434 2422 4506 populum
2453 4435 2722 4490 dicendis
2752 4437 3095 4507 prmfectum
3127 4438 3309 4492 fuisse
3342 4457 3675 4497 censemus.

2029 4523 2196 4590 Quod
2218 4523 2289 4579 de
2306 4524 2556 4579 Eusebio
2578 4541 2813 4595 quoque
2832 4524 3171 4586 dicendum,
3206 4527 3303 4595 qui
3339 4528 3400 4581 in
3432 4530 3683 4599 epistola

263 4626 411 4682 vari.
448 4624 578 4680 Una
607 4621 779 4693 vulgo
810 4619 944 4676 aliis
984 4620 1048 4674 in
1089 4619 1235 4675 locis
1285 4619 1394 4675 sub
1442 4620 1917 4694 Quadragesimaa
1952 4618 1998 4683 D
2027 4612 2101 4669 ad
2131 4613 2524 4668 Cmsarienses
2554 4629 2693 4667 suos
2725 4629 2887 4667 num.
2932 4617 2985 4679 2,
3016 4613 3351 4683 symbolum
3402 4619 3681 4673 Ecclesiae

264 4715 453 4771 ﬁnem
484 4712 773 4769 concione
806 4708 1142 4781 symbolum
1174 4707 1538 4775 tradebatur,
1572 4708 1802 4765 duabus
1849 4710 1924 4767 ad

265 4818 595 4868 summum;
620 4799 809 4857 semel
828 4803 1058 4855 tantum
1074 4797 1336 4853 occurrit
1357 4802 1425 4852 ut
1435 4797 1748 4869 explicatio
1761 4815 1925 4870 sym-

261 4892 389 4949 boli
409 4893 475 4947 in
493 4896 617 4946 tres
633 4895 956 4961 quatuorve
974 4902 1282 4943 sermones
1303 4885 1703 4957 dispertiatur.
1738 4891 1812 4943 At
1858 4889 1922 4945 in

259 4981 530 5038 Ecclesia
563 4976 1098 5050 Hierosolymitana
1126 4979 1315 5030 totum
1341 4974 1479 5030 huic
1508 4976 1745 5048 negotio
1767 4977 1919 5041 Qua-

259 5069 614 5143 dragesimae
633 5073 867 5137 tempus
891 5065 1283 5136 insumptum,
1298 5058 1358 5119 et
1376 5064 1802 5135 septemdecim
1820 5081 1921 5121 ca-

256 5160 534 5218 techeses
551 5154 922 5212 attributaN
927 5153 1120 5209 ullum
1134 5153 1197 5207 in
1216 5156 1340 5207 tota
1351 5151 1708 5223 antiquitate
1725 5153 1922 5209 simile

256 5247 605 5319 exemplum
637 5244 951 5300 habemus.
1001 5241 1240 5298 Nullum
1288 5256 1437 5313 opus
1481 5241 1675 5313 reperi
1706 5242 1769 5297 in
1801 5258 1918 5313 quo

253 5346 383 5395 tota
410 5334 910 5408 baptizandorum
938 5331 1212 5386 instituto
1242 5330 1424 5385 simul
1454 5330 1721 5396 collecta,
1754 5337 1814 5387 et
1854 5332 1917 5388 in

255 5445 449 5485 unum
480 5425 765 5482 volumen
795 5427 1102 5492 compacta
1132 5420 1227 5476 sit.
1258 5421 1428 5476 Esset
1456 5420 1682 5491 aliquid
1729 5420 1917 5493 Cyril-

259 5518 422 5575 lianc
453 5515 625 5588 operi
658 5512 1003 5574 finitimum,
1036 5526 1098 5566 se
1124 5508 1456 5581 posteritati
1501 5515 1917 5567 conservatum

261 5614 423 5665 esset
465 5619 643 5678 opus,
695 5601 770 5657 de
798 5615 916 5671 quo
962 5603 1216 5654 testatur
1270 5598 1611 5654 Gennadius
1670 5599 1914 5671 Calalog.

256 5695 475 5772 [ων]
500 5691 765 5751 virorum
782 5688 1011 5754 illata,
1056 5702 1185 5758 cap.
1235 5687 1344 5741 23:
1377 5686 1460 5743 ait
1486 5686 1772 5744 nimirum
1816 5687 1917 5745 Ni-

2032 4718 2154 4759 sum
2182 4718 2545 4773 proponens,
2579 4702 2663 4756 ait
2691 4718 2821 4756 eam
2854 4719 2915 4756 se
2947 4702 3124 4756 ﬁdem
3157 4706 3682 4778 enuntiare.quam

2030 4807 2166 4848 cum
2192 4792 2255 4846 in
2285 4790 2653 4863 presbyterio
2702 4795 2824 4844 tum
2866 4791 2927 4845 in
2960 4791 3303 4863 episcopatu
3346 4796 3599 4850 credidit
3628 4804 3686 4853 et

2031 4880 2252 4937 docuit.
2285 4879 2627 4951 Symbolum
2661 4880 2841 4950 igitur
2868 4880 2950 4934 ita
2980 4881 3229 4935 docebat
3255 4884 3586 4955 presbyter,
3618 4892 3685 4940 ut

2029 4969 2342 5041 episcopus
2374 4985 2611 5039 quoque
2644 4968 2903 5023 doceret.
2938 4970 3186 5024 Ruﬁnus
3219 4971 3507 5027 invectiva
3540 4978 3561 5027 1
3618 4976 3678 5029 in

2027 5059 2422 5129 Hieronymum
2478 5058 2549 5112 de
2591 5057 2843 5112 diacono
2892 5059 3143 5114 Eusebio
3197 5060 3298 5122 ait,
3359 5079 3489 5134 pag.
3538 5066 3675 5118 262:

2031 5167 2061 5199 α
2082 5147 2249 5201 Alius
2260 5146 2869 5217 diaconus,simulque
2884 5153 3050 5217 pater
3064 5148 3208 5202 mihi
3224 5156 3282 5204 et
3298 5150 3505 5206 doctor
3517 5168 3644 5222 sym
3662 5184 3676 5194 -

2035 5257 2060 5288 α
2080 5235 2197 5290 boli
2214 5251 2283 5290 ac
2297 5234 2576 5290 fideifuit.
2602 5256 2631 5285 »
2653 5235 2901 5299 Iudicat,
2930 5242 2995 5289 ut
3013 5237 3599 5309 arbitror,patrinum
3622 5248 3681 5296 et

2029 5325 2563 5395 susceptorem,qui
2579 5324 3325 5395 privatisinstructionibus
3340 5329 3674 5398 symbolum

2026 5429 2096 5470 ac
2122 5414 2301 5470 fidem
2332 5413 2444 5468 sibi
2493 5414 2861 5485 exponebat;
2894 5431 3012 5469 non
3065 5417 3304 5471 exclusa
3352 5417 3588 5488 publica
3618 5427 3678 5474 et

2026 5504 2281 5561 solemni
2310 5503 2688 5557 institutione
2719 5504 2999 5574 episcopi,
3026 5522 3160 5560 cum
3183 5507 3411 5561 caateris
3433 5523 3672 5576 compe-

2028 5594 2290 5651 tentibus
2318 5593 2381 5648 in
2411 5592 2689 5649 Ecclesia;
2721 5600 3011 5649 conventu
3042 5595 3261 5651 audita.

2094 5685 2184 5741 24.
2216 5682 2567 5741 Gatecheses
2581 5683 2785 5757 Cyrilli
2807 5683 3075 5754 duplices
3104 5684 3428 5739 habemus:
3463 5683 3667 5736 decem
