4090 6268
377 328 490 390 14³7

1464 323 1565 382 DE
1607 321 2190 396 GATECHESIBUS
2233 329 2308 392 Ξ,
2346 329 2681 392 CYRILLI.

3670 324 3780 390 “8

378 475 437 527 et
463 473 596 525 octo
627 467 855 541 priores
885 468 960 524 ad
990 484 1090 524 eos
1111 467 1213 539 qui
1233 466 1529 540 baptismo
1547 464 1814 537 proxime
1831 464 2022 520 susci-
2051 466 2110 534 Α
2141 473 2310 526 cutus
2332 471 2507 527 verbo
2531 469 2859 527 illuminare
2887 466 3109 541 passim
3129 464 3320 530 utitur
3341 481 3448 538 pro
3471 462 3773 533 baptizare;

380 558 1388 634 piendopraeparabantur;quinque
1407 557 1834 629 mystagogicas
1847 553 2029 628 [CXV]

383 651 458 707 ad
488 649 819 721 neophytos
853 664 966 718 que
993 649 1064 702 de
1087 647 1277 702 tribus
1299 646 1689 702 sacramentis
1717 644 1895 700 simul
1919 643 2034 699 col-

382 740 520 796 latis
571 739 892 794 disserunt.
953 738 1190 793 Priores
1241 735 1671 802 inscribuntur,
1727 734 2032 790 catecheses

386 827 799 906 φωτιζομὲνων,
833 826 908 882 ad
938 827 1199 882 litteram
1229 841 1424 882 eorum
1451 826 1552 897 qui
1609 824 2031 879 illuminanlur.

385 920 520 974 Haec
548 917 878 973 certissima
904 915 1286 987 Jerosolymis
1314 912 1801 986 baptizandorum
1827 911 2034 984 appel-

384 1008 549 1077 latio;
585 1024 683 1064 eos
715 1009 874 1063 enim
902 1007 973 1062 ab
1002 1006 1172 1061 initio
1194 1004 1631 1078 procatechesis
1651 1004 1762 1058 hoc
1791 1002 2034 1057 nomine

386 1097 707 1169 compellat
752 1095 1044 1168 Cyrillus:
1076 1091 1218 1164 Ἢδη
1283 1092 1681 1166 μακαριότητος
1724 1091 1868 1163 ὀσμῆ
1901 1088 2035 1165 πρὸς

388 1186 552 1260 ὑμᾶς,
586 1185 630 1238 ὧ
661 1184 1048 1262 φωτιζόμενοι,
1072 1201 1182 1240 nec
1205 1183 1331 1240 illic
1351 1183 1566 1251 solum,
1587 1181 1691 1238 sed
1721 1185 1781 1236 et
1808 1185 1919 1236 cat.
1948 1183 2033 1250 11,

386 1294 447 1332 n.
480 1280 532 1345 9,
567 1280 625 1331 et
653 1281 764 1331 cat.
819 1277 908 1342 13,
957 1292 1018 1330 n.
1068 1278 1156 1329 2t.
1195 1273 1416 1330 Eadem
1461 1289 1600 1328 voce
1649 1271 2038 1343 designantur

387 1365 724 1440 baptizandi
756 1365 818 1420 in
850 1364 1077 1420 Constit.
1129 1367 1302 1437 apost.
1335 1363 1439 1419 lib.
1491 1379 1608 1430 vui,
1641 1377 1768 1433 cap.
1818 1364 1870 1429 Ἰ,
1916 1362 1946 1414 8
1980 1364 2038 1414 et

390 1457 496 1526 35;
531 1457 592 1512 in
625 1473 792 1512 conc.
826 1455 1000 1510 Laod.
1035 1470 1167 1509 can.
1202 1457 1268 1508 46
1312 1458 1370 1509 et
1397 1453 1504 1520 48;
1558 1453 1621 1506 in
1654 1467 1823 1506 conc.
1865 1447 2035 1504 Trul-

389 1546 530 1602 lano
561 1563 692 1602 can.
727 1547 815 1612 78;
863 1545 1103 1600 demum
1147 1544 1209 1599 in
1256 1541 1588 1612 Euchologio
1635 1557 1765 1613 pag.
1801 1541 1923 1594 343.
1956 1538 2036 1592 De

389 1635 569 1706 hujus
600 1634 757 1690 vocis
787 1635 840 1688 vi
875 1638 934 1689 et
961 1637 1252 1706 potestate
1282 1649 1402 1688 non
1450 1648 1571 1686 una
1601 1629 1895 1686 sententia
1927 1631 2033 1684 est.

391 1724 643 1779 Thomas
665 1723 948 1778 Millesius
970 1727 1173 1779 censet
1192 1721 1349 1777 idem
1381 1720 1715 1794 signiﬁcare
1737 1735 1805 1774 ac
1823 1734 1912 1774 eos
1942 1717 2039 1788 qui

2147 565 2371 630 procat.
2405 579 2465 616 n.
2502 564 2554 630 2,
2587 566 2702 629 cat,
2735 577 2794 615 n.
2826 562 2916 625 21,
2950 561 3061 614 cat.
3099 557 3184 623 l8,
3217 572 3276 611 n.
3310 556 3398 608 32.
3431 555 3513 608 Ex
3544 553 3645 608 illo
3675 570 3784 626 pu—

2144 648 2300 704 blico
2333 650 2511 722 hujus
2535 650 2694 706 vocis
2714 666 2826 704 usu
2847 649 3091 714 factum,
3113 650 3180 700 ut
3197 644 3548 700 Cresconius
3571 644 3632 698 in
3657 645 3781 698 Bre-

2149 740 2334 795 viarz'o
2365 757 2490 798 can.
2518 740 2830 806 CLXXXIII,
2849 738 3093 793 verbum
3123 733 3784 812 φωτιζόμενοιιᾶοάίοθο

2145 844 2222 883 no
2245 845 2474 884 canone
2487 829 2822 898 46,verterit
2835 844 2924 884 eos
2946 828 3042 903 qui
3058 827 3181 898 bapt
3189 825 3585 893 izantur;adeo
3593 841 3705 896 que
3718 825 3789 880 ad

2148 917 2606 990 signiﬁcandum
2635 918 2996 991 baptismum
3017 933 3086 972 ea
3116 919 3463 971 consecrata
3486 931 3594 969 vox
3615 917 3793 980 est,ut

2147 1007 2605 1080 Chrysostomus
2633 1010 2795 1064 hom.
2830 1010 2894 1062 13
2925 1006 2986 1062 in
3018 1008 3189 1077 Epist.
3222 1007 3296 1061 ad
3325 1005 3482 1061 Hebr.
3507 1021 3640 1077 pag.
3669 1006 3789 1072 828,

2144 1095 2466 1167 baptizatos
2523 1097 2730 1172 [CXVI]
2779 1102 2839 1153 et
2893 1096 3348 1152 catechumenos
3400 1094 3788 1167 distinguens,

2145 1185 2372 1257 priores
2428 1186 2688 1258 appellet
2741 1182 3166 1261 φωτιζομὲνους.
3207 1185 3360 1240 Bona
3413 1188 3522 1239 vita
3580 1184 3791 1255 inquit,

2145 1275 2292 1332 nihil
2321 1277 2519 1331 melius
2539 1275 2626 1328 καὶ
2660 1274 2748 1330 ἐπὶ
2779 1271 3299 1351 φωτιζομένων,καὶ
3317 1271 3404 1327 ἐπὶ
3434 1271 3793 1346 κατηχουμὲ-

2145 1385 2272 1420 νων.
2305 1366 2599 1433 Secundo,
2632 1365 2813 1422 iidem
2855 1366 2954 1437 qui
2999 1361 3392 1439 φωτιζόμενοι,
3445 1363 3632 1419 altero
3689 1380 3795 1419 no-

2146 1455 2306 1511 mine
2338 1455 2689 1511 dicebantur
2746 1453 3158 1530 βαπτιζόμενοι.
3207 1455 3274 1509 In
3333 1453 3560 1508 Constit.
3620 1461 3793 1524 apost.

2147 1545 2323 1602 modo
2347 1545 2477 1614 hoc,
2503 1547 2680 1602 modo
2703 1545 2808 1601 illo
2827 1546 3069 1601 nomine
3091 1543 3529 1616 compellantur
3548 1543 3652 1600 lib.
3680 1560 3797 1611 vin,

2149 1653 2276 1708 cap.
2309 1638 2362 1706 8,
2395 1643 2454 1692 et
2482 1637 2586 1692 lib.
2620 1654 2708 1705 ιιι,
2739 1654 2866 1708 cap.
2913 1638 2998 1692 17.
3032 1634 3344 1692 Facundus
3393 1634 3497 1689 lib.
3545 1651 3619 1690 ix.
3653 1651 3704 1691 c.
3745 1636 3795 1702 3,

2147 1727 2291 1782 citat
2318 1727 2607 1783 Theodori
2639 1727 3038 1799 Mopsuesteni
3086 1725 3306 1782 librum
3341 1724 3420 1780 Ad
3450 1723 3752 1797 baptizatos
3780 1741 3794 1791 ;

389 1814 694 1884 cognitione
748 1813 1096 1880 imbuuntur,
1123 1819 1237 1868 nec
1295 1811 1510 1866 desunt
1562 1807 1899 1882 probabiles
1957 1806 2040 1861 ita
2148 1817 2246 1888 qui
2295 1817 2529 1871 actione
2584 1818 2618 1870 4
2649 1816 2890 1871 concilii
2920 1833 2976 1883 v,
3009 1820 3294 1888 perpetuo
3337 1813 3685 1870 inscribitur
3712 1812 3798 1869 Ad

391 1902 773 1958 existimandi
818 1902 1117 1958 rationes:
1151 1917 1292 1956 nam
1348 1915 1417 1955 ea
1446 1903 1538 1954 est
1587 1898 1818 1970 vulgata
1872 1893 2034 1950 verbi

390 1989 642 2064 φωτίζειν
676 1991 1027 2060 signiﬁcatio
1070 1990 1131 2045 in
1178 1989 1384 2045 Bibliis
1432 1989 1594 2055 LXX,
1625 1988 1697 2041 IV
1745 1988 1884 2058 Reg.
1934 2001 2036 2053 xu,

387 2083 423 2152 ᾗ
454 2085 506 2146 2,
541 2081 612 2137 de
641 2081 845 2136 Joiada
889 2080 1169 2153 pontiﬁce
1208 2095 1409 2152 regem
1453 2079 1587 2134 Joas
1634 2091 1885 2148 puerum
1916 2075 2038 2129 suis

389 2171 656 2228 consiliis
687 2186 755 2226 ac
783 2170 1095 2242 praaceptis
1127 2170 1473 2225 instituente
1497 2172 1555 2222 et
1582 2170 1862 2223 monente
1893 2164 2039 2220 dici-

391 2265 507 2329 tur,
539 2257 797 2336 ἐφώτισεν
853 2257 1011 2312 αὐτὸν
1063 2254 1249 2313 Ἰωδαὲ
1297 2257 1324 2311 ὁ
1373 2254 1570 2328 ἱερεὺς,
1617 2262 1676 2312 et
1714 2273 1844 2328 cap.
1903 2273 2037 2323 XVII,

392 2351 426 2421 ᾖ
458 2352 547 2418 28,
580 2350 653 2405 de
684 2349 989 2405 sacerdote
1020 2349 1388 2404 Samaritano
1419 2346 1494 2402 ad
1527 2346 1800 2402 Chutaaos
1847 2345 2039 2418 legem

394 2440 629 2496 Domini
660 2439 958 2495 docendos
1016 2439 1221 2504 misso,
1261 2435 1326 2506 ἦν
1386 2434 1636 2513 φωτίζων
1696 2432 1893 2494 αὐτοὺς
1923 2436 2041 2494 πῶς

396 2522 681 2605 φοϐηθῶσι
738 2527 830 2581 τὸν
882 2526 1104 2602 Κύριον,
1153 2526 1553 2584 Ecclesiastici
1599 2543 1727 2597 ην,
1768 2527 1801 2596 ᾗ
1836 2527 1923 2592 17,
1955 2541 2040 2596 gr.

396 2620 563 2694 Vulg.
596 2621 667 2676 de
698 2623 969 2676 Aarone:
1029 2612 1268 2670 Ἔδωκεν
1299 2615 1458 2670 αὐτὸν
1492 2611 1698 2684 διδάξαι
1728 2613 1819 2667 τὸν
1847 2605 2043 2668 Ἰακὼϐ

399 2711 465 2768 τὰ
499 2709 789 2787 μαρτύρια,
849 2709 939 2764 καὶ
980 2708 1032 2762 ἐν
1093 2707 1250 2782 νόμῳ
1309 2709 1476 2762 αὐτοῦ
1524 2704 1754 2784 φωτίσαι
1799 2702 2041 2778 Ἰσραήλ.

393 2802 603 2859 «Dedit
618 2801 789 2858 illum
811 2800 1097 2857 Dominus
1107 2803 1174 2854 ut
1187 2797 1452 2854 doceretJ
1457 2795 1600 2853 acob
1618 2793 2049 2860 testimonia,et

394 2914 422 2944 α
446 2893 510 2947 in
524 2892 650 2965 lege
667 2907 773 2947 sua
786 2889 1158 2945 illuminaret
1176 2887 1413 2944 Israel.»
1432 2886 1578 2942 Hinc
1593 2885 1769 2941 verbo
1790 2885 2042 2958 φωτιζεῖν

393 2983 598 3037 Patres
627 2997 734 3053 pro
788 2979 1014 3036 erudire
1041 2978 1264 3052 passim
1321 2981 1589 3032 utuntur.
1653 2973 1781 3029 Vid.
1842 2971 2041 3044 Cyrill.

391 3071 734 3138 Alexandr.,
767 3070 872 3126 lib.
906 3087 922 3124 ι
952 3069 1012 3124 in
1043 3071 1200 3125 Joan.
1235 3085 1364 3139 cap.
1390 3084 1467 3134 ιχ,
1502 3083 1562 3138 p.
1594 3066 1696 3132 73;
1740 3063 2044 3136 synopsim

2148 1905 2536 1977 baptimndos:
2569 1905 2821 1961 habetur
2876 1906 3164 1961 nimirum
3218 1902 3356 1979 πρὸς
3415 1899 3544 1963 τοὺς
3606 1901 3798 1976 βαπτι-

2150 1991 2426 2066 ζομένους.
2460 1993 2629 2066 Apud
2661 1994 2946 2066 Cyrillum
2977 1999 3250 2050 nostrum
3281 1994 3346 2048 in
3375 1992 3552 2048 titulo
3593 1997 3703 2048 cat.
3740 1995 3790 2060 1,

2147 2084 2276 2140 loco
2309 2083 2720 2159 φωτιζομένων,
2751 2085 2939 2140 fertur
2965 2086 3026 2140 in
3056 2085 3226 2140 codd.
3273 2086 3394 2140 lioe
3442 2089 3506 2138 et
3547 2081 3792 2139 Casaub.

2152 2173 2589 2248 βαπτιζομένων,
2621 2180 2798 2244 atque
2829 2176 2890 2229 in
2921 2174 3093 2230 titulo
3124 2173 3450 2230 catechesis
3496 2177 3526 2228 7
3571 2172 3800 2246 legebat

2149 2263 2470 2319 Grodecius
2528 2263 2913 2339 φωτιζομὲνων
2963 2258 3000 2331 ἤ
3063 2262 3505 2337 βαπτιζομένων,
3560 2260 3797 2334 quando

2152 2354 2344 2421 vertit,
2378 2353 2828 2410 illuminatorum
2855 2370 2952 2409 seu
2984 2354 3414 2426 baptizatorum.
3447 2352 3606 2420 Quid
3648 2351 3804 2424 quod

2153 2443 2408 2514 Cyrillus
2439 2443 2586 2514 ipse,
2619 2443 2721 2514 qui
2752 2443 3050 2500 auditores
3095 2459 3233 2498 suos
3281 2441 3674 2519 φωτιζομὲνων
3707 2457 3804 2497 vo-

2158 2532 2368 2588 cabulo
2389 2531 2919 2604 compellat,altero
2940 2533 3120 2590 etiam
3142 2549 3243 2588 eos
3261 2533 3561 2600 convenit,
3585 2537 3697 2588 cat.
3719 2534 3803 2598 16,

2159 2638 2220 2678 n.
2249 2624 2336 2690 26,
2387 2617 2593 2675 Μέλλει
2624 2619 2712 2674 ἐπὶ
2743 2621 2820 2690 σε,
2874 2621 2967 2676 τὸν
3023 2619 3440 2695 βαπτιζόμενον,
3497 2623 3710 2697 φθανεῖν
3766 2621 3801 2686 ἡ

2157 2710 2340 2785 χάρις.
2372 2711 2452 2766 Ad
2480 2715 2532 2766 te
2561 2727 2771 2783 quoque
2794 2712 2891 2784 qui
2919 2710 3239 2783 baptizaris,
3267 2711 3358 2766 vel
3403 2707 3801 2784 βαπτιζόμενος

2155 2800 2378 2869 diceris,
2409 2809 2742 2872 perventura
2765 2809 2842 2857 est
2857 2801 3062 2871 gratia.
3086 2801 3279 2856 Tertio
3308 2799 3682 2876 φωτιζόμενοι
3711 2799 3805 2854 hic

2154 2889 2455 2955 dicuntur,
2483 2890 2523 2944 ii
2555 2889 2711 2961 apud
2732 2891 3216 2961 Chrysostomum
3233 2889 3611 2945 orationibus
3641 2904 3802 2944 num.

2152 2977 2224 3032 22
2249 2994 2283 3032 a
2311 2977 2485 3033 nobis
2515 2978 2710 3034 citatis
2741 2978 3119 3050 appellantur
3141 2976 3190 3032 οὶ
3214 2975 3520 3050 μέλλοντες
3545 2975 3802 3050 φωτίζεσο

2155 3064 2264 3135 θαι,
2297 3066 2679 3122 illuminandi.
2731 3069 2951 3123 Auctor
2993 3068 3254 3124 homiliaa
3294 3068 3357 3122 in
3405 3067 3805 3141 evangelicam

391 3162 701 3228 Athenas,
735 3177 794 3215 n.
830 3160 916 3226 17,
949 3175 1082 3230 pag.
1127 3159 1262 3225 145;
1308 3155 1679 3222 Theodoret.,
1726 3153 1788 3208 in
1837 3152 1941 3209 lib.
1994 3154 2042 3206 II
2073 3171 2118 3242 α
2155 3156 2500 3230 parabolam
2531 3157 2601 3212 de
2631 3157 2919 3228 operariis
2949 3158 3011 3212 in
3042 3157 3273 3212 vineam
3299 3157 3640 3226 conductis,
3673 3159 3810 3229 Ope—

393 3249 672 3320 Paralip..
707 3265 837 3320 pag.
874 3248 996 3300 384.
1031 3245 1285 3318 Cyrillus
1314 3245 1439 3316 ipse
1485 3245 1545 3298 in
1592 3243 1752 3297 hunc
1800 3258 2041 3296 sensum

393 3345 507 3396 cat.
544 3339 632 3406 18,
665 3355 724 3392 n.
758 3340 846 3405 32,
883 3336 1132 3407 loquens
1161 3335 1232 3390 de
1262 3333 1600 3390 necessaria
1615 3332 1988 3387 institutione
2011 3347 2046 3386 a

395 3445 458 3484 se
490 3426 684 3483 danda
713 3424 1041 3482 accessuris
1073 3423 1146 3479 ad
1172 3423 1474 3496 mysteria,
1508 3423 1608 3490 ait,
1649 3426 1749 3489 τῆς
1783 3416 2042 3493 ὑμετέρας

397 3518 584 3590 ψυχῆς
615 3511 704 3568 διὰ
726 3516 823 3568 τοῦ
854 3511 1025 3587 λόγου
1080 3517 1180 3580 τῆς
1241 3507 1594 3571 διδασκαλίας
1645 3506 2044 3586 φωτιζομένης.

401 3630 429 3658 ι(
459 3607 672 3661 Anima
683 3609 876 3660 vestra
887 3603 1051 3676 prius
1064 3621 1171 3676 per
1187 3603 1470 3659 doctrinae
1483 3601 1726 3656 verbum
1742 3600 2048 3655 illumina—

404 3720 430 3747 ‹‹
453 3702 528 3752 ta.
541 3719 568 3746 ››
586 3695 866 3766 Proprius
879 3693 1071 3749 adhuc
1087 3692 1161 3748 ad
1174 3709 1301 3747 rem
1314 3697 1578 3747 nostram
1595 3691 1646 3746 S.
1664 3690 1953 3746 Maximus
1974 3691 2048 3746 ad

401 3787 527 3842 haec
556 3784 735 3840 verba
763 3781 1286 3856 pseudo-Dionysii
1317 3785 1395 3837 De
1438 3779 1645 3836 caelesti
1684 3781 1960 3836 hierarch.
1995 3798 2044 3836 c.

401 3878 451 3943 3,
486 3893 546 3930 n.
580 3878 634 3944 2,
659 3868 882 3940 Ἐπειδὴ
913 3869 1083 3943 τάξις,
1116 3872 1240 3926 hmo
1268 3869 1446 3926 habet
1474 3887 1532 3938 p.
1564 3872 1667 3926 46:
1697 3866 2050 3944 Τοὺςπροσι-

402 3963 556 4026 νεντας
587 3961 668 4019 δεῖ
705 3962 1028 4040 φωτίζεσθαι
1078 3964 1145 4031 τῇ
1179 3958 1371 4034 γνώσει
1426 3963 1534 4012 τῶν
1596 3960 1755 4014 Οεῖων
1799 3962 2047 4034 Γραφῶν.

411 4078 429 4104 κ
467 4054 829 4111 Accedentes
862 4053 935 4108 ad
966 4053 1264 4124 baptisma
1292 4049 1620 4105 illuminari
1672 4053 1908 4120 oportet
1949 4065 2051 4104 co-

405 4171 428 4197 ‹‹
439 4146 767 4220 gnitionem
781 4143 1113 4198 divinarum
1127 4141 1288 4211 Scrip
1298 4144 1581 4194 turarum.
1592 4140 1706 4193 »Ac
1719 4137 1894 4210 paulo
1911 4136 2054 4192 infe-

405 4237 528 4291 rius
558 4235 631 4290 ad
659 4233 838 4289 verba
867 4231 1125 4286 auctoris
1151 4226 1280 4289 τοὺς
1315 4227 1410 4300 μὲν
1443 4226 1783 4303 φωτίζεσται,
1833 4226 2051 4282 iterum

405 4327 524 4383 ait:
559 4322 879 4396 Σημείωσαι
911 4317 994 4372 ὅτι
1023 4317 1086 4372 τὸ
1118 4316 1373 4392 φώτισμα
1401 4317 1508 4390 πρὸ
1536 4319 1633 4370 τοῦ
1679 4313 2049 4390 βαπτίσματός

2156 3263 2289 3302 rum
2321 3246 2619 3318 Chrysost.
2654 3251 2795 3302 tom.
2837 3248 2922 3317 Vl,
2950 3264 3008 3318 p.
3056 3249 3179 3315 539,
3228 3246 3565 3319 baptizatos
3603 3246 3808 3304 distin—

2155 3335 2402 3408 guensia
2429 3334 2814 3406 baptizandis,
2850 3335 2988 3392 illos
3017 3341 3185 3391 vocat
3212 3335 3691 3412 πεφωτισμένους,
3729 3333 3807 3391 il-

2158 3422 2486 3490 luminalos,
2574 3423 2685 3479 hos
2770 3424 3315 3496 φωτισθησομὲνους,
3384 3423 3800 3482 illuminandos.

2156 3511 2418 3570 Tandem
2448 3512 2510 3567 in
2542 3513 2899 3586 Euchologio,
2949 3530 3086 3570 cum
3133 3513 3471 3586 baptizandi
3504 3512 3803 3587 appellen-

2159 3608 2255 3659 tur
2283 3603 2672 3680 φωτιζόμενοι,
2707 3605 2875 3676 quasi
2906 3603 2982 3660 ad
3013 3604 3474 3677 explicationem
3506 3606 3681 3678 hujus
3709 3621 3803 3660 vo-

2160 3694 2245 3750 cis
2274 3709 2405 3766 pag.
2470 3696 2590 3760 195,
2649 3696 2768 3762 196,
2827 3695 3108 3762 343,344,
3166 3693 3450 3750 dicuntur
3506 3694 3558 3748 οὶ
3583 3693 3714 3767 πρὸς
3741 3691 3801 3747 τὸ

2159 3781 2414 3859 φώτισμα
2445 3780 2909 3856 εὐτρεπιζόμενοι,
2939 3783 3036 3855 qui
3065 3784 3137 3839 ad
3174 3784 3642 3842 illuminationem
3665 3799 3802 3856 pra-

2156 3881 2458 3945 paranlur.
2490 3874 2574 3927 Ex
2636 3873 2852 3944 quibus
2907 3873 3184 3930 omnibus
3232 3879 3470 3931 constat
3511 3875 3804 3947 baptizan-

2161 3961 2268 4016 dos
2305 3961 2420 4016 dici
2450 3960 2851 4020 illuminandas
2883 3978 2917 4018 a
2945 3961 3240 4035 baptismo
3273 3963 3368 4020 cui
3428 3963 3800 4021 instruebano

2164 4057 2277 4106 tur.

2235 4143 2320 4195 25.
2356 4140 2603 4212 Rogabit
2631 4141 2871 4213 aliquis,
2907 4159 3083 4198 eccur
3113 4140 3483 4218 φωτιζόμενοι
3515 4150 3573 4200 et
3614 4143 3803 4219 βαπτι-

2165 4228 2380 4300 ζόμενοι
2399 4231 2683 4302 temporis
2703 4232 3013 4304 praesentis
3035 4233 3434 4306 appellatione
3451 4235 3804 4291 dicerentur.

2163 4320 2334 4375 Nulla
2360 4320 2513 4376 forte
2542 4320 2659 4375 alia
2687 4321 3047 4392 requirenda
3076 4322 3226 4378 ratio
3277 4328 3387 4390 est,
3422 4329 3640 4397 praeter
3672 4339 3804 4395 pro-

407 4415 568 4471 ἐστιν.
630 4417 778 4470 Nota
833 4411 1305 4467 illuminationem
1357 4406 1666 4478 praecedere
1717 4406 2051 4478 baptismum
2161 4410 2456 4465 miscuum
2489 4427 2608 4466 non
2640 4411 2700 4466 in
2728 4411 3029 4483 Scriptura
3058 4411 3252 4467 solum
3287 4429 3457 4470 sacra
3487 4419 3546 4470 et
3589 4411 3807 4469 sanctis

407 4507 507 4608 ubi
538 4505 769 4604 videtur
799 4501 1063 4599 alludere
1096 4498 1168 4598 ad
1199 4513 1420 4608 nomen
1455 4502 1530 4608 Oet
1559 4501 1778 4608 stajtum
1811 4499 2050 4608 ‘pwttto-
2081 4541 2130 4608 Β
2165 4499 2456 4565 Patribus,
2491 4500 2592 4599 sed
2624 4501 2802 4555 etiam
2833 4500 2989 4571 apud
3017 4500 3298 4572 profanos
3337 4507 3395 4557 et
3445 4503 3506 4559 in
3536 4501 3808 4558 omnibus

411 4595 720 4668 μένων,ῳιὶ
743 4585 1669 4648 necessariisinstitutionibusad
1691 4585 2052 4658 baptismum
2081 4585 2129 4608 "
2163 4607 2313 4662 pene
2345 4589 2562 4662 linguis
2593 4590 2903 4661 praesentis
2933 4608 3040 4662 pro
3071 4591 3270 4647 futuro
3303 4592 3591 4665 temporis
3610 4608 3803 4648 usum.

406 4685 787 4759 parabantur.
809 4685 882 4737 At
907 4697 1010 4754 ego
1043 4677 1232 4747 magis
1265 4675 1619 4732 crediderim
1643 4677 1958 4733 Maximum
1980 4679 2053 4734 ad
2163 4682 2286 4746 Qua
2315 4680 2556 4735 licentia
2584 4680 2887 4735 neminem
2917 4685 3220 4737 auctorem
3251 4683 3388 4736 novi
3420 4683 3525 4754 qui
3563 4682 3806 4739 liberius

405 4779 561 4833 hanc
589 4772 872 4846 loquendi
903 4770 1195 4826 rationem
1225 4767 1534 4822 inductum
1566 4783 1718 4837 esse,
1743 4784 1814 4823 ex
1841 4784 1953 4823 usu
1968 4785 2057 4826 ec-
2162 4770 2458 4835 abutatur,
2491 4785 2669 4840 quam
2702 4770 2956 4841 Cyrillus
2986 4777 3224 4840 noster;
3259 4787 3390 4843 quae
3421 4790 3518 4829 res
3539 4773 3601 4830 in
3631 4772 3805 4828 inter-

408 4864 739 4923 clesiastico
765 4858 1145 4932 baptizandos
1176 4852 1559 4933 φωτιζομένων
1609 4857 1852 4913 nomine
1891 4875 2056 4915 com-

407 4953 672 5028 pellandi
707 4967 885 5023 quam
915 4947 1376 5020 appellationem
1408 4945 1598 5018 ipsam
1648 4947 1801 5004 hanc
1832 4947 1904 5004 ab
1959 4950 2052 5004 in-

410 5045 715 5102 stitutione
745 5037 1111 5113 baptizandis
1154 5037 1292 5093 data
1337 5037 1679 5092 derivatam.
1721 5038 1861 5093 Mihi
1893 5040 2054 5095 enim

411 5150 645 5205 semper
676 5130 917 5204 placuit,
943 5127 1351 5201 φωτιζομὲνους
1378 5126 1473 5182 hic
1497 5127 1832 5200 signiﬁcare
1853 5144 1939 5184 eos
1959 5131 2056 5201 qui

408 5224 763 5294 baptismum
784 5237 797 5272 :
820 5235 936 5289 qua
966 5233 1060 5272 me
1083 5217 1143 5271 in
1172 5217 1469 5273 sententia
1490 5218 1851 5289 gravissimae
1873 5220 2052 5275 ratio-

407 5330 514 5370 nes
545 5312 1064 5368 conﬁrmaverunt.
1117 5306 1335 5373 Primo,
1388 5305 1639 5362 celebris
1697 5307 1803 5362 illa
1844 5313 1903 5363 et
1932 5326 2052 5380 praa

408 5401 686 5460 omnibus
716 5403 1001 5470 usurpata
1048 5395 1325 5468 baptismi
1367 5398 1755 5469 nuncupatio,
1793 5414 1911 5469 qua
1939 5417 2050 5472 φωο

405 5490 600 5562 τισμός
632 5504 735 5544 seu
758 5486 1098 5542 illuminalio
1129 5483 1364 5551 dicitur,
1397 5485 1634 5557 proprio
1669 5486 1776 5540 sibi
1810 5486 2054 5541 nomine

411 5587 469 5636 et
498 5597 605 5652 per
634 5577 1046 5633 excellentiam
1075 5575 1378 5642 attributo,
1410 5579 1476 5629 ut
1505 5577 1586 5630 ait
1605 5576 1734 5630 Naz.
1767 5575 2054 5631 orationis

413 5673 476 5726 19
509 5669 662 5737 init.,
695 5685 824 5741 pag.
860 5666 982 5721 6:38.
1033 5665 1288 5739 Cyrillus
1331 5681 1710 5722 communem
1754 5680 1927 5722 usum
1959 5682 2051 5723 se-

2163 4861 2451 4933 pretando
2481 4876 2602 4915 non
2632 4876 2843 4931 parum
2873 4859 3022 4916 mihi
3061 4860 3358 4917 facessivit
3403 4863 3648 4936 negotii.
3679 4861 3807 4916 Alia

2163 4956 2364 5007 tamen
2386 4950 2583 5005 aﬁ‘erri
2607 4965 2784 5004 causa
2806 4955 3021 5021 potest,
3056 4967 3186 5022 qum
3201 4951 3264 5006 in
3293 4952 3558 5008 Ecclesia
3577 4954 3805 5007 Jeroso-

2163 5040 2452 5111 lymitana
2479 5039 2673 5110 majus
2705 5040 2898 5096 adhuc
2927 5039 3161 5112 pondus
3181 5039 3464 5111 haberet;
3499 5042 3803 5108 nimirum,

2162 5129 2496 5202 baptizandi
2529 5134 2689 5184 certa
2719 5145 2820 5200 spe
2847 5133 3023 5200 atque
3047 5131 3485 5202 exspectatione
3506 5131 3805 5204 baptismi,

2165 5219 2334 5289 quasi
2357 5219 2485 5290 jam
2515 5217 2878 5289 baptismum
2920 5219 3311 5290 susciperent,
3355 5221 3803 5293 spectabantur:

2161 5307 2253 5363 vel
2283 5308 2480 5378 potius
2511 5324 2716 5362 eorum
2750 5311 2956 5374 status,
2990 5324 3109 5378 quo
3131 5311 3496 5378 exorcismis,
3521 5311 3809 5382 peniten-

2166 5397 2260 5452 tiae
2278 5397 2601 5464 laboribus,
2627 5396 2880 5466 aliisque
2902 5395 3138 5467 pietatis
3159 5400 3457 5456 exercitiis
3478 5399 3806 5471 purgaban-

2163 5489 2278 5553 tur,
2312 5489 2372 5539 et
2399 5484 2784 5539 secretiorum
2806 5483 3154 5540 Christiana)
3176 5486 3484 5559 religionis
3515 5487 3806 5543 doctrina-

2161 5591 2294 5628 rum
2325 5573 2861 5630 communicatione
2882 5574 3326 5646 erudiebantur,
3350 5576 3808 5648 velutanticipa—

2161 5667 2257 5719 tus
2273 5662 2516 5734 quidam
2534 5662 2962 5737 baptismus,ac
2979 5664 3250 5737 quaedam
3265 5666 3556 5740 baptismi
3575 5665 3812 5723 inchoa-
