4094 6282
282 328 423 389 uo
1693 334 2218 421 nisssa'rs'rio
2262 338 2341 399 ιι.
3621 357 3733 449 iso

281 461 377 552 tio
402 461 760 520 habebatur.
785 465 957 521 Certe
972 464 1356 541 baptizandos
1377 468 1632 544 Cyrillus
1645 469 1731 527 sic
1752 469 1957 527 multis
1989 472 2041 541 Α
2068 485 2159 528 eos
2178 472 2279 545 qui
2300 472 2719 544 ittuminantur,
2783 476 2877 532 vel
2926 479 3281 552 baptisantur
3305 501 3326 549 ;
3358 490 3460 541 aut
3500 492 3567 543 ut
3596 506 3719 547 non

278 551 450 609 locis
471 554 822 625 alloquitur,
848 557 1017 628 quasi
1033 555 1483 629 baptismibona
1492 560 1619 634 jam
1635 565 1962 634 prmgusta-
2026 554 2033 563 ’
2070 558 2458 635 indiligenter
2486 580 2521 620 a
2548 563 2931 624 Bollandistis
2961 569 3356 642 observatum,
3407 576 3731 637 ittuminari

277 648 437 698 rent
487 659 554 698 ac
582 644 987 716 perciperent.
1032 645 1401 704 Catechesim
1448 650 1705 723 primam
1754 649 1826 707 ab
1866 649 1959 707 his
2066 650 2158 707 vel
2190 650 2469 723 baptizari
2502 655 2868 724 incipientes:
2902 675 3033 729 quas
3063 665 3428 733 nuncupatio
3461 670 3720 725 maxime

277 733 493 790 verbis
513 734 778 791 inchoat.
803 736 942 792 Novi
967 736 1296 795 Testamenti
1322 739 1614 812 discipuli,
1644 756 1713 797 ac
1753 744 1960 814 myste-
2066 739 2390 798 conformis
2421 748 2511 799 est
2532 744 2702 800 alteri
2733 762 2768 801 a
2797 762 2890 803 me
2923 764 3174 805 numero
3200 753 3492 823 superiori
3518 758 3712 814 allata)

278 824 511 880 riorum
563 823 782 881 Christi
805 825 1109 899 participes
1168 845 1318 885 nunc
1374 829 1596 902 quidem
1649 831 1954 902 vocatione,
2062 830 2302 899 rationi,
2362 849 2468 888 cur
2520 850 2630 889 vox
2660 836 2859 892 Graeca
2890 854 3009 893 non
3051 839 3250 895 futuro
3282 842 3385 896 sed
3435 849 3725 916 praesenti

278 915 463 983 paulo
488 922 610 986 post
640 930 766 971 vero
796 916 964 972 etiam
1006 918 1213 988 gratia.
1254 919 1353 975 Ait
1402 923 1628 992 procat.
1664 936 1724 975 ιι.
1780 923 1832 990 1,
1864 935 1956 977 eos
2062 921 2329 991 tempore
2358 922 2552 993 posita
2582 924 2675 980 sit.
2710 927 2784 978 At
2838 924 2899 980 in
2929 926 3327 998 appellatione
3377 915 3724 991 communis

280 1003 404 1066 iam
421 1003 675 1074 Spiritus
703 1006 885 1061 sancti
913 1005 1220 1078 ﬂagrantia
1264 1009 1576 1081 aspiratos;
1610 1013 1669 1065 et
1696 1026 1862 1066 num.
1897 1011 1950 1077 6,
2059 1022 2224 1075 usus,
2256 1010 2497 1067 vitanda
2515 1012 3052 1081 circumlocutio,et
3080 1018 3362 1073 vocabulo
3394 1036 3515 1075 uno
3547 1028 3717 1079 uten-

276 1091 564 1165 Spiritum
585 1097 843 1151 sanctum
872 1095 1299 1166 inhabitantcm,
1333 1106 1566 1155 mentem
1595 1098 1843 1172 ipsorum
1872 1098 1955 1154 di-
2059 1095 2203 1152 dum
2233 1097 2365 1166 fuit,
2389 1114 2464 1154 ne
2495 1099 2709 1167 dicam,
2730 1119 2993 1174 praesens
3018 1104 3165 1159 illud
3187 1111 3422 1179 tempus
3454 1111 3526 1165 ad
3552 1112 3712 1168 futu-

274 1183 479 1238 vinam
511 1182 739 1239 domum
785 1183 1007 1255 efficere
1037 1204 1053 1256 ;
1086 1202 1147 1241 n.
1186 1188 1271 1259 13,
1302 1186 1558 1244 Ecclesia
1609 1189 1753 1256 ﬁlios
1773 1191 1950 1260 factos
2056 1202 2191 1242 rum
2224 1185 2631 1244 reducendum
2663 1206 2811 1247 esse.
2852 1193 3132 1249 Restabat
3188 1211 3323 1268 ergo
3356 1215 3465 1253 vox
3494 1201 3710 1257 illumi-

273 1287 401 1328 ωε
431 1277 760 1344 postquam
778 1276 1013 1329 nomina
1035 1274 1345 1345 dedissent;
1368 1276 1663 1333 catechesi
1694 1278 1780 1348 11,
1805 1294 1865 1333 ιι.
1892 1280 1944 1335 9.
2052 1276 2258 1346 nandi,
2290 1276 2352 1331 in
2384 1292 2502 1347 qua
2529 1280 2815 1349 acquievi.
2852 1280 3246 1355 Coteleriique
3278 1288 3536 1341 auctoris
3588 1307 3709 1345 ma-

264 1360 404 1434 jam
437 1362 601 1417 ﬁlios
633 1363 737 1417 Dei
769 1362 945 1419 efﬁci.
978 1365 1121 1436 Non,
1153 1366 1372 1438 inquit,
1390 1367 1534 1422 sicut
1562 1382 1652 1423 vos
1672 1382 1702 1423 o
1730 1366 1946 1423 illumi-
2052 1363 2210 1420 xime
2241 1368 2501 1422 accurati
2531 1369 2881 1425 auctoritate
2912 1386 3009 1425 me
3057 1379 3322 1446 protego,
3374 1377 3473 1446 qui
3505 1395 3703 1434 vocem

269 1451 640 1520 nandi,nunc
654 1452 1066 1526 efﬁciminiﬁtii
1085 1454 1515 1528 Dei,efﬁcimini
1532 1458 1686 1512 enim
1707 1454 1945 1529 [CXVII]
2052 1451 2421 1530 φωτιζόμενοι
2452 1456 2515 1511 in
2547 1456 2775 1515 Constit.
2808 1468 2978 1530 apost.
3003 1460 3108 1517 lib.
3144 1480 3261 1531 vm,
3294 1481 3342 1519 c.
3378 1470 3430 1530 7,
3462 1466 3495 1519 8
3527 1472 3584 1521 et
3614 1470 3705 1535 35,

269 1544 329 1597 et
354 1556 446 1597 vos
474 1539 598 1611 ﬁlii
621 1542 740 1597 Dei.
793 1542 1097 1599 Catechesi
1149 1545 1234 1615 13,
1268 1561 1329 1601 ιι.
1378 1548 1468 1614 23,
1512 1546 1597 1600 ait
1626 1545 1756 1619 jam
1786 1548 1939 1602 acci-
2050 1541 2573 1616 itainterpretatus
2605 1551 2714 1602 est.
2742 1547 2981 1604 Clarum
3000 1566 3071 1605 ex
3090 1553 3544 1610 auctoritatibus
3564 1561 3705 1612 n.2t

270 1647 419 1704 pere
451 1631 880 1688 remissionem
909 1638 1307 1705 peccatorum.
1341 1634 1553 1707 Accipis
1569 1651 1721 1692 nunc
1742 1638 1887 1693 remi

2077 1631 2319 1689 .dductis
2341 1634 2895 1709 φωτιζόμενοιᾲὰθιιι
2929 1654 3058 1694 esse
3094 1656 3229 1695 cum
3264 1638 3562 1712 μέλλοντες
3578 1666 3694 1721 φω-

269 1721 495 1778 sionem
520 1730 889 1794 peccatorum,
923 1728 1060 1791 etc,
1088 1739 1205 1795 quo
1235 1724 1298 1780 in
1318 1723 1448 1781 loco
1474 1726 1756 1797 prmsenti
1786 1730 1886 1782 ten

2082 1720 2305 1792 ἱξεσθαι,
2339 1723 2809 1800 φωτισθησόμενοι
2842 1726 2977 1802 πρὸς
3034 1728 3096 1782 τὸ
3145 1730 3401 1806 φώτισμα
3457 1720 3698 1807 εὐτρεπι-

268 1827 445 1884 pore,
478 1827 617 1867 meo
641 1811 893 1883 judicio,
925 1812 1115 1868 utitur
1143 1830 1249 1884 pro
1281 1812 1498 1871 futuro.
1552 1815 1773 1888 Nempe
1804 1815 1935 1871 ani-
1968 1854 2015 1895 η
2046 1810 2287 1886 ζόμενοι.
2321 1814 2590 1888 [CXVIII]
2619 1833 2751 1887 quas
2782 1819 2988 1872 omnia
3015 1818 3197 1873 futuri
3226 1826 3367 1875 sunt
3390 1826 3694 1895 temporis.

270 1917 439 1958 mam
470 1901 742 1973 ipsorum
770 1918 880 1974 per
910 1902 1271 1958 exorcismos
1314 1920 1350 1960 a
1392 1905 1651 1976 peccatis
1697 1906 1939 1979 purgari
1967 1901 2016 1922 ⁵’
2051 1902 2444 1975 Hieronymus
2475 1904 2747 1976 quadam
2776 1906 2955 1962 verba
2976 1925 3448 1967 commemorans
3480 1914 3539 1968 in
3572 1918 3695 1988 epi-

268 1991 378 2060 ajt,
411 1996 643 2062 procat.
668 2007 833 2047 num.
869 1994 921 2047 9.
953 1992 1079 2048 Imo
1110 1993 1289 2049 etiam
1320 1998 1432 2049 cat.
1470 1995 1557 2063 18,
1603 2010 1663 2050 ιι.
1696 1997 1784 2063 26,
1816 2012 1938 2052 ιιοιι
2048 1988 2200 2047 stola
2230 1993 2413 2047 sua38
2441 1993 2708 2065 epistolae
2739 1996 3006 2052 aJoanne
3024 1999 3223 2069 Cyrilli
3249 2017 3589 2059 successore
3623 2006 3695 2061 ad

269 2080 480 2137 ﬁmnit
509 2097 613 2137 eos
801 2088 1179 2156 regeneratos
1208 2083 1271 2139 in
1301 2083 1562 2140 Ecclesia
1592 2083 1936 2141 dicere.Mi-
2043 2079 2435 2152 Theophilum
2474 2082 2648 2152 datae,
2705 2084 2879 2140 vertit
2917 2087 2990 2140 iis
3043 2090 3142 2158 qui
3171 2089 3491 2160 baptizandi
3542 2099 3692 2160 sunt,

264 2172 389 2226 rari
425 2188 569 2245 ergo
591 2173 723 2244 jam
751 2172 1121 2241 desinamus,
1150 2173 1200 2228 si
1230 2173 1408 2230 etiam
1425 2178 1538 2230 cat.
1570 2177 1658 2243 12,
1685 2191 1853 2231 ιιιιιιι.
1882 2179 1931 2244 1,
2043 2172 2303 2228 Graacam
2333 2190 2557 2243 vocem,
2590 2192 2770 2246 quam
2801 2193 2871 2232 ex
2900 2195 3011 2233 usu
3042 2180 3318 2235 Ecclesia)
3355 2183 3694 2256 Hierosoly-

262 2261 545 2318 videatur
574 2278 676 2318 eos
706 2261 905 2318 dicere
930 2262 1060 2335 jam
1090 2262 1306 2318 Christi
1330 2262 1618 2320 immolati
1651 2265 1879 2321 carnibi

2073 2259 2279 2317 aitanaa
2309 2261 2493 2318 fuisse
2526 2264 2798 2321 existimo
2855 2265 3252 2343 φωτιζομένοις
3308 2271 3401 2326 vel
3434 2271 3690 2345 βαπτιζο-

261 2354 421 2408 vesci
451 2373 468 2423 ;
500 2353 739 2409 tametsi
766 2352 827 2409 id
857 2353 929 2409 de
962 2352 1106 2409 solis
1136 2352 1416 2410 ﬁdelibus
1456 2354 1682 2411 dictum
1732 2356 1931 2411 existi~
2041 2349 2248 2421 μένοις.
2283 2350 2394 2407 Sed
2412 2352 2541 2424 jam
2572 2354 2826 2410 nimium
2859 2356 2930 2411 de
2964 2356 3380 2415 ittuminandis.

262 2459 448 2500 mem,
484 2442 769 2509 Tandem,
802 2459 939 2499 cum
987 2443 1051 2499 in
1102 2442 1366 2500 Ecclesia
1410 2445 1926 2516 Jerosolymitana,
2108 2439 2431 2496 27.Alterm
2454 2442 2793 2499 catecheses
2833 2444 3057 2519 Cyrilli,
3086 2452 3220 2518 post
3247 2449 3441 2505 Pacha
3472 2456 3530 2506 et
3555 2470 3685 2508 sus-

263 2531 839 2588 catechumenorum
872 2531 1112 2588 dimisso
1146 2532 1411 2601 nomine,
1447 2534 1751 2590 communi
1791 2551 1927 2592 cum
2035 2534 2206 2601 cepta
2233 2545 2354 2585 una
2382 2535 2557 2586 nocte
2592 2532 2705 2587 tria
2730 2532 3031 2605 baptismi,
3065 2538 3217 2592 sacri
3247 2538 3603 2607 chrismatis,
3627 2548 3685 2598 et

260 2622 577 2694 baptizatis
610 2622 881 2678 ﬁdelium
913 2622 1152 2678 nomine
1184 2627 1614 2689 censerentur;
1644 2624 1812 2695 quasi
1837 2641 1930 2681 eo-
2032 2617 2418 2674 EIIChaI‘iStiiB
2451 2626 2844 2690 sacramenta,
2866 2622 2942 2678 ad
2971 2625 3301 2697 neophytos
3332 2627 3504 2682 dicta?
3520 2634 3680 2695 sunt.

263 2711 542 2767 rumdem
560 2727 698 2767 cum
720 2711 870 2784 ipsis
883 2710 1176 2767 bonorum
1193 2710 1655 2784 participatione
1674 2713 1925 2785 conjun-
2032 2704 2105 2761 ad
2132 2706 2544 2779 explicandam
2575 2726 2782 2767 eorum
2811 2713 3253 2784 mysteriorum,
3286 2732 3417 2785 quae
3440 2719 3678 2772 nonnisi

264 2801 366 2869 eti,
386 2801 475 2855 uti
488 2801 619 2873 jam
647 2800 935 2873 baptizari
963 2800 1321 2873 incipientes
1352 2800 1792 2873 spectabantur.
1810 2804 1923 2859 Αι-
2029 2793 2337 2868 baptizatis
2366 2796 2657 2854 declarari
2711 2797 2799 2856 fas
2832 2806 2979 2871 erat,
3010 2802 3126 2857 vim
3191 2808 3250 2857 et
3302 2810 3676 2875 potestatem.

267 2906 380 2962 que
414 2906 486 2945 ea
514 2889 761 2961 quidem
790 2890 943 2946 ratio
970 2890 1180 2961 probat
1211 2891 1434 2963 optime
1465 2896 1524 2946 et
1550 2890 1806 2948 feliciter
1831 2891 1922 2949 fa-
2030 2885 2254 2944 Habita
2282 2893 2421 2945 sunt
2448 2890 2698 2962 singulis
2730 2892 3115 2949 hebdomadas
3141 2895 3438 2967 paschalis
3469 2896 3679 2953 diebus

263 2980 517 3047 ctum,in
547 2980 815 3036 Ecclesia
842 2980 906 3034 in
936 2980 1145 3051 primis
1176 2979 1730 3053 Hierosolymitana,
1763 2981 1923 3054 quod
2028 2975 2368 3048 incipiendo
2400 2995 2433 3034 a
2461 2978 2610 3034 feria
2636 2981 2917 3037 secunda.
2948 2984 3087 3037 Duae
3108 2985 3446 3039 catecheses
3479 2986 3678 3056 expla-

258 3069 635 3141 baptizandis
664 3069 988 3143 appellatio
1017 3068 1380 3146 φωτιζόμενοι
1412 3075 1472 3126 et
1503 3068 1872 3145 βαπτιζόμενο

2059 3066 2243 3121 ιδιιάἱε
2272 3066 2552 3139 baptismi
2583 3071 2958 3125 caeremoniis
2987 3071 3244 3139 tributa»,
3305 3081 3676 3130 sacramento

258 3177 382 3216 non
414 3159 599 3216 futuri
627 3160 733 3217 sed
762 3161 1074 3233 prasentis
1106 3160 1390 3232 temporis
1420 3160 1707 3218 attributa
1736 3162 1833 3218 sit:
1858 3168 1918 3220 at
1949 3217 1989 3236 η
2029 3155 2366 3213 chrismatis
2396 3174 2552 3214 una:
2586 3160 2994 3228 Eucharistiae.
3032 3161 3163 3216 dum
3194 3163 3440 3234 reliquae
3467 3189 3480 3231 ;
3530 3181 3672 3236 qua-

254 3266 391 3305 eam
417 3250 712 3306 rationem
745 3249 808 3305 in
838 3250 969 3321 ipsa
995 3248 1397 3322 appellatione
1425 3248 1753 3307 sancienda
1778 3269 1915 3324 pro-
1946 3217 1991 3287 θ
2026 3261 2156 3302 ram
2186 3246 2381 3319 prima
2408 3248 2715 3304 veritatem
2748 3251 3078 3322 praesentia)
3101 3252 3317 3307 Christi
3348 3253 3410 3309 in
3442 3255 3673 3310 Euchao

254 3339 445 3395 visam
476 3344 535 3395 et
558 3339 1095 3403 consideratam,ut
1114 3355 1182 3394 eo
1209 3338 1406 3410 potius
1426 3339 1604 3396 modo
1632 3356 1918 3398 vocaren-
2017 3336 2208 3409 ristia,
2266 3339 2454 3396 altera
2510 3339 2783 3396 ordinem
2845 3357 3026 3397 sacra;
3078 3342 3330 3416 liturgiae
3370 3343 3665 3415 explicat.

255 3435 355 3486 tur
380 3428 620 3499 fecisse,
649 3429 822 3486 valde
868 3426 1152 3485 addubito
1185 3448 1200 3497 ;
1238 3433 1296 3483 et
1353 3445 1425 3483 ex
1453 3428 1724 3487 adductis
1755 3446 1791 3487 a
1819 3447 1914 3486 me
2018 3429 2252 3487 Sextam
2298 3430 2657 3485 catechesim
2715 3431 3061 3503 promisisse
3117 3432 3347 3487 videtur
3402 3438 3514 3491 cat.
3576 3437 3661 3501 18,

252 3535 510 3576 numero
568 3519 861 3591 superiori
890 3518 1050 3575 vocis
1102 3517 1468 3595 φωτιζόμενοι
1502 3517 1576 3574 ad
1622 3519 1915 3577 veriorem
2017 3517 2181 3574 dum.
2216 3519 2305 3588 33,
2339 3535 2470 3590 quas
2500 3523 2626 3575 tota
2657 3519 2719 3573 in
2751 3520 3077 3576 moralibus
3108 3521 3500 3590 documentis,
3518 3540 3662 3595 quo-

254 3625 505 3666 sensum
556 3607 916 3665 reducenda
972 3606 1330 3673 rationibus,
1386 3608 1450 3663 in
1508 3608 1619 3664 hac
1648 3626 1915 3680 praesens
2017 3606 2195 3663 modo
2227 3608 2348 3664 vita
2403 3608 2466 3664 in
2495 3613 2801 3681 posterum
2833 3610 3006 3682 digne
3060 3612 3439 3684 transigenda
3491 3618 3668 3681 esset,

251 3704 501 3771 tempus
531 3715 638 3770 pro
669 3698 869 3754 futuro
903 3697 1255 3770 simpliciter
1282 3696 1514 3770 positur
1545 3696 1839 3753 existimo.
2016 3702 2390 3767 versaretur;
2422 3702 2483 3753 at
2513 3714 2643 3754 eam
2673 3715 2795 3754 non
2825 3698 3133 3754 habemus.
3169 3701 3354 3756 Credo
3390 3702 3666 3758 exhorta-

321 3790 416 3845 26.
449 3787 592 3844 Fixa
620 3788 799 3860 hujus
830 3787 1099 3843 vocabuli
1131 3785 1585 3861 signiﬁcatione,
1608 3785 1737 3858 jam
1765 3785 1913 3844 faci-
2018 3784 2243 3841 tionem
2272 3783 2477 3853 fuisse,
2511 3784 2762 3842 Sabbato
2794 3787 3082 3858 paschali,
3115 3803 3249 3843 cum
3282 3789 3429 3843 albae
3477 3795 3669 3845 vestes

250 3878 330 3936 lis
360 3876 836 3935 determinandse
859 3875 1562 3949 hujusinterpretationis
1582 3874 1803 3932 Latina:
1823 3891 1917 3932 ra-
2017 3873 2770 3947 deponerentur,habitam:
2802 3875 3010 3947 quales
3042 3876 3198 3946 apud
3214 3877 3449 3933 Latinos
3467 3879 3669 3934 multae

250 3971 357 4026 tio.
392 3970 478 4024 Ac
528 3967 791 4039 primum
849 3966 1093 4022 omnino
1131 3964 1473 4022 amolienda
1503 3969 1592 4021 est
1619 3964 1911 4035 Grodecii,
2015 3962 2397 4031 exsistunt,et
2425 3962 2731 4018 nonnullae
2748 3963 2940 4018 adhuc
2959 3964 3293 4017 Graecorum
3326 3972 3665 4036 supersunt:

250 4076 387 4133 qum
415 4058 482 4114 in
516 4056 907 4128 sequentibus
938 4054 1302 4112 editionibus
1330 4058 1563 4112 retenta
1583 4059 1692 4123 est,
1726 4055 1912 4112 inter-
2015 4068 2148 4125 quae
2180 4052 2462 4124 quoniam
2493 4051 2725 4108 nullam
2756 4051 2900 4121 ,sive
2933 4052 3274 4125 dogmatum
3312 4055 3429 4109 sive
3464 4072 3664 4112 sacra-

250 4148 512 4223 pretatio
542 4145 881 4202 illuminati.
915 4144 1090 4201 Fallit
1118 4144 1281 4201 enim
1312 4146 1508 4201 Graece
1539 4145 1908 4215 nescientes;
2013 4138 2352 4197 mentorum
2411 4140 2843 4213 expositionem
2891 4141 3245 4209 contineret,
3305 4140 3571 4199 absoluto
3604 4146 3666 4201 in

247 4256 385 4311 quas
416 4253 543 4293 non
584 4235 761 4292 verbo
819 4233 1190 4310 φωτιζόμενοι
1236 4234 1547 4306 ριωεθιιιίε
1599 4234 1864 4307 tempori:

2047 4229 2422 4287 atechesibus
2442 4230 2648 4304 viginti
2673 4230 2861 4286 tribus
2880 4230 3230 4287 Christianas
3253 4232 3662 4291 instructionis

249 4329 357 4386 sed
387 4326 569 4383 verbo
625 4322 1033 4401 πεφωτισμένοι
1086 4323 1395 4396 praeteriti,
1452 4323 1795 4396 respondet,
1840 4340 1910 4380 ac
2014 4319 2287 4391 mdiﬁcio,
2319 4324 2387 4376 ut
2415 4321 2543 4393 ipse
2573 4320 2827 4391 Cyrillus
2858 4322 2943 4377 ait
2971 4326 3084 4377 cat.
3115 4323 3182 4376 23
3216 4322 3405 4387 initio,
3436 4323 3498 4377 in
3544 4324 3663 4379 col-

247 4417 617 4492 prmteritam
645 4420 705 4471 et
723 4419 1047 4487 peractam,
1071 4429 1195 4470 non
1222 4412 1908 4485 prmsentemillumina-
2011 4408 2270 4467 lectione
2298 4409 2686 4466 catecheseon
2715 4410 2947 4465 videtur
2977 4412 3394 4482 praetermissa.
3445 4414 3664 4468 Inscri-

249 4510 478 4565 tionem
512 4505 804 4578 designat.
854 4506 1148 4560 Prmterea
1185 4501 1391 4560 eadem
1432 4506 1522 4558 est
1548 4502 1636 4558 vis
1663 4506 1723 4558 et
1749 4501 1909 4558 idem
2010 4502 2237 4560 buntur
2260 4503 2561 4559 catecheses
2590 4504 2999 4576 mystagogicoe,
3041 4503 3209 4574 quasi
3242 4505 3659 4575 mysteriorum

248 4614 392 4654 usus
425 4595 738 4652 ambarum
766 4609 978 4650 vocum
1003 4588 1368 4670 φωτιζόμενοι
1401 4597 1460 4648 et
1490 4590 1860 4666 βαπτιζόμενο

2043 4608 2122 4649 eu
2153 4597 2661 4649 sacramentorum
2691 4592 3071 4648 secretiorem
3093 4593 3366 4647 notitiam
3398 4592 3660 4649 tribuen-

248 4689 438 4754 Quam
468 4690 669 4742 autem
697 4682 983 4740 huicloco
1004 4682 1267 4739 alienum
1299 4682 1393 4750 sit,
1413 4685 1480 4737 ut
1510 4678 1902 4755 βαπτιζόμενοι
2010 4686 2119 4738 tes.
2151 4683 2552 4740 Catecheseon
2581 4682 2753 4740 titulo
2785 4700 2885 4739 eas
2916 4682 3236 4753 compellat
3262 4684 3514 4755 Cyrillus
3546 4692 3657 4741 cat.

248 4781 513 4835 vertatur
541 4791 651 4847 per
679 4774 972 4846 baptizati,
1022 4776 1082 4828 et
1109 4771 1181 4828 de
1211 4772 1286 4828 iis
1316 4771 1418 4845 qui
1464 4770 1734 4828 nondum
1763 4777 1903 4828 sunt
2011 4772 2100 4841 18,
2131 4788 2191 4828 ιι.
2227 4773 2293 4828 33
2328 4790 2342 4842 ;
2376 4778 2437 4828 at
2464 4772 2526 4828 in
2557 4773 2703 4845 ipsis
2734 4771 3143 4828 catechesibus
3173 4773 3416 4828 nonnisi
3446 4781 3661 4845 mysta-

244 4866 526 4940 baptizati
554 4866 806 4935 dicatur,
833 4878 1011 4919 nemo
1040 4878 1165 4918 non
1193 4861 1370 4918 videt.
1402 4861 1567 4919 Idem
1597 4861 1669 4918 de
1714 4861 1905 4919 altera
2007 4863 2331 4931 gogicarum
2384 4862 2625 4917 nomine
2682 4860 2993 4935 designare
3048 4861 3217 4916 solet.
3260 4862 3517 4933 Utraque
3551 4862 3658 4918 sub

247 4956 464 5015 similis
489 4954 944 5028 signiﬁcationis
964 4969 1104 5009 voce
1118 4952 1436 5025 judicium.
1459 4952 1720 5009 Tandem
1739 4951 1897 5026 apud
2010 4950 2410 5023 appellatione
2441 4951 2701 5007 citantur
2730 4950 2803 5006 ab
2834 4950 3196 5006 auctoribus.
3229 4952 3442 5006 Multos
3475 4950 3654 5007 habe-

244 5048 481 5105 Latinos
506 5062 615 5102 vox
641 5042 993 5101 ittuminati.
1037 5041 1279 5115 propria
1324 5041 1760 5114 neophytorum
1792 5058 1895 5115 ap-
2007 5055 2142 5096 mus
2173 5040 2388 5096 similis
2419 5040 2755 5113 argumenti
2788 5040 3128 5095 Latinorum
3157 5042 3399 5095 Patrum
3430 5058 3657 5096 sermo-

239 5138 486 5211 pellatio
520 5139 666 5193 erat.
700 5136 845 5206 Aug.
880 5138 1022 5189 tom.
1057 5134 1123 5198 V,
1155 5147 1332 5188 serm.
1369 5135 1491 5201 120,
1523 5148 1690 5188 num.
1739 5133 1793 5201 3,
1824 5131 1899 5187 de
2006 5145 2138 5197 nes,
2164 5128 2475 5201 pauciores
2530 5146 2599 5185 ac
2649 5128 2847 5185 nullos
2904 5146 3056 5201 pene
3114 5130 3472 5186 Graecorum.
3507 5131 3657 5186 Sunt

239 5229 311 5285 iis
339 5227 623 5299 loquens,
655 5224 759 5281 isti
809 5221 1009 5293 albati,
1041 5221 1373 5293 ittuminati,
1425 5220 1661 5277 audiunt
1684 5236 1785 5292 per
1811 5234 1899 5277 me
2007 5217 2319 5276 Gaudentii
2351 5218 2671 5274 Brixiensis
2702 5224 2761 5275 et
2809 5219 3237 5274 nonnullorum
3294 5220 3549 5274 aliorum
3580 5222 3651 5277 ad

235 5319 464 5375 uerbum
494 5324 653 5373 tuum
691 5330 705 5370 ς
737 5311 1071 5379 ittuminati,
1099 5313 1252 5368 enim
1278 5314 1376 5367 tua
1403 5311 1607 5384 gratia
1637 5309 1898 5367 assistunt
2004 5308 2359 5381 neophytos,
2389 5307 2701 5381 Augustini
2732 5307 3105 5379 aliorumque
3138 5325 3445 5364 sermones
3470 5309 3541 5365 ad
3570 5311 3656 5365 in-

238 5407 357 5465 libi.
389 5405 614 5464 Latinas
645 5403 867 5475 linguae
899 5401 1100 5472 inopia
1128 5399 1273 5456 facit
1296 5404 1363 5454 ut
1376 5399 1610 5472 passivo
1630 5413 1897 5472 praesen-
2000 5402 2187 5471 [antes
2214 5399 2282 5455 de
2307 5402 2651 5456 sacramento
2680 5400 2910 5468 altaris,
2956 5404 3014 5454 et
3042 5399 3115 5455 de
3173 5401 3469 5471 ponendis
3501 5401 3652 5456 albis

238 5499 310 5555 tis
340 5494 633 5570 temporis
663 5490 980 5567 participio
1013 5488 1382 5558 deﬁciamur,
1427 5505 1539 5545 nec
1568 5505 1686 5545 uno
1716 5487 1894 5544 verbo
2001 5488 2282 5547 vestibus.
2315 5490 2383 5544 In
2414 5488 2742 5562 appendice
2771 5490 3204 5562 Augustiniana
3234 5496 3467 5545 exstant
3525 5507 3650 5545 ser-

242 5590 313 5648 ad
340 5589 605 5647 litteram
638 5599 814 5641 voces
844 5579 1209 5658 φωτιζόμενοι
1242 5585 1301 5636 et
1333 5578 1723 5652 βαπτιζόμινοι
1755 5578 1859 5636 red

2033 5596 2211 5637 nones
2241 5578 2426 5653 aliqui
2454 5578 2521 5635 de
2548 5581 2814 5652 mysterio
2844 5578 3191 5651 baptismatis
3245 5584 3379 5651 post
3425 5581 3650 5634 Pascha

238 5681 375 5739 dere
401 5671 978 5755 pmsimus.Utendo
992 5670 1341 5729 circuitione
1358 5669 1558 5728 dicere
1576 5686 1894 5743 possumus
2001 5670 2277 5743 dicti,sed
2310 5670 2545 5729 nullum
2576 5686 2724 5745 opus
2756 5674 2863 5742 est,
2897 5669 3216 5744 Cyrilliano
3249 5668 3464 5737 simile,
3490 5667 3646 5738 quod
