4090 6268
377 380 490 442 151

1463 375 1564 435 DE
1609 327 2197 436 CATECHESlBUS
2242 368 2308 428 s.
2354 368 2692 429 CYRlLLI.

3633 366 3785 426 .152

378 525 618 567 omnem
669 508 1106 580 neophytorum
1189 508 1629 563 institutionem
1689 522 1760 560 ex
1814 503 2023 559 ordine
2053 503 2105 568 Α
2135 499 2373 555 additur
2402 505 2455 555 et
2483 500 2546 555 de
2576 499 2896 555 haeresibus.
2927 499 3075 554 Fuse
3122 515 3327 554 revera
3378 496 3632 570 Cyrillus
3664 498 3786 570 agit

383 599 706 666 contineat,
738 597 996 653 dilucide
1052 598 1399 670 expositam,
1432 601 1647 667 praeter
1677 595 1728 649 S.
1781 593 2028 648 Ambro-

383 689 455 744 sii
485 688 704 743 librum
733 690 806 742 De
831 690 1134 758 mysteriis,
1167 693 1227 742 et
1283 704 1384 741 sex
1415 685 1572 756 apud
1615 683 1891 740 eumdem
1921 687 2026 738 Sa-

376 787 782 833 cramentorum
813 776 1034 843 libros;
1069 775 1284 846 quibus
1318 777 1378 829 in
1411 775 1686 829 volumen
1719 789 1907 827 unum
1939 771 2028 823 di-

375 872 553 939 gestas
587 872 725 921 sunt
754 865 1071 921 conciones
1102 864 1350 919 diversis
1388 864 1596 918 diebus
1656 877 2027 932 consequen-

373 962 464 1010 ter
496 955 735 1011 habitae.

449 1047 538 1099 28.
569 1045 825 1116 Singulis
857 1044 1266 1100 catechesibus
1315 1049 1435 1098 tam
1495 1039 2026 1097 illuminandorum

382 1150 562 1205 quam
591 1134 1030 1206 mystagogicis,
1054 1133 1283 1204 praefixi
1312 1132 1482 1186 initio
1515 1137 1653 1185 sunt
1685 1130 1841 1184 tituli
1869 1135 2016 1184 cate-

379 1224 626 1278 cheseos
657 1228 1074 1294 argumentum
1103 1223 1496 1276 continentes:
1519 1236 1641 1274 una
1661 1236 1795 1274 cum
1818 1217 2027 1289 primis

377 1313 574 1368 verbis
604 1313 878 1367 lectionis
908 1311 1070 1365 illius
1113 1327 1182 1364 ex
1239 1311 1551 1380 scriptura,
1613 1325 1792 1379 quam
1823 1313 2029 1362 auctor

381 1402 548 1474 prius
570 1403 631 1455 in
657 1406 950 1456 conventu
974 1400 1188 1454 lectam
1211 1399 1322 1454 sibi
1343 1416 1447 1470 pro
1468 1398 2025 1453 orationisthemate

380 1491 655 1562 praeﬁxit.
677 1490 856 1544 Tituli
887 1490 974 1543 illi
1003 1489 1180 1543 simul
1212 1488 1442 1544 collecti
1466 1487 1689 1542 redacti
1712 1485 2027 1540 suntinin-

382 1579 667 1646 diculum,
701 1581 800 1649 qui
823 1580 890 1642 in
920 1579 1342 1648 manuscriptis
1373 1578 1603 1648 corpori
1637 1576 2025 1631 catecheseon

379 1669 645 1740 praeponi
677 1669 847 1724 solet.
907 1667 1350 1724 Procatechesis
1381 1672 1441 1722 et
1470 1671 1815 1732 argumento
1849 1670 1907 1719 et
1935 1663 2021 1718 le-

377 1759 571 1814 ctione
603 1759 852 1825 caret;in
883 1758 1191 1814 nonnullis
1222 1763 1422 1812 tamen
1452 1756 1746 1811 indicibus
1769 1756 1880 1809 hoc
1909 1754 2022 1824 ipsi

2137 589 2209 644 de
2269 590 2596 644 haeresibus
2627 590 2729 661 qui
2787 590 3074 644 unitatem
3108 589 3209 643 Dei
3254 594 3781 659 oppugnaverant:

2138 679 2241 734 sed
2274 697 2343 734 ex
2373 685 2654 734 consueto
2678 696 2842 734 more
2874 695 3123 749 suo,quo
3149 678 3289 732 dum
3312 676 3544 746 singula
3567 677 3783 732 doctri-

2136 785 2228 822 naa
2259 775 2475 822 nostrae
2508 771 2702 840 capita
2731 769 2993 839 exponit,
3028 767 3205 822 simul
3246 772 3304 821 et
3333 767 3634 838 oppositas
3659 767 3781 821 hm-

2135 873 2296 911 reses
2327 864 2614 912 recenset.
2637 859 2742 922 Qui
2774 857 2992 912 idcirco
3013 857 3218 910 titulus
3245 856 3491 927 singulis
3515 871 3665 926 pene
3685 872 3780 910 ca-

2135 946 2473 1001 techesibus
2506 946 2714 1002 eadem
2745 947 2816 1000 de
2845 962 3024 1000 causa
3071 945 3283 1000 fuisset
3330 961 3565 1016 quoque
3596 944 3782 1000 ascri-

2136 1035 2385 1090 bendus.
2445 1035 2663 1090 Adhaec
2694 1052 2815 1090 non
2849 1035 3006 1089 solas
3055 1036 3309 1089 haereses
3369 1035 3430 1088 in
3488 1033 3783 1089 catechesi

2137 1131 2300 1180 sexta
2332 1126 2638 1197 impugnat
2667 1125 2941 1196 Cyrillus,
2976 1125 3078 1180 sed
3111 1130 3247 1179 ante
3271 1140 3368 1178 eas
3402 1123 3577 1178 etiam
3607 1139 3782 1194 paga-

2135 1231 2350 1268 norum
2382 1215 2805 1285 multiplicatas
2837 1214 3206 1268 divinitates:
3242 1213 3562 1268 dicendum
3607 1213 3788 1284 igitur

2134 1305 2347 1370 fuerat,
2381 1313 2432 1358 et
2460 1306 2525 1357 de
2550 1304 2836 1374 potythcia
2863 1311 2914 1358 et
2947 1303 3011 1358 de
3039 1303 3354 1358 haereszbus.
3389 1301 3649 1356 Tandem
3682 1317 3782 1356 ca-

2137 1393 2290 1447 tech.
2329 1397 2413 1459 15,
2445 1410 2551 1464 pro
2609 1399 2958 1464 argumento
2991 1393 3171 1447 habet
3212 1392 3389 1446 verba
3427 1391 3678 1463 symboli
3710 1389 3784 1444 de

2137 1482 2367 1536 Christo
2399 1487 2644 1537 venturo
2669 1482 2894 1553 judice,
2920 1487 3055 1549 etc.,
3085 1481 3302 1552 quibus
3334 1487 3488 1535 totus
3521 1481 3786 1535 contine~

2136 1576 2230 1625 tur
2253 1571 2536 1626 orationis
2567 1587 2780 1641 scopus
2807 1588 2819 1637 ;
2846 1571 3086 1625 additur
3107 1576 3304 1625 tamen
3334 1575 3385 1625 et
3411 1570 3477 1624 de
3508 1567 3787 1624 Antichri-

2132 1671 2208 1714 διο
2236 1678 2249 1725 ;
2283 1677 2414 1730 qua)
2447 1677 2540 1715 res
2573 1676 2602 1714 a
2635 1660 2852 1730 Cyrillo
2883 1659 3110 1730 prolixe
3159 1676 3222 1713 re
3270 1675 3424 1725 vera,
3477 1657 3580 1713 sed
3611 1674 3784 1713 occa-

2137 1749 2302 1804 sione
2335 1755 2393 1803 et
2433 1766 2502 1803 ex
2551 1755 2825 1820 respectu
2855 1750 2930 1803 ad
2977 1749 3342 1820 praecipuum
3384 1765 3628 1819 scopum
3660 1753 3782 1803 tra-

377 1848 638 1920 aiﬁgitur
662 1852 1100 1920 argumentum,
1133 1844 1256 1917 περὶ
1282 1849 1382 1899 τοὺ
1416 1846 1490 1916 μή
1525 1849 1799 1916 πειράσαι,
1823 1849 1891 1899 de
1912 1859 2023 1898 non

2148 1843 2345 1894 :tatur.
2380 1839 2582 1910 Cyrilli
2613 1855 2750 1911 ergo
2800 1855 2920 1892 non
2952 1843 3154 1909 putem
3204 1854 3303 1892 eos
3337 1837 3780 1908 inscriptiones,

380 1937 1006 1993 tentando.Catechesis
1039 1937 1105 1989 19
1136 1942 1193 1990 et
1223 1937 1288 1989 23
1321 1935 1638 1990 lectionem
1661 1934 1839 1988 habet
1859 1950 2023 2004 argu-

379 2032 651 2081 mentum
667 2026 994 2080 nullum.In
1011 2030 1358 2097 argumento
1389 2023 1624 2078 recitari
1649 2022 1843 2078 solent
1858 2021 2033 2076 verba

383 2114 660 2184 symboli,
692 2131 822 2184 quae
878 2116 940 2168 in
972 2114 1238 2186 subjecta
1295 2113 1586 2168 catechesi
1629 2123 2026 2182 exponuntur.

381 2203 595 2274 [CXIX]
626 2203 907 2258 Plurimis
939 2203 999 2257 id
1030 2220 1215 2257 unum
1269 2220 1374 2273 pro
1406 2207 1756 2273 argumento
1810 2209 1937 2266 est;
1971 2201 2033 2255 in

382 2292 588 2362 paucis
618 2292 947 2347 recitantur
974 2298 1032 2346 et
1063 2291 1243 2346 verba
1271 2291 1518 2362 symboli
1550 2308 1680 2361 quae
1727 2307 2030 2360 exponun-

380 2385 480 2436 tur
509 2387 568 2436 et
595 2381 847 2435 materia
877 2397 1009 2450 quas
1068 2385 1375 2435 tractatur.
1411 2380 1474 2434 1d
1531 2396 1681 2450 pene
1741 2385 1918 2433 sextae
1967 2396 2034 2433 ac

379 2471 602 2540 quintaa
636 2469 882 2524 decimae
916 2470 1213 2524 catechesi
1247 2469 1576 2540 proprium:
1597 2474 1735 2523 sunt
1764 2469 2036 2523 cateche-

381 2575 476 2613 ses
509 2558 804 2628 qumdam,
837 2575 969 2627 quae
1001 2564 1218 2628 praeter
1245 2559 1439 2629 majus
1473 2561 1531 2611 et
1559 2557 1834 2629 generale
1860 2573 2031 2629 argu-

381 2645 1021 2716 mentum,peculiares
1036 2647 1261 2701 habent
1285 2663 1352 2700 ac
1382 2646 1880 2712 minorestitulos,
1911 2647 2035 2700 sin-

382 2737 538 2809 gulis
561 2735 892 2790 catechesis
912 2735 1276 2789 sectionibus
1294 2735 1567 2806 praefixos
1599 2751 1920 2805 earumque
1944 2752 2035 2790 ar-

390 2830 741 2898 gumentum
772 2823 1127 2880 indicantes.
1185 2823 1249 2877 ld
1280 2825 1341 2879 in
1374 2825 1499 2880 sola
1554 2840 1705 2896 pene
1744 2824 2036 2879 catechesi

389 2919 621 2986 quarta,
653 2917 710 2968 et
736 2914 797 2968 in
830 2918 1014 2977 sexta,
1048 2913 1110 2967 in
1142 2929 1258 2984 qua
1281 2930 1437 2968 unus
1469 2919 1559 2968 est
1579 2918 1808 2968 tantum
1844 2914 2040 2968 minor

390 3003 600 3060 titulus
655 3003 812 3058 circa
864 3001 1127 3057 medium
1164 3003 1562 3067 catecheseos,
1622 3003 1687 3057 dc
1718 3003 2035 3074 haeresibus.

386 3092 716 3147 Titulorum
752 3091 994 3146 illorum
1053 3090 1262 3146 eadem
1321 3097 1410 3146 est
1439 3107 1572 3146 cum
1631 3090 2039 3146 catechesibus

387 3180 730 3250 antiquitas,
763 3184 822 3234 et
851 3179 922 3233 ab
955 3179 1026 3233 iis
1059 3179 1160 3248 qui
1191 3179 1367 3250 primi
1415 3180 1754 3235 catecheses
1810 3179 2032 3233 descri-

387 3285 558 3341 psere
593 3273 733 3322 sunt
791 3267 984 3338 positi.
1039 3269 1183 3322 Nam
1239 3268 1312 3322 ab
1342 3268 1601 3337 antiquis
1661 3268 1934 3334 citantur,
1972 3269 2032 3322 in

387 3357 596 3428 primis
628 3372 662 3410 a
692 3355 1078 3422 Theodoreto,
1111 3356 1211 3425 qui
1242 3361 1516 3425 quartam
1549 3355 1906 3410 catechesim
1952 3355 2035 3408 ci-

388 3450 542 3512 tans,
570 3461 690 3499 non
721 3444 916 3499 solum
972 3450 1389 3515 argumentum
1447 3444 1723 3516 generale
1761 3447 1828 3498 de
1857 3444 2038 3498 decem

387 3534 764 3605 dogmatibus,
796 3533 899 3588 sed
921 3533 1100 3588 etiam
1121 3532 1480 3603 peculiarem
1515 3533 1795 3588 sectionis
1818 3550 1851 3588 a
1883 3550 1943 3587 se
1962 3534 2038 3587 ci-

389 3627 526 3678 tatas
560 3623 798 3677 titulum
830 3626 902 3677 de
929 3624 1278 3692 generatione
1308 3639 1378 3677 ex
1411 3622 1627 3692 Virgine
1673 3639 2040 3677 commemo-

389 3713 803 3768 rat.Praaterea
831 3712 892 3765 in
924 3711 997 3765 iis
1029 3711 1409 3765 continentur
1435 3709 1564 3780 ipsa
1582 3710 1760 3765 verba
1786 3710 2039 3782 symboli

389 3801 1098 3874 Jerosolymitani,qualia
1127 3817 1162 3856 a
1191 3800 1409 3873 Cyrillo
1442 3800 1801 3856 referuntur.
1820 3801 2039 3856 Deinde

391 3907 527 3946 vero
559 3909 705 3962 quas
739 3891 1062 3962 unicuique
1087 3890 1380 3946 catechesi
1403 3890 1692 3945 lectiones
1715 3891 2039 3961 assignant,

393 3995 477 4035 ea)
511 3987 649 4036 sunt
675 3995 879 4034 revera
910 3996 1039 4049 quaa
1071 3985 1207 4033 ante
1237 3980 1771 4034 catechesimlectae
1787 3980 2042 4033 fuerant:

394 4086 562 4140 quas,
592 4075 658 4123 ut
689 4069 844 4123 infra
873 4069 1089 4136 div‘azn,
1121 4068 1196 4124 ad
1227 4068 1536 4124 arbitrium
1564 4069 1898 4124 catechista:
1939 4067 2038 4122 deo

394 4158 1003 4228 lectas,descriptores
1034 4157 1252 4212 rescire
1284 4175 1404 4212 non
1437 4164 1731 4229 poterant,
1761 4158 1878 4212 nisi
1928 4159 2042 4229 ipsi

399 4249 785 4304 audivissent.
811 4249 919 4301 Eas
943 4253 1139 4301 autem
1173 4247 1590 4318 inscriptiones
1621 4249 1824 4320 Cyriili
1857 4247 2044 4318 ipsius

395 4355 518 4394 non
553 4337 804 4402 esse,his
834 4335 1064 4390 duabus
1087 4336 1421 4390 rationibus
1444 4336 1759 4408 approbari
1793 4338 2041 4392 videtur:

403 4430 460 4482 1°
487 4426 647 4496 quod
678 4425 854 4480 verba
885 4424 1638 4495 symbolialiterinterdum
1670 4428 1731 4481 in
1762 4427 1834 4480 iis
1859 4427 2044 4481 titulis

401 4521 577 4585 atque
609 4514 681 4569 ab
713 4515 840 4585 ipso
872 4513 1089 4586 Cyrillo
1111 4513 1470 4580 referuntur;
1505 4519 1560 4568 2°
1591 4515 1748 4584 quod
1779 4515 1904 4586 ipse
1937 4533 2034 4569 au-

2135 1928 2238 1983 sed
2268 1927 2670 1997 librariorum,
2703 1944 2770 1983 ac
2802 1929 3193 1993 notariorum,
3219 1927 3319 1997 qui
3343 1928 3682 1983 catecheses
3713 1944 3784 1983 ex

2137 2014 2265 2084 ejus
2298 2030 2400 2067 ore
2427 2020 2700 2084 exceptas
2734 2013 2968 2084 scriptis
2999 2015 3445 2085 consignarunt.

2212 2106 2293 2156 29.
2328 2103 2492 2167 Quod
2515 2103 2587 2157 ad
2625 2103 2910 2157 lectiones
2941 2103 3256 2174 Scripturaa
3285 2104 3516 2171 attinet,
3551 2120 3648 2159 eas
3681 2120 3784 2176 op-

2136 2193 2278 2247 time
2311 2192 2371 2245 in
2405 2192 2891 2262 inscriptionibus
2921 2193 3252 2264 assignatas
3283 2208 3411 2247 esse
3438 2193 3616 2248 ﬁdem
3646 2193 3789 2248 facit

2137 2281 2391 2351 Cyrillus
2424 2283 2572 2352 ipse,
2607 2282 2708 2351 qui
2743 2297 2841 2335 eas
2871 2281 3224 2352 plerumque
3249 2283 3310 2337 in
3342 2282 3470 2353 ipsa
3491 2283 3784 2338 catechesi

2139 2387 2243 2424 suo
2275 2370 2617 2424 testimonio
2658 2372 2992 2439 conﬁrmat,
3051 2370 3391 2441 lectumque
3449 2373 3631 2427 fuisse
3685 2374 3788 2440 ait,

2140 2459 2298 2528 quod
2317 2459 2375 2513 in
2401 2459 2786 2529 inscriptione
2810 2459 3030 2514 lectum
3050 2467 3568 2516 commemoratur.
3597 2463 3787 2534 [CXX]

2139 2548 2275 2602 Sola
2304 2549 2742 2619 procatechesis
2775 2549 3089 2603 lectionem
3121 2549 3290 2604 initio
3331 2552 3634 2621 praeﬁxam
3669 2569 3790 2608 non

2139 2637 2338 2704 habet,
2374 2638 2641 2708 quamvis
2673 2638 2998 2693 certissime
3030 2641 3475 2709 praecessissent
3504 2641 3791 2698 lectiones

2142 2743 2344 2794 sacrae,
2379 2733 2444 2780 ut
2473 2733 2721 2797 apparet
2752 2744 2820 2781 ex
2851 2744 2911 2781 n.
2943 2729 2995 2781 4.
3031 2729 3330 2799 propriam
3363 2735 3559 2785 tamen
3592 2731 3794 2786 lectio-

2141 2833 2279 2871 nem
2310 2833 2429 2870 non
2461 2816 2668 2870 habuit
2693 2833 2705 2870 :
2739 2815 2908 2886 cujus
2936 2817 3019 2871 rei
3049 2833 3287 2873 causam
3318 2819 3470 2874 hanc
3491 2835 3619 2874 esse
3649 2838 3792 2876 con-

2135 2907 2302 2978 jicio,
2357 2906 2515 2976 quod
2547 2907 2607 2960 in
2642 2907 2949 2960 Dominica
2980 2907 3074 2962 die
3107 2908 3181 2962 ad
3213 2909 3623 2965 dimissionem
3655 2912 3798 2966 illu-

2144 2996 2560 3050 minandorum
2595 2994 2795 3049 habita
2823 2995 3020 3063 fuerit,
3036 3003 3172 3068 post
3193 3000 3468 3054 recitatas
3495 3017 3560 3054 ex
3585 3001 3795 3056 ordine

2144 3092 2202 3160 et
2227 3085 2548 3156 exPlicatas
2567 3085 2627 3138 in
2647 3085 2934 3139 concione
2953 3086 3188 3156 publica
3216 3089 3442 3143 Veteris
3463 3095 3521 3143 et
3539 3091 3674 3144 Novi
3697 3092 3802 3145 Te-

2148 3174 2426 3230 stamenti
2457 3173 2928 3245 lectiones,quod
2960 3192 3102 3230 sane
3130 3177 3432 3232 suffecisse
3463 3178 3792 3235 videbatur.

2147 3267 2241 3319 Eaa
2278 3263 2667 3318 catecheseon
2700 3263 3006 3328 lectiones,
3038 3281 3157 3319 non
3190 3282 3258 3319 ex
3290 3274 3572 3321 consueto
3594 3267 3801 3323 lectio-

2144 3369 2287 3408 num
2321 3352 2383 3404 in
2415 3351 2675 3405 Ecclesia
2704 3351 3115 3407 habendarum
3147 3354 3355 3410 ordine
3385 3362 3657 3427 sumptae,
3692 3357 3796 3411 sed

2147 3442 2221 3496 ad
2253 3440 2660 3496 concionantis
2681 3440 2991 3495 arbitrium
3014 3459 3119 3512 pro
3152 3445 3443 3499 tractandi
3463 3447 3797 3517 argumenti

2148 3530 2433 3601 qualitate
2456 3529 2709 3584 selectae.
2739 3529 2803 3583 Id
2824 3545 2980 3584 unus
3008 3531 3362 3587 conﬁrmare
3384 3535 3797 3606 potestCyrilli

2149 3620 2314 3675 locus
2346 3625 2456 3674 cat.
2523 3622 2606 3686 14,
2642 3635 2700 3673 n.
2752 3621 2840 3684 24,
2876 3635 2991 3688 quo
3023 3619 3123 3687 ait,
3185 3621 3382 3677 divina
3427 3623 3798 3694 providentia

2147 3709 2367 3764 factum
2395 3725 2546 3777 esse,
2567 3709 2723 3779 quod
2749 3727 2882 3764 cum
2902 3715 3140 3779 postera
3166 3710 3259 3765 die
3291 3713 3618 3767 secundum
3641 3713 3800 3770 ordi-

2150 3815 2287 3853 nem
2318 3798 2630 3852 verborum
2662 3800 2914 3870 symboli
2939 3800 3010 3854 de
3033 3801 3395 3856 Ascensione
3418 3803 3652 3857 Domini
3675 3804 3798 3859 dic-

2153 3892 2319 3942 turus
2338 3894 2512 3952 esset,
2535 3887 2708 3942 lectio
2741 3889 2800 3943 in
2826 3891 3030 3959 synaxi
3053 3890 3361 3945 Dominica
3389 3890 3484 3946 die
3502 3908 3572 3946 ex
3594 3892 3802 3948 ordine

2152 3993 2485 4030 annuarum
2515 3976 2838 4032 lectionum
2872 3979 3094 4047 habita,
3143 3979 3255 4050 ipsi
3286 3981 3650 4052 anticipandi
3682 3982 3801 4036 hu-

2143 4065 2245 4134 jus
2272 4065 2605 4136 argumenti
2651 4067 3024 4122 occasionem
3058 4074 3115 4121 et
3159 4069 3354 4123 locum
3403 4070 3801 4140 praestitisset.

2153 4155 2234 4208 Ex
2265 4170 2380 4224 quo
2418 4155 2802 4224 consequitur
2834 4163 3076 4212 caeteras
3109 4156 3416 4223 lectiones,
3452 4175 3584 4228 quae
3615 4158 3677 4212 in
3705 4175 3803 4214 cu-

2145 4245 2365 4314 jusque
2395 4244 2719 4298 catechesis
2751 4253 3164 4316 argumentum
3198 4247 3344 4300 mire
3379 4247 3803 4317 quadrant,ex-

2154 4339 2244 4388 tra
2275 4333 2546 4387 ordinem
2579 4350 2913 4388 annuarum
2945 4336 3265 4391 lectionum
3293 4336 3554 4393 delectas
3575 4354 3803 4402 esse,ac

2155 4439 2350 4478 revera
2382 4423 2585 4477 nullus
2616 4424 2676 4476 in
2713 4425 2783 4477 iis
2815 4425 3172 4480 lectionibus
3203 4425 3488 4481 librorum
3523 4427 3666 4483 ordo
3699 4427 3806 4482 ob-

2157 4519 2458 4567 servatur:
2509 4513 2685 4567 modo
2718 4531 2788 4567 ex
2838 4515 3164 4585 prophetis,
3213 4516 3386 4571 modo
3419 4534 3487 4571 ex
3535 4517 3804 4587 apostolo

400 4609 527 4658 ctor
557 4603 913 4673 quandoque
945 4619 1065 4656 suae
1085 4607 1500 4673 argumentum
1516 4602 1849 4673 digesturus
1872 4603 2044 4657 aliter
2078 4586 2122 4650 D
2155 4603 2361 4668 Paulo,
2396 4603 2569 4657 modo
2603 4621 2672 4657 ex
2701 4603 2864 4670 Jobo,
2898 4603 3074 4659 modo
3116 4622 3184 4659 ex
3216 4607 3533 4662 Catholicis
3573 4586 3802 4678 Episto-

400 4692 582 4747 fuisse
614 4692 900 4746 videatur.
936 4693 1077 4746 Nam
1095 4691 1155 4744 in
1187 4691 1494 4746 nonnullis
1517 4691 2048 4758 catechesibus,ar-

399 4787 679 4853 gumento
702 4781 962 4851 generali
994 4785 1052 4835 et
1073 4781 1256 4835 totius
1287 4781 1612 4835 catechesis
1643 4798 1886 4852 scopum
1905 4798 2037 4835 con-

403 4871 615 4926 tinenti
643 4869 880 4924 additur
909 4875 1326 4941 argumentum
1357 4870 1676 4940 peculiare,
1711 4871 1869 4941 quod
1894 4887 2046 4925 non-

405 4959 520 5014 nisi
553 4958 743 5012 obiter
773 4963 831 5012 et
859 4974 928 5012 ex
959 4958 1270 5013 occasione
1303 4957 1364 5012 in
1392 4959 1684 5013 catechesi
1740 4964 2044 5014 tractatur.

405 5049 675 5104 Secunda
706 5048 1032 5104 catechesis
1054 5049 1422 5116 inscribitur,
1445 5049 1509 5104 de
1527 5050 1852 5119 paenitentia
1880 5060 1931 5105 et
1961 5066 2044 5105 re-

407 5140 670 5193 missione
696 5143 1088 5208 peccatorum:
1124 5137 1234 5192 hoc
1290 5138 1568 5210 generale
1600 5143 1658 5193 et
1688 5140 2047 5210 completum

408 5229 694 5283 orationis
727 5232 1164 5298 argumentum.
1206 5227 1455 5282 Additur
1513 5235 1713 5283 tamen
1769 5233 1823 5283 et
1851 5229 1916 5284 de
1946 5233 2049 5283 ad-

409 5318 676 5383 versario,
737 5316 974 5370 diabolo
1005 5314 1315 5382 videlicet;
1376 5333 1493 5386 qua
1540 5317 1612 5371 de
1646 5335 1709 5372 re
1769 5318 1958 5372 solum
1993 5318 2052 5371 in

409 5407 636 5479 peccati
669 5421 877 5460 causas
911 5404 1267 5474 inquirendo
1299 5421 1370 5459 ex
1411 5407 1720 5461 occasione
1781 5407 1925 5461 dicit
1953 5422 2055 5460 au-

411 5503 540 5551 ctor
570 5493 835 5550 numeris
892 5494 925 5546 3
958 5499 1015 5547 et
1038 5495 1091 5547 4.
1127 5494 1312 5548 Sextaa
1371 5496 1695 5550 catechesis
1751 5494 2056 5566 inscriptio

416 5591 506 5640 est
533 5585 600 5639 de
659 5583 984 5639 monarchia
1042 5582 1162 5648 Dei,
1209 5583 1365 5653 quod
1397 5600 1597 5638 revera
1654 5584 1781 5654 ipso
1841 5583 2057 5656 Cyrillo

415 5680 564 5730 teste
588 5676 761 5740 cati),
793 5689 855 5728 n.
887 5675 937 5743 1,
968 5671 1147 5742 hujus
1171 5672 1454 5727 orationis
1481 5678 1895 5744 argumentum
1927 5678 2015 5728 est
2044 5697 2059 5741 ;

2157 4690 2251 4754 lis,
2285 4691 2451 4745 nulla
2484 4697 2645 4746 certa
2676 4693 2826 4746 serie
2860 4699 3210 4760 sumuntur;
3243 4695 3347 4750 sed
3377 4711 3585 4750 omnes
3614 4695 3687 4750 ad
3718 4694 3804 4749 rei

2161 4780 2428 4834 dicenda)
2449 4789 2866 4853 argumentum
2888 4785 3368 4842 accommodatae.
3394 4787 3699 4843 Lectiones
3723 4802 3806 4839 ea:

2157 4886 2277 4924 non
2307 4870 2583 4925 videntur
2611 4872 2932 4927 admodum
2982 4873 3166 4929 fuisse
3195 4874 3460 4946 prolixae.
3505 4875 3808 4930 Breviores

2158 4959 2487 5029 praisertim
2511 4961 2900 5016 catecheseon
2924 4964 3630 5035 mystagogicarum.Cum
3649 4965 3806 5020 enim

2159 5049 2220 5102 in
2257 5048 2444 5102 tribus
2476 5049 2684 5120 primis
2719 5050 2956 5105 initium
2981 5057 3039 5106 et
3070 5054 3206 5107 ﬁnis
3239 5055 3509 5109 lectionis
3537 5055 3809 5128 assigne-

2160 5144 2276 5205 tur,
2295 5139 2620 5193 catechesis
2641 5157 2814 5194 nonae
2841 5140 3088 5197 decima:
3111 5143 3286 5198 lectio
3312 5161 3413 5199 sex
3433 5146 3654 5199 nostris
3681 5161 3808 5198 ver-

2164 5228 2369 5282 siculis
2400 5227 2672 5282 absoluta
2699 5245 2711 5281 :
2746 5230 3072 5285 catechesis
3095 5233 3407 5299 vicesimae,
3433 5239 3489 5288 et
3519 5234 3811 5289 vicesima)

2165 5317 2392 5387 primae,
2445 5317 2749 5371 versiculis
2798 5325 2949 5373 octo.
3002 5322 3183 5376 Paulo
3215 5323 3514 5395 longiores
3543 5323 3811 5395 priorum

2168 5407 2556 5460 catecheseon
2586 5406 2912 5461 lectiones:
2947 5409 3104 5464 verbi
3153 5413 3360 5482 gratia,
3415 5419 3525 5467 cat.
3564 5413 3650 5482 11,
3678 5428 3814 5467 cum

2171 5495 2232 5548 in
2268 5496 2434 5549 titulo
2466 5495 2760 5550 indicetur
2790 5495 3110 5554 lectionem
3159 5500 3231 5554 ab
3265 5502 3392 5571 ipso
3437 5501 3714 5573 Epistolas
3746 5500 3820 5556 ad

2177 5583 2447 5638 Hebraeos
2470 5585 2708 5639 exordio
2740 5584 3104 5655 inchoatam,
3129 5605 3197 5643 ex
3215 5590 3344 5660 ipsa
3365 5591 3660 5646 catechesi
3687 5607 3824 5646 con-

2174 5677 2310 5738 stat,
2343 5688 2460 5726 non
2495 5674 2690 5729 solum
2732 5675 3087 5732 versiculum
3135 5684 3389 5747 sextum,
3424 5696 3484 5734 n.
3519 5682 3576 5748 ὁ,
3627 5679 3731 5735 sed
3762 5683 3823 5735 et
