4134 6264
354 301 496 362 153

1772 301 2288 366 DISSEBTATIO
2332 301 2382 362 Π
2395 348 2408 362 .

3689 304 3806 366 154

350 452 392 490 ο
414 441 658 492 ctavum
688 441 745 490 et
784 452 1033 503 nonum,
1056 453 1115 492 n.
1146 439 1232 504 15,
1263 436 1487 493 lectum
1517 436 1722 492 fuisse.
1758 438 1910 492 Ante
1942 454 2038 494 ca-
2073 437 2125 505 Α
2157 437 2332 493 nobis
2365 439 2777 494 catecheseum
2807 441 2934 507 347,
2982 439 3043 494 in
3075 455 3191 510 quo
3222 445 3538 510 propterea
3566 440 3806 511 acquie-

349 526 662 581 techesim
687 527 775 593 13,
810 531 1003 581 totum
1032 527 1198 582 Isaiae
1231 533 1410 598 caput
1434 545 1552 595 Lm,
1585 544 1700 598 quo
1724 527 2037 599 prophetia

349 614 665 687 passionis
685 616 912 670 Christi
937 616 1297 683 continetur,
1325 616 1558 671 videtur
1580 617 1801 671 lectum
1829 616 2033 672 fuisse.

349 706 451 760 Ex
481 705 776 760 catechesi
815 708 901 773 15,
949 722 1008 760 n.
1062 707 1127 759 13
1161 710 1221 760 et
1253 708 1345 772 21,
1395 711 1624 761 constat
1677 711 1863 760 totum
1912 705 2034 760 fere

2148 529 2260 585 scit
2288 529 2728 584 Tillemontius.
2763 531 2886 584 Non
2920 529 3001 584 ita
3031 534 3230 583 tamen
3248 529 3494 599 prmcise
3516 529 3802 600 Cyrillum

2147 636 2337 675 annos
2361 635 2707 674 numerasse
2729 618 3106 684 crediderim,
3132 623 3199 672 ut
3239 635 3463 673 annum
3500 635 3686 673 unum
3711 619 3804 674 ul-

2146 713 2236 764 tro
2270 709 2486 763 citrove
2543 709 2714 763 nobis
2757 725 3067 763 excurrere
3127 725 3245 763 non
3278 707 3492 773 liceat;
3551 725 3801 779 quamo-

353 793 632 849 Danielis
663 799 842 866 caput
876 795 1196 866 septimum
1241 795 1424 850 fuisse
1472 794 1838 866 prmlectum.
1885 797 2032 850 Item
2143 797 2309 853 brem
2341 815 2497 854 anno
2529 799 2716 871 magis
2749 800 2850 852 348
2882 798 3114 852 habitas
3142 814 3273 852 esse
3302 797 3642 853 catecheses
3673 815 3800 853 cre-

355 899 438 938 ex
469 888 580 938 cat.
623 885 709 952 18,
743 900 911 938 num.
951 887 1006 938 11
1046 889 1103 940 et
1135 888 1222 953 15,
1253 889 1442 940 totum
1494 884 1814 940 Ezechielis
1857 889 2034 956 caput

374 971 751 1028 tricesimum
771 971 1112 1044 septimum.
1135 973 1352 1028 Inutile
1374 977 1463 1027 est
1487 988 1731 1029 monere
1745 973 2030 1030 lectiones

360 1059 507 1116 illas
536 1077 645 1132 per
679 1060 969 1116 lectorem
1000 1062 1276 1117 recitatas
1307 1061 1510 1116 fuisse.

1031 1204 1263 1260 CAPUT
1303 1205 1366 1258 V.

352 1309 478 1376 Quo
518 1324 667 1364 anno
691 1310 925 1379 praecise
968 1317 1026 1380 ret
1057 1311 1202 1364 anni
1229 1317 1466 1380 tempore
1493 1310 1658 1367 dictae
1713 1315 1842 1366 sunt
1877 1318 2024 1368 cate-

427 1386 654 1436 cheses:
689 1382 886 1450 quibus
943 1379 1152 1447 diebus,
1183 1387 1238 1436 et
1297 1379 1468 1444 horis,
1498 1393 1550 1437 et
1599 1397 1706 1452 quo
1743 1385 1804 1438 in
1860 1384 1972 1440 loco
2002 1406 2022 1452 ,-

427 1469 500 1507 ac
528 1453 598 1506 de
627 1455 737 1506 tota
761 1463 1129 1507 conventuum
1156 1453 1387 1508 illorum
1415 1456 1618 1524 forma.

427 1595 520 1648 30.
551 1595 679 1649 Non
710 1611 832 1650 una
883 1599 974 1650 est
1006 1611 1109 1650 seu
1148 1600 1410 1651 veterum
1466 1613 1570 1652 seu
1618 1599 2018 1655 recentiorum

347 1688 691 1751 auctorum,
729 1683 801 1738 de
827 1700 987 1738 anno
1011 1701 1124 1755 quo
1148 1685 1351 1758 Cyrilli
1378 1685 1548 1741 dicta:
1581 1693 1720 1741 sunt
1744 1689 2015 1744 cateche-

349 1790 470 1835 ses,
507 1774 825 1828 sententia.
880 1776 1099 1828 Auctor
1137 1775 1539 1830 adnotationis
1583 1777 2014 1850 chronologicaa

345 1861 621 1916 indiculo
645 1863 1036 1917 catecheseon
1059 1880 1092 1918 a
1114 1863 1285 1918 nobis
1309 1864 1466 1920 edito
1489 1865 2011 1936 subjectmmume-

341 1958 437 2006 rat
467 1969 701 2008 annum
731 1953 803 2008 ab
835 1954 1088 2009 adventu
1112 1955 1327 2010 Christi
1360 1957 1686 2012 secundum
1719 1961 2009 2030 Augusta-

340 2059 493 2097 num
523 2042 791 2098 codicem
825 2045 966 2097 352:
1003 2045 1330 2100 secundum
1361 2047 1629 2102 codicem
1660 2049 2006 2105 Ottobonia-

344 2149 495 2187 num
524 2137 585 2187 et
633 2133 1085 2199 Grodecianum,
1139 2136 1262 2190 332.
1311 2135 1612 2200 Quomodo
1655 2137 1750 2191 hic
1803 2145 2010 2193 auctor

338 2239 537 2278 annos
569 2241 605 2278 a
635 2224 850 2279 Christi
885 2224 1140 2280 adventu
1162 2231 1456 2292 numeret,
1481 2227 2008 2301 incertum.ltaque

354 2313 594 2368 inutilis
618 2331 750 2368 cum
775 2330 881 2385 per
908 2330 990 2382 se,
1025 2319 1148 2368 tum
1171 2330 1239 2368 ex
1272 2315 1548 2370 varietate
1581 2316 1876 2386 lectionis,
1897 2319 2010 2373 hu-

328 2402 435 2474 jus
470 2403 777 2473 scriptoris
820 2402 1049 2473 alioqui
1084 2404 1430 2458 recentioris
1462 2407 2008 2461 auctoritas.Theo-

354 2491 586 2562 phanes
619 2491 806 2546 dictas
853 2492 1191 2548 catecheses
1241 2498 1412 2564 putat
1456 2495 1766 2549 occasione
1815 2497 2008 2551 crucis

353 2581 464 2635 sub
496 2582 842 2636 Constantio
876 2582 936 2635 in
969 2581 1114 2636 cmlo
1164 2583 1323 2648 visae,
1370 2599 1502 2636 cum
1553 2583 1724 2638 multi
1757 2585 1866 2640 hoc
1899 2586 2009 2640 mi-

356 2671 560 2726 raculo
591 2671 845 2741 permoti
879 2670 1240 2742 baptismum
1284 2673 1682 2742 requirerent.
1723 2676 2010 2745 Apparuit

346 2778 494 2817 crux
523 2761 737 2834 [CXXI]
762 2762 912 2817 Maio
958 2779 1162 2817 mense
1212 2779 1308 2818 an.
1334 2765 1458 2831 351,
1492 2769 1550 2818 et
1571 2780 1707 2818 cum
1739 2765 2007 2820 cateche-

341 2866 437 2906 ses
467 2851 531 2906 in
560 2851 1023 2924 Quadragesima
1058 2851 1228 2906 dictas
1257 2852 1394 2915 sint,
1443 2852 1501 2906 in
1553 2853 1662 2908 hac
1694 2854 2006 2924 hypothesi

348 2939 422 2995 ad
452 2957 676 2996 annum
706 2941 816 2996 352
845 2940 1212 2996 revocandae.
1245 2941 1627 2996 Bollandistae
1659 2943 2008 2999 auctoritate

343 3029 783 3103 chronologicaa
817 3030 1218 3106 adnotationis
1237 3031 1564 3086 secundum
1597 3031 2009 3087 Grodeciiver~

345 3118 579 3173 sionem
611 3119 780 3175 lectae
813 3118 1074 3185 adducti,
1107 3134 1418 3189 annosque
1450 3119 1522 3174 ab
1554 3120 1807 3176 adventu
1839 3121 2006 3176 Chri-

2144 886 2420 954 diderim,
2455 887 2548 942 his
2579 888 2650 942 de
2680 886 3031 942 rationibus.

2215 978 2302 1030 31.
2336 977 2553 1042 Prima,
2588 994 2703 1047 quo
2736 993 2892 1031 anno
2924 975 3178 1047 Cyrillus
3209 977 3547 1031 catecheses
3588 976 3795 1032 habuit

2141 1071 2442 1120 maturum
2491 1067 2718 1121 Pascha
2771 1065 2952 1120 fuisse
3006 1065 3255 1120 videtur.
3304 1067 3447 1120 Nam
3497 1067 3794 1122 catechesi

2144 1155 2229 1220 18,
2263 1172 2394 1225 quae
2422 1155 2673 1210 Sabbato
2706 1160 2910 1209 sancto
2938 1154 3269 1209 certissime
3303 1160 3393 1208 est
3435 1157 3791 1226 pronuntia-

2138 1249 2218 1309 ta,
2262 1245 2346 1300 sic
2401 1245 2664 1315 loquitur
2722 1262 2884 1300 num.
2920 1249 2971 1307 7,
3032 1244 3199 1316 quasi
3232 1244 3423 1299 adhuc
3480 1246 3541 1299 in
3597 1246 3795 1302 media

2135 1333 2334 1387 hieme
2364 1335 2613 1404 positus,
2645 1333 2803 1405 quod
2836 1338 2994 1388 certe
3029 1335 3089 1387 in
3121 1333 3240 1387 illis
3290 1333 3785 1389 meridionalibus

2131 1423 2402 1493 partibus
2451 1423 2724 1478 mirabile
2777 1429 2883 1478 est.
2935 1423 3262 1485 Hibernum,
3315 1423 3531 1493 inquit,
3577 1428 3789 1494 tempus

2130 1518 2233 1572 est,
2266 1517 2327 1566 ut
2379 1511 2565 1566 vides:
2614 1520 2768 1567 stant
2811 1526 2962 1566 nunc
3010 1512 3234 1567 arbores
3283 1513 3460 1566 veluti
3507 1519 3786 1570 mortuae:

2128 1597 2226 1654 ubi
2255 1601 2406 1654 enim
2433 1616 2582 1654 nunc
2609 1601 2745 1670 folia
2803 1600 2959 1668 ﬁcus,
3017 1601 3119 1654 ubi
3147 1599 3275 1654 vitis
3307 1615 3430 1654 uvae
3451 1600 3479 1654 7’
3520 1601 3635 1654 Nec
3668 1600 3784 1656 alio

2125 1687 2248 1742 fere
2280 1689 2456 1744 modo
2488 1690 2658 1744 initio
2700 1689 3173 1761 Quadragesimaa
3222 1689 3454 1743 locutus
3507 1694 3651 1754 erat,
3681 1690 3780 1743 in-

2129 1781 2356 1849 tegrum
2389 1784 2525 1833 ante
2558 1796 2847 1847 mensem,
2883 1782 2994 1832 cat.
3031 1781 3084 1844 4,
3117 1793 3174 1832 n.
3210 1779 3297 1831 30.
3331 1777 3480 1831 Vides
3508 1781 3573 1831 ut
3621 1779 3786 1832 arbo-

2127 1883 2211 1920 res
2240 1883 2391 1923 nunc
2416 1874 2489 1923 tot
2516 1867 2798 1923 mensibus
2846 1869 2965 1922 sine
2992 1868 3211 1938 fructus
3243 1871 3293 1921 et
3319 1865 3478 1936 foliis
3512 1876 3782 1937 perstant.

2126 1956 2252 2010 Non
2285 1973 2421 2028 ergo
2450 1957 2680 2011 tardum
2714 1957 2818 2011 illo
2851 1973 3008 2010 anno
3041 1957 3264 2012 Pascha
3291 1962 3436 2010 erat.
3471 1957 3646 2026 Atqui
3678 1971 3779 2014 an.

2127 2044 2228 2097 347
2282 2045 2585 2101 incidebat
2613 2046 2840 2101 Pascha
2899 2045 2961 2099 in
3005 2045 3163 2100 diem
3220 2045 3440 2116 Aprilis
3497 2045 3780 2099 duodeci-

2124 2149 2282 2188 mam
2311 2151 2324 2188 :
2359 2152 2476 2205 quo
2528 2142 2794 2207 tempore
2822 2135 3061 2190 arbores
3093 2140 3146 2188 et
3181 2134 3327 2188 ﬁcus
3358 2135 3418 2187 in
3457 2132 3776 2188 Palaestina

2123 2221 2282 2278 foliis
2313 2224 2506 2278 adhuc
2537 2224 2849 2279 destitutas
2899 2223 3079 2278 fuisse
3137 2239 3380 2294 prorsus
3421 2221 3772 2276 incredibile

2123 2317 2250 2378 est;
2283 2329 2416 2367 cum
2449 2312 2672 2384 alioqui
2704 2329 2896 2368 annus
2929 2311 3394 2367 extraordinaria
3432 2311 3648 2374 hieme,
3682 2314 3775 2364 at-

2124 2417 2238 2472 que
2269 2401 2426 2456 ultra
2457 2403 2743 2456 terminos
2787 2403 3094 2473 producta,
3147 2401 3399 2471 insignis
3443 2416 3563 2455 non
3594 2404 3773 2456 esset.

2122 2492 2266 2545 Nam
2299 2491 2554 2562 Cyrillus
2585 2497 2697 2546 cat.
2734 2494 2817 2545 14.
2855 2508 2912 2546 n.
2951 2494 3038 2557 10,
3083 2491 3286 2561 paucis
3331 2495 3467 2561 post
3509 2489 3775 2559 aequino-

2121 2579 2304 2634 ctium
2338 2580 2547 2636 diebus
2575 2580 3129 2652 loquens,tellurem
3154 2578 3401 2633 floribus
3431 2577 3694 2648 plenam,
3717 2582 3777 2632 et

2121 2685 2360 2725 omnem
2392 2669 2637 2724 herbam
2671 2670 2844 2724 modo
2875 2669 3311 2740 germinantem
3345 2667 3654 2720 observare
3670 2667 3769 2738 ju-

2120 2757 2238 2813 bet.
2273 2759 2329 2812 Si
2359 2759 2537 2830 paulo
2569 2759 2794 2814 tardius
2826 2759 3053 2814 Pascha
3082 2757 3312 2818 fuisset,
3358 2773 3486 2811 sese
3544 2756 3616 2810 ab
3665 2756 3770 2810 illo

2119 2851 2387 2920 tempore
2404 2848 2714 2903 frondibus
2737 2847 2977 2902 arbores
2997 2847 3353 2901 vestiissent.
3380 2847 3550 2900 Anno
3573 2849 3772 2900 autem

2120 2937 2242 3002 348,
2270 2937 2494 2991 Pascha
2525 2936 2621 2990 die
2653 2936 2828 2991 tertia
2859 2935 3078 3006 Aprilis
3126 2940 3284 3000 erat;
3321 2934 3480 3004 quod
3511 2950 3644 2987 cum
3698 2932 3771 2985 il-

2120 3027 2194 3083 lis
2226 3026 2442 3081 hiemis
2473 3026 2745 3096 reliquiis
2777 3025 2976 3078 minus
3007 3022 3394 3078 disconvenit.
3449 3022 3627 3076 Multo
3658 3022 3773 3076 mi-

2119 3134 2234 3172 nus
2265 3117 2326 3170 in
2376 3131 2600 3170 annum
2647 3116 2750 3168 349
2799 3113 3095 3183 conjicere
3142 3111 3484 3166 catecheses
3532 3111 3767 3180 [CXXII]

343 3207 446 3275 sti,
479 3207 551 3262 de
605 3208 784 3263 annis
833 3207 906 3262 ab
941 3181 1070 3279 ejus
1117 3181 1466 3263 ascensione
1515 3209 2000 3281 interpretantes,
2033 3181 2081 3245 ο
2120 3221 2476 3278 possumus:
2513 3221 2629 3275 quo
2661 3220 2819 3258 anno
2863 3181 3091 3257 Pascha
3121 3204 3187 3255 23
3233 3199 3452 3272 Aprilis
3499 3199 3768 3255 celebra-

343 3297 692 3352 catecheses
722 3297 1041 3353 conferunt
1068 3298 1129 3352 in
1161 3313 1383 3352 annum
1419 3299 1522 3352 364
1557 3298 1644 3353 vel
1674 3301 1797 3355 365.
1849 3300 1999 3355 Tho-

339 3403 475 3441 mas
505 3386 792 3442 Millesius
833 3386 1172 3442 catecheses
1221 3386 1294 3442 ad
1327 3403 1422 3441 an.
1480 3389 1582 3441 350
1613 3388 1814 3454 refert,
1865 3406 2000 3461 pro-

339 3482 480 3549 pter
506 3477 731 3532 bellum
762 3478 1286 3549 Mesopotamicum
1319 3483 1431 3532 cat.
1469 3481 1554 3543 15,
1587 3496 1752 3534 num.
1775 3481 1861 3534 61:
1891 3480 2001 3535 Til-

338 3567 672 3622 Iemontius
703 3566 780 3621 ad
812 3581 1035 3621 annum
1070 3569 1196 3635 347,
1229 3572 1472 3638 propter
1503 3568 1874 3639 septuaginta
1895 3585 2004 3624 an-

337 3671 454 3710 nos
486 3671 637 3726 quos
667 3655 924 3727 Cyrillus
951 3672 985 3710 a
1009 3657 1237 3711 Manete
1284 3655 1517 3726 elapsos
1559 3661 1856 3711 momorat
1886 3662 1998 3713 cat.

338 3747 393 3814 6,
427 3760 490 3798 n.
525 3747 616 3798 20.
650 3745 765 3799 Has
794 3744 1120 3798 sententias
1151 3759 1360 3799 omnes
1391 3760 1508 3798 non
1552 3761 1799 3816 operose
1841 3746 2002 3801 refu-

340 3832 505 3889 tabo.
545 3832 923 3904 TheOphanis
971 3838 1030 3888 et
1057 3832 1560 3888 Bollandistarum
1605 3835 1731 3905 jam
1780 3835 2002 3906 rejecta

341 3924 551 3996 opinio
582 3928 688 3990 est,
721 3939 858 3978 cum
889 3923 1266 3994 probavimus
1289 3940 1466 3995 supra
1497 3941 1602 3996 cap
1655 3926 1710 3992 2,
1742 3943 1907 3982 num.
1935 3933 2000 3984 10

341 4019 404 4069 et
436 4016 524 4079 11,
559 4016 792 4068 atatem
838 4012 1229 4067 catecheseon
1278 4012 1475 4068 medio
1526 4014 1740 4069 saeculo
1788 4022 1997 4087 quarto

337 4101 571 4157 tardius
595 4101 882 4173 assignari
907 4117 1028 4156 non
1049 4117 1242 4173 posse.
1278 4103 1359 4155 Ne
1383 4117 1536 4156 anno
1569 4103 1746 4158 etiam
1775 4107 1878 4159 350
1899 4123 1998 4161 eas

338 4189 826 4256 attribueremus,
847 4189 1082 4244 obstare
1107 4189 1366 4244 diximus
1384 4192 1722 4247 Constantis
1744 4201 1997 4251 mortem

339 4280 455 4335 hoc
504 4279 750 4334 ineunte
799 4295 957 4334 anno
988 4278 1284 4334 interfecti
1335 4279 1470 4349 (Jul.
1531 4286 1678 4336 orat.
1713 4285 1764 4349 1,
1796 4299 1851 4353 p.
1886 4285 1996 4355 47),

344 4386 480 4440 quae
511 4367 587 4423 ad
617 4368 1029 4423 Constantium
1052 4368 1114 4422 in
1136 4368 1374 4423 Oriente
1406 4369 1716 4441 degentem
1740 4371 1847 4426 sub
1869 4372 1999 4426 hie-

342 4459 458 4514 mis
492 4458 672 4513 ﬁnem
703 4456 935 4527 perlata
964 4461 1070 4511 est.
1107 4459 1289 4519 Porro
1321 4458 1575 4530 Cyrillus
1624 4476 1692 4514 eo
1732 4464 1996 4532 tempore

2110 3297 2303 3352 batur.
2340 3299 2510 3351 Anno
2541 3297 2642 3350 316
2677 3293 2901 3349 Pascha
2930 3299 3058 3348 erat
3083 3293 3152 3345 23
3185 3292 3396 3354 Martii,
3421 3290 3512 3346 vel
3533 3307 3603 3345 ex
3635 3291 3765 3346 Vic-

2110 3387 2247 3440 torii
2281 3385 2568 3441 laterculo
2622 3385 2717 3439 die
2751 3384 3017 3456 ejusdem
3065 3383 3290 3437 mensis
3334 3379 3656 3435 tricesima.
3687 3382 3765 3434 At

2111 3476 2438 3530 catechesis
2471 3475 2701 3529 decima
2732 3479 2942 3544 quarta
2969 3488 3105 3526 cum
3127 3471 3446 3536 diceretur,
3473 3469 3600 3540 jam
3623 3472 3760 3524 ante

2109 3582 2331 3638 paucos
2362 3565 2487 3619 dies
2521 3564 2941 3634 aequinoctium
2975 3567 3340 3617 transactum
3382 3565 3528 3630 erat,
3581 3563 3639 3613 et
3668 3559 3761 3614 in-

2111 3655 2357 3709 choatus
2388 3654 2715 3708 Xanthicus
2749 3653 3014 3719 mensis;
3049 3653 3220 3722 cujus
3250 3649 3488 3704 initium
3521 3651 3587 3702 25
3619 3649 3764 3702 Mar-

2112 3745 2175 3798 tii
2209 3744 2384 3798 citius
2416 3743 2555 3815 poni
2588 3759 2711 3797 non
2737 3747 2949 3814 potest.
2975 3741 3140 3805 Quod
3172 3740 3221 3794 si
3253 3739 3479 3793 Pascha
3509 3754 3577 3792 eo
3601 3753 3760 3791 anno

2111 3835 2178 3887 30
2207 3833 2395 3888 Martii
2419 3838 2694 3903 ponatur,
2714 3831 3006 3886 catechesi
3033 3832 3116 3890 14.
3151 3845 3281 3899 quas
3311 3828 3460 3880 feria
3498 3825 3762 3880 secunda

2107 3923 2491 3994 pronuntiata
2520 3927 2628 3988 est,
2688 3937 2852 3976 num.
2883 3922 2972 3986 24,
3023 3934 3143 3972 non
3176 3917 3293 3971 alia
3338 3915 3558 3986 poterit
3606 3914 3758 3969 assi-

2108 4013 2275 4085 gnari
2307 4013 2434 4066 dies
2466 4015 2684 4082 praeter
2712 4007 3051 4063 vicesimam
3085 4010 3355 4077 quartam
3388 4003 3751 4072 Martiique:

2109 4108 2275 4157 extra
2305 4101 2662 4156 Xanthicum
2696 4103 2837 4152 erat.
2889 4097 2968 4150 De
2997 4111 3153 4150 anno
3203 4095 3326 4161 345,
3368 4107 3483 4163 quo
3528 4091 3754 4146 Pascha

2109 4192 2170 4246 in
2205 4190 2362 4245 diem
2395 4189 2614 4260 Aprilis
2645 4187 2956 4258 septimam
2999 4183 3227 4247 incidit,
3261 4182 3412 4237 nihil
3443 4181 3614 4246 dico;
3649 4196 3755 4234 ea-

2107 4280 2242 4335 dem
2273 4280 2502 4334 ratione
2533 4276 2724 4332 refelli
2755 4280 2949 4347 potest
2978 4290 3096 4344 qua
3143 4287 3337 4327 annus
3386 4271 3508 4324 347.
3554 4270 3758 4338 Itaque

2107 4369 2168 4422 in
2191 4385 2348 4424 anno
2380 4370 2482 4422 348
2513 4363 3010 4438 acquiescendum
3033 4361 3284 4417 videtur.
3315 4357 3604 4425 Secundo,
3629 4356 3756 4410 bel-

2105 4457 2229 4512 lum
2263 4459 2559 4514 Romanos
2589 4457 2747 4510 inter
2767 4459 2826 4509 et
2845 4456 3054 4508 Persas
3084 4456 3178 4506 cat
3220 4451 3303 4516 15,
3328 4465 3387 4502 n.
3415 4450 3467 4513 6,
3499 4461 3756 4501 comme-

349 4546 604 4611 dicebat,
640 4563 756 4618 quo
787 4546 991 4618 plures
1022 4547 1200 4601 simul
1226 4547 1616 4619 imperatores
1653 4549 1994 4620 reipublicae
2027 4542 2071 4606 D
2102 4552 2419 4612 moratum,
2453 4546 2668 4601 melius
2699 4560 2857 4598 anno
2890 4542 2990 4597 348
3023 4538 3311 4595 convenit.
3357 4538 3500 4591 Nam
3544 4541 3750 4590 aucto-

343 4638 626 4691 Romanaa
656 4639 971 4706 prmerant.
1034 4636 1178 4690 Nam
1237 4641 1348 4691 cat.
1381 4639 1470 4704 23,
1531 4653 1696 4692 num.
1731 4638 1782 4708 8,
1819 4639 1902 4693 ait
1929 4640 1988 4694 in

340 4724 584 4798 liturgia
615 4724 974 4780 sacriﬁcium
1006 4724 1205 4778 offerri
1233 4741 1331 4795 pro
1362 4724 1790 4797 imperatoribus
1859 4725 1988 4801 ὑπὲρ

344 4812 638 4888 βασιλέων,
678 4815 841 4886 iique
901 4813 1290 4885 imperatores
1343 4821 1531 4883 erant,
1565 4815 1667 4887 qui
1725 4822 1989 4873 sanctam

338 4903 815 4961 Resurrectionis
845 4903 1180 4971 ecclesiam,
1213 4921 1348 4960 cum
1388 4910 1554 4977 patre
1602 4907 1990 4963 Constantino

339 4998 758 5050 exstruxerant
786 4998 846 5048 et
865 4999 1293 5048 exornaverant
1312 5001 1425 5050 cat.
1461 4996 1546 5061 14,
1571 4995 1628 5050 d.
1665 4999 1749 5050 14.
1780 4999 1860 5051 Ne
1885 5014 1988 5053 an-

339 5101 416 5140 no
449 5086 553 5139 344
585 5083 953 5154 antiquiores
985 5083 1419 5155 existimentur,
1454 5085 1668 5153 obstat,
1719 5087 1877 5158 quod
1908 5089 1992 5144 ait

337 5177 449 5229 cat.
491 5176 576 5240 10,
609 5190 670 5227 n.
721 5176 807 5240 19,
859 5173 1066 5226 Persas
1113 5189 1219 5243 pro
1259 5173 1473 5229 Christi
1523 5176 1766 5230 nomine
1815 5177 1986 5232 mori.

337 5265 410 5317 At
439 5262 678 5316 Persica
725 5261 1059 5332 persecutio
1107 5262 1284 5333 cmpit
1328 5267 1558 5317 tantum
1590 5280 1686 5318 an.
1739 5266 1864 5332 344,
1896 5281 1990 5320 se-

336 5351 598 5407 cundum
628 5349 943 5406 meliorem
975 5351 1358 5422 computandi
1387 5353 1702 5407 rationem.
1737 5353 1990 5425 Cyrillus

337 5445 445 5494 cat.
481 5443 534 5508 6,
568 5456 629 5494 n.
664 5441 754 5504 20,
780 5454 816 5492 a
845 5438 1088 5493 Manetis
1111 5439 1351 5495 exordio
1382 5456 1573 5496 annos
1604 5446 1881 5496 numerat
1899 5444 1990 5521 70,

339 5529 436 5600 qui
467 5527 659 5585 additi
691 5525 766 5582 ad
799 5542 1020 5581 annum
1051 5529 1177 5595 277,
1211 5545 1328 5598 quo
1359 5531 1588 5585 Manem
1620 5531 1680 5585 in
1725 5531 1988 5588 Romano

336 5617 590 5692 imperio
620 5616 888 5690 primum
919 5615 1211 5687 prodiisse
1260 5605 1513 5688 constat,
1572 5634 1796 5674 annum
1835 5618 1982 5678 dant

2100 4652 2196 4690 res
2226 4635 2556 4708 gravissimi
2590 4632 2913 4687 secundam
2945 4628 3162 4684 Nisibis
3193 4625 3567 4681 obsidionem
3589 4639 3747 4679 anno

2101 4728 2203 4780 346
2235 4725 2591 4796 consignant
2615 4739 2626 4776 :
2652 4723 2804 4776 hanc
2836 4735 3012 4792 porro
3037 4722 3251 4772 secutas
3273 4715 3431 4769 inter
3454 4716 3749 4769 Romanos

2101 4821 2159 4870 et
2187 4817 2396 4870 Persas
2421 4812 2674 4868 induciae
2702 4853 2714 4877 ,
2747 4809 2962 4880 quibus
2993 4823 3114 4861 non
3148 4805 3331 4860 multo
3363 4807 3497 4874 post
3533 4803 3750 4855 Persa-

2097 4921 2230 4959 rum
2262 4903 2514 4976 perﬁdia
2539 4900 2770 4955 violatis
2803 4900 3019 4953 iterum
3057 4894 3367 4950 recruduit
3395 4891 3639 4956 bellum,
3690 4893 3751 4944 et

2099 4994 2484 5050 commissum
2538 4990 2612 5046 ad
2667 4989 2969 5060 Singaram
3021 4984 3295 5056 praalium
3327 4999 3483 5037 anno
3543 4982 3645 5034 348
3676 4995 3750 5033 ex

2101 5084 2271 5140 Fastis
2301 5081 2469 5137 Idatii
2520 5085 2578 5134 et
2619 5075 2961 5146 Hieronymi
2996 5073 3297 5138 Chronico;
3345 5070 3615 5142 quamvis
3644 5069 3748 5122 Ju-

2097 5172 2243 5228 liani
2276 5171 2519 5242 Augusti
2548 5175 2691 5224 orat.
2736 5172 2780 5228 1,
2814 5183 2946 5237 pag.
2977 5163 3066 5224 47,
3092 5161 3382 5233 repugnet
3402 5157 3742 5224 auctoritas,

2097 5278 2356 5335 pugnam
2377 5261 2531 5314 hanc
2555 5275 2655 5314 sex
2686 5263 2821 5312 ante
2844 5253 3181 5309 Constantis
3194 5267 3400 5306 necem
3425 5248 3600 5303 annis
3621 5245 3744 5300 col-

2100 5351 2372 5407 locantis:
2405 5348 2508 5402 sed
2530 5348 2588 5401 in
2616 5344 2985 5400 numeralem
3019 5351 3222 5396 notam
3243 5339 3454 5393 vitium
3474 5335 3744 5390 fortassis

2099 5439 2356 5511 irrepsit,
2391 5436 2676 5508 Cyrillum
2705 5440 2904 5488 autem
2935 5431 3097 5502 loqui
3130 5435 3409 5501 putamus
3457 5425 3528 5479 de
3559 5439 3744 5493 appa-

2099 5535 2233 5588 ratu
2261 5528 2424 5594 belli,
2458 5525 2557 5598 qui
2590 5539 2849 5597 pugnam
2875 5527 3044 5576 aetate
3075 5517 3452 5575 commissam
3473 5518 3740 5598 anteces-

2100 5622 2196 5679 sit.
2231 5596 2757 5691 Singarit—icmivero
2785 5627 2999 5685 pugna;
3030 5609 3092 5664 in
3135 5621 3358 5664 annum
3389 5605 3490 5656 347
3539 5596 3741 5654 confe-
