  <div class='ocr_page' id='page_1' title='image "/cluster/home/n/w/nwhite01/storage/ocr_20150623/33/mdp.39015078384412/085.png"; bbox 0 0 4134 6264; ppageno 0'>
   <div class='ocr_carea' id='block_1_1' title="bbox 413 317 535 381">
    <p class='ocr_par' dir='ltr' id='par_1_1' title="bbox 413 317 535 381">
     <span class='ocr_line' id='line_1_1' title="bbox 413 317 535 381; baseline -0.033 0"><span class='ocrx_word' id='word_1_1' title='bbox 413 317 535 381; x_wconf 63' lang='grc' dir='ltr'>ιω</span> 
     </span>
    </p>
   </div>
   <div class='ocr_carea' id='block_1_2' title="bbox 1505 308 2724 383">
    <p class='ocr_par' dir='ltr' id='par_1_2' title="bbox 1505 308 2724 383">
     <span class='ocr_line' id='line_1_2' title="bbox 1505 308 2724 383; baseline -0.009 -3"><span class='ocrx_word' id='word_1_2' title='bbox 1505 319 1607 380; x_wconf 88' lang='lat' dir='ltr'>DE</span> <span class='ocrx_word' id='word_1_3' title='bbox 1649 311 2230 383; x_wconf 71' lang='lat' dir='ltr'>CATEGHESIBUS</span> <span class='ocrx_word' id='word_1_4' title='bbox 2275 310 2340 372; x_wconf 93' lang='lat' dir='ltr'>S.</span> <span class='ocrx_word' id='word_1_5' title='bbox 2386 308 2724 371; x_wconf 79' lang='lat' dir='ltr'>CYRILLI.</span> 
     </span>
    </p>
   </div>
   <div class='ocr_carea' id='block_1_3' title="bbox 3713 315 3834 401">
    <p class='ocr_par' dir='ltr' id='par_1_3' title="bbox 3713 315 3834 401">
     <span class='ocr_line' id='line_1_3' title="bbox 3713 315 3834 401; baseline 0.017 -27"><span class='ocrx_word' id='word_1_6' title='bbox 3713 315 3834 401; x_wconf 75' lang='lat' dir='ltr'>ise</span> 
     </span>
    </p>
   </div>
   <div class='ocr_carea' id='block_1_4' title="bbox 413 442 3836 524">
    <p class='ocr_par' dir='ltr' id='par_1_4' title="bbox 413 442 3836 524">
     <span class='ocr_line' id='line_1_4' title="bbox 413 442 3836 524; baseline -0 -18"><span class='ocrx_word' id='word_1_7' title='bbox 413 448 616 507; x_wconf 76' lang='lat' dir='ltr'>rendaa</span> <span class='ocrx_word' id='word_1_8' title='bbox 645 448 815 507; x_wconf 84' lang='lat' dir='ltr'>nulla</span> <span class='ocrx_word' id='word_1_9' title='bbox 843 448 993 506; x_wconf 81' lang='lat' dir='ltr'>ratio</span> <span class='ocrx_word' id='word_1_10' title='bbox 1025 454 1149 509; x_wconf 88' lang='lat' dir='ltr'>est:</span> <span class='ocrx_word' id='word_1_11' title='bbox 1181 450 1403 524; x_wconf 79' lang='lat' dir='ltr'>alioqui</span> <span class='ocrx_word' id='word_1_12' title='bbox 1434 451 1672 509; x_wconf 91' lang='lat' dir='ltr'>nullum</span> <span class='ocrx_word' id='word_1_13' title='bbox 1701 467 1854 524; x_wconf 89' lang='lat' dir='ltr'>pene</span> <span class='ocrx_word' id='word_1_14' title='bbox 1883 447 2059 505; x_wconf 89' lang='lat' dir='ltr'>indu—</span> <span class='ocrx_word' id='word_1_15' title='bbox 2091 449 2141 515; x_wconf 80' lang='grc' dir='ltr'><strong>Α</strong></span> <span class='ocrx_word' id='word_1_16' title='bbox 2171 444 2577 500; x_wconf 84' lang='lat' dir='ltr'>existimamus</span> <span class='ocrx_word' id='word_1_17' title='bbox 2607 442 2799 513; x_wconf 92' lang='lat' dir='ltr'>prima</span> <span class='ocrx_word' id='word_1_18' title='bbox 2827 456 3006 513; x_wconf 84' lang='lat' dir='ltr'>quam</span> <span class='ocrx_word' id='word_1_19' title='bbox 3035 458 3312 499; x_wconf 88' lang='lat' dir='ltr'>vocamus</span> <span class='ocrx_word' id='word_1_20' title='bbox 3343 444 3836 520; x_wconf 63' lang='lat' dir='ltr'>Quadragesima</span> 
     </span>
    </p>
   </div>
   <div class='ocr_carea' id='block_1_5' title="bbox 417 538 2061 613">
    <p class='ocr_par' dir='ltr' id='par_1_5' title="bbox 417 538 2061 613">
     <span class='ocr_line' id='line_1_5' title="bbox 417 538 2061 613; baseline -0.003 -16"><span class='ocrx_word' id='word_1_21' title='bbox 417 540 526 597; x_wconf 89' lang='lat' dir='ltr'>ciis</span> <span class='ocrx_word' id='word_1_22' title='bbox 555 544 691 611; x_wconf 90' lang='lat' dir='ltr'>post</span> <span class='ocrx_word' id='word_1_23' title='bbox 714 538 972 596; x_wconf 86' lang='lat' dir='ltr'>solutam</span> <span class='ocrx_word' id='word_1_24' title='bbox 1003 540 1219 597; x_wconf 88' lang='lat' dir='ltr'>Nisibis</span> <span class='ocrx_word' id='word_1_25' title='bbox 1250 541 1624 598; x_wconf 86' lang='lat' dir='ltr'>obsidionem</span> <span class='ocrx_word' id='word_1_26' title='bbox 1654 540 1843 613; x_wconf 91' lang='lat' dir='ltr'>pactis</span> <span class='ocrx_word' id='word_1_27' title='bbox 1878 538 2061 594; x_wconf 91' lang='lat' dir='ltr'>relin-</span> 
     </span>
    </p>
   </div>
   <div class='ocr_carea' id='block_1_6' title="bbox 415 628 2063 702">
    <p class='ocr_par' dir='ltr' id='par_1_6' title="bbox 415 628 2063 702">
     <span class='ocr_line' id='line_1_6' title="bbox 415 628 2063 702; baseline -0.002 -18"><span class='ocrx_word' id='word_1_28' title='bbox 415 628 549 702; x_wconf 86' lang='lat' dir='ltr'>quis</span> <span class='ocrx_word' id='word_1_29' title='bbox 596 628 816 685; x_wconf 90' lang='lat' dir='ltr'>locum.</span> <span class='ocrx_word' id='word_1_30' title='bbox 876 629 989 685; x_wconf 89' lang='lat' dir='ltr'>Sed</span> <span class='ocrx_word' id='word_1_31' title='bbox 1045 630 1176 702; x_wconf 91' lang='lat' dir='ltr'>ipsa</span> <span class='ocrx_word' id='word_1_32' title='bbox 1206 631 1424 687; x_wconf 88' lang='lat' dir='ltr'>Nisibis</span> <span class='ocrx_word' id='word_1_33' title='bbox 1481 631 1711 687; x_wconf 91' lang='lat' dir='ltr'>obsidio</span> <span class='ocrx_word' id='word_1_34' title='bbox 1769 645 1927 685; x_wconf 91' lang='lat' dir='ltr'>anno</span> <span class='ocrx_word' id='word_1_35' title='bbox 1961 629 2063 682; x_wconf 87' lang='lat'>347</span> 
     </span>
    </p>
   </div>
   <div class='ocr_carea' id='block_1_7' title="bbox 413 717 2064 791">
    <p class='ocr_par' dir='ltr' id='par_1_7' title="bbox 413 717 2064 791">
     <span class='ocr_line' id='line_1_7' title="bbox 413 717 2064 791; baseline -0.002 -17"><span class='ocrx_word' id='word_1_36' title='bbox 413 717 693 774; x_wconf 88' lang='lat' dir='ltr'>collocari</span> <span class='ocrx_word' id='word_1_37' title='bbox 720 722 935 790; x_wconf 84' lang='lat' dir='ltr'>potest,</span> <span class='ocrx_word' id='word_1_38' title='bbox 968 735 1036 776; x_wconf 88' lang='lat' dir='ltr'>ac</span> <span class='ocrx_word' id='word_1_39' title='bbox 1088 719 1315 776; x_wconf 91' lang='lat' dir='ltr'>bellum</span> <span class='ocrx_word' id='word_1_40' title='bbox 1346 721 1493 776; x_wconf 89' lang='lat' dir='ltr'>illud</span> <span class='ocrx_word' id='word_1_41' title='bbox 1541 720 1612 776; x_wconf 91' lang='lat' dir='ltr'>de</span> <span class='ocrx_word' id='word_1_42' title='bbox 1644 736 1760 791; x_wconf 91' lang='lat' dir='ltr'>quo</span> <span class='ocrx_word' id='word_1_43' title='bbox 1810 717 2064 790; x_wconf 87' lang='lat' dir='ltr'>Cyrillus</span> 
     </span>
    </p>
   </div>
   <div class='ocr_carea' id='block_1_8' title="bbox 412 807 2062 880">
    <p class='ocr_par' dir='ltr' id='par_1_8' title="bbox 412 807 2062 880">
     <span class='ocr_line' id='line_1_8' title="bbox 412 807 2062 880; baseline -0.002 -16"><span class='ocrx_word' id='word_1_44' title='bbox 412 807 702 880; x_wconf 77' lang='lat' dir='ltr'>loquitur,</span> <span class='ocrx_word' id='word_1_45' title='bbox 733 807 1079 864; x_wconf 87' lang='lat' dir='ltr'>existimari.</span> <span class='ocrx_word' id='word_1_46' title='bbox 1113 812 1255 865; x_wconf 90' lang='lat' dir='ltr'>Eam</span> <span class='ocrx_word' id='word_1_47' title='bbox 1285 826 1491 866; x_wconf 86' lang='lat' dir='ltr'><strong>revera</strong></span> <span class='ocrx_word' id='word_1_48' title='bbox 1521 809 1894 865; x_wconf 90' lang='lat' dir='ltr'>obsidionem</span> <span class='ocrx_word' id='word_1_49' title='bbox 1925 807 2062 861; x_wconf 84' lang='lat' dir='ltr'>Hie-</span> 
     </span>
    </p>
   </div>
   <div class='ocr_carea' id='block_1_9' title="bbox 411 897 2062 969">
    <p class='ocr_par' dir='ltr' id='par_1_9' title="bbox 411 897 2062 969">
     <span class='ocr_line' id='line_1_9' title="bbox 411 897 2062 969; baseline -0.001 -17"><span class='ocrx_word' id='word_1_50' title='bbox 411 913 701 969; x_wconf 89' lang='lat' dir='ltr'>ronymus</span> <span class='ocrx_word' id='word_1_51' title='bbox 731 897 794 952; x_wconf 89' lang='lat' dir='ltr'>in</span> <span class='ocrx_word' id='word_1_52' title='bbox 824 897 1093 954; x_wconf 77' lang='lat' dir='ltr'>Chronico</span> <span class='ocrx_word' id='word_1_53' title='bbox 1124 897 1199 953; x_wconf 90' lang='lat' dir='ltr'>ad</span> <span class='ocrx_word' id='word_1_54' title='bbox 1228 914 1453 955; x_wconf 82' lang='lat' dir='ltr'>annum</span> <span class='ocrx_word' id='word_1_55' title='bbox 1484 900 1607 966; x_wconf 86' lang='lat'><strong>347,</strong></span> <span class='ocrx_word' id='word_1_56' title='bbox 1644 897 1874 954; x_wconf 91' lang='lat' dir='ltr'>decimo</span> <span class='ocrx_word' id='word_1_57' title='bbox 1907 898 2062 952; x_wconf 90' lang='lat' dir='ltr'>Con-</span> 
     </span>
    </p>
   </div>
   <div class='ocr_carea' id='block_1_10' title="bbox 415 986 2061 1060">
    <p class='ocr_par' dir='ltr' id='par_1_10' title="bbox 415 986 2061 1060">
     <span class='ocr_line' id='line_1_10' title="bbox 415 986 2061 1060; baseline -0.002 -17"><span class='ocrx_word' id='word_1_58' title='bbox 415 986 616 1043; x_wconf 88' lang='lat' dir='ltr'>stantii</span> <span class='ocrx_word' id='word_1_59' title='bbox 644 1002 802 1042; x_wconf 90' lang='lat' dir='ltr'>anno</span> <span class='ocrx_word' id='word_1_60' title='bbox 848 988 1178 1060; x_wconf 83' lang='lat' dir='ltr'>consignat.</span> <span class='ocrx_word' id='word_1_61' title='bbox 1226 989 1302 1044; x_wconf 84' lang='lat' dir='ltr'>At</span> <span class='ocrx_word' id='word_1_62' title='bbox 1329 988 1393 1043; x_wconf 89' lang='lat' dir='ltr'>in</span> <span class='ocrx_word' id='word_1_63' title='bbox 1441 986 1750 1044; x_wconf 84' lang='lat' dir='ltr'>nonnullis</span> <span class='ocrx_word' id='word_1_64' title='bbox 1781 1004 1923 1042; x_wconf 88' lang='lat' dir='ltr'>mss.</span> <span class='ocrx_word' id='word_1_65' title='bbox 1956 1001 2061 1058; x_wconf 92' lang='lat' dir='ltr'>pro</span> 
     </span>
    </p>
   </div>
   <div class='ocr_carea' id='block_1_11' title="bbox 413 1074 2062 1149">
    <p class='ocr_par' dir='ltr' id='par_1_11' title="bbox 413 1074 2062 1149">
     <span class='ocr_line' id='line_1_11' title="bbox 413 1074 2062 1149; baseline -0.002 -17"><span class='ocrx_word' id='word_1_66' title='bbox 413 1076 622 1132; x_wconf 74' lang='lat' dir='ltr'>decimo</span> <span class='ocrx_word' id='word_1_67' title='bbox 650 1074 867 1147; x_wconf 83' lang='lat' dir='ltr'>legitur</span> <span class='ocrx_word' id='word_1_68' title='bbox 894 1092 1060 1132; x_wconf 82' lang='lat' dir='ltr'>nono.</span> <span class='ocrx_word' id='word_1_69' title='bbox 1092 1077 1479 1149; x_wconf 86' lang='lat' dir='ltr'>Theophanes</span> <span class='ocrx_word' id='word_1_70' title='bbox 1504 1093 1739 1149; x_wconf 91' lang='lat' dir='ltr'>quoque</span> <span class='ocrx_word' id='word_1_71' title='bbox 1788 1074 2062 1131; x_wconf 85' lang='lat' dir='ltr'>Nisibita-</span> 
     </span>
    </p>
   </div>
   <div class='ocr_carea' id='block_1_12' title="bbox 415 1163 2062 1238">
    <p class='ocr_par' dir='ltr' id='par_1_12' title="bbox 415 1163 2062 1238">
     <span class='ocr_line' id='line_1_12' title="bbox 415 1163 2062 1238; baseline -0.003 -16"><span class='ocrx_word' id='word_1_72' title='bbox 415 1181 559 1222; x_wconf 89' lang='lat' dir='ltr'>nam</span> <span class='ocrx_word' id='word_1_73' title='bbox 589 1163 966 1221; x_wconf 89' lang='lat' dir='ltr'>obsidionem</span> <span class='ocrx_word' id='word_1_74' title='bbox 1018 1167 1186 1237; x_wconf 89' lang='lat' dir='ltr'>ponit</span> <span class='ocrx_word' id='word_1_75' title='bbox 1214 1172 1351 1222; x_wconf 84' lang='lat' dir='ltr'>ante</span> <span class='ocrx_word' id='word_1_76' title='bbox 1401 1166 1691 1238; x_wconf 87' lang='lat' dir='ltr'>eclipsim,</span> <span class='ocrx_word' id='word_1_77' title='bbox 1726 1181 1855 1237; x_wconf 68' lang='lat' dir='ltr'>quae</span> <span class='ocrx_word' id='word_1_78' title='bbox 1906 1180 2062 1219; x_wconf 91' lang='lat' dir='ltr'>anno</span> 
     </span>
    </p>
   </div>
   <div class='ocr_carea' id='block_1_13' title="bbox 412 1254 2061 1329">
    <p class='ocr_par' dir='ltr' id='par_1_13' title="bbox 412 1254 2061 1329">
     <span class='ocr_line' id='line_1_13' title="bbox 412 1254 2061 1329; baseline -0.002 -18"><span class='ocrx_word' id='word_1_79' title='bbox 412 1254 542 1322; x_wconf 83' lang='lat'><strong>346,</strong></span> <span class='ocrx_word' id='word_1_80' title='bbox 566 1259 733 1310; x_wconf 83' lang='lat' dir='ltr'>sexta</span> <span class='ocrx_word' id='word_1_81' title='bbox 751 1255 909 1310; x_wconf 86' lang='lat' dir='ltr'>Junii</span> <span class='ocrx_word' id='word_1_82' title='bbox 932 1254 1028 1310; x_wconf 89' lang='lat' dir='ltr'>die</span> <span class='ocrx_word' id='word_1_83' title='bbox 1049 1255 1311 1329; x_wconf 81' lang='lat' dir='ltr'>contigit.</span> <span class='ocrx_word' id='word_1_84' title='bbox 1346 1257 1667 1313; x_wconf 89' lang='lat' dir='ltr'>Censemus</span> <span class='ocrx_word' id='word_1_85' title='bbox 1692 1255 1869 1328; x_wconf 82' lang='lat' dir='ltr'>igitur</span> <span class='ocrx_word' id='word_1_86' title='bbox 1907 1270 2061 1308; x_wconf 90' lang='lat' dir='ltr'>anno</span> 
     </span>
    </p>
   </div>
   <div class='ocr_carea' id='block_1_14' title="bbox 411 1343 2065 1417">
    <p class='ocr_par' dir='ltr' id='par_1_14' title="bbox 411 1343 2065 1417">
     <span class='ocr_line' id='line_1_14' title="bbox 411 1343 2065 1417; baseline -0.002 -16"><span class='ocrx_word' id='word_1_87' title='bbox 411 1345 518 1401; x_wconf 84' lang='lat'>347</span> <span class='ocrx_word' id='word_1_88' title='bbox 548 1343 775 1399; x_wconf 88' lang='lat' dir='ltr'>bellum</span> <span class='ocrx_word' id='word_1_89' title='bbox 804 1344 1039 1401; x_wconf 91' lang='lat' dir='ltr'>nullum</span> <span class='ocrx_word' id='word_1_90' title='bbox 1069 1344 1252 1402; x_wconf 88' lang='lat' dir='ltr'>fuisse</span> <span class='ocrx_word' id='word_1_91' title='bbox 1284 1346 1345 1400; x_wconf 91' lang='lat' dir='ltr'>in</span> <span class='ocrx_word' id='word_1_92' title='bbox 1379 1345 1800 1417; x_wconf 84' lang='lat' dir='ltr'>Mesopotania,</span> <span class='ocrx_word' id='word_1_93' title='bbox 1833 1346 2065 1398; x_wconf 86' lang='lat' dir='ltr'>servata</span> 
     </span>
    </p>
   </div>
   <div class='ocr_carea' id='block_1_15' title="bbox 414 1431 2062 1506">
    <p class='ocr_par' dir='ltr' id='par_1_15' title="bbox 414 1431 2062 1506">
     <span class='ocr_line' id='line_1_15' title="bbox 414 1431 2062 1506; baseline -0.001 -17"><span class='ocrx_word' id='word_1_94' title='bbox 414 1433 657 1490; x_wconf 83' lang='lat' dir='ltr'>interim</span> <span class='ocrx_word' id='word_1_95' title='bbox 687 1431 1065 1490; x_wconf 88' lang='lat' dir='ltr'>induciarum</span> <span class='ocrx_word' id='word_1_96' title='bbox 1096 1451 1251 1491; x_wconf 89' lang='lat' dir='ltr'>anno</span> <span class='ocrx_word' id='word_1_97' title='bbox 1279 1439 1565 1506; x_wconf 86' lang='lat' dir='ltr'>sequente</span> <span class='ocrx_word' id='word_1_98' title='bbox 1595 1435 1943 1490; x_wconf 88' lang='lat' dir='ltr'>violatarum</span> <span class='ocrx_word' id='word_1_99' title='bbox 1995 1433 2062 1487; x_wconf 87' lang='lat' dir='ltr'>fi-</span> 
     </span>
    </p>
   </div>
   <div class='ocr_carea' id='block_1_16' title="bbox 412 1523 2062 1597">
    <p class='ocr_par' dir='ltr' id='par_1_16' title="bbox 412 1523 2062 1597">
     <span class='ocr_line' id='line_1_16' title="bbox 412 1523 2062 1597; baseline -0.001 -18"><span class='ocrx_word' id='word_1_100' title='bbox 412 1524 508 1580; x_wconf 92' lang='lat' dir='ltr'>de.</span> <span class='ocrx_word' id='word_1_101' title='bbox 534 1525 652 1578; x_wconf 86' lang='lat' dir='ltr'>Hoc</span> <span class='ocrx_word' id='word_1_102' title='bbox 673 1527 870 1578; x_wconf 89' lang='lat' dir='ltr'>autem</span> <span class='ocrx_word' id='word_1_103' title='bbox 882 1529 1297 1595; x_wconf 82' lang='lat' dir='ltr'>argumentum</span> <span class='ocrx_word' id='word_1_104' title='bbox 1311 1524 1606 1597; x_wconf 84' lang='lat' dir='ltr'>praecipue</span> <span class='ocrx_word' id='word_1_105' title='bbox 1619 1523 2062 1581; x_wconf 86' lang='lat' dir='ltr'>Tillemontium</span> 
     </span>
    </p>
   </div>
   <div class='ocr_carea' id='block_1_17' title="bbox 411 1612 2061 1686">
    <p class='ocr_par' dir='ltr' id='par_1_17' title="bbox 411 1612 2061 1686">
     <span class='ocr_line' id='line_1_17' title="bbox 411 1612 2061 1686; baseline -0.001 -17"><span class='ocrx_word' id='word_1_106' title='bbox 411 1613 579 1686; x_wconf 87' lang='lat' dir='ltr'>petit;</span> <span class='ocrx_word' id='word_1_107' title='bbox 603 1612 705 1684; x_wconf 88' lang='lat' dir='ltr'>qui</span> <span class='ocrx_word' id='word_1_108' title='bbox 735 1629 869 1667; x_wconf 88' lang='lat' dir='ltr'>cum</span> <span class='ocrx_word' id='word_1_109' title='bbox 901 1613 965 1668; x_wconf 92' lang='lat' dir='ltr'>in</span> <span class='ocrx_word' id='word_1_110' title='bbox 1012 1613 1259 1669; x_wconf 75' lang='lat' dir='ltr'>Historia</span> <span class='ocrx_word' id='word_1_111' title='bbox 1290 1616 1688 1685; x_wconf 79' lang='lat' dir='ltr'>imperatorum</span> <span class='ocrx_word' id='word_1_112' title='bbox 1720 1612 2061 1669; x_wconf 72' lang='lat' dir='ltr'>Nisibitanae</span> 
     </span>
    </p>
   </div>
   <div class='ocr_carea' id='block_1_18' title="bbox 354 1686 2062 1775">
    <p class='ocr_par' dir='ltr' id='par_1_18' title="bbox 354 1686 2062 1775">
     <span class='ocr_line' id='line_1_18' title="bbox 354 1686 2062 1775; baseline -0.001 -16"><span class='ocrx_word' id='word_1_113' title='bbox 354 1686 361 1693; x_wconf 57' lang='grc'><em>’</em></span> <span class='ocrx_word' id='word_1_114' title='bbox 411 1700 775 1759; x_wconf 86' lang='lat' dir='ltr'>obsessionis</span> <span class='ocrx_word' id='word_1_115' title='bbox 807 1701 1167 1758; x_wconf 87' lang='lat' dir='ltr'>solutionem</span> <span class='ocrx_word' id='word_1_116' title='bbox 1201 1719 1357 1759; x_wconf 90' lang='lat' dir='ltr'>anno</span> <span class='ocrx_word' id='word_1_117' title='bbox 1390 1705 1513 1771; x_wconf 85' lang='lat'><strong>346,</strong></span> <span class='ocrx_word' id='word_1_118' title='bbox 1548 1709 1607 1758; x_wconf 93' lang='lat' dir='ltr'>et</span> <span class='ocrx_word' id='word_1_119' title='bbox 1653 1703 2062 1775; x_wconf 89' lang='lat' dir='ltr'>Singariticam</span> 
     </span>
    </p>
   </div>
   <div class='ocr_carea' id='block_1_19' title="bbox 410 1794 2138 1878">
    <p class='ocr_par' dir='ltr' id='par_1_19' title="bbox 410 1794 2138 1878">
     <span class='ocr_line' id='line_1_19' title="bbox 410 1794 2138 1878; baseline 0.001 -31"><span class='ocrx_word' id='word_1_120' title='bbox 410 1808 674 1865; x_wconf 83' lang='lat' dir='ltr'>pugnam</span> <span class='ocrx_word' id='word_1_121' title='bbox 705 1808 862 1848; x_wconf 90' lang='lat' dir='ltr'>anno</span> <span class='ocrx_word' id='word_1_122' title='bbox 894 1794 997 1847; x_wconf 84' lang='lat'><strong>348</strong></span> <span class='ocrx_word' id='word_1_123' title='bbox 1027 1798 1233 1865; x_wconf 88' lang='lat' dir='ltr'>ponat,</span> <span class='ocrx_word' id='word_1_124' title='bbox 1263 1810 1432 1849; x_wconf 90' lang='lat' dir='ltr'>suam</span> <span class='ocrx_word' id='word_1_125' title='bbox 1464 1794 1851 1850; x_wconf 89' lang='lat' dir='ltr'>catecheseon</span> <span class='ocrx_word' id='word_1_126' title='bbox 1903 1808 2061 1848; x_wconf 89' lang='lat' dir='ltr'>anno</span> <span class='ocrx_word' id='word_1_127' title='bbox 2093 1812 2138 1878; x_wconf 79' lang='grc' dir='ltr'><strong>Β</strong></span> 
     </span>
    </p>
   </div>
   <div class='ocr_carea' id='block_1_20' title="bbox 410 1881 2059 1954">
    <p class='ocr_par' dir='ltr' id='par_1_20' title="bbox 410 1881 2059 1954">
     <span class='ocr_line' id='line_1_20' title="bbox 410 1881 2059 1954; baseline -0.001 -16"><span class='ocrx_word' id='word_1_128' title='bbox 410 1882 515 1938; x_wconf 89' lang='lat'>347</span> <span class='ocrx_word' id='word_1_129' title='bbox 546 1883 610 1937; x_wconf 91' lang='lat' dir='ltr'>in</span> <span class='ocrx_word' id='word_1_130' title='bbox 638 1881 853 1938; x_wconf 90' lang='lat' dir='ltr'>mediis</span> <span class='ocrx_word' id='word_1_131' title='bbox 882 1882 1140 1939; x_wconf 89' lang='lat' dir='ltr'>induciis</span> <span class='ocrx_word' id='word_1_132' title='bbox 1183 1885 1520 1941; x_wconf 90' lang='lat' dir='ltr'>necessario</span> <span class='ocrx_word' id='word_1_133' title='bbox 1560 1884 1891 1939; x_wconf 90' lang='lat' dir='ltr'>habitarum</span> <span class='ocrx_word' id='word_1_134' title='bbox 1922 1899 2059 1954; x_wconf 91' lang='lat' dir='ltr'>epo-</span> 
     </span>
    </p>
   </div>
   <div class='ocr_carea' id='block_1_21' title="bbox 413 1970 2057 2045">
    <p class='ocr_par' dir='ltr' id='par_1_21' title="bbox 413 1970 2057 2045">
     <span class='ocr_line' id='line_1_21' title="bbox 413 1970 2057 2045; baseline 0.001 -19"><span class='ocrx_word' id='word_1_135' title='bbox 413 1970 586 2027; x_wconf 90' lang='lat' dir='ltr'>cham</span> <span class='ocrx_word' id='word_1_136' title='bbox 614 1972 766 2027; x_wconf 92' lang='lat' dir='ltr'>tueri</span> <span class='ocrx_word' id='word_1_137' title='bbox 796 1988 919 2029; x_wconf 90' lang='lat' dir='ltr'>non</span> <span class='ocrx_word' id='word_1_138' title='bbox 966 1977 1182 2045; x_wconf 90' lang='lat' dir='ltr'>potest.</span> <span class='ocrx_word' id='word_1_139' title='bbox 1228 1974 1442 2042; x_wconf 90' lang='lat' dir='ltr'>Tertio,</span> <span class='ocrx_word' id='word_1_140' title='bbox 1491 1972 1747 2045; x_wconf 88' lang='lat' dir='ltr'>Cyrillus</span> <span class='ocrx_word' id='word_1_141' title='bbox 1795 1988 2057 2028; x_wconf 89' lang='lat' dir='ltr'>comme-</span> 
     </span>
    </p>
   </div>
   <div class='ocr_carea' id='block_1_22' title="bbox 409 2061 2058 2135">
    <p class='ocr_par' dir='ltr' id='par_1_22' title="bbox 409 2061 2058 2135">
     <span class='ocr_line' id='line_1_22' title="bbox 409 2061 2058 2135; baseline 0.001 -20"><span class='ocrx_word' id='word_1_142' title='bbox 409 2064 606 2115; x_wconf 87' lang='lat' dir='ltr'>morat</span> <span class='ocrx_word' id='word_1_143' title='bbox 632 2065 744 2116; x_wconf 90' lang='lat' dir='ltr'>cat.</span> <span class='ocrx_word' id='word_1_144' title='bbox 782 2064 864 2128; x_wconf 86' lang='grc'><strong>15,</strong></span> <span class='ocrx_word' id='word_1_145' title='bbox 898 2077 958 2117; x_wconf 92' lang='lat' dir='ltr'>n.</span> <span class='ocrx_word' id='word_1_146' title='bbox 992 2064 1044 2128; x_wconf 89' lang='lat'><strong>7,</strong></span> <span class='ocrx_word' id='word_1_147' title='bbox 1084 2061 1281 2135; x_wconf 85' lang='lat' dir='ltr'>gravia</span> <span class='ocrx_word' id='word_1_148' title='bbox 1328 2062 1764 2134; x_wconf 77' lang='lat' dir='ltr'>episCOporum,</span> <span class='ocrx_word' id='word_1_149' title='bbox 1818 2061 2058 2117; x_wconf 90' lang='lat' dir='ltr'>clerico-</span> 
     </span>
    </p>
   </div>
   <div class='ocr_carea' id='block_1_23' title="bbox 410 2149 2060 2224">
    <p class='ocr_par' dir='ltr' id='par_1_23' title="bbox 410 2149 2060 2224">
     <span class='ocr_line' id='line_1_23' title="bbox 410 2149 2060 2224; baseline 0.001 -19"><span class='ocrx_word' id='word_1_150' title='bbox 410 2165 546 2205; x_wconf 90' lang='lat' dir='ltr'>rum</span> <span class='ocrx_word' id='word_1_151' title='bbox 575 2154 635 2204; x_wconf 89' lang='lat' dir='ltr'>et</span> <span class='ocrx_word' id='word_1_152' title='bbox 660 2149 1059 2206; x_wconf 91' lang='lat' dir='ltr'>Ecclesiarum</span> <span class='ocrx_word' id='word_1_153' title='bbox 1090 2150 1356 2221; x_wconf 90' lang='lat' dir='ltr'>dissidia,</span> <span class='ocrx_word' id='word_1_154' title='bbox 1389 2150 1460 2206; x_wconf 89' lang='lat' dir='ltr'>ad</span> <span class='ocrx_word' id='word_1_155' title='bbox 1493 2152 1843 2224; x_wconf 86' lang='lat' dir='ltr'>sanguinem</span> <span class='ocrx_word' id='word_1_156' title='bbox 1871 2167 2060 2222; x_wconf 90' lang='lat' dir='ltr'>usque</span> 
     </span>
    </p>
   </div>
   <div class='ocr_carea' id='block_1_24' title="bbox 408 2238 2059 2312">
    <p class='ocr_par' dir='ltr' id='par_1_24' title="bbox 408 2238 2059 2312">
     <span class='ocr_line' id='line_1_24' title="bbox 408 2238 2059 2312; baseline 0.001 -17"><span class='ocrx_word' id='word_1_157' title='bbox 408 2238 750 2295; x_wconf 88' lang='lat' dir='ltr'>animorum</span> <span class='ocrx_word' id='word_1_158' title='bbox 800 2239 1028 2296; x_wconf 84' lang='lat' dir='ltr'>fervore</span> <span class='ocrx_word' id='word_1_159' title='bbox 1075 2239 1405 2312; x_wconf 89' lang='lat' dir='ltr'>producto:</span> <span class='ocrx_word' id='word_1_160' title='bbox 1437 2240 1603 2309; x_wconf 88' lang='lat' dir='ltr'>satis,</span> <span class='ocrx_word' id='word_1_161' title='bbox 1652 2240 1862 2308; x_wconf 86' lang='lat' dir='ltr'>fateor,</span> <span class='ocrx_word' id='word_1_162' title='bbox 1922 2246 2059 2297; x_wconf 88' lang='lat' dir='ltr'>ante</span> 
     </span>
    </p>
   </div>
   <div class='ocr_carea' id='block_1_25' title="bbox 407 2329 2058 2402">
    <p class='ocr_par' dir='ltr' id='par_1_25' title="bbox 407 2329 2058 2402">
     <span class='ocr_line' id='line_1_25' title="bbox 407 2329 2058 2402; baseline 0 -16"><span class='ocrx_word' id='word_1_163' title='bbox 407 2344 632 2386; x_wconf 85' lang='lat' dir='ltr'>annum</span> <span class='ocrx_word' id='word_1_164' title='bbox 662 2331 790 2397; x_wconf 89' lang='lat'><strong>347,</strong></span> <span class='ocrx_word' id='word_1_165' title='bbox 816 2329 1126 2386; x_wconf 88' lang='lat' dir='ltr'>turbarum</span> <span class='ocrx_word' id='word_1_166' title='bbox 1156 2330 1219 2385; x_wconf 92' lang='lat' dir='ltr'>in</span> <span class='ocrx_word' id='word_1_167' title='bbox 1245 2329 1507 2386; x_wconf 89' lang='lat' dir='ltr'>Ecclesia</span> <span class='ocrx_word' id='word_1_168' title='bbox 1534 2331 1667 2399; x_wconf 88' lang='lat' dir='ltr'>fuit,</span> <span class='ocrx_word' id='word_1_169' title='bbox 1699 2335 1765 2386; x_wconf 92' lang='lat' dir='ltr'>ut</span> <span class='ocrx_word' id='word_1_170' title='bbox 1793 2332 1877 2386; x_wconf 90' lang='lat' dir='ltr'>ita</span> <span class='ocrx_word' id='word_1_171' title='bbox 1917 2347 2058 2402; x_wconf 85' lang='lat' dir='ltr'>pos-</span> 
     </span>
    </p>
   </div>
   <div class='ocr_carea' id='block_1_26' title="bbox 410 2419 2057 2494">
    <p class='ocr_par' dir='ltr' id='par_1_26' title="bbox 410 2419 2057 2494">
     <span class='ocr_line' id='line_1_26' title="bbox 410 2419 2057 2494; baseline 0.001 -19"><span class='ocrx_word' id='word_1_172' title='bbox 410 2424 504 2482; x_wconf 84' lang='lat' dir='ltr'>set</span> <span class='ocrx_word' id='word_1_173' title='bbox 533 2420 789 2492; x_wconf 88' lang='lat' dir='ltr'>Cyrillus</span> <span class='ocrx_word' id='word_1_174' title='bbox 837 2419 1024 2492; x_wconf 90' lang='lat' dir='ltr'>loqui.</span> <span class='ocrx_word' id='word_1_175' title='bbox 1069 2422 1284 2476; x_wconf 86' lang='lat' dir='ltr'>Verum</span> <span class='ocrx_word' id='word_1_176' title='bbox 1319 2421 1427 2477; x_wconf 91' lang='lat' dir='ltr'>sub</span> <span class='ocrx_word' id='word_1_177' title='bbox 1461 2422 1645 2478; x_wconf 85' lang='lat' dir='ltr'>ﬁnem</span> <span class='ocrx_word' id='word_1_178' title='bbox 1685 2422 1864 2494; x_wconf 89' lang='lat' dir='ltr'>hujus</span> <span class='ocrx_word' id='word_1_179' title='bbox 1895 2423 2057 2490; x_wconf 91' lang='lat' dir='ltr'>anni,</span> 
     </span>
    </p>
   </div>
   <div class='ocr_carea' id='block_1_27' title="bbox 368 2508 2057 2581">
    <p class='ocr_par' dir='ltr' id='par_1_27' title="bbox 368 2508 2057 2581">
     <span class='ocr_line' id='line_1_27' title="bbox 368 2508 2057 2581; baseline 0.001 -15"><span class='ocrx_word' id='word_1_180' title='bbox 368 2570 372 2574; x_wconf 59' lang='grc'><strong>,</strong></span> <span class='ocrx_word' id='word_1_181' title='bbox 408 2508 600 2566; x_wconf 81' lang='lat' dir='ltr'>scisso</span> <span class='ocrx_word' id='word_1_182' title='bbox 632 2509 695 2564; x_wconf 93' lang='lat' dir='ltr'>in</span> <span class='ocrx_word' id='word_1_183' title='bbox 728 2508 875 2564; x_wconf 90' lang='lat' dir='ltr'>duas</span> <span class='ocrx_word' id='word_1_184' title='bbox 906 2514 1104 2581; x_wconf 86' lang='lat' dir='ltr'>partes</span> <span class='ocrx_word' id='word_1_185' title='bbox 1139 2510 1472 2567; x_wconf 90' lang='lat' dir='ltr'>Sardicensi</span> <span class='ocrx_word' id='word_1_186' title='bbox 1503 2511 1775 2578; x_wconf 89' lang='lat' dir='ltr'>concilio,</span> <span class='ocrx_word' id='word_1_187' title='bbox 1833 2528 1968 2567; x_wconf 91' lang='lat' dir='ltr'>cum</span> <span class='ocrx_word' id='word_1_188' title='bbox 1997 2528 2057 2567; x_wconf 91' lang='lat' dir='ltr'>e-</span> 
     </span>
    </p>
   </div>
   <div class='ocr_carea' id='block_1_28' title="bbox 410 2596 2058 2670">
    <p class='ocr_par' dir='ltr' id='par_1_28' title="bbox 410 2596 2058 2670">
     <span class='ocr_line' id='line_1_28' title="bbox 410 2596 2058 2670; baseline 0.003 -18"><span class='ocrx_word' id='word_1_189' title='bbox 410 2597 639 2670; x_wconf 91' lang='lat' dir='ltr'>piscopi</span> <span class='ocrx_word' id='word_1_190' title='bbox 664 2596 973 2654; x_wconf 89' lang='lat' dir='ltr'>ambarum</span> <span class='ocrx_word' id='word_1_191' title='bbox 986 2598 1244 2670; x_wconf 86' lang='lat' dir='ltr'>partium</span> <span class='ocrx_word' id='word_1_192' title='bbox 1265 2617 1393 2656; x_wconf 91' lang='lat' dir='ltr'>sese</span> <span class='ocrx_word' id='word_1_193' title='bbox 1421 2600 1642 2656; x_wconf 91' lang='lat' dir='ltr'>mutuis</span> <span class='ocrx_word' id='word_1_194' title='bbox 1665 2601 2058 2657; x_wconf 90' lang='lat' dir='ltr'>anathematis</span> 
     </span>
    </p>
   </div>
   <div class='ocr_carea' id='block_1_29' title="bbox 407 2686 2058 2760">
    <p class='ocr_par' dir='ltr' id='par_1_29' title="bbox 407 2686 2058 2760">
     <span class='ocr_line' id='line_1_29' title="bbox 407 2686 2058 2760; baseline 0.002 -18"><span class='ocrx_word' id='word_1_195' title='bbox 407 2686 843 2759; x_wconf 86' lang='lat' dir='ltr'>perculissent;</span> <span class='ocrx_word' id='word_1_196' title='bbox 884 2687 1078 2759; x_wconf 88' lang='lat' dir='ltr'>major</span> <span class='ocrx_word' id='word_1_197' title='bbox 1105 2687 1298 2743; x_wconf 91' lang='lat' dir='ltr'>adhuc</span> <span class='ocrx_word' id='word_1_198' title='bbox 1343 2690 1580 2760; x_wconf 91' lang='lat' dir='ltr'>piorum</span> <span class='ocrx_word' id='word_1_199' title='bbox 1619 2690 1891 2759; x_wconf 73' lang='lat' dir='ltr'>offensio,</span> <span class='ocrx_word' id='word_1_200' title='bbox 1947 2707 2058 2746; x_wconf 86' lang='lat' dir='ltr'>cae-</span> 
     </span>
    </p>
   </div>
   <div class='ocr_carea' id='block_1_30' title="bbox 408 2774 2056 2847">
    <p class='ocr_par' dir='ltr' id='par_1_30' title="bbox 408 2774 2056 2847">
     <span class='ocr_line' id='line_1_30' title="bbox 408 2774 2056 2847; baseline 0.003 -17"><span class='ocrx_word' id='word_1_201' title='bbox 408 2775 632 2846; x_wconf 87' lang='lat' dir='ltr'>desque</span> <span class='ocrx_word' id='word_1_202' title='bbox 681 2774 870 2830; x_wconf 90' lang='lat' dir='ltr'>multo</span> <span class='ocrx_word' id='word_1_203' title='bbox 901 2792 1081 2847; x_wconf 88' lang='lat' dir='ltr'>quam</span> <span class='ocrx_word' id='word_1_204' title='bbox 1131 2781 1307 2833; x_wconf 90' lang='lat' dir='ltr'>antea</span> <span class='ocrx_word' id='word_1_205' title='bbox 1350 2778 1671 2835; x_wconf 89' lang='lat' dir='ltr'>violentius</span> <span class='ocrx_word' id='word_1_206' title='bbox 1702 2784 2056 2836; x_wconf 58' lang='lat' dir='ltr'>consecuta).</span> 
     </span>
    </p>
   </div>
   <div class='ocr_carea' id='block_1_31' title="bbox 408 2864 2055 2941">
    <p class='ocr_par' dir='ltr' id='par_1_31' title="bbox 408 2864 2055 2941">
     <span class='ocr_line' id='line_1_31' title="bbox 408 2864 2055 2941; baseline 0.004 -22"><span class='ocrx_word' id='word_1_207' title='bbox 408 2864 574 2931; x_wconf 88' lang='lat' dir='ltr'>Quod</span> <span class='ocrx_word' id='word_1_208' title='bbox 603 2864 857 2936; x_wconf 84' lang='lat' dir='ltr'>Cyrillus</span> <span class='ocrx_word' id='word_1_209' title='bbox 895 2864 1040 2921; x_wconf 91' lang='lat' dir='ltr'>ibid.</span> <span class='ocrx_word' id='word_1_210' title='bbox 1086 2882 1147 2921; x_wconf 94' lang='lat' dir='ltr'>n.</span> <span class='ocrx_word' id='word_1_211' title='bbox 1181 2869 1233 2934; x_wconf 88' lang='lat'>9,</span> <span class='ocrx_word' id='word_1_212' title='bbox 1266 2872 1579 2940; x_wconf 89' lang='lat' dir='ltr'>utramque</span> <span class='ocrx_word' id='word_1_213' title='bbox 1622 2874 1851 2941; x_wconf 88' lang='lat' dir='ltr'>partem</span> <span class='ocrx_word' id='word_1_214' title='bbox 1884 2885 2055 2925; x_wconf 87' lang='lat' dir='ltr'>accu-</span> 
     </span>
    </p>
   </div>
   <div class='ocr_carea' id='block_1_32' title="bbox 407 2954 2058 3026">
    <p class='ocr_par' dir='ltr' id='par_1_32' title="bbox 407 2954 2058 3026">
     <span class='ocr_line' id='line_1_32' title="bbox 407 2954 2058 3026; baseline 0.004 -15"><span class='ocrx_word' id='word_1_215' title='bbox 407 2960 499 3011; x_wconf 94' lang='lat' dir='ltr'>sat</span> <span class='ocrx_word' id='word_1_216' title='bbox 526 2971 540 3022; x_wconf 86' lang='lat'>;</span> <span class='ocrx_word' id='word_1_217' title='bbox 568 2954 721 3010; x_wconf 89' lang='lat' dir='ltr'>hanc</span> <span class='ocrx_word' id='word_1_218' title='bbox 751 2954 990 3026; x_wconf 87' lang='lat' dir='ltr'>quidem</span> <span class='ocrx_word' id='word_1_219' title='bbox 1012 2955 1229 3012; x_wconf 86' lang='lat' dir='ltr'>Christi</span> <span class='ocrx_word' id='word_1_220' title='bbox 1257 2956 1331 3012; x_wconf 89' lang='lat' dir='ltr'>ad</span> <span class='ocrx_word' id='word_1_221' title='bbox 1357 2962 1762 3014; x_wconf 90' lang='lat' dir='ltr'>creaturarum</span> <span class='ocrx_word' id='word_1_222' title='bbox 1786 2959 2058 3017; x_wconf 89' lang='lat' dir='ltr'>ordinem</span> 
     </span>
    </p>
   </div>
   <div class='ocr_carea' id='block_1_33' title="bbox 406 3043 2053 3118">
    <p class='ocr_par' dir='ltr' id='par_1_33' title="bbox 406 3043 2053 3118">
     <span class='ocr_line' id='line_1_33' title="bbox 406 3043 2053 3118; baseline 0.004 -18"><span class='ocrx_word' id='word_1_223' title='bbox 406 3044 674 3117; x_wconf 85' lang='lat' dir='ltr'>relegati,</span> <span class='ocrx_word' id='word_1_224' title='bbox 697 3043 861 3100; x_wconf 88' lang='lat' dir='ltr'>illam</span> <span class='ocrx_word' id='word_1_225' title='bbox 882 3061 1019 3101; x_wconf 90' lang='lat' dir='ltr'>vero</span> <span class='ocrx_word' id='word_1_226' title='bbox 1049 3045 1195 3102; x_wconf 91' lang='lat' dir='ltr'>Filio</span> <span class='ocrx_word' id='word_1_227' title='bbox 1215 3047 1592 3118; x_wconf 90' lang='lat' dir='ltr'>paternitatis</span> <span class='ocrx_word' id='word_1_228' title='bbox 1607 3054 1847 3104; x_wconf 73' lang='lat' dir='ltr'>asserta:</span> <span class='ocrx_word' id='word_1_229' title='bbox 1866 3066 1879 3115; x_wconf 90' lang='lat'>;</span> <span class='ocrx_word' id='word_1_230' title='bbox 1905 3066 2053 3106; x_wconf 90' lang='lat' dir='ltr'>non-</span> 
     </span>
    </p>
   </div>
   <div class='ocr_carea' id='block_1_34' title="bbox 404 3132 2050 3209">
    <p class='ocr_par' dir='ltr' id='par_1_34' title="bbox 404 3132 2050 3209">
     <span class='ocr_line' id='line_1_34' title="bbox 404 3132 2050 3209; baseline 0.004 -21"><span class='ocrx_word' id='word_1_231' title='bbox 404 3132 637 3189; x_wconf 85' lang='lat' dir='ltr'>nullam</span> <span class='ocrx_word' id='word_1_232' title='bbox 666 3138 733 3188; x_wconf 89' lang='lat' dir='ltr'>ut</span> <span class='ocrx_word' id='word_1_233' title='bbox 760 3134 843 3188; x_wconf 90' lang='lat' dir='ltr'>ita</span> <span class='ocrx_word' id='word_1_234' title='bbox 869 3133 1216 3205; x_wconf 87' lang='lat' dir='ltr'>loqueretur</span> <span class='ocrx_word' id='word_1_235' title='bbox 1243 3136 1618 3193; x_wconf 88' lang='lat' dir='ltr'>occasionem</span> <span class='ocrx_word' id='word_1_236' title='bbox 1656 3138 1771 3209; x_wconf 90' lang='lat' dir='ltr'>ipsi</span> <span class='ocrx_word' id='word_1_237' title='bbox 1822 3138 2050 3194; x_wconf 90' lang='lat' dir='ltr'>submi-</span> 
     </span>
    </p>
   </div>
   <div class='ocr_carea' id='block_1_35' title="bbox 408 3221 2050 3294">
    <p class='ocr_par' dir='ltr' id='par_1_35' title="bbox 408 3221 2050 3294">
     <span class='ocr_line' id='line_1_35' title="bbox 408 3221 2050 3294; baseline 0.004 -15"><span class='ocrx_word' id='word_1_238' title='bbox 408 3221 665 3279; x_wconf 87' lang='lat' dir='ltr'>nistrare</span> <span class='ocrx_word' id='word_1_239' title='bbox 694 3227 1036 3294; x_wconf 90' lang='lat' dir='ltr'>potuerunt,</span> <span class='ocrx_word' id='word_1_240' title='bbox 1068 3230 1291 3281; x_wconf 66' lang='lat' dir='ltr'>mutuae</span> <span class='ocrx_word' id='word_1_241' title='bbox 1320 3242 1390 3282; x_wconf 91' lang='lat' dir='ltr'>ea</span> <span class='ocrx_word' id='word_1_242' title='bbox 1421 3225 1492 3282; x_wconf 92' lang='lat' dir='ltr'>de</span> <span class='ocrx_word' id='word_1_243' title='bbox 1520 3242 1584 3281; x_wconf 92' lang='lat' dir='ltr'>re</span> <span class='ocrx_word' id='word_1_244' title='bbox 1606 3226 2050 3285; x_wconf 89' lang='lat' dir='ltr'>Sardicensium</span> 
     </span>
    </p>
   </div>
   <div class='ocr_carea' id='block_1_36' title="bbox 410 3310 2057 3390">
    <p class='ocr_par' dir='ltr' id='par_1_36' title="bbox 410 3310 2057 3390">
     <span class='ocr_line' id='line_1_36' title="bbox 410 3310 2057 3390; baseline 0.003 -23"><span class='ocrx_word' id='word_1_245' title='bbox 410 3310 1161 3383; x_wconf 87' lang='lat' dir='ltr'>etPhilippopolitanorum</span> <span class='ocrx_word' id='word_1_246' title='bbox 1173 3314 1497 3385; x_wconf 76' lang='lat' dir='ltr'>praesulum</span> <span class='ocrx_word' id='word_1_247' title='bbox 1512 3315 1573 3370; x_wconf 93' lang='lat' dir='ltr'>in</span> <span class='ocrx_word' id='word_1_248' title='bbox 1586 3315 1801 3372; x_wconf 89' lang='lat' dir='ltr'>litteris</span> <span class='ocrx_word' id='word_1_249' title='bbox 1823 3317 1945 3372; x_wconf 89' lang='lat' dir='ltr'>suis</span> <span class='ocrx_word' id='word_1_250' title='bbox 1960 3335 2057 3390; x_wconf 83' lang='lat' dir='ltr'>sy—</span> 
     </span>
    </p>
   </div>
   <div class='ocr_carea' id='block_1_37' title="bbox 406 3398 2053 3474">
    <p class='ocr_par' dir='ltr' id='par_1_37' title="bbox 406 3398 2053 3474">
     <span class='ocr_line' id='line_1_37' title="bbox 406 3398 2053 3474; baseline 0.003 -18"><span class='ocrx_word' id='word_1_251' title='bbox 406 3398 639 3456; x_wconf 86' lang='lat' dir='ltr'>nodicis</span> <span class='ocrx_word' id='word_1_252' title='bbox 667 3401 1096 3469; x_wconf 87' lang='lat' dir='ltr'>accusationes,</span> <span class='ocrx_word' id='word_1_253' title='bbox 1130 3406 1308 3474; x_wconf 91' lang='lat' dir='ltr'>atque</span> <span class='ocrx_word' id='word_1_254' title='bbox 1339 3408 1404 3458; x_wconf 89' lang='lat' dir='ltr'>ut</span> <span class='ocrx_word' id='word_1_255' title='bbox 1434 3403 1666 3458; x_wconf 91' lang='lat' dir='ltr'>meliori</span> <span class='ocrx_word' id='word_1_256' title='bbox 1700 3421 1893 3460; x_wconf 78' lang='lat' dir='ltr'>causae</span> <span class='ocrx_word' id='word_1_257' title='bbox 1933 3423 2053 3461; x_wconf 91' lang='lat' dir='ltr'>non</span> 
     </span>
    </p>
   </div>
   <div class='ocr_carea' id='block_1_38' title="bbox 409 3489 2054 3565">
    <p class='ocr_par' dir='ltr' id='par_1_38' title="bbox 409 3489 2054 3565">
     <span class='ocr_line' id='line_1_38' title="bbox 409 3489 2054 3565; baseline 0.003 -19"><span class='ocrx_word' id='word_1_258' title='bbox 409 3489 553 3546; x_wconf 82' lang='lat' dir='ltr'>satis</span> <span class='ocrx_word' id='word_1_259' title='bbox 584 3505 791 3561; x_wconf 76' lang='lat' dir='ltr'>aequus</span> <span class='ocrx_word' id='word_1_260' title='bbox 814 3489 1135 3561; x_wconf 84' lang='lat' dir='ltr'>videretur,</span> <span class='ocrx_word' id='word_1_261' title='bbox 1189 3491 1424 3549; x_wconf 83' lang='lat' dir='ltr'>efﬁcere</span> <span class='ocrx_word' id='word_1_262' title='bbox 1466 3494 1661 3565; x_wconf 89' lang='lat' dir='ltr'>potuit</span> <span class='ocrx_word' id='word_1_263' title='bbox 1689 3490 1947 3550; x_wconf 80' lang='lat' dir='ltr'>Marcelli</span> <span class='ocrx_word' id='word_1_264' title='bbox 1982 3496 2054 3553; x_wconf 90' lang='lat' dir='ltr'>ab</span> 
     </span>
    </p>
   </div>
   <div class='ocr_carea' id='block_1_39' title="bbox 406 3577 2054 3655">
    <p class='ocr_par' dir='ltr' id='par_1_39' title="bbox 406 3577 2054 3655">
     <span class='ocr_line' id='line_1_39' title="bbox 406 3577 2054 3655; baseline 0.005 -22"><span class='ocrx_word' id='word_1_265' title='bbox 406 3577 857 3634; x_wconf 88' lang='lat' dir='ltr'>Sardicensibus</span> <span class='ocrx_word' id='word_1_266' title='bbox 914 3595 1127 3653; x_wconf 87' lang='lat' dir='ltr'>magno</span> <span class='ocrx_word' id='word_1_267' title='bbox 1162 3581 1356 3637; x_wconf 89' lang='lat' dir='ltr'>studio</span> <span class='ocrx_word' id='word_1_268' title='bbox 1415 3588 1690 3655; x_wconf 89' lang='lat' dir='ltr'>suscepta</span> <span class='ocrx_word' id='word_1_269' title='bbox 1746 3582 2054 3655; x_wconf 85' lang='lat' dir='ltr'>defensio;</span> 
     </span>
    </p>
   </div>
   <div class='ocr_carea' id='block_1_40' title="bbox 405 3669 2055 3746">
    <p class='ocr_par' dir='ltr' id='par_1_40' title="bbox 405 3669 2055 3746">
     <span class='ocr_line' id='line_1_40' title="bbox 405 3669 2055 3746; baseline 0.005 -23"><span class='ocrx_word' id='word_1_270' title='bbox 405 3682 585 3742; x_wconf 88' lang='lat' dir='ltr'>quem</span> <span class='ocrx_word' id='word_1_271' title='bbox 615 3669 886 3741; x_wconf 79' lang='lat' dir='ltr'>[CXXIII]</span> <span class='ocrx_word' id='word_1_272' title='bbox 918 3671 1171 3741; x_wconf 80' lang='lat' dir='ltr'>Cyrillus</span> <span class='ocrx_word' id='word_1_273' title='bbox 1200 3688 1306 3744; x_wconf 92' lang='lat' dir='ltr'>pro</span> <span class='ocrx_word' id='word_1_274' title='bbox 1338 3677 1497 3728; x_wconf 90' lang='lat' dir='ltr'>certo</span> <span class='ocrx_word' id='word_1_275' title='bbox 1525 3677 1583 3728; x_wconf 90' lang='lat' dir='ltr'>et</span> <span class='ocrx_word' id='word_1_276' title='bbox 1607 3673 1910 3746; x_wconf 86' lang='lat' dir='ltr'>explorato</span> <span class='ocrx_word' id='word_1_277' title='bbox 1935 3676 2055 3731; x_wconf 72' lang='lat' dir='ltr'>haa-</span> 
     </span>
    </p>
   </div>
   <div class='ocr_carea' id='block_1_41' title="bbox 404 3757 2057 3831">
    <p class='ocr_par' dir='ltr' id='par_1_41' title="bbox 404 3757 2057 3831">
     <span class='ocr_line' id='line_1_41' title="bbox 404 3757 2057 3831; baseline 0.004 -16"><span class='ocrx_word' id='word_1_278' title='bbox 404 3757 591 3815; x_wconf 86' lang='lat' dir='ltr'>retico</span> <span class='ocrx_word' id='word_1_279' title='bbox 621 3758 897 3829; x_wconf 88' lang='lat' dir='ltr'>habebat,</span> <span class='ocrx_word' id='word_1_280' title='bbox 929 3766 1040 3816; x_wconf 90' lang='lat' dir='ltr'>cat.</span> <span class='ocrx_word' id='word_1_281' title='bbox 1104 3764 1190 3831; x_wconf 82' lang='grc'>15,</span> <span class='ocrx_word' id='word_1_282' title='bbox 1223 3778 1284 3818; x_wconf 92' lang='lat' dir='ltr'>n.</span> <span class='ocrx_word' id='word_1_283' title='bbox 1317 3764 1406 3817; x_wconf 84' lang='lat'>27.</span> <span class='ocrx_word' id='word_1_284' title='bbox 1440 3762 1542 3818; x_wconf 84' lang='lat' dir='ltr'>His</span> <span class='ocrx_word' id='word_1_285' title='bbox 1585 3763 1915 3821; x_wconf 88' lang='lat' dir='ltr'>rationibus</span> <span class='ocrx_word' id='word_1_286' title='bbox 1945 3782 2057 3821; x_wconf 90' lang='lat' dir='ltr'>an-</span> 
     </span>
    </p>
   </div>
   <div class='ocr_carea' id='block_1_42' title="bbox 404 3849 2053 3927">
    <p class='ocr_par' dir='ltr' id='par_1_42' title="bbox 404 3849 2053 3927">
     <span class='ocr_line' id='line_1_42' title="bbox 404 3849 2053 3927; baseline 0.004 -21"><span class='ocrx_word' id='word_1_287' title='bbox 404 3863 552 3906; x_wconf 88' lang='lat' dir='ltr'>num</span> <span class='ocrx_word' id='word_1_288' title='bbox 581 3850 684 3904; x_wconf 93' lang='lat'><strong>348</strong></span> <span class='ocrx_word' id='word_1_289' title='bbox 714 3849 899 3906; x_wconf 89' lang='lat' dir='ltr'>cuivis</span> <span class='ocrx_word' id='word_1_290' title='bbox 927 3850 1099 3906; x_wconf 89' lang='lat' dir='ltr'>alteri</span> <span class='ocrx_word' id='word_1_291' title='bbox 1129 3851 1520 3908; x_wconf 87' lang='lat' dir='ltr'>catecheseon</span> <span class='ocrx_word' id='word_1_292' title='bbox 1555 3854 1794 3925; x_wconf 75' lang='lat' dir='ltr'>epochaa</span> <span class='ocrx_word' id='word_1_293' title='bbox 1844 3856 2053 3927; x_wconf 82' lang='lat' dir='ltr'>praefe-</span> 
     </span>
    </p>
   </div>
   <div class='ocr_carea' id='block_1_43' title="bbox 404 3936 2052 4019">
    <p class='ocr_par' dir='ltr' id='par_1_43' title="bbox 404 3936 2052 4019">
     <span class='ocr_line' id='line_1_43' title="bbox 404 3936 2052 4019; baseline 0.005 -26"><span class='ocrx_word' id='word_1_294' title='bbox 404 3936 658 3995; x_wconf 90' lang='lat' dir='ltr'>rendum</span> <span class='ocrx_word' id='word_1_295' title='bbox 689 3939 1040 3997; x_wconf 83' lang='lat' dir='ltr'>existimavi.</span> <span class='ocrx_word' id='word_1_296' title='bbox 1090 3940 1364 3998; x_wconf 89' lang='lat' dir='ltr'>Liberum</span> <span class='ocrx_word' id='word_1_297' title='bbox 1418 3946 1608 3998; x_wconf 90' lang='lat' dir='ltr'>tamen</span> <span class='ocrx_word' id='word_1_298' title='bbox 1635 3943 2052 4019; x_wconf 89' lang='lat' dir='ltr'>relinquimus,</span> 
     </span>
    </p>
   </div>
   <div class='ocr_carea' id='block_1_44' title="bbox 402 4030 1263 4104">
    <p class='ocr_par' dir='ltr' id='par_1_44' title="bbox 402 4030 1263 4104">
     <span class='ocr_line' id='line_1_44' title="bbox 402 4030 1263 4104; baseline 0.003 -20"><span class='ocrx_word' id='word_1_299' title='bbox 402 4031 470 4084; x_wconf 87' lang='lat' dir='ltr'>ut</span> <span class='ocrx_word' id='word_1_300' title='bbox 494 4044 653 4085; x_wconf 89' lang='lat' dir='ltr'>anno</span> <span class='ocrx_word' id='word_1_301' title='bbox 685 4030 788 4085; x_wconf 87' lang='lat'>347</span> <span class='ocrx_word' id='word_1_302' title='bbox 819 4030 1263 4104; x_wconf 86' lang='lat' dir='ltr'>consignentur.</span> 
     </span>
    </p>
   </div>
   <div class='ocr_carea' id='block_1_45' title="bbox 476 4118 2052 4192">
    <p class='ocr_par' dir='ltr' id='par_1_45' title="bbox 476 4118 2052 4192">
     <span class='ocr_line' id='line_1_45' title="bbox 476 4118 2052 4192; baseline 0.006 -21"><span class='ocrx_word' id='word_1_303' title='bbox 476 4118 565 4174; x_wconf 76' lang='lat'><strong>32.</strong></span> <span class='ocrx_word' id='word_1_304' title='bbox 589 4119 654 4172; x_wconf 91' lang='lat' dir='ltr'>In</span> <span class='ocrx_word' id='word_1_305' title='bbox 675 4118 1138 4192; x_wconf 86' lang='lat' dir='ltr'>Quadragesima</span> <span class='ocrx_word' id='word_1_306' title='bbox 1166 4121 1354 4177; x_wconf 89' lang='lat' dir='ltr'>dictas</span> <span class='ocrx_word' id='word_1_307' title='bbox 1386 4138 1512 4178; x_wconf 91' lang='lat' dir='ltr'>esse</span> <span class='ocrx_word' id='word_1_308' title='bbox 1536 4121 1897 4191; x_wconf 89' lang='lat' dir='ltr'>catecheses,</span> <span class='ocrx_word' id='word_1_309' title='bbox 1923 4140 2052 4180; x_wconf 78' lang='lat' dir='ltr'>om-</span> 
     </span>
    </p>
   </div>
   <div class='ocr_carea' id='block_1_46' title="bbox 403 4207 2076 4282">
    <p class='ocr_par' dir='ltr' id='par_1_46' title="bbox 403 4207 2076 4282">
     <span class='ocr_line' id='line_1_46' title="bbox 403 4207 2076 4282; baseline 0.003 -19"><span class='ocrx_word' id='word_1_310' title='bbox 403 4222 510 4264; x_wconf 90' lang='lat' dir='ltr'>nes</span> <span class='ocrx_word' id='word_1_311' title='bbox 539 4224 691 4280; x_wconf 90' lang='lat' dir='ltr'>pene</span> <span class='ocrx_word' id='word_1_312' title='bbox 720 4207 950 4281; x_wconf 81' lang='lat' dir='ltr'>paginae</span> <span class='ocrx_word' id='word_1_313' title='bbox 982 4209 1260 4266; x_wconf 87' lang='lat' dir='ltr'>clamant.</span> <span class='ocrx_word' id='word_1_314' title='bbox 1294 4212 1645 4282; x_wconf 89' lang='lat' dir='ltr'>Quanquam</span> <span class='ocrx_word' id='word_1_315' title='bbox 1676 4215 1871 4266; x_wconf 88' lang='lat' dir='ltr'>autem</span> <span class='ocrx_word' id='word_1_316' title='bbox 1904 4208 2076 4268; x_wconf 83' lang='lat' dir='ltr'>sexti</span> 
     </span>
    </p>
   </div>
   <div class='ocr_carea' id='block_1_47' title="bbox 404 4296 2052 4373">
    <p class='ocr_par' dir='ltr' id='par_1_47' title="bbox 404 4296 2052 4373">
     <span class='ocr_line' id='line_1_47' title="bbox 404 4296 2052 4373; baseline 0.004 -21"><span class='ocrx_word' id='word_1_317' title='bbox 404 4296 607 4353; x_wconf 71' lang='lat' dir='ltr'>seaculi</span> <span class='ocrx_word' id='word_1_318' title='bbox 632 4297 824 4363; x_wconf 87' lang='lat' dir='ltr'>initio,</span> <span class='ocrx_word' id='word_1_319' title='bbox 845 4298 1581 4370; x_wconf 86' lang='lat' dir='ltr'>constaretHierosolymis</span> <span class='ocrx_word' id='word_1_320' title='bbox 1595 4298 2052 4373; x_wconf 89' lang='lat' dir='ltr'>Quadragesima</span> 
     </span>
    </p>
   </div>
   <div class='ocr_carea' id='block_1_48' title="bbox 403 4385 2049 4459">
    <p class='ocr_par' dir='ltr' id='par_1_48' title="bbox 403 4385 2049 4459">
     <span class='ocr_line' id='line_1_48' title="bbox 403 4385 2049 4459; baseline 0.002 -17"><span class='ocrx_word' id='word_1_321' title='bbox 403 4392 632 4458; x_wconf 84' lang='lat' dir='ltr'>septem</span> <span class='ocrx_word' id='word_1_322' title='bbox 641 4386 723 4459; x_wconf 91' lang='lat' dir='ltr'>jej</span> <span class='ocrx_word' id='word_1_323' title='bbox 734 4385 859 4442; x_wconf 92' lang='lat' dir='ltr'>unii</span> <span class='ocrx_word' id='word_1_324' title='bbox 884 4385 1375 4455; x_wconf 85' lang='lat' dir='ltr'>hebdomadibus,</span> <span class='ocrx_word' id='word_1_325' title='bbox 1396 4392 1463 4442; x_wconf 91' lang='lat' dir='ltr'>ut</span> <span class='ocrx_word' id='word_1_326' title='bbox 1483 4386 1663 4443; x_wconf 86' lang='lat' dir='ltr'>ﬁdem</span> <span class='ocrx_word' id='word_1_327' title='bbox 1680 4386 1823 4443; x_wconf 86' lang='lat' dir='ltr'>facit</span> <span class='ocrx_word' id='word_1_328' title='bbox 1843 4390 2049 4447; x_wconf 84' lang='lat' dir='ltr'>Petrus</span> 
     </span>
    </p>
   </div>
   <div class='ocr_carea' id='block_1_49' title="bbox 398 4474 2048 4549">
    <p class='ocr_par' dir='ltr' id='par_1_49' title="bbox 398 4474 2048 4549">
     <span class='ocr_line' id='line_1_49' title="bbox 398 4474 2048 4549; baseline 0.004 -19"><span class='ocrx_word' id='word_1_329' title='bbox 398 4474 580 4547; x_wconf 86' lang='lat' dir='ltr'>hujus</span> <span class='ocrx_word' id='word_1_330' title='bbox 598 4474 876 4532; x_wconf 74' lang='lat' dir='ltr'>Ecclesiae</span> <span class='ocrx_word' id='word_1_331' title='bbox 888 4476 1157 4543; x_wconf 87' lang='lat' dir='ltr'>antistes,</span> <span class='ocrx_word' id='word_1_332' title='bbox 1181 4475 1244 4531; x_wconf 90' lang='lat' dir='ltr'>in</span> <span class='ocrx_word' id='word_1_333' title='bbox 1255 4475 1583 4549; x_wconf 85' lang='lat' dir='ltr'>fragmento</span> <span class='ocrx_word' id='word_1_334' title='bbox 1605 4477 1676 4533; x_wconf 86' lang='lat' dir='ltr'>ab</span> <span class='ocrx_word' id='word_1_335' title='bbox 1689 4479 2048 4537; x_wconf 90' lang='lat' dir='ltr'>Damasceno</span> 
     </span>
    </p>
   </div>
   <div class='ocr_carea' id='block_1_50' title="bbox 2172 533 3835 610">
    <p class='ocr_par' dir='ltr' id='par_1_50' title="bbox 2172 533 3835 610">
     <span class='ocr_line' id='line_1_50' title="bbox 2172 533 3835 610; baseline 0.003 -19"><span class='ocrx_word' id='word_1_336' title='bbox 2172 534 2479 591; x_wconf 90' lang='lat' dir='ltr'>Dominica</span> <span class='ocrx_word' id='word_1_337' title='bbox 2508 533 2984 605; x_wconf 87' lang='lat' dir='ltr'>pronuntiatam;</span> <span class='ocrx_word' id='word_1_338' title='bbox 3014 534 3172 604; x_wconf 89' lang='lat' dir='ltr'>quod</span> <span class='ocrx_word' id='word_1_339' title='bbox 3217 535 3404 590; x_wconf 90' lang='lat' dir='ltr'>suasit</span> <span class='ocrx_word' id='word_1_340' title='bbox 3445 535 3549 593; x_wconf 91' lang='lat' dir='ltr'>illa</span> <span class='ocrx_word' id='word_1_341' title='bbox 3590 540 3835 610; x_wconf 88' lang='lat' dir='ltr'>species</span> 
     </span>
    </p>
   </div>
   <div class='ocr_carea' id='block_1_51' title="bbox 2172 624 3837 699">
    <p class='ocr_par' dir='ltr' id='par_1_51' title="bbox 2172 624 3837 699">
     <span class='ocr_line' id='line_1_51' title="bbox 2172 624 3837 699; baseline 0.003 -17"><span class='ocrx_word' id='word_1_342' title='bbox 2172 633 2356 683; x_wconf 64' lang='lat' dir='ltr'>coetus</span> <span class='ocrx_word' id='word_1_343' title='bbox 2388 624 3092 696; x_wconf 86' lang='lat' dir='ltr'>ecclesiasticidescripta</span> <span class='ocrx_word' id='word_1_344' title='bbox 3126 642 3292 681; x_wconf 90' lang='lat' dir='ltr'>num.</span> <span class='ocrx_word' id='word_1_345' title='bbox 3325 629 3380 697; x_wconf 89' lang='lat'><strong>4,</strong></span> <span class='ocrx_word' id='word_1_346' title='bbox 3413 645 3542 699; x_wconf 73' lang='lat' dir='ltr'>quae</span> <span class='ocrx_word' id='word_1_347' title='bbox 3574 632 3837 687; x_wconf 91' lang='lat' dir='ltr'>nonnisi</span> 
     </span>
    </p>
   </div>
   <div class='ocr_carea' id='block_1_52' title="bbox 2172 714 3840 789">
    <p class='ocr_par' dir='ltr' id='par_1_52' title="bbox 2172 714 3840 789">
     <span class='ocr_line' id='line_1_52' title="bbox 2172 714 3840 789; baseline 0.002 -18"><span class='ocrx_word' id='word_1_348' title='bbox 2172 716 2379 789; x_wconf 86' lang='lat' dir='ltr'>synaxi</span> <span class='ocrx_word' id='word_1_349' title='bbox 2411 714 2621 786; x_wconf 88' lang='lat' dir='ltr'>majori</span> <span class='ocrx_word' id='word_1_350' title='bbox 2647 715 2962 769; x_wconf 88' lang='lat' dir='ltr'>convenire</span> <span class='ocrx_word' id='word_1_351' title='bbox 2982 714 3266 770; x_wconf 88' lang='lat' dir='ltr'>videatur.</span> <span class='ocrx_word' id='word_1_352' title='bbox 3292 719 3508 773; x_wconf 74' lang='lat' dir='ltr'>Praeter</span> <span class='ocrx_word' id='word_1_353' title='bbox 3536 718 3699 776; x_wconf 90' lang='lat' dir='ltr'>hanc</span> <span class='ocrx_word' id='word_1_354' title='bbox 3732 737 3840 775; x_wconf 86' lang='lat' dir='ltr'>au-</span> 
     </span>
    </p>
   </div>
   <div class='ocr_carea' id='block_1_53' title="bbox 2171 803 3840 875">
    <p class='ocr_par' dir='ltr' id='par_1_53' title="bbox 2171 803 3840 875">
     <span class='ocr_line' id='line_1_53' title="bbox 2171 803 3840 875; baseline 0.002 -14"><span class='ocrx_word' id='word_1_355' title='bbox 2171 810 2311 875; x_wconf 91' lang='lat' dir='ltr'>tem,</span> <span class='ocrx_word' id='word_1_356' title='bbox 2335 804 2563 860; x_wconf 91' lang='lat' dir='ltr'>nullam</span> <span class='ocrx_word' id='word_1_357' title='bbox 2587 803 2894 859; x_wconf 89' lang='lat' dir='ltr'>Dominica</span> <span class='ocrx_word' id='word_1_358' title='bbox 2918 804 3013 858; x_wconf 91' lang='lat' dir='ltr'>die</span> <span class='ocrx_word' id='word_1_359' title='bbox 3034 803 3298 861; x_wconf 88' lang='lat' dir='ltr'>habitam</span> <span class='ocrx_word' id='word_1_360' title='bbox 3316 822 3657 863; x_wconf 89' lang='lat' dir='ltr'>censemus:</span> <span class='ocrx_word' id='word_1_361' title='bbox 3689 809 3840 865; x_wconf 91' lang='lat' dir='ltr'>nul-</span> 
     </span>
    </p>
   </div>
   <div class='ocr_carea' id='block_1_54' title="bbox 2170 893 3839 966">
    <p class='ocr_par' dir='ltr' id='par_1_54' title="bbox 2170 893 3839 966">
     <span class='ocr_line' id='line_1_54' title="bbox 2170 893 3839 966; baseline 0.004 -17"><span class='ocrx_word' id='word_1_362' title='bbox 2170 893 2295 949; x_wconf 87' lang='lat' dir='ltr'>lum</span> <span class='ocrx_word' id='word_1_363' title='bbox 2325 898 2483 948; x_wconf 90' lang='lat' dir='ltr'>certe</span> <span class='ocrx_word' id='word_1_364' title='bbox 2508 893 2687 964; x_wconf 91' lang='lat' dir='ltr'>hujus</span> <span class='ocrx_word' id='word_1_365' title='bbox 2717 893 2805 948; x_wconf 92' lang='lat' dir='ltr'>rei</span> <span class='ocrx_word' id='word_1_366' title='bbox 2834 896 3025 947; x_wconf 83' lang='lat' dir='ltr'>exstat</span> <span class='ocrx_word' id='word_1_367' title='bbox 3051 893 3384 966; x_wconf 83' lang='lat' dir='ltr'>vestigium.</span> <span class='ocrx_word' id='word_1_368' title='bbox 3418 897 3641 953; x_wconf 88' lang='lat' dir='ltr'>Contra</span> <span class='ocrx_word' id='word_1_369' title='bbox 3673 904 3839 955; x_wconf 89' lang='lat' dir='ltr'>cate-</span> 
     </span>
    </p>
   </div>
   <div class='ocr_carea' id='block_1_55' title="bbox 2170 981 3836 1059">
    <p class='ocr_par' dir='ltr' id='par_1_55' title="bbox 2170 981 3836 1059">
     <span class='ocr_line' id='line_1_55' title="bbox 2170 981 3836 1059; baseline 0.003 -20"><span class='ocrx_word' id='word_1_370' title='bbox 2170 984 2376 1039; x_wconf 91' lang='lat' dir='ltr'>cheses</span> <span class='ocrx_word' id='word_1_371' title='bbox 2410 982 2491 1037; x_wconf 89' lang='lat' dir='ltr'>ita</span> <span class='ocrx_word' id='word_1_372' title='bbox 2506 981 3382 1055; x_wconf 83' lang='lat' dir='ltr'>Cyrillusvideturdistinguere</span> <span class='ocrx_word' id='word_1_373' title='bbox 3417 1002 3451 1039; x_wconf 89' lang='lat' dir='ltr'>a</span> <span class='ocrx_word' id='word_1_374' title='bbox 3473 987 3836 1059; x_wconf 86' lang='lat' dir='ltr'>synaxibus,</span> 
     </span>
    </p>
   </div>
   <div class='ocr_carea' id='block_1_56' title="bbox 2168 1071 3836 1148">
    <p class='ocr_par' dir='ltr' id='par_1_56' title="bbox 2168 1071 3836 1148">
     <span class='ocr_line' id='line_1_56' title="bbox 2168 1071 3836 1148; baseline 0.004 -20"><span class='ocrx_word' id='word_1_375' title='bbox 2168 1077 2235 1128; x_wconf 88' lang='lat' dir='ltr'>ut</span> <span class='ocrx_word' id='word_1_376' title='bbox 2264 1072 2524 1128; x_wconf 90' lang='lat' dir='ltr'>diversas</span> <span class='ocrx_word' id='word_1_377' title='bbox 2544 1088 2785 1143; x_wconf 86' lang='lat' dir='ltr'>prorsus</span> <span class='ocrx_word' id='word_1_378' title='bbox 2817 1071 3102 1140; x_wconf 87' lang='lat' dir='ltr'>actiones;</span> <span class='ocrx_word' id='word_1_379' title='bbox 3127 1088 3194 1127; x_wconf 89' lang='lat' dir='ltr'>ac</span> <span class='ocrx_word' id='word_1_380' title='bbox 3217 1073 3480 1129; x_wconf 88' lang='lat' dir='ltr'>studium</span> <span class='ocrx_word' id='word_1_381' title='bbox 3513 1075 3836 1148; x_wconf 83' lang='lat' dir='ltr'>baptizan—</span> 
     </span>
    </p>
   </div>
   <div class='ocr_carea' id='block_1_57' title="bbox 2170 1163 3840 1234">
    <p class='ocr_par' dir='ltr' id='par_1_57' title="bbox 2170 1163 3840 1234">
     <span class='ocr_line' id='line_1_57' title="bbox 2170 1163 3840 1234; baseline 0.003 -16"><span class='ocrx_word' id='word_1_382' title='bbox 2170 1163 2260 1218; x_wconf 92' lang='lat' dir='ltr'>dis</span> <span class='ocrx_word' id='word_1_383' title='bbox 2289 1168 2677 1232; x_wconf 90' lang='lat' dir='ltr'>utrarumque</span> <span class='ocrx_word' id='word_1_384' title='bbox 2706 1178 2906 1216; x_wconf 88' lang='lat' dir='ltr'>rerum</span> <span class='ocrx_word' id='word_1_385' title='bbox 2936 1163 3333 1231; x_wconf 89' lang='lat' dir='ltr'>commendat,</span> <span class='ocrx_word' id='word_1_386' title='bbox 3373 1169 3482 1219; x_wconf 91' lang='lat' dir='ltr'>cat.</span> <span class='ocrx_word' id='word_1_387' title='bbox 3522 1169 3571 1234; x_wconf 83' lang='lat' dir='ltr'>l,</span> <span class='ocrx_word' id='word_1_388' title='bbox 3607 1183 3671 1221; x_wconf 93' lang='lat' dir='ltr'>n.</span> <span class='ocrx_word' id='word_1_389' title='bbox 3708 1171 3740 1221; x_wconf 79' lang='lat'>5</span> <span class='ocrx_word' id='word_1_390' title='bbox 3775 1173 3840 1223; x_wconf 92' lang='lat' dir='ltr'>et</span> 
     </span>
    </p>
   </div>
   <div class='ocr_carea' id='block_1_58' title="bbox 2169 1250 3841 1324">
    <p class='ocr_par' dir='ltr' id='par_1_58' title="bbox 2169 1250 3841 1324">
     <span class='ocr_line' id='line_1_58' title="bbox 2169 1250 3841 1324; baseline 0.002 -16"><span class='ocrx_word' id='word_1_391' title='bbox 2169 1256 2222 1322; x_wconf 87' lang='lat'>6,</span> <span class='ocrx_word' id='word_1_392' title='bbox 2256 1257 2315 1307; x_wconf 88' lang='lat' dir='ltr'>et</span> <span class='ocrx_word' id='word_1_393' title='bbox 2341 1256 2564 1323; x_wconf 90' lang='lat' dir='ltr'>procat.</span> <span class='ocrx_word' id='word_1_394' title='bbox 2597 1250 2899 1307; x_wconf 91' lang='lat' dir='ltr'>Catechesi</span> <span class='ocrx_word' id='word_1_395' title='bbox 2934 1250 3165 1307; x_wconf 89' lang='lat' dir='ltr'>decima</span> <span class='ocrx_word' id='word_1_396' title='bbox 3194 1258 3405 1323; x_wconf 88' lang='lat' dir='ltr'>quarta</span> <span class='ocrx_word' id='word_1_397' title='bbox 3434 1271 3603 1309; x_wconf 90' lang='lat' dir='ltr'>num.</span> <span class='ocrx_word' id='word_1_398' title='bbox 3638 1258 3841 1324; x_wconf 84' lang='lat' dir='ltr'>24,ait</span> 
     </span>
    </p>
   </div>
   <div class='ocr_carea' id='block_1_59' title="bbox 2170 1339 3837 1415">
    <p class='ocr_par' dir='ltr' id='par_1_59' title="bbox 2170 1339 3837 1415">
     <span class='ocr_line' id='line_1_59' title="bbox 2170 1339 3837 1415; baseline 0.002 -15"><span class='ocrx_word' id='word_1_399' title='bbox 2170 1359 2232 1400; x_wconf 91' lang='lat' dir='ltr'>se</span> <span class='ocrx_word' id='word_1_400' title='bbox 2260 1341 2320 1396; x_wconf 94' lang='lat' dir='ltr'>in</span> <span class='ocrx_word' id='word_1_401' title='bbox 2350 1339 2598 1397; x_wconf 90' lang='lat' dir='ltr'>homilia</span> <span class='ocrx_word' id='word_1_402' title='bbox 2625 1340 2947 1395; x_wconf 75' lang='lat' dir='ltr'>Dominicae</span> <span class='ocrx_word' id='word_1_403' title='bbox 2980 1340 3118 1408; x_wconf 88' lang='lat' dir='ltr'>diei,</span> <span class='ocrx_word' id='word_1_404' title='bbox 3151 1358 3285 1397; x_wconf 91' lang='lat' dir='ltr'>cum</span> <span class='ocrx_word' id='word_1_405' title='bbox 3318 1350 3561 1415; x_wconf 83' lang='lat' dir='ltr'>propter</span> <span class='ocrx_word' id='word_1_406' title='bbox 3613 1362 3837 1405; x_wconf 91' lang='lat' dir='ltr'>omnes</span> 
     </span>
    </p>
   </div>
   <div class='ocr_carea' id='block_1_60' title="bbox 2170 1429 3838 1506">
    <p class='ocr_par' dir='ltr' id='par_1_60' title="bbox 2170 1429 3838 1506">
     <span class='ocr_line' id='line_1_60' title="bbox 2170 1429 3838 1506; baseline 0.002 -19"><span class='ocrx_word' id='word_1_407' title='bbox 2170 1432 2413 1500; x_wconf 89' lang='lat' dir='ltr'>diceret,</span> <span class='ocrx_word' id='word_1_408' title='bbox 2449 1430 2765 1502; x_wconf 88' lang='lat' dir='ltr'>specialius</span> <span class='ocrx_word' id='word_1_409' title='bbox 2787 1433 2985 1484; x_wconf 83' lang='lat' dir='ltr'>tamen</span> <span class='ocrx_word' id='word_1_410' title='bbox 3013 1429 3085 1484; x_wconf 88' lang='lat' dir='ltr'>ad</span> <span class='ocrx_word' id='word_1_411' title='bbox 3108 1429 3597 1502; x_wconf 85' lang='lat' dir='ltr'>baptizandorum</span> <span class='ocrx_word' id='word_1_412' title='bbox 3624 1437 3838 1506; x_wconf 82' lang='lat' dir='ltr'>profe-</span> 
     </span>
    </p>
   </div>
   <div class='ocr_carea' id='block_1_61' title="bbox 2171 1518 3836 1587">
    <p class='ocr_par' dir='ltr' id='par_1_61' title="bbox 2171 1518 3836 1587">
     <span class='ocr_line' id='line_1_61' title="bbox 2171 1518 3836 1587; baseline 0.003 -11"><span class='ocrx_word' id='word_1_413' title='bbox 2171 1525 2330 1576; x_wconf 91' lang='lat' dir='ltr'>ctum</span> <span class='ocrx_word' id='word_1_414' title='bbox 2362 1524 2421 1573; x_wconf 94' lang='lat' dir='ltr'>et</span> <span class='ocrx_word' id='word_1_415' title='bbox 2449 1518 2930 1587; x_wconf 88' lang='lat' dir='ltr'>instructionem,</span> <span class='ocrx_word' id='word_1_416' title='bbox 2963 1520 3296 1575; x_wconf 90' lang='lat' dir='ltr'>orationem</span> <span class='ocrx_word' id='word_1_417' title='bbox 3329 1538 3498 1577; x_wconf 89' lang='lat' dir='ltr'>suam</span> <span class='ocrx_word' id='word_1_418' title='bbox 3542 1539 3836 1582; x_wconf 89' lang='lat' dir='ltr'>accomo-</span> 
     </span>
    </p>
   </div>
   <div class='ocr_carea' id='block_1_62' title="bbox 2170 1606 3844 1677">
    <p class='ocr_par' dir='ltr' id='par_1_62' title="bbox 2170 1606 3844 1677">
     <span class='ocr_line' id='line_1_62' title="bbox 2170 1606 3844 1677; baseline 0.002 -12"><span class='ocrx_word' id='word_1_419' title='bbox 2170 1609 2419 1665; x_wconf 90' lang='lat' dir='ltr'>davisse.</span> <span class='ocrx_word' id='word_1_420' title='bbox 2443 1606 2608 1675; x_wconf 88' lang='lat' dir='ltr'>Quod</span> <span class='ocrx_word' id='word_1_421' title='bbox 2631 1607 2701 1663; x_wconf 93' lang='lat' dir='ltr'>de</span> <span class='ocrx_word' id='word_1_422' title='bbox 2732 1608 2843 1662; x_wconf 91' lang='lat' dir='ltr'>hac</span> <span class='ocrx_word' id='word_1_423' title='bbox 2866 1608 3357 1677; x_wconf 91' lang='lat' dir='ltr'>Dominica,idem</span> <span class='ocrx_word' id='word_1_424' title='bbox 3382 1610 3454 1665; x_wconf 92' lang='lat' dir='ltr'>de</span> <span class='ocrx_word' id='word_1_425' title='bbox 3484 1615 3733 1669; x_wconf 71' lang='lat' dir='ltr'>cmteris</span> <span class='ocrx_word' id='word_1_426' title='bbox 3756 1615 3844 1671; x_wconf 91' lang='lat' dir='ltr'>di-</span> 
     </span>
    </p>
   </div>
   <div class='ocr_carea' id='block_1_63' title="bbox 2171 1697 3838 1772">
    <p class='ocr_par' dir='ltr' id='par_1_63' title="bbox 2171 1697 3838 1772">
     <span class='ocr_line' id='line_1_63' title="bbox 2171 1697 3838 1772; baseline 0.004 -18"><span class='ocrx_word' id='word_1_427' title='bbox 2171 1698 2426 1755; x_wconf 90' lang='lat' dir='ltr'>cendum</span> <span class='ocrx_word' id='word_1_428' title='bbox 2456 1714 2611 1765; x_wconf 90' lang='lat' dir='ltr'>reor;</span> <span class='ocrx_word' id='word_1_429' title='bbox 2636 1697 2697 1751; x_wconf 91' lang='lat' dir='ltr'>in</span> <span class='ocrx_word' id='word_1_430' title='bbox 2729 1697 2943 1767; x_wconf 88' lang='lat' dir='ltr'>quibus</span> <span class='ocrx_word' id='word_1_431' title='bbox 2975 1714 3097 1752; x_wconf 90' lang='lat' dir='ltr'>non</span> <span class='ocrx_word' id='word_1_432' title='bbox 3123 1698 3295 1753; x_wconf 86' lang='lat' dir='ltr'>aliter</span> <span class='ocrx_word' id='word_1_433' title='bbox 3324 1717 3428 1770; x_wconf 89' lang='lat' dir='ltr'>pro</span> <span class='ocrx_word' id='word_1_434' title='bbox 3452 1700 3838 1772; x_wconf 88' lang='lat' dir='ltr'>baptizandis</span> 
     </span>
    </p>
   </div>
   <div class='ocr_carea' id='block_1_64' title="bbox 2169 1787 3836 1862">
    <p class='ocr_par' dir='ltr' id='par_1_64' title="bbox 2169 1787 3836 1862">
     <span class='ocr_line' id='line_1_64' title="bbox 2169 1787 3836 1862; baseline 0.003 -18"><span class='ocrx_word' id='word_1_435' title='bbox 2169 1788 2411 1857; x_wconf 89' lang='lat' dir='ltr'>diceret,</span> <span class='ocrx_word' id='word_1_436' title='bbox 2446 1804 2624 1859; x_wconf 90' lang='lat' dir='ltr'>quam</span> <span class='ocrx_word' id='word_1_437' title='bbox 2656 1787 2910 1842; x_wconf 89' lang='lat' dir='ltr'>orationi</span> <span class='ocrx_word' id='word_1_438' title='bbox 2937 1802 3007 1843; x_wconf 90' lang='lat' dir='ltr'>ea</span> <span class='ocrx_word' id='word_1_439' title='bbox 3030 1787 3515 1859; x_wconf 88' lang='lat' dir='ltr'>intermiscendo,</span> <span class='ocrx_word' id='word_1_440' title='bbox 3542 1808 3683 1862; x_wconf 66' lang='lat' dir='ltr'>qua:</span> <span class='ocrx_word' id='word_1_441' title='bbox 3710 1793 3836 1850; x_wconf 90' lang='lat' dir='ltr'>illis</span> 
     </span>
    </p>
   </div>
   <div class='ocr_carea' id='block_1_65' title="bbox 2169 1876 3838 1948">
    <p class='ocr_par' dir='ltr' id='par_1_65' title="bbox 2169 1876 3838 1948">
     <span class='ocr_line' id='line_1_65' title="bbox 2169 1876 3838 1948; baseline 0.004 -15"><span class='ocrx_word' id='word_1_442' title='bbox 2169 1878 2340 1933; x_wconf 90' lang='lat' dir='ltr'>utilia</span> <span class='ocrx_word' id='word_1_443' title='bbox 2367 1877 2493 1932; x_wconf 83' lang='lat' dir='ltr'>fore</span> <span class='ocrx_word' id='word_1_444' title='bbox 2524 1876 2943 1948; x_wconf 90' lang='lat' dir='ltr'>prospiciebat.</span> <span class='ocrx_word' id='word_1_445' title='bbox 3004 1876 3222 1932; x_wconf 89' lang='lat' dir='ltr'>Eadem</span> <span class='ocrx_word' id='word_1_446' title='bbox 3271 1876 3344 1932; x_wconf 92' lang='lat' dir='ltr'>de</span> <span class='ocrx_word' id='word_1_447' title='bbox 3389 1896 3572 1936; x_wconf 89' lang='lat' dir='ltr'>causa</span> <span class='ocrx_word' id='word_1_448' title='bbox 3597 1882 3838 1939; x_wconf 89' lang='lat' dir='ltr'>nullam</span> 
     </span>
    </p>
   </div>
   <div class='ocr_carea' id='block_1_66' title="bbox 2171 1964 3839 2040">
    <p class='ocr_par' dir='ltr' id='par_1_66' title="bbox 2171 1964 3839 2040">
     <span class='ocr_line' id='line_1_66' title="bbox 2171 1964 3839 2040; baseline 0.004 -18"><span class='ocrx_word' id='word_1_449' title='bbox 2171 1984 2405 2039; x_wconf 91' lang='lat' dir='ltr'>quoque</span> <span class='ocrx_word' id='word_1_450' title='bbox 2436 1965 2709 2021; x_wconf 91' lang='lat' dir='ltr'>Sabbatis</span> <span class='ocrx_word' id='word_1_451' title='bbox 2742 1964 2963 2021; x_wconf 88' lang='lat' dir='ltr'>dictam</span> <span class='ocrx_word' id='word_1_452' title='bbox 2991 1967 3348 2023; x_wconf 88' lang='lat' dir='ltr'>catechesim</span> <span class='ocrx_word' id='word_1_453' title='bbox 3374 1974 3541 2040; x_wconf 88' lang='lat' dir='ltr'>puto,</span> <span class='ocrx_word' id='word_1_454' title='bbox 3577 1987 3720 2027; x_wconf 89' lang='lat' dir='ltr'>cum</span> <span class='ocrx_word' id='word_1_455' title='bbox 3744 1972 3839 2029; x_wconf 89' lang='lat' dir='ltr'>his</span> 
     </span>
    </p>
   </div>
   <div class='ocr_carea' id='block_1_67' title="bbox 2170 2054 3840 2131">
    <p class='ocr_par' dir='ltr' id='par_1_67' title="bbox 2170 2054 3840 2131">
     <span class='ocr_line' id='line_1_67' title="bbox 2170 2054 3840 2131; baseline 0.004 -20"><span class='ocrx_word' id='word_1_456' title='bbox 2170 2056 2378 2113; x_wconf 88' lang='lat' dir='ltr'>diebus</span> <span class='ocrx_word' id='word_1_457' title='bbox 2402 2055 2703 2128; x_wconf 87' lang='lat' dir='ltr'>jejunium</span> <span class='ocrx_word' id='word_1_458' title='bbox 2737 2054 3081 2123; x_wconf 87' lang='lat' dir='ltr'>solveretur,</span> <span class='ocrx_word' id='word_1_459' title='bbox 3114 2055 3642 2131; x_wconf 88' lang='lat' dir='ltr'>celebrareturque</span> <span class='ocrx_word' id='word_1_460' title='bbox 3667 2061 3840 2118; x_wconf 88' lang='lat' dir='ltr'>litur-</span> 
     </span>
    </p>
   </div>
   <div class='ocr_carea' id='block_1_68' title="bbox 2167 2143 3836 2219">
    <p class='ocr_par' dir='ltr' id='par_1_68' title="bbox 2167 2143 3836 2219">
     <span class='ocr_line' id='line_1_68' title="bbox 2167 2143 3836 2219; baseline 0.004 -18"><span class='ocrx_word' id='word_1_461' title='bbox 2167 2147 2281 2216; x_wconf 71' lang='lat' dir='ltr'>gia.</span> <span class='ocrx_word' id='word_1_462' title='bbox 2315 2145 2651 2201; x_wconf 86' lang='lat' dir='ltr'>Catechesis</span> <span class='ocrx_word' id='word_1_463' title='bbox 2684 2147 2748 2198; x_wconf 86' lang='grc'>18</span> <span class='ocrx_word' id='word_1_464' title='bbox 2781 2143 3030 2200; x_wconf 89' lang='lat' dir='ltr'>Sabbato</span> <span class='ocrx_word' id='word_1_465' title='bbox 3058 2153 3260 2201; x_wconf 86' lang='lat' dir='ltr'>sancto</span> <span class='ocrx_word' id='word_1_466' title='bbox 3300 2147 3504 2203; x_wconf 88' lang='lat' dir='ltr'>habita</span> <span class='ocrx_word' id='word_1_467' title='bbox 3555 2155 3670 2219; x_wconf 89' lang='lat' dir='ltr'>est,</span> <span class='ocrx_word' id='word_1_468' title='bbox 3727 2150 3836 2207; x_wconf 90' lang='lat' dir='ltr'>sed</span> 
     </span>
    </p>
   </div>
   <div class='ocr_carea' id='block_1_69' title="bbox 2170 2234 3836 2309">
    <p class='ocr_par' dir='ltr' id='par_1_69' title="bbox 2170 2234 3836 2309">
     <span class='ocr_line' id='line_1_69' title="bbox 2170 2234 3836 2309; baseline 0.003 -18"><span class='ocrx_word' id='word_1_469' title='bbox 2170 2252 2356 2291; x_wconf 89' lang='lat' dir='ltr'>unum</span> <span class='ocrx_word' id='word_1_470' title='bbox 2387 2234 2534 2290; x_wconf 91' lang='lat' dir='ltr'>illud</span> <span class='ocrx_word' id='word_1_471' title='bbox 2568 2239 2689 2289; x_wconf 88' lang='lat' dir='ltr'>toto</span> <span class='ocrx_word' id='word_1_472' title='bbox 2721 2251 2877 2289; x_wconf 87' lang='lat' dir='ltr'>anno</span> <span class='ocrx_word' id='word_1_473' title='bbox 2907 2234 3226 2290; x_wconf 88' lang='lat' dir='ltr'>Sabbatum</span> <span class='ocrx_word' id='word_1_474' title='bbox 3251 2237 3687 2309; x_wconf 90' lang='lat' dir='ltr'>jejunabatur;</span> <span class='ocrx_word' id='word_1_475' title='bbox 3721 2257 3836 2297; x_wconf 90' lang='lat' dir='ltr'>nec</span> 
     </span>
    </p>
   </div>
   <div class='ocr_carea' id='block_1_70' title="bbox 2168 2323 3834 2397">
    <p class='ocr_par' dir='ltr' id='par_1_70' title="bbox 2168 2323 3834 2397">
     <span class='ocr_line' id='line_1_70' title="bbox 2168 2323 3834 2397; baseline 0.004 -18"><span class='ocrx_word' id='word_1_476' title='bbox 2168 2325 2292 2380; x_wconf 91' lang='lat' dir='ltr'>ulla</span> <span class='ocrx_word' id='word_1_477' title='bbox 2315 2329 2400 2381; x_wconf 81' lang='lat' dir='ltr'>est</span> <span class='ocrx_word' id='word_1_478' title='bbox 2425 2325 2486 2379; x_wconf 92' lang='lat' dir='ltr'>in</span> <span class='ocrx_word' id='word_1_479' title='bbox 2504 2323 2734 2378; x_wconf 71' lang='lat' dir='ltr'>caeteris</span> <span class='ocrx_word' id='word_1_480' title='bbox 2756 2324 3669 2397; x_wconf 87' lang='lat' dir='ltr'>catechesibusnota,quaullam</span> <span class='ocrx_word' id='word_1_481' title='bbox 3689 2330 3834 2385; x_wconf 85' lang='lat' dir='ltr'>Sab-</span> 
     </span>
    </p>
   </div>
   <div class='ocr_carea' id='block_1_71' title="bbox 2171 2415 3834 2491">
    <p class='ocr_par' dir='ltr' id='par_1_71' title="bbox 2171 2415 3834 2491">
     <span class='ocr_line' id='line_1_71' title="bbox 2171 2415 3834 2491; baseline 0.002 -17"><span class='ocrx_word' id='word_1_482' title='bbox 2171 2418 2305 2474; x_wconf 90' lang='lat' dir='ltr'>bato</span> <span class='ocrx_word' id='word_1_483' title='bbox 2336 2417 2781 2490; x_wconf 91' lang='lat' dir='ltr'>pronuntiatam</span> <span class='ocrx_word' id='word_1_484' title='bbox 2831 2415 3028 2488; x_wconf 91' lang='lat' dir='ltr'>colligi</span> <span class='ocrx_word' id='word_1_485' title='bbox 3062 2417 3268 2487; x_wconf 90' lang='lat' dir='ltr'>possit.</span> <span class='ocrx_word' id='word_1_486' title='bbox 3316 2418 3675 2477; x_wconf 87' lang='lat' dir='ltr'>Catecheses</span> <span class='ocrx_word' id='word_1_487' title='bbox 3706 2423 3834 2491; x_wconf 82' lang='lat' dir='ltr'>pri-</span> 
     </span>
    </p>
   </div>
   <div class='ocr_carea' id='block_1_72' title="bbox 2170 2508 3826 2581">
    <p class='ocr_par' dir='ltr' id='par_1_72' title="bbox 2170 2508 3826 2581">
     <span class='ocr_line' id='line_1_72' title="bbox 2170 2508 3826 2581; baseline 0.002 -16"><span class='ocrx_word' id='word_1_488' title='bbox 2170 2526 2351 2578; x_wconf 90' lang='lat' dir='ltr'>mam,</span> <span class='ocrx_word' id='word_1_489' title='bbox 2383 2508 2727 2573; x_wconf 89' lang='lat' dir='ltr'>secundam,</span> <span class='ocrx_word' id='word_1_490' title='bbox 2751 2508 3002 2574; x_wconf 91' lang='lat' dir='ltr'>tertism,</span> <span class='ocrx_word' id='word_1_491' title='bbox 3035 2512 3095 2562; x_wconf 91' lang='lat' dir='ltr'>et</span> <span class='ocrx_word' id='word_1_492' title='bbox 3115 2514 3383 2579; x_wconf 89' lang='lat' dir='ltr'>quartam</span> <span class='ocrx_word' id='word_1_493' title='bbox 3407 2508 3469 2565; x_wconf 92' lang='lat' dir='ltr'>in</span> <span class='ocrx_word' id='word_1_494' title='bbox 3491 2511 3699 2581; x_wconf 90' lang='lat' dir='ltr'>priore</span> <span class='ocrx_word' id='word_1_495' title='bbox 3721 2514 3826 2569; x_wconf 88' lang='lat' dir='ltr'>he-</span> 
     </span>
    </p>
   </div>
   <div class='ocr_carea' id='block_1_73' title="bbox 2170 2598 3827 2671">
    <p class='ocr_par' dir='ltr' id='par_1_73' title="bbox 2170 2598 3827 2671">
     <span class='ocr_line' id='line_1_73' title="bbox 2170 2598 3827 2671; baseline 0.001 -16"><span class='ocrx_word' id='word_1_496' title='bbox 2170 2599 2780 2671; x_wconf 87' lang='lat' dir='ltr'>bdomadaponimus,</span> <span class='ocrx_word' id='word_1_497' title='bbox 2815 2598 3098 2669; x_wconf 90' lang='lat' dir='ltr'>quoniam</span> <span class='ocrx_word' id='word_1_498' title='bbox 3130 2598 3190 2652; x_wconf 92' lang='lat' dir='ltr'>in</span> <span class='ocrx_word' id='word_1_499' title='bbox 3225 2604 3436 2669; x_wconf 88' lang='lat' dir='ltr'>quarta</span> <span class='ocrx_word' id='word_1_500' title='bbox 3455 2617 3631 2657; x_wconf 89' lang='lat' dir='ltr'>num.</span> <span class='ocrx_word' id='word_1_501' title='bbox 3657 2605 3711 2670; x_wconf 88' lang='lat'><strong>3,</strong></span> <span class='ocrx_word' id='word_1_502' title='bbox 3731 2603 3827 2657; x_wconf 92' lang='lat' dir='ltr'>in-</span> 
     </span>
    </p>
   </div>
   <div class='ocr_carea' id='block_1_74' title="bbox 2168 2687 3831 2759">
    <p class='ocr_par' dir='ltr' id='par_1_74' title="bbox 2168 2687 3831 2759">
     <span class='ocr_line' id='line_1_74' title="bbox 2168 2687 3831 2759; baseline -0.001 -13"><span class='ocrx_word' id='word_1_503' title='bbox 2168 2695 2259 2746; x_wconf 90' lang='lat' dir='ltr'>ter</span> <span class='ocrx_word' id='word_1_504' title='bbox 2278 2691 2431 2745; x_wconf 90' lang='lat' dir='ltr'>hanc</span> <span class='ocrx_word' id='word_1_505' title='bbox 2453 2689 2809 2745; x_wconf 90' lang='lat' dir='ltr'>catechesim</span> <span class='ocrx_word' id='word_1_506' title='bbox 2829 2687 3260 2759; x_wconf 89' lang='lat' dir='ltr'>etbaptismum</span> <span class='ocrx_word' id='word_1_507' title='bbox 3278 2688 3831 2759; x_wconf 80' lang='lat' dir='ltr'>auditorum,inter-</span> 
     </span>
    </p>
   </div>
   <div class='ocr_carea' id='block_1_75' title="bbox 2165 2776 3827 2848">
    <p class='ocr_par' dir='ltr' id='par_1_75' title="bbox 2165 2776 3827 2848">
     <span class='ocr_line' id='line_1_75' title="bbox 2165 2776 3827 2848; baseline 0.001 -12"><span class='ocrx_word' id='word_1_508' title='bbox 2165 2795 2464 2844; x_wconf 79' lang='lat' dir='ltr'>cessurum,</span> <span class='ocrx_word' id='word_1_509' title='bbox 2519 2778 2621 2846; x_wconf 89' lang='lat' dir='ltr'>ait,</span> <span class='ocrx_word' id='word_1_510' title='bbox 2681 2776 2852 2833; x_wconf 79' lang='lat' dir='ltr'>totius</span> <span class='ocrx_word' id='word_1_511' title='bbox 2904 2776 3354 2848; x_wconf 64' lang='lat' dir='ltr'>Quadragesima?</span> <span class='ocrx_word' id='word_1_512' title='bbox 3421 2778 3827 2837; x_wconf 81' lang='lat' dir='ltr'>intervallum.</span> 
     </span>
    </p>
   </div>
   <div class='ocr_carea' id='block_1_76' title="bbox 2167 2865 3829 2935">
    <p class='ocr_par' dir='ltr' id='par_1_76' title="bbox 2167 2865 3829 2935">
     <span class='ocr_line' id='line_1_76' title="bbox 2167 2865 3829 2935; baseline 0.001 -11"><span class='ocrx_word' id='word_1_513' title='bbox 2167 2870 2384 2935; x_wconf 88' lang='lat' dir='ltr'>Quinta</span> <span class='ocrx_word' id='word_1_514' title='bbox 2419 2867 2593 2922; x_wconf 89' lang='lat' dir='ltr'>etiam</span> <span class='ocrx_word' id='word_1_515' title='bbox 2628 2866 2954 2921; x_wconf 89' lang='lat' dir='ltr'>catechesis</span> <span class='ocrx_word' id='word_1_516' title='bbox 2982 2866 3043 2920; x_wconf 90' lang='lat' dir='ltr'>in</span> <span class='ocrx_word' id='word_1_517' title='bbox 3067 2865 3274 2921; x_wconf 88' lang='lat' dir='ltr'>eadem</span> <span class='ocrx_word' id='word_1_518' title='bbox 3306 2866 3688 2925; x_wconf 88' lang='lat' dir='ltr'>hebdomada</span> <span class='ocrx_word' id='word_1_519' title='bbox 3708 2870 3829 2927; x_wconf 84' lang='lat' dir='ltr'>for-</span> 
     </span>
    </p>
   </div>
   <div class='ocr_carea' id='block_1_77' title="bbox 2168 2955 3828 3032">
    <p class='ocr_par' dir='ltr' id='par_1_77' title="bbox 2168 2955 3828 3032">
     <span class='ocr_line' id='line_1_77' title="bbox 2168 2955 3828 3032; baseline 0.001 -17"><span class='ocrx_word' id='word_1_520' title='bbox 2168 2960 2342 3015; x_wconf 89' lang='lat' dir='ltr'>tassis</span> <span class='ocrx_word' id='word_1_521' title='bbox 2374 2955 2954 3029; x_wconf 88' lang='lat' dir='ltr'>comprehendenda.</span> <span class='ocrx_word' id='word_1_522' title='bbox 2989 2955 3336 3012; x_wconf 89' lang='lat' dir='ltr'>Catecheses</span> <span class='ocrx_word' id='word_1_523' title='bbox 3369 2962 3828 3032; x_wconf 87' lang='lat' dir='ltr'>sexta,septima</span> 
     </span>
    </p>
   </div>
   <div class='ocr_carea' id='block_1_78' title="bbox 2169 3044 3829 3117">
    <p class='ocr_par' dir='ltr' id='par_1_78' title="bbox 2169 3044 3829 3117">
     <span class='ocr_line' id='line_1_78' title="bbox 2169 3044 3829 3117; baseline 0 -13"><span class='ocrx_word' id='word_1_524' title='bbox 2169 3053 2226 3103; x_wconf 90' lang='lat' dir='ltr'>et</span> <span class='ocrx_word' id='word_1_525' title='bbox 2256 3053 2477 3115; x_wconf 89' lang='lat' dir='ltr'>octava,</span> <span class='ocrx_word' id='word_1_526' title='bbox 2512 3044 3017 3116; x_wconf 90' lang='lat' dir='ltr'>consequentibus</span> <span class='ocrx_word' id='word_1_527' title='bbox 3050 3045 3258 3100; x_wconf 86' lang='lat' dir='ltr'>diebus</span> <span class='ocrx_word' id='word_1_528' title='bbox 3288 3048 3735 3117; x_wconf 63' lang='lat' dir='ltr'>pronuntiata;</span> <span class='ocrx_word' id='word_1_529' title='bbox 3771 3054 3829 3105; x_wconf 95' lang='lat' dir='ltr'>et</span> 
     </span>
    </p>
   </div>
   <div class='ocr_carea' id='block_1_79' title="bbox 2168 3134 3824 3210">
    <p class='ocr_par' dir='ltr' id='par_1_79' title="bbox 2168 3134 3824 3210">
     <span class='ocr_line' id='line_1_79' title="bbox 2168 3134 3824 3210; baseline 0.001 -16"><span class='ocrx_word' id='word_1_530' title='bbox 2168 3141 2601 3209; x_wconf 88' lang='lat' dir='ltr'>consequenter</span> <span class='ocrx_word' id='word_1_531' title='bbox 2631 3134 2932 3201; x_wconf 64' lang='lat' dir='ltr'>secundae,</span> <span class='ocrx_word' id='word_1_532' title='bbox 2964 3134 3054 3189; x_wconf 91' lang='lat' dir='ltr'>vel</span> <span class='ocrx_word' id='word_1_533' title='bbox 3100 3135 3290 3190; x_wconf 64' lang='lat' dir='ltr'>tertias</span> <span class='ocrx_word' id='word_1_534' title='bbox 3339 3136 3824 3210; x_wconf 63' lang='lat' dir='ltr'>Quadragesima:</span> 
     </span>
    </p>
   </div>
   <div class='ocr_carea' id='block_1_80' title="bbox 2165 3223 3827 3296">
    <p class='ocr_par' dir='ltr' id='par_1_80' title="bbox 2165 3223 3827 3296">
     <span class='ocr_line' id='line_1_80' title="bbox 2165 3223 3827 3296; baseline 0.001 -14"><span class='ocrx_word' id='word_1_535' title='bbox 2165 3224 2523 3282; x_wconf 89' lang='lat' dir='ltr'>hebdomadi</span> <span class='ocrx_word' id='word_1_536' title='bbox 2553 3223 2944 3296; x_wconf 71' lang='lat' dir='ltr'>assignandaa.</span> <span class='ocrx_word' id='word_1_537' title='bbox 2998 3226 3205 3278; x_wconf 87' lang='lat' dir='ltr'>Notam</span> <span class='ocrx_word' id='word_1_538' title='bbox 3257 3225 3490 3280; x_wconf 90' lang='lat' dir='ltr'>nullam</span> <span class='ocrx_word' id='word_1_539' title='bbox 3527 3227 3827 3283; x_wconf 91' lang='lat' dir='ltr'>habemus</span> 
     </span>
    </p>
   </div>
   <div class='ocr_carea' id='block_1_81' title="bbox 2171 3313 3829 3386">
    <p class='ocr_par' dir='ltr' id='par_1_81' title="bbox 2171 3313 3829 3386">
     <span class='ocr_line' id='line_1_81' title="bbox 2171 3313 3829 3386; baseline 0 -15"><span class='ocrx_word' id='word_1_540' title='bbox 2171 3316 2310 3385; x_wconf 90' lang='lat' dir='ltr'>diei,</span> <span class='ocrx_word' id='word_1_541' title='bbox 2344 3315 2443 3386; x_wconf 91' lang='lat' dir='ltr'>qui</span> <span class='ocrx_word' id='word_1_542' title='bbox 2463 3313 2757 3369; x_wconf 87' lang='lat' dir='ltr'>catechesi</span> <span class='ocrx_word' id='word_1_543' title='bbox 2789 3330 2962 3368; x_wconf 74' lang='lat' dir='ltr'>nonae</span> <span class='ocrx_word' id='word_1_544' title='bbox 2994 3313 3407 3374; x_wconf 85' lang='lat' dir='ltr'>attribuendus</span> <span class='ocrx_word' id='word_1_545' title='bbox 3440 3316 3541 3371; x_wconf 90' lang='lat' dir='ltr'>sit.</span> <span class='ocrx_word' id='word_1_546' title='bbox 3577 3319 3659 3373; x_wconf 89' lang='lat' dir='ltr'>Ea</span> <span class='ocrx_word' id='word_1_547' title='bbox 3680 3317 3829 3372; x_wconf 87' lang='lat' dir='ltr'>forte</span> 
     </span>
    </p>
   </div>
   <div class='ocr_carea' id='block_1_82' title="bbox 2165 3402 3824 3474">
    <p class='ocr_par' dir='ltr' id='par_1_82' title="bbox 2165 3402 3824 3474">
     <span class='ocr_line' id='line_1_82' title="bbox 2165 3402 3824 3474; baseline 0.001 -14"><span class='ocrx_word' id='word_1_548' title='bbox 2165 3404 2293 3460; x_wconf 91' lang='lat' dir='ltr'>sola</span> <span class='ocrx_word' id='word_1_549' title='bbox 2324 3403 2508 3459; x_wconf 63' lang='lat' dir='ltr'>tertias</span> <span class='ocrx_word' id='word_1_550' title='bbox 2538 3402 2895 3458; x_wconf 86' lang='lat' dir='ltr'>hebdomadi</span> <span class='ocrx_word' id='word_1_551' title='bbox 2930 3402 3348 3474; x_wconf 87' lang='lat' dir='ltr'>adjudicanda.</span> <span class='ocrx_word' id='word_1_552' title='bbox 3405 3403 3516 3458; x_wconf 88' lang='lat' dir='ltr'>Sed</span> <span class='ocrx_word' id='word_1_553' title='bbox 3567 3406 3824 3473; x_wconf 80' lang='lat' dir='ltr'>decima,</span> 
     </span>
    </p>
   </div>
   <div class='ocr_carea' id='block_1_83' title="bbox 2164 3492 3823 3551">
    <p class='ocr_par' dir='ltr' id='par_1_83' title="bbox 2164 3492 3823 3551">
     <span class='ocr_line' id='line_1_83' title="bbox 2164 3492 3823 3551; baseline 0 0"><span class='ocrx_word' id='word_1_554' title='bbox 2164 3494 2481 3550; x_wconf 87' lang='lat' dir='ltr'>undecima</span> <span class='ocrx_word' id='word_1_555' title='bbox 2510 3492 2929 3548; x_wconf 90' lang='lat' dir='ltr'>etduodecima</span> <span class='ocrx_word' id='word_1_556' title='bbox 2944 3492 3153 3547; x_wconf 89' lang='lat' dir='ltr'>tribuis</span> <span class='ocrx_word' id='word_1_557' title='bbox 3166 3492 3466 3548; x_wconf 83' lang='lat' dir='ltr'>continuis</span> <span class='ocrx_word' id='word_1_558' title='bbox 3485 3495 3703 3550; x_wconf 89' lang='lat' dir='ltr'>diebus</span> <span class='ocrx_word' id='word_1_559' title='bbox 3725 3495 3823 3551; x_wconf 90' lang='lat' dir='ltr'>de-</span> 
     </span>
    </p>
   </div>
   <div class='ocr_carea' id='block_1_84' title="bbox 2165 3581 3821 3655">
    <p class='ocr_par' dir='ltr' id='par_1_84' title="bbox 2165 3581 3821 3655">
     <span class='ocr_line' id='line_1_84' title="bbox 2165 3581 3821 3655; baseline -0.001 -15"><span class='ocrx_word' id='word_1_560' title='bbox 2165 3584 2473 3651; x_wconf 70' lang='lat' dir='ltr'>clamatae;</span> <span class='ocrx_word' id='word_1_561' title='bbox 2532 3588 2709 3655; x_wconf 89' lang='lat' dir='ltr'>atque</span> <span class='ocrx_word' id='word_1_562' title='bbox 2749 3582 2971 3637; x_wconf 91' lang='lat' dir='ltr'>idcirco</span> <span class='ocrx_word' id='word_1_563' title='bbox 3005 3582 3067 3636; x_wconf 92' lang='lat' dir='ltr'>in</span> <span class='ocrx_word' id='word_1_564' title='bbox 3125 3581 3361 3636; x_wconf 90' lang='lat' dir='ltr'>tertiam</span> <span class='ocrx_word' id='word_1_565' title='bbox 3390 3582 3480 3637; x_wconf 87' lang='lat' dir='ltr'>vel</span> <span class='ocrx_word' id='word_1_566' title='bbox 3547 3588 3821 3655; x_wconf 85' lang='lat' dir='ltr'>quartam</span> 
     </span>
    </p>
   </div>
   <div class='ocr_carea' id='block_1_85' title="bbox 2164 3670 3829 3745">
    <p class='ocr_par' dir='ltr' id='par_1_85' title="bbox 2164 3670 3829 3745">
     <span class='ocr_line' id='line_1_85' title="bbox 2164 3670 3829 3745; baseline -0.001 -16"><span class='ocrx_word' id='word_1_567' title='bbox 2164 3673 2637 3745; x_wconf 60' lang='lat' dir='ltr'>Quadragesima:</span> <span class='ocrx_word' id='word_1_568' title='bbox 2659 3670 3093 3726; x_wconf 91' lang='lat' dir='ltr'>hebdomadam</span> <span class='ocrx_word' id='word_1_569' title='bbox 3110 3670 3505 3726; x_wconf 66' lang='lat' dir='ltr'>conferendae.</span> <span class='ocrx_word' id='word_1_570' title='bbox 3538 3675 3702 3729; x_wconf 87' lang='lat' dir='ltr'>Inter</span> <span class='ocrx_word' id='word_1_571' title='bbox 3726 3672 3829 3728; x_wconf 91' lang='lat' dir='ltr'>de-</span> 
     </span>
    </p>
   </div>
   <div class='ocr_carea' id='block_1_86' title="bbox 2163 3759 3825 3831">
    <p class='ocr_par' dir='ltr' id='par_1_86' title="bbox 2163 3759 3825 3831">
     <span class='ocr_line' id='line_1_86' title="bbox 2163 3759 3825 3831; baseline -0.001 -12"><span class='ocrx_word' id='word_1_572' title='bbox 2163 3763 2618 3819; x_wconf 88' lang='lat' dir='ltr'>cimamtertiam</span> <span class='ocrx_word' id='word_1_573' title='bbox 2639 3765 2696 3815; x_wconf 91' lang='lat' dir='ltr'>et</span> <span class='ocrx_word' id='word_1_574' title='bbox 2717 3759 3285 3831; x_wconf 87' lang='lat' dir='ltr'>quartamdecimam</span> <span class='ocrx_word' id='word_1_575' title='bbox 3308 3761 3676 3819; x_wconf 89' lang='lat' dir='ltr'>catechesim</span> <span class='ocrx_word' id='word_1_576' title='bbox 3699 3762 3825 3818; x_wconf 90' lang='lat' dir='ltr'>dies</span> 
     </span>
    </p>
   </div>
   <div class='ocr_carea' id='block_1_87' title="bbox 2164 3850 3826 3925">
    <p class='ocr_par' dir='ltr' id='par_1_87' title="bbox 2164 3850 3826 3925">
     <span class='ocr_line' id='line_1_87' title="bbox 2164 3850 3826 3925; baseline 0 -16"><span class='ocrx_word' id='word_1_577' title='bbox 2164 3854 2825 3925; x_wconf 87' lang='lat' dir='ltr'>aliquotintercessere,</span> <span class='ocrx_word' id='word_1_578' title='bbox 2859 3867 2930 3905; x_wconf 85' lang='lat' dir='ltr'>ex</span> <span class='ocrx_word' id='word_1_579' title='bbox 2961 3850 3188 3906; x_wconf 90' lang='lat' dir='ltr'>catech.</span> <span class='ocrx_word' id='word_1_580' title='bbox 3225 3851 3310 3917; x_wconf 81' lang='lat' dir='ltr'>l4,</span> <span class='ocrx_word' id='word_1_581' title='bbox 3355 3867 3523 3906; x_wconf 89' lang='lat' dir='ltr'>num.</span> <span class='ocrx_word' id='word_1_582' title='bbox 3557 3857 3604 3906; x_wconf 84' lang='grc'>1.</span> <span class='ocrx_word' id='word_1_583' title='bbox 3658 3854 3826 3909; x_wconf 90' lang='lat' dir='ltr'>Cate-</span> 
     </span>
    </p>
   </div>
   <div class='ocr_carea' id='block_1_88' title="bbox 2162 3938 3822 4013">
    <p class='ocr_par' dir='ltr' id='par_1_88' title="bbox 2162 3938 3822 4013">
     <span class='ocr_line' id='line_1_88' title="bbox 2162 3938 3822 4013; baseline 0 -15"><span class='ocrx_word' id='word_1_584' title='bbox 2162 3943 2358 3999; x_wconf 90' lang='lat' dir='ltr'>chesis</span> <span class='ocrx_word' id='word_1_585' title='bbox 2387 3939 2643 4008; x_wconf 83' lang='lat' dir='ltr'>[CXXIV]</span> <span class='ocrx_word' id='word_1_586' title='bbox 2700 3938 3107 3995; x_wconf 88' lang='lat' dir='ltr'>tertiadecima</span> <span class='ocrx_word' id='word_1_587' title='bbox 3152 3938 3302 3995; x_wconf 88' lang='lat' dir='ltr'>forte</span> <span class='ocrx_word' id='word_1_588' title='bbox 3331 3956 3452 3996; x_wconf 89' lang='lat' dir='ltr'>una</span> <span class='ocrx_word' id='word_1_589' title='bbox 3498 3958 3610 4013; x_wconf 91' lang='lat' dir='ltr'>per</span> <span class='ocrx_word' id='word_1_590' title='bbox 3640 3947 3822 3998; x_wconf 91' lang='lat' dir='ltr'>totam</span> 
     </span>
    </p>
   </div>
   <div class='ocr_carea' id='block_1_89' title="bbox 2162 4028 3818 4103">
    <p class='ocr_par' dir='ltr' id='par_1_89' title="bbox 2162 4028 3818 4103">
     <span class='ocr_line' id='line_1_89' title="bbox 2162 4028 3818 4103; baseline 0 -16"><span class='ocrx_word' id='word_1_591' title='bbox 2162 4031 2597 4087; x_wconf 89' lang='lat' dir='ltr'>hebdomadam</span> <span class='ocrx_word' id='word_1_592' title='bbox 2621 4030 2891 4101; x_wconf 88' lang='lat' dir='ltr'>quintam</span> <span class='ocrx_word' id='word_1_593' title='bbox 2920 4028 3094 4084; x_wconf 91' lang='lat' dir='ltr'>dicta.</span> <span class='ocrx_word' id='word_1_594' title='bbox 3120 4029 3488 4085; x_wconf 87' lang='lat' dir='ltr'>Catechesim</span> <span class='ocrx_word' id='word_1_595' title='bbox 3517 4038 3818 4103; x_wconf 87' lang='lat' dir='ltr'>quartam-</span> 
     </span>
    </p>
   </div>
   <div class='ocr_carea' id='block_1_90' title="bbox 2162 4118 3819 4191">
    <p class='ocr_par' dir='ltr' id='par_1_90' title="bbox 2162 4118 3819 4191">
     <span class='ocr_line' id='line_1_90' title="bbox 2162 4118 3819 4191; baseline -0.001 -14"><span class='ocrx_word' id='word_1_596' title='bbox 2162 4121 2454 4177; x_wconf 87' lang='lat' dir='ltr'>decimam</span> <span class='ocrx_word' id='word_1_597' title='bbox 2473 4136 2603 4191; x_wconf 72' lang='lat' dir='ltr'>quae</span> <span class='ocrx_word' id='word_1_598' title='bbox 2616 4119 2902 4191; x_wconf 87' lang='lat' dir='ltr'>postridie</span> <span class='ocrx_word' id='word_1_599' title='bbox 2918 4119 3237 4174; x_wconf 63' lang='lat' dir='ltr'>Dominica:</span> <span class='ocrx_word' id='word_1_600' title='bbox 3252 4118 3454 4175; x_wconf 89' lang='lat' dir='ltr'>habita</span> <span class='ocrx_word' id='word_1_601' title='bbox 3467 4127 3559 4175; x_wconf 90' lang='lat' dir='ltr'>est</span> <span class='ocrx_word' id='word_1_602' title='bbox 3572 4121 3819 4176; x_wconf 91' lang='lat' dir='ltr'>ineunte</span> 
     </span>
    </p>
   </div>
   <div class='ocr_carea' id='block_1_91' title="bbox 2164 4208 3820 4281">
    <p class='ocr_par' dir='ltr' id='par_1_91' title="bbox 2164 4208 3820 4281">
     <span class='ocr_line' id='line_1_91' title="bbox 2164 4208 3820 4281; baseline -0.001 -15"><span class='ocrx_word' id='word_1_603' title='bbox 2164 4227 2369 4267; x_wconf 90' lang='lat' dir='ltr'>mense</span> <span class='ocrx_word' id='word_1_604' title='bbox 2392 4209 2701 4273; x_wconf 87' lang='lat' dir='ltr'>Xanthico,</span> <span class='ocrx_word' id='word_1_605' title='bbox 2725 4208 2930 4281; x_wconf 90' lang='lat' dir='ltr'>paucis</span> <span class='ocrx_word' id='word_1_606' title='bbox 2961 4213 3097 4280; x_wconf 89' lang='lat' dir='ltr'>post</span> <span class='ocrx_word' id='word_1_607' title='bbox 3125 4208 3551 4279; x_wconf 59' lang='lat' dir='ltr'>aequinoctium</span> <span class='ocrx_word' id='word_1_608' title='bbox 3573 4225 3820 4265; x_wconf 89' lang='lat' dir='ltr'>vernum</span> 
     </span>
    </p>
   </div>
   <div class='ocr_carea' id='block_1_92' title="bbox 2161 4296 3817 4373">
    <p class='ocr_par' dir='ltr' id='par_1_92' title="bbox 2161 4296 3817 4373">
     <span class='ocr_line' id='line_1_92' title="bbox 2161 4296 3817 4373; baseline -0.001 -17"><span class='ocrx_word' id='word_1_609' title='bbox 2161 4301 2393 4365; x_wconf 87' lang='lat' dir='ltr'>diebus,</span> <span class='ocrx_word' id='word_1_610' title='bbox 2409 4298 2571 4355; x_wconf 74' lang='lat' dir='ltr'>feriae</span> <span class='ocrx_word' id='word_1_611' title='bbox 2588 4299 2865 4354; x_wconf 73' lang='lat' dir='ltr'>secundae</span> <span class='ocrx_word' id='word_1_612' title='bbox 2884 4297 3127 4369; x_wconf 92' lang='lat' dir='ltr'>majoris</span> <span class='ocrx_word' id='word_1_613' title='bbox 3139 4296 3528 4355; x_wconf 65' lang='lat' dir='ltr'>hebdomadas</span> <span class='ocrx_word' id='word_1_614' title='bbox 3553 4300 3817 4373; x_wconf 86' lang='lat' dir='ltr'>assigna-</span> 
     </span>
    </p>
   </div>
   <div class='ocr_carea' id='block_1_93' title="bbox 2159 4386 3818 4461">
    <p class='ocr_par' dir='ltr' id='par_1_93' title="bbox 2159 4386 3818 4461">
     <span class='ocr_line' id='line_1_93' title="bbox 2159 4386 3818 4461; baseline -0.002 -14"><span class='ocrx_word' id='word_1_615' title='bbox 2159 4407 2313 4455; x_wconf 91' lang='lat' dir='ltr'>mus,</span> <span class='ocrx_word' id='word_1_616' title='bbox 2374 4388 2678 4461; x_wconf 89' lang='lat' dir='ltr'>sequendo</span> <span class='ocrx_word' id='word_1_617' title='bbox 2710 4388 3093 4443; x_wconf 87' lang='lat' dir='ltr'>constitutam</span> <span class='ocrx_word' id='word_1_618' title='bbox 3134 4404 3169 4441; x_wconf 91' lang='lat' dir='ltr'>a</span> <span class='ocrx_word' id='word_1_619' title='bbox 3198 4386 3393 4454; x_wconf 91' lang='lat' dir='ltr'>nobis,</span> <span class='ocrx_word' id='word_1_620' title='bbox 3447 4393 3516 4443; x_wconf 90' lang='lat' dir='ltr'>ut</span> <span class='ocrx_word' id='word_1_621' title='bbox 3546 4389 3818 4445; x_wconf 90' lang='lat' dir='ltr'>omnium</span> 
     </span>
    </p>
   </div>
   <div class='ocr_carea' id='block_1_94' title="bbox 2160 4476 3815 4551">
    <p class='ocr_par' dir='ltr' id='par_1_94' title="bbox 2160 4476 3815 4551">
     <span class='ocr_line' id='line_1_94' title="bbox 2160 4476 3815 4551; baseline -0.004 -14"><span class='ocrx_word' id='word_1_622' title='bbox 2160 4480 2414 4537; x_wconf 83' lang='lat' dir='ltr'>maxime</span> <span class='ocrx_word' id='word_1_623' title='bbox 2473 4477 2863 4551; x_wconf 90' lang='lat' dir='ltr'>probabilem,</span> <span class='ocrx_word' id='word_1_624' title='bbox 2904 4476 3292 4531; x_wconf 87' lang='lat' dir='ltr'>catecheseon</span> <span class='ocrx_word' id='word_1_625' title='bbox 3348 4479 3640 4548; x_wconf 91' lang='lat' dir='ltr'>epocham</span> <span class='ocrx_word' id='word_1_626' title='bbox 3671 4476 3815 4533; x_wconf 89' lang='lat' dir='ltr'>anni</span> 
     </span>
    </p>
   </div>
   <div class='ocr_carea' id='block_1_95' title="bbox 397 4549 3813 4639">
    <p class='ocr_par' dir='ltr' id='par_1_95' title="bbox 397 4549 3813 4639">
     <span class='ocr_line' id='line_1_95' title="bbox 397 4549 3813 4639; baseline 0.001 -20"><span class='ocrx_word' id='word_1_627' title='bbox 397 4563 473 4619; x_wconf 87' lang='lat' dir='ltr'>ad</span> <span class='ocrx_word' id='word_1_628' title='bbox 500 4564 725 4621; x_wconf 88' lang='lat' dir='ltr'>calcem</span> <span class='ocrx_word' id='word_1_629' title='bbox 755 4565 1042 4622; x_wconf 90' lang='lat' dir='ltr'>orationis</span> <span class='ocrx_word' id='word_1_630' title='bbox 1074 4564 1145 4621; x_wconf 90' lang='lat' dir='ltr'>de</span> <span class='ocrx_word' id='word_1_631' title='bbox 1168 4564 1418 4638; x_wconf 89' lang='lat' dir='ltr'>jejuniis</span> <span class='ocrx_word' id='word_1_632' title='bbox 1461 4566 1637 4622; x_wconf 89' lang='lat' dir='ltr'>citato</span> <span class='ocrx_word' id='word_1_633' title='bbox 1685 4571 1826 4623; x_wconf 87' lang='lat' dir='ltr'>tom.</span> <span class='ocrx_word' id='word_1_634' title='bbox 1860 4570 1883 4623; x_wconf 95' lang='grc' dir='ltr'><strong>Ι</strong></span> <span class='ocrx_word' id='word_1_635' title='bbox 1913 4587 2044 4626; x_wconf 92' lang='lat' dir='ltr'>nov.</span> <span class='ocrx_word' id='word_1_636' title='bbox 2080 4549 2125 4616; x_wconf 73' lang='grc' dir='ltr'><strong>Ι)</strong></span> <span class='ocrx_word' id='word_1_637' title='bbox 2156 4573 2279 4627; x_wconf 88' lang='lat'><strong>348.</strong></span> <span class='ocrx_word' id='word_1_638' title='bbox 2311 4572 2394 4625; x_wconf 84' lang='lat' dir='ltr'>Ac</span> <span class='ocrx_word' id='word_1_639' title='bbox 2424 4549 2860 4638; x_wconf 81' lang='lat' dir='ltr'>consequenter</span> <span class='ocrx_word' id='word_1_640' title='bbox 2882 4565 3088 4620; x_wconf 91' lang='lat' dir='ltr'>eadem</span> <span class='ocrx_word' id='word_1_641' title='bbox 3114 4564 3488 4622; x_wconf 90' lang='lat' dir='ltr'>hebdomada</span> <span class='ocrx_word' id='word_1_642' title='bbox 3516 4564 3813 4639; x_wconf 67' lang='lat' dir='ltr'>ponendae</span> 
     </span>
    </p>
   </div>
   <div class='ocr_carea' id='block_1_96' title="bbox 397 4651 2045 4726">
    <p class='ocr_par' dir='ltr' id='par_1_96' title="bbox 397 4651 2045 4726">
     <span class='ocr_line' id='line_1_96' title="bbox 397 4651 2045 4726; baseline 0.005 -17"><span class='ocrx_word' id='word_1_643' title='bbox 397 4651 537 4710; x_wconf 88' lang='lat' dir='ltr'>edit.</span> <span class='ocrx_word' id='word_1_644' title='bbox 568 4670 629 4724; x_wconf 92' lang='lat' dir='ltr'>p.</span> <span class='ocrx_word' id='word_1_645' title='bbox 661 4656 786 4721; x_wconf 84' lang='lat'>504,</span> <span class='ocrx_word' id='word_1_646' title='bbox 820 4655 979 4726; x_wconf 92' lang='lat' dir='ltr'>quod</span> <span class='ocrx_word' id='word_1_647' title='bbox 1011 4654 1083 4711; x_wconf 91' lang='lat' dir='ltr'>de</span> <span class='ocrx_word' id='word_1_648' title='bbox 1114 4654 1378 4712; x_wconf 90' lang='lat' dir='ltr'>Ecclesia</span> <span class='ocrx_word' id='word_1_649' title='bbox 1416 4654 1594 4712; x_wconf 91' lang='lat' dir='ltr'>etiam</span> <span class='ocrx_word' id='word_1_650' title='bbox 1638 4656 2045 4717; x_wconf 78' lang='lat' dir='ltr'>Alexandrina</span> 
     </span>
    </p>
   </div>
   <div class='ocr_carea' id='block_1_97' title="bbox 395 4741 2046 4821">
    <p class='ocr_par' dir='ltr' id='par_1_97' title="bbox 395 4741 2046 4821">
     <span class='ocr_line' id='line_1_97' title="bbox 395 4741 2046 4821; baseline 0.003 -22"><span class='ocrx_word' id='word_1_651' title='bbox 395 4741 515 4799; x_wconf 88' lang='lat' dir='ltr'>dici</span> <span class='ocrx_word' id='word_1_652' title='bbox 529 4746 725 4814; x_wconf 87' lang='lat' dir='ltr'>potest</span> <span class='ocrx_word' id='word_1_653' title='bbox 744 4760 816 4799; x_wconf 89' lang='lat' dir='ltr'>ex</span> <span class='ocrx_word' id='word_1_654' title='bbox 835 4744 969 4801; x_wconf 89' lang='lat' dir='ltr'>aliis</span> <span class='ocrx_word' id='word_1_655' title='bbox 981 4743 1433 4801; x_wconf 88' lang='lat' dir='ltr'>auctoritatibus</span> <span class='ocrx_word' id='word_1_656' title='bbox 1452 4744 1525 4801; x_wconf 88' lang='lat' dir='ltr'>ab</span> <span class='ocrx_word' id='word_1_657' title='bbox 1539 4744 1749 4802; x_wconf 92' lang='lat' dir='ltr'>eodem</span> <span class='ocrx_word' id='word_1_658' title='bbox 1769 4764 1889 4804; x_wconf 91' lang='lat' dir='ltr'>una</span> <span class='ocrx_word' id='word_1_659' title='bbox 1907 4766 2046 4821; x_wconf 90' lang='lat' dir='ltr'>pro-</span> 
     </span>
    </p>
   </div>
   <div class='ocr_carea' id='block_1_98' title="bbox 393 4830 2047 4907">
    <p class='ocr_par' dir='ltr' id='par_1_98' title="bbox 393 4830 2047 4907">
     <span class='ocr_line' id='line_1_98' title="bbox 393 4830 2047 4907; baseline 0.005 -20"><span class='ocrx_word' id='word_1_660' title='bbox 393 4830 589 4889; x_wconf 87' lang='lat' dir='ltr'>ductis</span> <span class='ocrx_word' id='word_1_661' title='bbox 608 4872 624 4899; x_wconf 93' lang='lat'>,</span> <span class='ocrx_word' id='word_1_662' title='bbox 655 4831 861 4905; x_wconf 88' lang='lat' dir='ltr'>Cyrilli</span> <span class='ocrx_word' id='word_1_663' title='bbox 882 4839 1081 4890; x_wconf 88' lang='lat' dir='ltr'>tamen</span> <span class='ocrx_word' id='word_1_664' title='bbox 1112 4838 1400 4906; x_wconf 90' lang='lat' dir='ltr'>tempore,</span> <span class='ocrx_word' id='word_1_665' title='bbox 1427 4838 1680 4907; x_wconf 89' lang='lat' dir='ltr'>utraque</span> <span class='ocrx_word' id='word_1_666' title='bbox 1701 4836 1964 4895; x_wconf 90' lang='lat' dir='ltr'>Ecclesia</span> <span class='ocrx_word' id='word_1_667' title='bbox 1988 4844 2047 4896; x_wconf 90' lang='lat' dir='ltr'>et</span> 
     </span>
    </p>
   </div>
   <div class='ocr_carea' id='block_1_99' title="bbox 390 4920 2045 4998">
    <p class='ocr_par' dir='ltr' id='par_1_99' title="bbox 390 4920 2045 4998">
     <span class='ocr_line' id='line_1_99' title="bbox 390 4920 2045 4998; baseline 0.005 -21"><span class='ocrx_word' id='word_1_668' title='bbox 390 4920 796 4979; x_wconf 82' lang='lat' dir='ltr'>Alexandrina</span> <span class='ocrx_word' id='word_1_669' title='bbox 807 4927 865 4978; x_wconf 91' lang='lat' dir='ltr'>et</span> <span class='ocrx_word' id='word_1_670' title='bbox 877 4923 1433 4996; x_wconf 85' lang='lat' dir='ltr'>Hierosolymitana,</span> <span class='ocrx_word' id='word_1_671' title='bbox 1449 4940 1551 4980; x_wconf 87' lang='lat' dir='ltr'>sex</span> <span class='ocrx_word' id='word_1_672' title='bbox 1568 4924 2045 4998; x_wconf 90' lang='lat' dir='ltr'>hebdomadis,et</span> 
     </span>
    </p>
   </div>
   <div class='ocr_carea' id='block_1_100' title="bbox 394 5012 2043 5085">
    <p class='ocr_par' dir='ltr' id='par_1_100' title="bbox 394 5012 2043 5085">
     <span class='ocr_line' id='line_1_100' title="bbox 394 5012 2043 5085; baseline 0.005 -16"><span class='ocrx_word' id='word_1_673' title='bbox 394 5012 786 5085; x_wconf 84' lang='lat' dir='ltr'>quadraginta</span> <span class='ocrx_word' id='word_1_674' title='bbox 815 5013 1189 5070; x_wconf 89' lang='lat' dir='ltr'>solummodo</span> <span class='ocrx_word' id='word_1_675' title='bbox 1212 5013 1424 5071; x_wconf 91' lang='lat' dir='ltr'>diebus</span> <span class='ocrx_word' id='word_1_676' title='bbox 1454 5020 1762 5074; x_wconf 89' lang='lat' dir='ltr'>constante</span> <span class='ocrx_word' id='word_1_677' title='bbox 1786 5019 2043 5084; x_wconf 89' lang='lat' dir='ltr'>Quadra-</span> 
     </span>
    </p>
   </div>
   <div class='ocr_carea' id='block_1_101' title="bbox 388 5103 2043 5177">
    <p class='ocr_par' dir='ltr' id='par_1_101' title="bbox 388 5103 2043 5177">
     <span class='ocr_line' id='line_1_101' title="bbox 388 5103 2043 5177; baseline 0.004 -17"><span class='ocrx_word' id='word_1_678' title='bbox 388 5103 613 5177; x_wconf 86' lang='lat' dir='ltr'>gesima</span> <span class='ocrx_word' id='word_1_679' title='bbox 631 5103 931 5175; x_wconf 91' lang='lat' dir='ltr'>utebatur,</span> <span class='ocrx_word' id='word_1_680' title='bbox 963 5106 1048 5161; x_wconf 89' lang='lat' dir='ltr'>uti</span> <span class='ocrx_word' id='word_1_681' title='bbox 1080 5104 1458 5177; x_wconf 89' lang='lat' dir='ltr'>probavimus</span> <span class='ocrx_word' id='word_1_682' title='bbox 1489 5112 1755 5164; x_wconf 89' lang='lat' dir='ltr'>extrema</span> <span class='ocrx_word' id='word_1_683' title='bbox 1783 5109 1857 5165; x_wconf 90' lang='lat' dir='ltr'>ad</span> <span class='ocrx_word' id='word_1_684' title='bbox 1880 5116 2043 5167; x_wconf 90' lang='lat' dir='ltr'>cate-</span> 
     </span>
    </p>
   </div>
   <div class='ocr_carea' id='block_1_102' title="bbox 389 5194 2042 5272">
    <p class='ocr_par' dir='ltr' id='par_1_102' title="bbox 389 5194 2042 5272">
     <span class='ocr_line' id='line_1_102' title="bbox 389 5194 2042 5272; baseline 0.004 -19"><span class='ocrx_word' id='word_1_685' title='bbox 389 5194 617 5253; x_wconf 87' lang='lat' dir='ltr'>chesim</span> <span class='ocrx_word' id='word_1_686' title='bbox 645 5195 882 5252; x_wconf 89' lang='lat' dir='ltr'>tertiam</span> <span class='ocrx_word' id='word_1_687' title='bbox 906 5201 1068 5253; x_wconf 88' lang='lat' dir='ltr'>nota.</span> <span class='ocrx_word' id='word_1_688' title='bbox 1100 5197 1304 5253; x_wconf 90' lang='lat' dir='ltr'>Totam</span> <span class='ocrx_word' id='word_1_689' title='bbox 1325 5197 1848 5272; x_wconf 88' lang='lat' dir='ltr'>Quadragesimam</span> <span class='ocrx_word' id='word_1_690' title='bbox 1871 5218 2042 5258; x_wconf 89' lang='lat' dir='ltr'>occu-</span> 
     </span>
    </p>
   </div>
   <div class='ocr_carea' id='block_1_103' title="bbox 388 5284 2043 5356">
    <p class='ocr_par' dir='ltr' id='par_1_103' title="bbox 388 5284 2043 5356">
     <span class='ocr_line' id='line_1_103' title="bbox 388 5284 2043 5356; baseline 0.006 -17"><span class='ocrx_word' id='word_1_691' title='bbox 388 5290 609 5356; x_wconf 90' lang='lat' dir='ltr'>parunt</span> <span class='ocrx_word' id='word_1_692' title='bbox 630 5284 836 5341; x_wconf 90' lang='lat' dir='ltr'>decem</span> <span class='ocrx_word' id='word_1_693' title='bbox 858 5290 1062 5344; x_wconf 91' lang='lat' dir='ltr'>etocto</span> <span class='ocrx_word' id='word_1_694' title='bbox 1084 5285 1446 5346; x_wconf 87' lang='lat' dir='ltr'>catecheses.</span> <span class='ocrx_word' id='word_1_695' title='bbox 1466 5288 1689 5354; x_wconf 90' lang='lat' dir='ltr'>Quibus</span> <span class='ocrx_word' id='word_1_696' title='bbox 1712 5296 1908 5346; x_wconf 90' lang='lat' dir='ltr'>autem</span> <span class='ocrx_word' id='word_1_697' title='bbox 1924 5291 2043 5349; x_wconf 91' lang='lat' dir='ltr'>die-</span> 
     </span>
    </p>
   </div>
   <div class='ocr_carea' id='block_1_104' title="bbox 388 5374 2041 5447">
    <p class='ocr_par' dir='ltr' id='par_1_104' title="bbox 388 5374 2041 5447">
     <span class='ocr_line' id='line_1_104' title="bbox 388 5374 2041 5447; baseline 0.005 -18"><span class='ocrx_word' id='word_1_698' title='bbox 388 5374 499 5429; x_wconf 88' lang='lat' dir='ltr'>bus</span> <span class='ocrx_word' id='word_1_699' title='bbox 531 5374 778 5447; x_wconf 71' lang='lat' dir='ltr'>singulaa</span> <span class='ocrx_word' id='word_1_700' title='bbox 804 5376 1202 5447; x_wconf 66' lang='lat' dir='ltr'>pronuntiata)</span> <span class='ocrx_word' id='word_1_701' title='bbox 1230 5378 1368 5444; x_wconf 90' lang='lat' dir='ltr'>sint,</span> <span class='ocrx_word' id='word_1_702' title='bbox 1401 5376 1542 5434; x_wconf 91' lang='lat' dir='ltr'>licet</span> <span class='ocrx_word' id='word_1_703' title='bbox 1570 5379 1848 5435; x_wconf 91' lang='lat' dir='ltr'>nonnihil</span> <span class='ocrx_word' id='word_1_704' title='bbox 1879 5397 1950 5437; x_wconf 90' lang='lat' dir='ltr'>ea</span> <span class='ocrx_word' id='word_1_705' title='bbox 1968 5381 2041 5437; x_wconf 86' lang='lat' dir='ltr'>de</span> 
     </span>
    </p>
   </div>
   <div class='ocr_carea' id='block_1_105' title="bbox 387 5464 2042 5540">
    <p class='ocr_par' dir='ltr' id='par_1_105' title="bbox 387 5464 2042 5540">
     <span class='ocr_line' id='line_1_105' title="bbox 387 5464 2042 5540; baseline 0.004 -20"><span class='ocrx_word' id='word_1_706' title='bbox 387 5479 453 5521; x_wconf 90' lang='lat' dir='ltr'>re</span> <span class='ocrx_word' id='word_1_707' title='bbox 484 5464 548 5520; x_wconf 89' lang='lat' dir='ltr'>in</span> <span class='ocrx_word' id='word_1_708' title='bbox 578 5465 909 5522; x_wconf 89' lang='lat' dir='ltr'>monitione</span> <span class='ocrx_word' id='word_1_709' title='bbox 941 5467 1156 5539; x_wconf 87' lang='lat' dir='ltr'>cuique</span> <span class='ocrx_word' id='word_1_710' title='bbox 1185 5468 1431 5540; x_wconf 75' lang='lat' dir='ltr'>praefixa</span> <span class='ocrx_word' id='word_1_711' title='bbox 1460 5467 1807 5539; x_wconf 86' lang='lat' dir='ltr'>dixerimus,</span> <span class='ocrx_word' id='word_1_712' title='bbox 1839 5471 2042 5527; x_wconf 90' lang='lat' dir='ltr'>omnia</span> 
     </span>
    </p>
   </div>
   <div class='ocr_carea' id='block_1_106' title="bbox 387 5554 2041 5633">
    <p class='ocr_par' dir='ltr' id='par_1_106' title="bbox 387 5554 2041 5633">
     <span class='ocr_line' id='line_1_106' title="bbox 387 5554 2041 5633; baseline 0.004 -22"><span class='ocrx_word' id='word_1_713' title='bbox 387 5559 587 5611; x_wconf 84' lang='lat' dir='ltr'>tamen</span> <span class='ocrx_word' id='word_1_714' title='bbox 615 5554 733 5621; x_wconf 88' lang='lat' dir='ltr'>hic,</span> <span class='ocrx_word' id='word_1_715' title='bbox 768 5556 932 5612; x_wconf 79' lang='lat' dir='ltr'>novis</span> <span class='ocrx_word' id='word_1_716' title='bbox 960 5565 1135 5614; x_wconf 87' lang='lat' dir='ltr'>aucta</span> <span class='ocrx_word' id='word_1_717' title='bbox 1163 5558 1679 5616; x_wconf 82' lang='lat' dir='ltr'>observationibus</span> <span class='ocrx_word' id='word_1_718' title='bbox 1706 5575 1811 5615; x_wconf 87' lang='lat' dir='ltr'>seu</span> <span class='ocrx_word' id='word_1_719' title='bbox 1844 5561 2041 5633; x_wconf 87' lang='lat' dir='ltr'>potius</span> 
     </span>
    </p>
   </div>
   <div class='ocr_carea' id='block_1_107' title="bbox 386 5643 2041 5723">
    <p class='ocr_par' dir='ltr' id='par_1_107' title="bbox 386 5643 2041 5723">
     <span class='ocr_line' id='line_1_107' title="bbox 386 5643 2041 5723; baseline 0.005 -21"><span class='ocrx_word' id='word_1_720' title='bbox 386 5643 519 5720; x_wconf 82' lang='lat' dir='ltr'>conj</span> <span class='ocrx_word' id='word_1_721' title='bbox 527 5644 772 5721; x_wconf 76' lang='lat' dir='ltr'>acturis,</span> <span class='ocrx_word' id='word_1_722' title='bbox 786 5645 1151 5723; x_wconf 78' lang='lat' dir='ltr'>colligendaj</span> <span class='ocrx_word' id='word_1_723' title='bbox 1164 5648 1551 5709; x_wconf 82' lang='lat' dir='ltr'>udicavimus.</span> <span class='ocrx_word' id='word_1_724' title='bbox 1565 5648 2041 5711; x_wconf 83' lang='lat' dir='ltr'>Procatechesim</span> 
     </span>
    </p>
   </div>
   <div class='ocr_carea' id='block_1_108' title="bbox 2156 4654 3811 4730">
    <p class='ocr_par' dir='ltr' id='par_1_108' title="bbox 2156 4654 3811 4730">
     <span class='ocr_line' id='line_1_108' title="bbox 2156 4654 3811 4730; baseline -0.005 -13"><span class='ocrx_word' id='word_1_725' title='bbox 2156 4664 2295 4727; x_wconf 87' lang='lat' dir='ltr'>sunt</span> <span class='ocrx_word' id='word_1_726' title='bbox 2325 4662 2643 4730; x_wconf 89' lang='lat' dir='ltr'>sequentes</span> <span class='ocrx_word' id='word_1_727' title='bbox 2664 4671 2892 4723; x_wconf 90' lang='lat' dir='ltr'>omnes,</span> <span class='ocrx_word' id='word_1_728' title='bbox 2915 4671 3106 4726; x_wconf 90' lang='lat' dir='ltr'>usque</span> <span class='ocrx_word' id='word_1_729' title='bbox 3127 4654 3201 4709; x_wconf 89' lang='lat' dir='ltr'>ad</span> <span class='ocrx_word' id='word_1_730' title='bbox 3231 4654 3523 4711; x_wconf 90' lang='lat' dir='ltr'>decimam</span> <span class='ocrx_word' id='word_1_731' title='bbox 3545 4661 3811 4712; x_wconf 89' lang='lat' dir='ltr'>octavam</span> 
     </span>
    </p>
   </div>
   <div class='ocr_carea' id='block_1_109' title="bbox 2154 4743 3813 4823">
    <p class='ocr_par' dir='ltr' id='par_1_109' title="bbox 2154 4743 3813 4823">
     <span class='ocr_line' id='line_1_109' title="bbox 2154 4743 3813 4823; baseline -0.005 -17"><span class='ocrx_word' id='word_1_732' title='bbox 2154 4766 2285 4823; x_wconf 62' lang='lat' dir='ltr'>quae</span> <span class='ocrx_word' id='word_1_733' title='bbox 2318 4748 2569 4805; x_wconf 89' lang='lat' dir='ltr'>Sabbato</span> <span class='ocrx_word' id='word_1_734' title='bbox 2602 4750 2804 4802; x_wconf 89' lang='lat' dir='ltr'>sancto</span> <span class='ocrx_word' id='word_1_735' title='bbox 2840 4745 2997 4799; x_wconf 90' lang='lat' dir='ltr'>dicta</span> <span class='ocrx_word' id='word_1_736' title='bbox 3027 4748 3117 4800; x_wconf 91' lang='lat' dir='ltr'>est</span> <span class='ocrx_word' id='word_1_737' title='bbox 3146 4743 3495 4801; x_wconf 90' lang='lat' dir='ltr'>certissime.</span> <span class='ocrx_word' id='word_1_738' title='bbox 3529 4745 3704 4801; x_wconf 90' lang='lat' dir='ltr'>Nulla</span> <span class='ocrx_word' id='word_1_739' title='bbox 3721 4747 3813 4799; x_wconf 86' lang='lat' dir='ltr'>est</span> 
     </span>
    </p>
   </div>
   <div class='ocr_carea' id='block_1_110' title="bbox 2153 4833 3807 4911">
    <p class='ocr_par' dir='ltr' id='par_1_110' title="bbox 2153 4833 3807 4911">
     <span class='ocr_line' id='line_1_110' title="bbox 2153 4833 3807 4911; baseline -0.005 -16"><span class='ocrx_word' id='word_1_740' title='bbox 2153 4856 2270 4911; x_wconf 90' lang='lat' dir='ltr'>quo</span> <span class='ocrx_word' id='word_1_741' title='bbox 2298 4838 2391 4894; x_wconf 93' lang='lat' dir='ltr'>die</span> <span class='ocrx_word' id='word_1_742' title='bbox 2424 4836 2751 4893; x_wconf 88' lang='lat' dir='ltr'>catechesis</span> <span class='ocrx_word' id='word_1_743' title='bbox 2787 4834 2997 4906; x_wconf 86' lang='lat' dir='ltr'>quinta</span> <span class='ocrx_word' id='word_1_744' title='bbox 3028 4833 3262 4890; x_wconf 90' lang='lat' dir='ltr'>decima</span> <span class='ocrx_word' id='word_1_745' title='bbox 3293 4838 3351 4888; x_wconf 91' lang='lat' dir='ltr'>et</span> <span class='ocrx_word' id='word_1_746' title='bbox 3381 4839 3546 4891; x_wconf 83' lang='lat' dir='ltr'>sexta</span> <span class='ocrx_word' id='word_1_747' title='bbox 3573 4834 3807 4890; x_wconf 90' lang='lat' dir='ltr'>decima</span> 
     </span>
    </p>
   </div>
   <div class='ocr_carea' id='block_1_111' title="bbox 2154 4922 3803 4995">
    <p class='ocr_par' dir='ltr' id='par_1_111' title="bbox 2154 4922 3803 4995">
     <span class='ocr_line' id='line_1_111' title="bbox 2154 4922 3803 4995; baseline -0.005 -10"><span class='ocrx_word' id='word_1_748' title='bbox 2154 4927 2325 4985; x_wconf 70' lang='lat' dir='ltr'>dictae</span> <span class='ocrx_word' id='word_1_749' title='bbox 2354 4927 2474 4982; x_wconf 89' lang='lat' dir='ltr'>sint</span> <span class='ocrx_word' id='word_1_750' title='bbox 2498 4930 2659 4981; x_wconf 90' lang='lat' dir='ltr'>nota.</span> <span class='ocrx_word' id='word_1_751' title='bbox 2691 4923 2951 4995; x_wconf 88' lang='lat' dir='ltr'>Septima</span> <span class='ocrx_word' id='word_1_752' title='bbox 2966 4922 3199 4978; x_wconf 90' lang='lat' dir='ltr'>decima</span> <span class='ocrx_word' id='word_1_753' title='bbox 3218 4922 3424 4994; x_wconf 90' lang='lat' dir='ltr'>paucis</span> <span class='ocrx_word' id='word_1_754' title='bbox 3439 4922 3647 4979; x_wconf 91' lang='lat' dir='ltr'>diebus</span> <span class='ocrx_word' id='word_1_755' title='bbox 3668 4927 3803 4978; x_wconf 90' lang='lat' dir='ltr'>ante</span> 
     </span>
    </p>
   </div>
   <div class='ocr_carea' id='block_1_112' title="bbox 2150 5009 3801 5081">
    <p class='ocr_par' dir='ltr' id='par_1_112' title="bbox 2150 5009 3801 5081">
     <span class='ocr_line' id='line_1_112' title="bbox 2150 5009 3801 5081; baseline -0.005 -8"><span class='ocrx_word' id='word_1_756' title='bbox 2150 5018 2369 5074; x_wconf 86' lang='lat' dir='ltr'>festum</span> <span class='ocrx_word' id='word_1_757' title='bbox 2425 5014 2730 5071; x_wconf 89' lang='lat' dir='ltr'>Paschatis</span> <span class='ocrx_word' id='word_1_758' title='bbox 2761 5012 2983 5081; x_wconf 90' lang='lat' dir='ltr'>habita,</span> <span class='ocrx_word' id='word_1_759' title='bbox 3017 5029 3180 5066; x_wconf 92' lang='lat' dir='ltr'>num.</span> <span class='ocrx_word' id='word_1_760' title='bbox 3213 5014 3281 5065; x_wconf 86' lang='lat'><strong>20</strong></span> <span class='ocrx_word' id='word_1_761' title='bbox 3339 5017 3398 5067; x_wconf 92' lang='lat' dir='ltr'>et</span> <span class='ocrx_word' id='word_1_762' title='bbox 3424 5014 3507 5067; x_wconf 79' lang='lat'><strong>34.</strong></span> <span class='ocrx_word' id='word_1_763' title='bbox 3553 5009 3721 5078; x_wconf 91' lang='lat' dir='ltr'>Quod</span> <span class='ocrx_word' id='word_1_764' title='bbox 3753 5009 3801 5066; x_wconf 90' lang='lat' dir='ltr'>si</span> 
     </span>
    </p>
   </div>
   <div class='ocr_carea' id='block_1_113' title="bbox 2152 5098 3804 5178">
    <p class='ocr_par' dir='ltr' id='par_1_113' title="bbox 2152 5098 3804 5178">
     <span class='ocr_line' id='line_1_113' title="bbox 2152 5098 3804 5178; baseline -0.007 -13"><span class='ocrx_word' id='word_1_765' title='bbox 2152 5109 2248 5165; x_wconf 89' lang='lat' dir='ltr'>cui</span> <span class='ocrx_word' id='word_1_766' title='bbox 2281 5105 2557 5178; x_wconf 90' lang='lat' dir='ltr'>displicet</span> <span class='ocrx_word' id='word_1_767' title='bbox 2586 5108 2672 5159; x_wconf 87' lang='lat' dir='ltr'>tot</span> <span class='ocrx_word' id='word_1_768' title='bbox 2698 5102 3037 5160; x_wconf 91' lang='lat' dir='ltr'>catecheses</span> <span class='ocrx_word' id='word_1_769' title='bbox 3058 5118 3179 5157; x_wconf 90' lang='lat' dir='ltr'>una</span> <span class='ocrx_word' id='word_1_770' title='bbox 3197 5102 3411 5174; x_wconf 88' lang='lat' dir='ltr'>majori</span> <span class='ocrx_word' id='word_1_771' title='bbox 3431 5098 3804 5157; x_wconf 87' lang='lat' dir='ltr'>hebdomada</span> 
     </span>
    </p>
   </div>
   <div class='ocr_carea' id='block_1_114' title="bbox 2152 5191 3804 5271">
    <p class='ocr_par' dir='ltr' id='par_1_114' title="bbox 2152 5191 3804 5271">
     <span class='ocr_line' id='line_1_114' title="bbox 2152 5191 3804 5271; baseline -0.007 -17"><span class='ocrx_word' id='word_1_772' title='bbox 2152 5202 2479 5271; x_wconf 89' lang='lat' dir='ltr'>peroratas,</span> <span class='ocrx_word' id='word_1_773' title='bbox 2503 5196 2564 5250; x_wconf 91' lang='lat' dir='ltr'>in</span> <span class='ocrx_word' id='word_1_774' title='bbox 2583 5210 2809 5250; x_wconf 88' lang='lat' dir='ltr'>annum</span> <span class='ocrx_word' id='word_1_775' title='bbox 2830 5192 2934 5248; x_wconf 91' lang='lat'>347</span> <span class='ocrx_word' id='word_1_776' title='bbox 2967 5207 3067 5246; x_wconf 92' lang='lat' dir='ltr'>eas</span> <span class='ocrx_word' id='word_1_777' title='bbox 3088 5191 3353 5245; x_wconf 79' lang='lat' dir='ltr'>conferat</span> <span class='ocrx_word' id='word_1_778' title='bbox 3383 5209 3489 5264; x_wconf 90' lang='lat' dir='ltr'>per</span> <span class='ocrx_word' id='word_1_779' title='bbox 3518 5206 3614 5246; x_wconf 90' lang='lat' dir='ltr'>me</span> <span class='ocrx_word' id='word_1_780' title='bbox 3648 5191 3804 5255; x_wconf 90' lang='lat' dir='ltr'>licet,</span> 
     </span>
    </p>
   </div>
   <div class='ocr_carea' id='block_1_115' title="bbox 2154 5280 3805 5353">
    <p class='ocr_par' dir='ltr' id='par_1_115' title="bbox 2154 5280 3805 5353">
     <span class='ocr_line' id='line_1_115' title="bbox 2154 5280 3805 5353; baseline -0.008 -9"><span class='ocrx_word' id='word_1_781' title='bbox 2154 5290 2294 5344; x_wconf 91' lang='lat' dir='ltr'>etin</span> <span class='ocrx_word' id='word_1_782' title='bbox 2313 5292 2609 5342; x_wconf 86' lang='lat' dir='ltr'>extremas</span> <span class='ocrx_word' id='word_1_783' title='bbox 2650 5280 3125 5353; x_wconf 62' lang='lat' dir='ltr'>Quadragesima</span> <span class='ocrx_word' id='word_1_784' title='bbox 3139 5280 3564 5349; x_wconf 88' lang='lat' dir='ltr'>hebdomadas,</span> <span class='ocrx_word' id='word_1_785' title='bbox 3599 5294 3805 5334; x_wconf 90' lang='lat' dir='ltr'>omnes</span> 
     </span>
    </p>
   </div>
   <div class='ocr_carea' id='block_1_116' title="bbox 2152 5367 3811 5449">
    <p class='ocr_par' dir='ltr' id='par_1_116' title="bbox 2152 5367 3811 5449">
     <span class='ocr_line' id='line_1_116' title="bbox 2152 5367 3811 5449; baseline -0.009 -14"><span class='ocrx_word' id='word_1_786' title='bbox 2152 5395 2188 5435; x_wconf 90' lang='lat' dir='ltr'>a</span> <span class='ocrx_word' id='word_1_787' title='bbox 2200 5381 2411 5449; x_wconf 86' lang='lat' dir='ltr'>quarta</span> <span class='ocrx_word' id='word_1_788' title='bbox 2423 5374 2654 5430; x_wconf 89' lang='lat' dir='ltr'>decima</span> <span class='ocrx_word' id='word_1_789' title='bbox 2667 5372 2741 5428; x_wconf 92' lang='lat' dir='ltr'>ad</span> <span class='ocrx_word' id='word_1_790' title='bbox 2755 5376 3022 5427; x_wconf 89' lang='lat' dir='ltr'>octavam</span> <span class='ocrx_word' id='word_1_791' title='bbox 3036 5370 3328 5426; x_wconf 89' lang='lat' dir='ltr'>decimam</span> <span class='ocrx_word' id='word_1_792' title='bbox 3342 5370 3682 5427; x_wconf 86' lang='lat' dir='ltr'>catecheses</span> <span class='ocrx_word' id='word_1_793' title='bbox 3696 5367 3811 5421; x_wconf 91' lang='lat' dir='ltr'>dis-</span> 
     </span>
    </p>
   </div>
   <div class='ocr_carea' id='block_1_117' title="bbox 2153 5455 3807 5533">
    <p class='ocr_par' dir='ltr' id='par_1_117' title="bbox 2153 5455 3807 5533">
     <span class='ocr_line' id='line_1_117' title="bbox 2153 5455 3807 5533; baseline -0.008 -10"><span class='ocrx_word' id='word_1_794' title='bbox 2153 5467 2394 5523; x_wconf 90' lang='lat' dir='ltr'>tribuat.</span> <span class='ocrx_word' id='word_1_795' title='bbox 2446 5464 2610 5531; x_wconf 89' lang='lat' dir='ltr'>Quod</span> <span class='ocrx_word' id='word_1_796' title='bbox 2642 5462 2715 5519; x_wconf 90' lang='lat' dir='ltr'>ad</span> <span class='ocrx_word' id='word_1_797' title='bbox 2742 5461 3174 5533; x_wconf 68' lang='lat' dir='ltr'>mystagogicas</span> <span class='ocrx_word' id='word_1_798' title='bbox 3224 5461 3455 5529; x_wconf 87' lang='lat' dir='ltr'>attinet,</span> <span class='ocrx_word' id='word_1_799' title='bbox 3509 5473 3716 5514; x_wconf 90' lang='lat' dir='ltr'>omnes</span> <span class='ocrx_word' id='word_1_800' title='bbox 3746 5455 3807 5509; x_wconf 90' lang='lat' dir='ltr'>in</span> 
     </span>
    </p>
   </div>
   <div class='ocr_carea' id='block_1_118' title="bbox 2150 5546 3806 5624">
    <p class='ocr_par' dir='ltr' id='par_1_118' title="bbox 2150 5546 3806 5624">
     <span class='ocr_line' id='line_1_118' title="bbox 2150 5546 3806 5624; baseline -0.012 -7"><span class='ocrx_word' id='word_1_801' title='bbox 2150 5555 2425 5616; x_wconf 89' lang='lat' dir='ltr'>Paschali</span> <span class='ocrx_word' id='word_1_802' title='bbox 2456 5552 2824 5609; x_wconf 86' lang='lat' dir='ltr'>hebdomada</span> <span class='ocrx_word' id='word_1_803' title='bbox 2859 5551 3260 5624; x_wconf 62' lang='lat' dir='ltr'>pronuntiatus</span> <span class='ocrx_word' id='word_1_804' title='bbox 3295 5556 3454 5618; x_wconf 84' lang='lat' dir='ltr'>sunt,</span> <span class='ocrx_word' id='word_1_805' title='bbox 3481 5568 3513 5603; x_wconf 79' lang='lat' dir='ltr'>a</span> <span class='ocrx_word' id='word_1_806' title='bbox 3552 5546 3693 5600; x_wconf 52' lang='grc' dir='ltr'>ἵει-ἱίι</span> <span class='ocrx_word' id='word_1_807' title='bbox 3716 5559 3806 5599; x_wconf 78' lang='lat' dir='ltr'>se-</span> 
     </span>
    </p>
   </div>
   <div class='ocr_carea' id='block_1_119' title="bbox 2152 5639 3806 5721">
    <p class='ocr_par' dir='ltr' id='par_1_119' title="bbox 2152 5639 3806 5721">
     <span class='ocr_line' id='line_1_119' title="bbox 2152 5639 3806 5721; baseline -0.012 -15"><span class='ocrx_word' id='word_1_808' title='bbox 2152 5646 2348 5721; x_wconf 82' lang='lat' dir='ltr'>cunda</span> <span class='ocrx_word' id='word_1_809' title='bbox 2367 5644 2441 5703; x_wconf 83' lang='lat' dir='ltr'>ad</span> <span class='ocrx_word' id='word_1_810' title='bbox 2464 5649 2710 5713; x_wconf 87' lang='lat' dir='ltr'>sextam,</span> <span class='ocrx_word' id='word_1_811' title='bbox 2739 5658 2857 5714; x_wconf 89' lang='lat' dir='ltr'>qua</span> <span class='ocrx_word' id='word_1_812' title='bbox 2867 5641 2963 5699; x_wconf 89' lang='lat' dir='ltr'>die</span> <span class='ocrx_word' id='word_1_813' title='bbox 2983 5641 3369 5717; x_wconf 68' lang='lat' dir='ltr'>pronuntiata</span> <span class='ocrx_word' id='word_1_814' title='bbox 3390 5646 3480 5697; x_wconf 88' lang='lat' dir='ltr'>est</span> <span class='ocrx_word' id='word_1_815' title='bbox 3502 5639 3806 5715; x_wconf 80' lang='lat' dir='ltr'>postrema</span> 
     </span>
    </p>
   </div>
  </div>
