4090 6268
249 309 367 371 157
1649 305 1910 370 DISSEF

2019 303 2167 368 lTIO
2210 305 2292 368 ΙΙ.
3564 315 3678 374 I58

323 442 414 496 33.
447 441 575 497 lam
607 436 835 511 quibus
866 435 1030 495 horis
1074 437 1411 495 catecheses
1442 437 1660 494 dixerit
1687 442 1916 506 auctor,
1948 439 2002 506 Α
2032 436 2378 508 dimitteret,
2412 445 2524 497 cat.
2559 444 2644 509 16,
2673 459 2838 500 num.
2871 445 2923 498 4.
2948 443 3061 499 Sed
3091 444 3240 500 illud
3273 445 3579 518 quaeritur,
3613 447 3674 503 in

251 527 1745 605 indagandummystagogicaapostsynaximhabitm
1759 527 1918 583 circa
2025 527 2233 600 ipsane
2262 531 2735 587 Resurrectionis
2765 531 3021 588 ecclesia
3051 539 3107 588 et
3132 535 3287 600 navi,
3320 553 3397 592 an
3447 536 3506 590 in
3538 554 3678 608 por-

251 619 590 689 meridiem,
623 622 740 675 cat.
774 619 861 686 18,
888 633 1052 673 num.
1081 618 1168 672 33.
1193 618 1235 671 E
1259 617 1664 673 catechesibus
1690 615 1914 671 illumi-
2026 617 2147 674 ticu
2172 619 2462 691 ejusdem.
2499 621 2979 692 quodnonnullis
3010 623 3252 694 placuit,
3276 626 3583 696 autpotius
3611 627 3672 681 in

254 709 613 777 nandornm,
635 707 874 764 decima
894 710 1096 762 octava
1116 706 1423 762 matutinis
1435 707 1598 762 horis
1613 705 1719 762 sub
1735 706 1917 760 finem
2026 704 2358 777 baptisterii
2387 710 2680 765 vestihulo
2704 710 2875 765 dictat
2898 711 3018 766 sint
3038 711 3543 768 catecheses.Tota
3573 732 3673 770 eo-

257 816 451 857 sacrm
470 798 672 872 vigilia
694 802 998 870 peroratu.
1025 796 1478 852 Procatechesin
1502 795 1596 851 die
1611 795 1920 851 Dominica
2025 811 2182 862 rum,
2215 797 2317 869 qui
2348 798 2410 852 in
2439 800 2670 870 porticu
2693 801 2878 856 dictas
2900 805 3233 866 autumant,
3248 803 3398 857 ratio
3416 804 3674 874 estquod

258 889 328 945 In
361 888 556 944 media
573 887 812 960 liturgia
831 886 1051 942 dictam
1083 891 1360 958 putamus
1387 891 1664 942 :caateras
1678 902 1809 957 quas
1830 885 1916 942 fe-

257 978 509 1035 rialibus
539 976 752 1032 diebus
775 975 991 1032 habita)
1023 980 1164 1031 sunt
1191 974 1300 1031 sub
1329 991 1656 1048 vesperam.
1695 975 1912 1040 Quam-

251 1085 436 1144 quam
466 1074 672 1124 antem
694 1067 758 1123 in
785 1067 1245 1138 Quadragesima
1273 1067 1590 1122 conciones
1611 1066 1913 1121 interdum

251 1159 523 1232 quotidie
557 1157 712 1226 duas,
736 1157 927 1214 altera
955 1156 1459 1224 matutinishoris,
1484 1155 1670 1212 altera
1696 1155 1802 1210 sub
1816 1172 1914 1211 ve-

249 1264 488 1322 speram
514 1246 903 1316 haberentur;
935 1251 1002 1302 ut
1022 1261 1092 1302 ex
1125 1245 1386 1303 homiliis
1415 1245 1618 1301 Basilii
1637 1247 1695 1300 in
1736 1245 1913 1300 Hexa-

244 1353 493 1405 emeron,
519 1341 582 1393 et
595 1336 910 1392 nonnullis
924 1335 978 1390 S.
995 1335 1396 1408 Chrysostomi
1418 1339 1602 1407 patet:
1627 1339 1914 1390 consueta

245 1425 534 1484 omnibus
547 1425 671 1482 fere
687 1426 836 1481 locis
846 1424 1135 1481 habendas
1149 1425 1386 1497 synaxis
1399 1425 1548 1480 hora
1564 1428 1742 1479 erata
1754 1439 1914 1479 nona

243 1517 323 1574 ad
342 1521 890 1590 vesperam,seu,nt
908 1531 1224 1571 numerare
1248 1515 1572 1583 solemur,a
1594 1514 1767 1569 tertia
1778 1517 1914 1586 post

243 1606 571 1664 meridiem
599 1606 769 1661 hora.
803 1604 1168 1677 Epiphanius
1205 1605 1406 1675 Expos.
1438 1603 1589 1674 ﬁdei,
1628 1620 1794 1658 num.
1819 1605 1909 1670 22,

247 1697 350 1765 ait,
383 1711 646 1768 synaxes
677 1693 1222 1768 quadragesimales
1253 1693 1325 1750 ab
1355 1695 1503 1750 hora
1531 1710 1692 1749 nona
1720 1692 1793 1748 ad
1811 1708 1910 1747 ve-

245 1803 486 1861 speram
518 1803 714 1859 usque
746 1785 1036 1877 celebrari
1065 1785 1287 1877 solitas.
1316 1784 1631 1877 Palestina;
1652 1800 1720 1840 ac
1736 1784 1911 1857 Cypri
1945 1811 1992 1877 Β

244 1877 724 1934 consuetudines
754 1873 1431 1948 exprimebatJoannem
1443 1874 1913 1946 Chrysostonum

244 1967 584 2024 Antiochia;
598 1966 663 2021 in
675 1964 1137 2038 Qnadragesima
1157 1963 1585 2036 pomeridianis
1599 1964 1760 2018 horis
1774 1980 1911 2018 con.

244 2057 476 2130 cionari
507 2056 757 2112 solitum
787 2056 1045 2128 probant
1072 2055 1202 2128 ejus
1231 2055 1490 2110 homiliaa
1521 2053 1595 2109 ad
1625 2054 1912 2126 populum

245 2146 698 2203 Antiochennm
725 2162 887 2201 nona
918 2150 976 2200 et
1003 2145 1271 2210 decima;
1321 2160 1571 2216 quarum
1619 2143 1789 2198 initio
1816 2160 1913 2198 va-

243 2253 385 2292 nam
415 2252 631 2291 eorum
663 2233 1151 2307 superrtitionem
1181 2233 1356 2299 tollit,
1390 2233 1491 2304 qui
1513 2249 1649 2287 cum
1683 2249 1913 2306 praepe-

245 2325 452 2381 diente
473 2324 827 2381 inﬁrmitate
839 2340 961 2379 non
967 2323 1050 2396 jej
1059 2323 1542 2394 unarent,pransi
1557 2322 1630 2378 ad
1641 2321 1913 2392 synaxim

247 2421 305 2471 et
336 2413 716 2470 audiendum
745 2413 849 2469 Dei
878 2413 1121 2468 verbum
1168 2411 1448 2468 accedere
1489 2411 1908 2469 formidabant.

246 2504 411 2560 Idem
443 2509 649 2559 tamen
673 2501 923 2558 homilia
952 2500 1024 2556 de
1051 2499 1287 2556 diabolo
1317 2503 1634 2568 tentatore,
1665 2516 1831 2566 num,
1861 2503 1910 2568 1,

248 2613 385 2652 nov.
435 2594 583 2650 edit.
630 2599 775 2649 tom.
804 2594 873 2648 II.
906 2608 1038 2666 pag.
1090 2595 1214 2658 261,
1248 2589 1523 2647 meminit
1553 2591 1850 2647 sermonis
1879 2607 1914 2647 a

249 2703 314 2742 se
344 2691 488 2742 ante
521 2685 670 2742 duos
702 2684 832 2740 dies
863 2683 1172 2740 matutinis
1203 2681 1364 2738 horis
1395 2680 1582 2736 habiti
1613 2681 1687 2736 ad
1721 2680 1911 2752 bapti-

251 2775 576 2844 zandos,de
596 2773 1117 2830 abrenuntiatione
1137 2776 1196 2828 et
1213 2771 1488 2844 pactione
1506 2787 1641 2826 cum
1658 2769 1910 2826 Christo.

247 2866 345 2923 Ὃν
379 2864 475 2919 καὶ
504 2860 675 2928 hoc“
706 2863 847 2937 πρὸς
871 2858 998 2923 τοὺς
1061 2858 1628 2935 μυσταγωγουμένους
1687 2856 1910 2932 εἴπαμεν

252 2952 334 3010 ὅτι
391 2953 519 3027 περὶ
589 2952 872 3026 ἆποταγῆς
931 2949 1021 3005 καὶ
1078 2955 1343 3026 συνταγῆς
1409 2945 1770 3024 διελεγόμεθα
1825 2946 1914 3002 αὐ-

249 3046 386 3105 τοῖς.
425 3045 492 3100 In
525 3043 733 3099 eodem
767 3057 1040 3097 sermone
1072 3039 1364 3113 superius,
1391 3055 1452 3095 se
1476 3039 1604 3112 jam
1649 3037 1912 3095 secundo

253 3135 463 3192 eadem
494 3133 592 3189 die
635 3131 968 3188 orationem
1015 3129 1235 3186 habere
1279 3133 1725 3198 commemorat,
1776 3145 1911 3186 cum

2025 886 2467 944 catechumenis
2499 890 2561 944 in
2592 889 2905 946 ecclesiam
2938 891 3168 965 ingredi
3189 908 3309 946 non
3362 892 3532 958 licet;
3558 909 3676 964 qua

2021 992 2086 1030 re
2117 977 2317 1033 nescio
2349 995 2424 1034 an
2456 979 2784 1051 quidquam
2815 980 2932 1036 dici
2965 982 3154 1053 possit
3197 981 3488 1038 inscitius.
3530 984 3673 1037 Nam

2022 1067 2320 1133 omnibus,
2337 1069 2515 1124 etiam
2529 1069 2870 1142 gentilibus,
2893 1071 3110 1126 licebat
3132 1071 3192 1126 in
3212 1071 3461 1127 ecclesia
3474 1088 3672 1127 sacras

2019 1155 2309 1213 lectiones
2332 1163 2390 1213 et
2411 1160 2727 1215 conciones
2748 1160 2953 1216 audire
2983 1179 2994 1214 :
3021 1165 3248 1216 tantum
3268 1177 3302 1216 a
3321 1162 3506 1216 missa
3523 1161 3638 1216 fide
3654 1191 3670 1202 -

2021 1245 2168 1302 lium
2199 1247 2682 1304 excludebantur.
2716 1251 2779 1304 Id
2810 1251 3141 1306 innumeris
3173 1256 3474 1306 auctorem
3526 1251 3672 1306 locis

2020 1336 2257 1408 probari
2290 1343 2510 1409 posset,
2545 1339 2649 1394 sed
2679 1357 2864 1395 unum
2896 1340 3122 1395 adduco
3155 1357 3225 1395 ex
3254 1341 3471 1412 Cyrillo
3505 1341 3667 1396 testi-

2021 1427 2290 1482 monium
2317 1433 2540 1498 procat.
2573 1445 2739 1484 num.
2769 1432 2821 1497 4,
2855 1429 2916 1484 in
2949 1447 3086 1501 quo,
3120 1431 3168 1484 si
3197 1429 3490 1502 quisi‘orte
3516 1430 3673 1485 mala

2025 1515 2327 1571 voluntate
2351 1516 2613 1572 dedisset
2634 1517 2708 1573 ad
2729 1519 3090 1591 baptismum
3113 1536 3354 1588 nomen,
3378 1519 3669 1591 hortatur,

2023 1609 2090 1660 ut
2115 1621 2184 1660 ex
2213 1611 2531 1678 conspecto
2559 1613 2738 1662 castus
2771 1608 3153 1664 ecclesiastici
3181 1609 3390 1664 ordine
3421 1615 3479 1663 et
3507 1626 3672 1664 com-

2021 1695 2340 1766 positione,
2373 1697 2777 1753 assistentium
2806 1697 3116 1765 modestia,
3146 1698 3468 1753 lectionum
3502 1704 3559 1753 et
3579 1715 3674 1754 sa-

2022 1802 2256 1842 crarum
2291 1787 2759 1860 praaceptionum
2803 1787 3077 1844 ordinata
3123 1788 3296 1855 serie,
3340 1789 3674 1844 reverentia

2023 1879 2215 1931 tactus
2244 1876 2553 1932 meliorem
2586 1876 2856 1932 animum
2887 1882 3101 1933 sumat.
3135 1877 3504 1948 Captizandis
3535 1894 3670 1952 ergo

2023 1965 2217 2021 aditus
2244 1965 2496 2022 dabatur
2522 1966 2596 2021 ad
2623 1966 3076 2039 conspiciendas
3098 1983 3368 2037 synaxes.
3395 1970 3562 2023 Num.
3609 1971 3670 2023 15

2023 2055 2290 2128 ejusdem
2329 2056 2412 2112 ait
2446 2056 2686 2112 clausam
2733 2072 2840 2112 esse
2867 2056 3171 2125 ecclesiam,
3222 2073 3440 2128 eosque
3487 2073 3672 2114 omnes

2021 2147 2194 2201 intus.
2227 2147 2360 2201 Haec
2379 2145 2638 2218 porttcui
2660 2146 2885 2220 patenti
2915 2152 2975 2202 et
2993 2152 3211 2218 apertae
3243 2163 3484 2218 prorsus
3506 2165 3677 2218 repu-

2022 2240 2226 2308 gnant.
2259 2235 2632 2291 Probabilior
2659 2235 2808 2292 forte
2840 2235 3130 2291 videbitur
3160 2235 3347 2291 altera
3376 2236 3448 2291 de
3497 2238 3669 2292 vesti-

2021 2323 2164 2380 bulo
2194 2325 2525 2397 baptisterii
2557 2327 2874 2382 sententia.
2908 2325 3163 2399 Cyrillus
3195 2325 3266 2380 ab
3298 2325 3425 2398 ipso
3460 2343 3672 2398 proca-

2023 2414 2278 2470 techesis
2301 2414 2674 2481 initio,num.
2699 2417 2750 2483 1,
2773 2416 2898 2472 haac
2929 2415 3124 2471 habet:
3155 2420 3286 2472 Jam
3314 2414 3464 2471 circa
3514 2417 3670 2471 vesti-

2021 2505 2210 2560 bulum
2251 2506 2422 2574 reqiw
2475 2506 2833 2561 constitistis:
2886 2505 3044 2576 quod
3093 2523 3161 2560 ex
3207 2506 3337 2560 loco
3386 2505 3671 2577 parallelo

2022 2598 2136 2649 cat.
2171 2595 2257 2658 19,
2288 2609 2453 2648 num.
2488 2596 2541 2661 2,
2575 2593 2646 2649 de
2677 2594 2965 2650 vestibulo
2986 2594 3670 2668 baptisteriiintelligen-

2024 2679 2188 2735 dum.
2213 2682 2525 2752 Prmterea,
2559 2699 2689 2737 mos
2719 2683 2820 2738 ille
2851 2683 2912 2738 in
2935 2683 3205 2755 pluribus
3222 2683 3501 2738 Ecclesiis
3523 2689 3671 2748 erat,

2022 2774 2228 2826 utnon
2252 2771 2315 2826 in
2337 2771 2610 2841 ecclesia,
2629 2772 2731 2828 sed
2748 2773 2809 2827 in
2831 2772 3198 2844 baptisterio,
3215 2778 3316 2827 aut
3337 2773 3466 2844 ejus
3487 2773 3670 2828 vesti-

2022 2858 2163 2915 bulo
2186 2860 2521 2934 symbolum
2545 2860 2896 2918 traderetur.
2923 2863 3003 2916 De
3026 2861 3450 2918 Mediolanensi
3471 2862 3672 2916 Ambr.

2023 2948 2195 3022 epist.
2223 2953 2312 3013 20,
2371 2967 2534 3005 num.
2589 2953 2644 3018 4,
2676 2951 2801 3006 Post
2850 2949 3105 3006 lectiones
3159 2959 3321 3023 atque
3353 2955 3673 3020 tractatum,

2021 3039 2264 3095 dimissis
2307 3039 2734 3106 catechumenis,
2768 3039 3080 3111 symbolum
3131 3039 3412 3109 aliquibus
3467 3055 3674 3110 compe-

2027 3129 2267 3185 tentibus
2293 3127 2351 3183 in
2384 3127 2723 3200 baptisteriis
2750 3127 3031 3183 tradebam
3062 3127 3323 3183 basilica.
3355 3129 3436 3182 De
3469 3127 3674 3184 Orien-

253 3179 432 3281 illi};
455 3221 770 3279 matutinis
785 3219 948 3276 horis
970 3217 1369 3286 disseruisset,
1391 3179 1737 3274 Eratautem
1760 3219 1912 3284 Qua-
1941 3179 1991 3248 α
2029 3217 2245 3274 talibus
2264 3179 2620 3290 quibusdam
2639 3217 2986 3273 Anastasius
2999 3217 3222 3273 Sinaita
3235 3217 3678 3289 Anagogicarum

252 3315 610 3390 dragesima.
644 3315 718 3368 At
747 3311 1041 3368 nonnulla
1071 3310 1132 3366 in
1146 3309 1554 3366 catechesibus
1574 3309 1914 3382 Cyrillianis

253 3405 534 3462 serotinaa
554 3404 714 3459 horae
737 3405 1057 3458 occurrunt
1075 3399 1316 3456 indicia.
1346 3399 1659 3455 Familiare
1689 3400 1802 3472 ipsi
1826 3403 1916 3455 est

251 3496 319 3552 de
341 3497 510 3550 horae
544 3509 611 3549 ac
644 3491 930 3564 temporis
961 3489 1072 3546 sibi
1108 3488 1182 3545 ad
1212 3488 1532 3545 dicendum
1549 3488 1766 3561 reliqui
1804 3506 1910 3546 an-

250 3585 462 3660 gustiis
494 3581 807 3654 conqueri,
855 3579 943 3636 uti
991 3583 1104 3635 cat.
1152 3582 1205 3645 5,
1255 3595 1314 3633 n.
1364 3580 1453 3643 20,
1487 3582 1600 3634 cat.
1645 3578 1732 3645 13,
1763 3595 1823 3633 n.
1856 3579 1910 3648 8,

253 3692 364 3748 quo
397 3673 516 3730 loci
539 3671 614 3728 ab
643 3671 773 3743 ipso
795 3669 1082 3726 orationis
1105 3666 1347 3725 exordio
1366 3672 1616 3740 angusto
1645 3671 1911 3740 tempore

252 3763 442 3838 premi
473 3778 538 3818 se
571 3758 758 3816 semel
789 3763 848 3814 et
874 3759 1091 3814 iterum
1121 3756 1356 3829 repetit.
1402 3757 1550 3812 Item
1581 3773 1642 3811 n.
1675 3759 1764 3819 22,
1796 3761 1908 3812 cat.

323 3855 410 3920 14,
444 3868 508 3906 n.
539 3852 629 3918 2'1,
661 3853 773 3905 cat.
810 3850 897 3916 15,
926 3863 984 3902 n.
1020 3845 1225 3916 33,ubi
1255 3843 1735 3918 provectamjam
1755 3843 1912 3901 diem

254 3947 348 4011 ait,
385 3943 479 3998 διὰ
507 3940 574 3995 τὸ
602 3937 748 3995 πολῦ
774 3941 875 4002 τῆς
901 3937 1134 4012 ἡμέρας,
1167 3942 1280 3994 cat.
1316 3938 1402 4005 17,
1433 3953 1599 3994 num.
1633 3939 1721 3991 20.
1773 3938 1910 4003 Quae

254 4034 496 4107 quidem
521 4035 590 4086 ut
609 4029 917 4086 matutinis
938 4027 1100 4083 horis
1118 4028 1178 4082 in
1193 4026 1414 4100 jejunii
1441 4025 1649 4082 diebus
1661 4026 1907 4098 diceret,

253 4140 432 4180 causa
463 4120 633 4176 nulla
661 4118 843 4174 fuisse
879 4117 1131 4172 videtur.
1177 4116 1461 4172 Existimo
1505 4122 1639 4188 post
1664 4118 1909 4192 [CXXV]

253 4207 971 4278 catecheses,subsecutas
987 4206 1170 4262 fuisse
1185 4205 1318 4261 illas
1332 4205 1754 4278 Hierosolymis
1767 4224 1911 4263 con-

254 4307 454 4358 suetas
485 4299 560 4356 ad
591 4296 911 4370 vespertini
939 4295 1187 4352 luminis
1216 4295 1631 4352 accensionem
1678 4313 1908 4368 preces,

255 4390 324 4447 de
349 4389 574 4464 quibus
605 4387 875 4442 Socrates
904 4385 1005 4440 lib.
1032 4401 1063 4438 v
1095 4383 1322 4450 Histor.,
1354 4400 1481 4456 cap.
1513 4387 1602 4439 21.

322 4473 412 4528 34.
439 4471 519 4525 De
546 4468 677 4524 loco
699 4467 828 4539 jam
859 4465 1027 4520 nulla
1055 4464 1346 4521 dubitatio
1370 4481 1499 4520 esse
1520 4468 1737 4537 potest,
1761 4465 1907 4537 quin

2023 3310 2081 3364 in
2117 3307 2365 3364 Genesim
2392 3308 2918 3379 contemplationum
2951 3307 3054 3362 lib.
3085 3325 3157 3375 ιν,
3191 3306 3466 3362 sacerdos
3496 3323 3586 3363 eos
3614 3309 3673 3362 in

2021 3397 2325 3465 vestibulis,
2359 3397 2576 3468 inquit,
2600 3396 2869 3454 catechesi
2890 3397 3082 3453 inz'tiat
3108 3404 3160 3453 et
3184 3399 3436 3468 insufﬂat
3455 3406 3676 3454 ventum

2023 3489 2121 3560 qui
2147 3485 2396 3558 expellat
2442 3486 2734 3553 daemones,
2765 3486 2862 3558 qui
2919 3487 3174 3542 habitant
3214 3488 3272 3542 in
3319 3487 3674 3556 generatione

2017 3576 2230 3650 peccati
2251 3593 2264 3632 :
2283 3575 2525 3632 demum
2550 3577 2613 3630 in
2635 3575 2845 3631 eodem
2861 3582 3154 3632 conventu
3181 3581 3343 3648 patet
3369 3577 3674 3650 Hirosoly-

2021 3667 2136 3720 mis
2166 3664 2495 3720 celebratos
2511 3665 2694 3721 fuisse
2709 3667 3068 3722 exorcismos
3090 3671 3147 3721 et
3172 3667 3675 3740 catecheses,pro-

2021 3760 2133 3810 cat.
2167 3771 2333 3810 num.
2372 3756 2453 3809 14.
2504 3755 2649 3810 Cum
2679 3772 2814 3811 vero
2869 3755 2929 3810 in
2960 3755 3168 3811 eadem
3211 3756 3462 3812 ecclesia
3503 3756 3677 3812 abre-

2020 3843 2428 3901 nuntiationes
2450 3849 2588 3900 ante
2609 3843 2970 3916 baptismum
2985 3844 3170 3900 factas
3183 3845 3488 3900 constetin
3506 3849 3676 3902 vesti-

2017 3934 2160 3991 bulo
2190 3933 2520 4006 baptisterii
2565 3951 2636 3990 ex
2665 3941 2776 3990 cat.
2813 3937 2897 4003 19,
2930 3950 3096 3988 num.
3146 3937 3198 4002 2,
3232 3934 3389 3989 idem
3438 3952 3673 4008 quoque

2019 4023 2092 4080 de
2125 4023 2471 4080 exorcismis
2496 4029 2617 4080 toto
2667 4023 3139 4096 Quadragesimaa
3188 4029 3454 4096 tempore
3501 4023 3671 4082 factis

2019 4113 2481 4170 existimandum
2494 4113 2742 4169 videtur.
2760 4113 2917 4168 Nihil
2944 4113 3148 4169 isthaac
3168 4114 3506 4170 necessario
3528 4131 3674 4170 con-

2019 4201 2287 4257 cludunt.
2324 4202 2509 4258 Locus
2541 4219 2612 4258 ex
2640 4203 3045 4274 procatechesi
3071 4219 3233 4258 num.
3261 4207 3311 4269 1,
3344 4203 3668 4261 nihilaliud

2015 4291 2167 4347 forte
2199 4297 2289 4348 est
2316 4297 2532 4365 praeter
2550 4293 3001 4350 translationem
3028 4309 3095 4349 ac
3117 4294 3672 4366 metaphoram,qua

2017 4382 2313 4453 significat
2337 4388 2544 4439 auctor
2572 4383 2952 4456 baptizandos
2974 4384 3126 4440 datis
3149 4384 3494 4440 nominibus
3516 4383 3674 4440 velut

2017 4473 2078 4527 in
2110 4471 2440 4545 baptisterii
2471 4473 2828 4530 vestibulum
2859 4475 3250 4540 introductos,
3283 4490 3404 4529 uno
3436 4479 3666 4531 tantum

253 4561 312 4617 in
341 4556 822 4616 Besnrrectionis
850 4554 1114 4610 Ecclesia
1142 4554 1614 4626 pronuntiaverit
1655 4553 1908 4626 Cyrillus
1937 4548 1986 4618 D
2015 4560 2200 4635 gradu
2231 4561 2302 4618 ab
2326 4563 2452 4634 ipso
2487 4563 2749 4634 [CXXVI]
2781 4563 3129 4635 baptisteria
3160 4579 3227 4618 ac
3247 4562 3542 4634 baptismo
3577 4583 3665 4622 se.

253 4666 462 4707 omnes
492 4647 854 4705 catecheses.
887 4646 1207 4700 lnnumera
1237 4643 1415 4714 hujus
1447 4643 1532 4698 rei
1563 4642 1907 4700 testimonia

253 4739 435 4798 ﬁdem
486 4736 735 4804 faciunt,
767 4749 1023 4806 quorum
1070 4731 1332 4803 aliquam
1392 4737 1621 4804 partem
1656 4731 1908 4805 produxi

252 4827 434 4901 hujus
482 4823 919 4882 dissertationis
967 4821 1160 4895 capite
1190 4823 1244 4890 2,
1286 4838 1450 4878 num.
1497 4825 1529 4876 9
1560 4821 1668 4877 sub
1701 4823 1904 4878 finem.

253 4919 309 4974 Si
341 4932 480 4990 qua,
513 4920 663 4974 teste
693 4912 913 4986 Cyrillo
945 4912 1094 4985 ipso,
1152 4915 1318 4968 extra
1346 4910 1658 4968 ecclesiam
1691 4914 1908 4970 Resur-

251 5006 537 5064 rectionis
565 5003 841 5062 habenda
877 5001 1090 5058 fuisset
1116 5001 1465 5067 catechesis,
1513 5001 1644 5057 dum
1688 5002 1806 5059 illae
1837 5021 1907 5060 ex

253 5095 523 5152 omnium
544 5092 692 5149 forte
717 5090 1081 5163 excipienda;
1093 5089 1434 5159 fuissent,in
1456 5090 1672 5162 quibus
1690 5091 1760 5148 de
1777 5092 1908 5164 Spi-

253 5186 371 5241 ritu
402 5187 608 5240 sancto
639 5181 973 5248 disseritur;
1007 5195 1174 5251 quas,
1207 5184 1273 5234 ut
1300 5179 1402 5248 ait,
1434 5178 1645 5235 decere
1666 5180 1905 5238 videba-

255 5280 368 5343 tur,
399 5279 466 5330 ut
494 5273 557 5328 in
589 5270 897 5344 superiore
922 5268 1338 5341 Apostolorum
1374 5269 1596 5325 montis
1627 5269 1763 5326 Sion
1812 5289 1904 5328 ec-

255 5364 434 5421 clesia
472 5362 837 5428 dicerentur,
869 5374 1000 5430 quae
1039 5357 1290 5430 Spiritus
1320 5359 1508 5414 sancti
1537 5359 1598 5413 in
1630 5359 1724 5415 die
1755 5361 1905 5416 Pen-

255 5459 507 5511 tecostes
521 5451 817 5507 descensu
839 5453 1182 5505 consecrata
1200 5453 1344 5505 erat.
1365 5450 1437 5503 At
1453 5465 1584 5504 eam
1614 5450 1907 5507 rationem

255 5545 390 5601 satis
421 5542 709 5600 idoneam
756 5538 942 5594 fuisse
990 5543 1182 5613 negat,
1231 5541 1298 5593 ut
1340 5555 1507 5595 suam
1551 5540 1613 5595 in
1658 5541 1908 5598 ecclesia

253 5640 468 5718 montis
485 5633 797 5710 Golgothm
821 5629 1058 5689 dicendi
1080 5630 1576 5691 consuetudinem
1595 5637 1910 5708 propterea

2015 4656 2272 4723 paratos.
2304 4651 2360 4705 Si
2394 4651 2536 4722 quid
2561 4652 2880 4721 concludit,
2914 4651 3060 4707 illud
3083 4652 3388 4708 concludit
3408 4653 3483 4708 ad
3506 4670 3665 4710 sum-

2014 4757 2204 4808 mum,
2235 4740 2297 4796 in
2325 4740 2683 4797 vestibulum
2703 4741 2852 4798 illud
2882 4741 2955 4796 ad
2988 4741 3668 4813 scribendajnominain-

2013 4847 2247 4904 gressos
2271 4846 2440 4888 :nam
2462 4831 2524 4886 in
2544 4831 2674 4902 ipsa
2685 4831 2938 4888 ecclesia
2955 4831 3401 4902 procatechesin
3422 4831 3666 4902 dictam,

2014 4920 2268 4976 adducta
2296 4919 2472 4993 paulo
2501 4925 2639 4976 ante
2676 4920 3018 4976 testimonia
3053 4921 3447 4978 certissimam
3488 4921 3668 4978 ﬁdem

2012 5009 2256 5066 faciunt.
2289 5009 2854 5066 Abrenuntiationes
2876 5010 3292 5082 hierosolymis
3313 5016 3450 5068 ante
3470 5011 3668 5086 bapti-

2014 5116 2210 5156 smum
2245 5099 2305 5154 in
2337 5099 2667 5171 baptisterii
2716 5099 3004 5155 vestibulo
3046 5101 3232 5158 factas
3279 5119 3400 5158 non
3431 5103 3664 5159 dubita-

2014 5206 2169 5258 mus,
2202 5193 2262 5243 at
2290 5188 2650 5244 exorcismos
2671 5187 3212 5262 quadragesimales
3241 5191 3303 5246 in
3334 5191 3463 5264 ipsa
3483 5193 3666 5250 eccle-

2015 5279 2104 5336 sia
2133 5277 2484 5346 celebratos,
2508 5278 2674 5332 testis
2696 5278 2821 5350 ipse
2852 5280 3103 5351 Cyrillus
3123 5286 3348 5352 procat.
3381 5299 3544 5338 num.
3574 5285 3661 5352 14,

2015 5369 2118 5441 qui
2141 5368 2606 5424 exorcismorum
2625 5373 2887 5440 tempore
2901 5369 3464 5443 jubetbaptizandos
3478 5373 3662 5428 silen-

2014 5458 2096 5514 tio
2129 5457 2333 5512 sedere
2366 5456 2426 5513 in
2457 5457 2710 5512 ecclesia
2739 5457 2959 5523 clausa,
2992 5459 3146 5516 viros
3177 5461 3427 5517 seorsim
3462 5480 3496 5518 a
3531 5479 3663 5518 mu-

2014 5546 2299 5617 lieribus;
2333 5545 2630 5620 quomodo
2662 5547 2722 5602 in
2754 5563 2890 5604 arca
2919 5548 3121 5605 clausa
3150 5556 3321 5606 erant
3349 5553 3468 5606 Noe
3483 5549 3659 5606 etfilii

2018 5654 2090 5718 ex
2119 5653 2238 5710 una
2265 5643 2455 5716 parte,
2480 5641 2539 5696 et
2567 5642 2956 5712 utrorumque
2985 5655 3197 5700 uxores
3223 5657 3294 5696 ex
3321 5639 3658 5720 altara.Nec
