4090 6268
361 316 479 378 159

1436 314 1538 375 DE
1581 309 2174 374 CATECHESIBUS
2217 310 2279 370 S.
2329 309 2660 370 CYRILLI.

3660 313 3777 376 160

359 449 679 524 peculiaris
700 449 1124 522 Hierosolymis
1155 455 1283 507 erat
1302 466 1466 518 usus,
1485 455 1552 506 ut
1571 449 2006 520 exorcismipu-
2041 447 2088 511 Α
2124 462 2260 500 nem
2289 461 2623 501 sermonem
2656 444 2977 500 convertit:
3003 444 3276 516 quinimo
3309 445 3381 501 ab
3405 446 3532 519 ipso
3555 450 3776 505 oratio-

359 541 514 597 blice
545 541 606 595 in
637 540 892 596 ecclesia
920 539 1299 596 haberentur.
1341 541 1561 596 Eodem
1604 538 1779 595 modo
1805 539 1866 592 in
1897 540 2014 592 Ro-

361 646 540 686 mana
559 629 820 684 Ecclesia
851 629 1073 684 flebant
1093 631 1400 696 scrutinia,
1424 631 1511 684 uti
1542 629 1820 684 Ecclesiae
1835 626 2016 696 hujus

361 721 553 774 varios
583 718 822 774 ordines
852 717 1192 790 inspicienti
1224 725 1405 790 patet.
1439 718 1602 773 Idem
1636 733 1872 788 quoque
1889 732 2014 770 mos

362 807 641 864 Ecclesiaa
672 807 982 872 Africanas,
1034 812 1182 862 teste
1230 814 1471 863 auctore
1522 807 1657 862 libri
1689 824 1726 860 ιι
1768 807 1840 860 De
1867 821 2014 875 sym-

365 898 482 953 bolo
508 896 576 950 ad
598 897 1032 963 catechumenos,
1054 913 1220 952 num.
1246 896 1457 968 1,apud
1483 898 1723 967 August.
1750 901 1896 948 tom.
1920 894 2010 953 VI,

362 1003 495 1058 pag.
528 987 651 1040 555.
687 1007 716 1036 ‹‹
741 985 891 1050 Quid
915 991 1004 1040 est
1025 985 1184 1056 quod
1205 985 1267 1040 in
1290 986 1400 1041 hac
1423 989 1597 1040 nocte
1620 985 1776 1039 circa
1792 1001 1895 1037 vos
1917 998 2012 1037 ac-

370 1082 527 1130 etum
542 1074 965 1129 est?utexlocis
978 1075 1221 1129 secretis
1234 1075 1449 1147 singuli
1463 1073 1938 1146 produceremini
1953 1074 2015 1127 in

371 1169 721 1235 «conspectu
735 1164 914 1218 totius
928 1164 1224 1231 Ecclesia,
1242 1164 1442 1235 ibique
1457 1164 1682 1220 cervice
1699 1163 1862 1217 humi
1875 1163 2014 1218 liata

365 1257 462 1311 «in
477 1255 810 1310 humilitate
827 1255 1266 1326 pedum,cilicio
1283 1255 1670 1317 substrato,in
1686 1254 1848 1308 vobis
1863 1253 2013 1308 cele-

364 1345 675 1400 «braretur
688 1360 995 1409 examen,»
1010 1344 1426 1414 etc.Quidquid
1442 1344 1517 1398 sit
1535 1343 1606 1398 de
1621 1342 1887 1397 Ecclesia
1902 1344 2020 1396 Me-

367 1434 568 1489 diolan
577 1434 700 1488 ensi
717 1433 916 1504 illisqu
925 1433 1639 1504 e0rienta1ibus,quarum
1650 1449 1824 1487 usum
1839 1431 2021 1502 respi-

368 1523 821 1589 citAnastasius,
848 1522 948 1592 qui
971 1521 1211 1593 quidem
1235 1539 1355 1576 non
1379 1527 1696 1578 consuetos
1709 1525 2017 1593 pertotum

367 1611 844 1683 Quadragesimaa
894 1611 1152 1681 spatium
1193 1611 1575 1678 exorcismos,
1624 1610 1725 1665 sed
1771 1609 2018 1681 prtevios

363 1700 662 1772 baptismo
695 1699 981 1755 duntaxat
1008 1700 1231 1755 referre
1262 1699 1513 1768 videtur;
1548 1704 1781 1755 constat
1802 1700 1861 1752 in
1885 1697 2017 1753 aliis

367 1789 575 1881 multis
596 1788 874 1881 Ecclesiis
898 1788 1234 1881 symbolum
1264 1789 1325 1844 in
1345 1790 1474 1860 ipsa
1500 1789 1751 1844 ecclesia
1780 1787 2015 1881 publice
2051 1817 2094 1881 Β

371 1880 652 1936 traditum
665 1879 746 1934 fui
756 1879 939 1934 sse.ld
953 1879 1296 1935 deRomana
1310 1884 1538 1934 certum
1552 1896 1621 1934 ex
1635 1878 1917 1933 Romanis
1931 1894 2020 1933 or-

369 1971 640 2036 dinibus;
669 1969 738 2024 de
762 1969 1065 2025 Gallicana
1085 1987 1154 2025 ex
1178 1970 1447 2042 ejusdem
1470 1968 1948 2025 sacramentariis
1967 1972 2024 2021 et

370 2058 715 2116 missalibus
763 2058 1063 2130 antiquis;
1093 2059 1166 2114 de
1216 2059 1492 2113 Africana
1522 2075 1592 2113 ex
1622 2057 1934 2130 Augustini
1967 2062 2024 2111 et

371 2149 784 2204 Africanorum
804 2147 1182 2204 sermonibus
1199 2147 1272 2203 ad
1295 2152 1701 2219 competentes
1722 2147 1876 2201 inter
1909 2148 2022 2200 Au-

372 2238 592 2311 gustini
619 2254 800 2308 opera
830 2238 972 2292 etin
1019 2237 1450 2308 appendicibus
1505 2239 1655 2309 ejus,
1707 2236 1919 2292 editis:
1951 2235 2022 2290 de

372 2327 1028 2399 Constantinopolitana
1058 2344 1128 2382 ex
1154 2327 1460 2383 Theodoro
1508 2327 1753 2390 lectore,
1789 2326 1928 2380 Hist.
1963 2343 2021 2396 p.

369 2419 494 2473 463.
528 2417 641 2472 Sed
667 2423 734 2472 ut
761 2417 834 2471 ad
865 2417 1188 2473 Ecclesiam
1205 2417 1806 2490 Hierosolymitanam
1827 2415 2025 2472 venia-

371 2522 526 2572 mus,
559 2506 642 2560 ita
670 2505 936 2576 loquitur
975 2508 1233 2564 Joannes
1263 2507 1467 2578 Cyrilli
1514 2522 1823 2562 successor
1870 2503 2025 2576 apud

375 2595 800 2666 Hieronymum
818 2595 990 2664 epist.
1017 2597 1104 2659 38,
1130 2612 1260 2650 nov.
1285 2597 1400 2650 ed.:
1426 2618 1454 2644 ‹‹
1479 2595 1855 2650 Consuetudo
1872 2592 2029 2665 apud

378 2700 518 2738 unos
532 2682 869 2738 istiusmodi
885 2689 1063 2750 est,ut
1077 2684 1149 2738 iis
1163 2684 1262 2754 qui
1276 2683 1606 2755 baptizandi
1623 2688 1763 2738 sunt
1773 2699 1879 2754 per
1891 2699 2031 2753 qua-

381 2794 402 2820 ι
428 2772 702 2843 draginta
731 2771 859 2826 dies
887 2772 1124 2844 publice
1153 2773 1458 2828 tradamus
1485 2778 1753 2828 sanctam
1775 2772 2031 2826 Trinita-

374 2860 1027 2932 «tem.-ldemloquens
1041 2862 1112 2918 de
1133 2863 1429 2918 catechesi
1447 2879 1481 2918 a
1502 2880 1564 2918 se
1581 2861 1781 2917 habita
1802 2861 1873 2916 de
1896 2860 2029 2915 uni-

372 2951 558 3006 versis
571 2950 792 3006 nostris
807 2950 1180 3023 dogmatibus
1198 2951 1533 3023 Cyrillianaa
1547 2956 1773 3022 quartae
1797 2950 1950 3005 simil
1962 2949 2029 3004 li-

376 3057 492 3103 ma,
514 3041 738 3095 aiteam
758 3057 820 3095 se
850 3042 1269 3111 pronuntiasse
1286 3041 1542 3096 audiente
1563 3040 1620 3097 S.
1657 3039 1964 3110 Epiphanio
1979 3045 2032 3094 et

371 3132 636 3186 universa
660 3130 922 3196 Ecclesia,
951 3130 1205 3201 Cyrillus
1235 3131 1362 3201 ipse
1387 3148 1448 3186 se
1473 3131 1534 3184 in
1558 3127 1754 3184 media
1771 3127 2024 3183 ecclesia

374 3218 847 3273 Resurrectionis
878 3217 1074 3273 dicere
1106 3219 1398 3290 signiﬁcat
1436 3217 1710 3290 plurimis
1759 3218 1819 3271 in
1852 3217 2018 3286 locis,

373 3306 537 3361 verbi
569 3306 776 3378 gratia,
806 3312 916 3361 cat.
963 3309 1028 3360 14
1069 3324 1230 3361 num.
1269 3309 1370 3362 14ε
1407 3308 1587 3374 Huius
1625 3307 1892 3376 temporis
1918 3305 2023 3359 im-

376 3399 656 3465 peratores
684 3401 934 3449 sanctam
962 3394 1104 3450 hanc
1132 3397 1192 3450 in
1225 3412 1334 3466 qua
1375 3411 1564 3450 sumus
1596 3393 2026 3450 Resurrectionis

376 3485 659 3540 ecclesiam
691 3494 921 3554 argento
948 3485 1231 3540 inductam
1258 3489 1314 3540 et
1343 3503 1480 3540 auro
1499 3486 1682 3556 infuso
1711 3483 2026 3539 distinctam

375 3577 794 3641 exstruxerunt,
827 3579 938 3628 etc.
967 3590 979 3640 ;
1014 3578 1072 3628 et
1100 3591 1159 3628 n.
1193 3577 1299 3628 22:
1335 3574 1521 3629 Islth
1549 3575 1790 3628 ecclesia
1811 3577 2022 3630 sancta

377 3663 588 3726 domus,
621 3665 689 3717 ab
723 3664 1051 3733 imperatore
1081 3662 1430 3718 Constantino
1456 3680 1528 3718 ea:
1557 3678 1820 3734 propenso
1840 3678 2026 3718 amore

380 3751 584 3807 Christi
609 3751 900 3822 aediﬁcata.
933 3756 985 3807 et
1013 3760 1074 3807 ut
1100 3755 1280 3807 cernis
1303 3755 1383 3806 ita
1429 3755 1719 3808 exornata.
1755 3750 1919 3816 Quod
1953 3751 2027 3806 ad

379 3842 720 3897 catecheses
745 3843 1170 3915 mystagogicas
1191 3858 1312 3897 non
1335 3842 1397 3895 in
1416 3841 1544 3912 ipsa
1558 3840 2026 3896 Resurrectionis

381 3931 499 3986 sive
533 3930 760 3986 Sanctaa
790 3931 993 3986 Crucis
1025 3931 1290 3996 basilica,
1326 3930 1428 3985 sed
1455 3929 1528 3985 ad
1573 3935 2025 3985 monumentum

381 4021 616 4076 Domini
646 4021 708 4075 in
740 4021 868 4091 ipso
899 4021 1095 4076 Sancti
1126 4020 1392 4092 Sepulcri
1426 4019 1664 4086 sacello,
1699 4019 1858 4090 quod
1880 4022 2028 4074 Ana-

379 4108 554 4164 stasis
584 4108 911 4174 dicebatur,
928 4109 1324 4180 pronuntiata:
1339 4112 1496 4177 sunt,
1513 4125 1583 4163 ex
1608 4113 1719 4164 cat.
1747 4110 1833 4176 l8,
1859 4125 2025 4162 num.

378 4200 467 4268 33,
503 4204 561 4254 et
589 4205 701 4254 cat.
738 4202 832 4262 20,
862 4216 922 4253 n.
958 4200 991 4252 4
1025 4204 1083 4254 et
1113 4203 1166 4252 "l.

448 4291 535 4342 35.
567 4289 694 4343 Jam
723 4293 790 4342 ut
815 4286 887 4342 de
919 4293 1041 4342 tota
1081 4287 1580 4342 catecheticorum
1629 4293 2027 4342 conventuum

375 4376 569 4432 forma
598 4376 867 4432 dicamus
891 4394 904 4442 ;
937 4375 1196 4447 primum
1227 4375 1610 4431 observamus
1631 4394 1750 4431 non
1775 4377 1932 4432 solos
1956 4377 2026 4430 il-

377 4466 454 4522 lis
481 4466 821 4521 interfuisse
847 4465 1247 4536 baptizandos,
1269 4481 1474 4520 verum
1502 4466 1678 4521 etiam
1701 4483 1910 4521 omnes
1932 4483 2030 4520 or-

2123 537 2217 590 nis
2250 535 2415 589 initio
2448 536 2561 589 tria
2591 534 2928 590 auditorum
2959 552 3178 608 genera
3207 535 3362 591 facta
3382 536 3779 595 videturcom-

2123 625 2369 697 pellare,
2402 624 2753 696 virginitatis
2784 625 3174 696 professores,
3209 626 3414 682 ﬁdeles
3447 645 3656 683 omnes
3683 627 3781 685 ba-

2125 714 2388 786 ptizatos,
2422 730 2628 768 omnes
2659 714 2872 769 deinde
2906 714 3227 769 auditores.
3262 716 3384 771 Cat.
3419 719 3473 782 4,
3507 735 3565 772 ιι.
3600 721 3652 785 3,
3675 718 3780 774 ba-

2123 803 2368 874 ptizatos
2389 819 2631 858 exorare
2653 803 2901 865 videtur,
2923 809 2990 858 ut
3008 806 3513 862 accommodatam
3533 809 3780 864 rudibus

2126 897 2184 947 et
2213 892 2496 947 doctrinae
2511 898 2727 947 nostrze
2741 894 3033 964 imperitis
3047 895 3377 950 orationem
3391 914 3561 967 aequo
3577 899 3781 953 animo

2125 981 2386 1036 audiant.
2420 982 2541 1037 Cat.
2575 985 2659 1049 15,
2693 999 2752 1037 ιι.
2793 983 2964 1051 18,iis
2995 984 3094 1052 qui
3126 983 3276 1039 alios
3306 987 3787 1056 percatechesim

2124 1089 2380 1146 genuere
2413 1072 2809 1142 commendat,
2841 1078 2909 1127 ut
2938 1073 3277 1145 spirituales
3309 1077 3462 1130 filios
3494 1077 3565 1131 de
3613 1079 3789 1133 Anti-

2125 1161 2347 1218 christo
2369 1161 2686 1234 diligenter
2717 1162 3012 1216 erudiant.
3048 1166 3173 1218 Non
3205 1164 3307 1219 alii
3339 1170 3555 1236 praeter
3593 1167 3788 1238 bapti-

2125 1255 2280 1305 zatos
2313 1250 2567 1305 aliorum
2599 1251 2816 1320 patrini
2844 1267 2855 1304 :
2889 1268 2999 1306 nec
3016 1252 3150 1307 aliis
3172 1254 3793 1326 Evangeliumpriedi-

2127 1357 2259 1396 care
2293 1340 2582 1412 permittit
2610 1346 2722 1395 cat.
2756 1343 2808 1411 3,
2851 1359 2910 1396 ιι.
2948 1343 3031 1395 13.
3080 1343 3291 1399 Clausa
3336 1350 3462 1400 erat
3509 1347 3784 1414 ecclesia,

2126 1434 2350 1501 procat,
2384 1446 2443 1482 ιι.
2482 1430 2566 1494 14,
2601 1429 2943 1500 exclusique
2987 1431 3300 1502 diligenter
3349 1434 3784 1503 catechumeni,

2127 1535 2205 1574 ne
2235 1518 2377 1589 quid
2409 1517 2481 1573 de
2511 1518 2834 1589 gentilibus
2867 1519 3060 1575 dicam
3087 1540 3101 1587 ;
3135 1525 3248 1576 cat.
3281 1523 3336 1587 ϐ,
3379 1539 3436 1578 n.
3471 1527 3560 1592 29,
3594 1525 3781 1580 eccle-

2127 1610 2228 1664 siaa
2260 1609 2418 1665 fores
2449 1625 2580 1680 quas
2610 1609 2682 1664 ad
2713 1609 2921 1664 urbem
2952 1611 3350 1681 pertinebant,
3375 1614 3641 1670 occlusas
3661 1631 3786 1670 cer-

2124 1704 2272 1754 tum.
2304 1702 2413 1752 Eas
2445 1704 2644 1753 tamen
2677 1715 2807 1769 quae
2834 1699 2909 1754 ad
2932 1706 3202 1755 sanctum
3234 1702 3572 1772 sequlcrum
3597 1704 3785 1775 respi-

2125 1788 2378 1855 ciebant,
2414 1804 2444 1841 e
2476 1787 2691 1858 quibus
2721 1789 2924 1860 templi
2958 1790 3170 1844 veteris
3202 1791 3410 1858 ruinas,
3443 1809 3616 1847 mons
3656 1793 3781 1849 Oli-

2125 1895 2350 1944 varum,
2384 1895 2558 1932 mons
2607 1878 2945 1950 Golgothas,
2990 1895 3057 1934 ac
3097 1881 3308 1936 veteris
3360 1881 3785 1954 Hierosolyma)

2125 1969 2345 2024 rudera
2383 1966 2648 2038 conspici
2698 1972 2992 2039 poterant,
3046 1973 3317 2040 patentes
3360 1971 3598 2027 relictas
3629 1989 3785 2039 esse,

2129 2057 2384 2113 suadent
2410 2057 2584 2128 plura
2626 2057 2989 2126 testimonia,
3036 2059 3096 2112 in
3130 2058 3344 2129 quibus
3378 2059 3502 2114 haec
3528 2061 3786 2132 prapriis

2127 2147 2316 2203 oculis
2348 2145 2734 2217 contemplari
2760 2145 2931 2216 jubet
2958 2146 3277 2213 auditores,
3310 2153 3420 2202 cat.
3461 2149 3545 2214 13,
3600 2166 3659 2203 ιι.
3692 2152 3788 2204 23.

2131 2235 2305 2303 Vides,
2329 2236 2543 2306 inquit,
2567 2235 2744 2290 locum
2775 2234 3076 2304 Golgotluz.
3111 2236 3323 2292 Secuta
3355 2242 3444 2292 est
3471 2239 3776 2294 acclama-

2129 2327 2209 2380 tio
2224 2325 2562 2381 auditorum
2577 2325 3055 2380 assentientium.
3081 2326 3433 2381 Catechetici
3450 2333 3776 2385 conventus

2130 2415 2450 2486 aliquando
2477 2414 2620 2469 satis
2651 2414 2886 2486 prolixi,
2921 2420 2979 2469 et
3007 2416 3066 2470 in
3098 2415 3349 2471 multam
3381 2417 3540 2472 diem
3579 2417 3778 2473 conti-

2129 2505 2319 2572 nuati,
2346 2509 2411 2558 ut
2437 2504 2692 2560 vidimus
2725 2521 2782 2558 n.
2817 2506 2903 2557 33.
2958 2504 3043 2558 Ab
3075 2504 3202 2575 ipso
3244 2506 3604 2577 quandoque
3653 2524 3786 2563 ora-

2132 2595 2313 2650 tionis
2345 2593 2586 2649 exordio
2619 2593 2825 2648 deesse
2859 2593 2970 2647 sibi
2994 2599 3228 2665 tempus
3251 2597 3641 2666 conqueritnr
3668 2601 3782 2652 cat.

2135 2685 2219 2751 13,
2254 2701 2311 2738 n.
2348 2685 2400 2748 8,
2433 2682 2590 2754 quod
2622 2699 2742 2737 non
2769 2683 2830 2736 in
2861 2682 3261 2753 prolixitatem
3284 2683 3560 2739 lectionis
3578 2686 3785 2740 refun-

2132 2774 2206 2830 do
2232 2791 2246 2840 ;
2282 2773 2384 2827 sed
2415 2774 2476 2827 in
2509 2771 2892 2838 exorcismos,
2917 2788 2950 2825 a
2980 2772 3196 2841 quibus
3216 2773 3477 2829 inchoati
3505 2774 3783 2830 videntur

2132 2864 2230 2919 isti
2263 2867 2606 2917 conventus.
2642 2862 2766 2914 Non
2799 2860 3214 2916 afﬁrmaverim
3240 2863 3411 2917 toties
3429 2863 3790 2918 dictascate—

2135 2955 2361 3019 cheses,
2395 2951 2626 3021 quoties
2658 2950 2964 3004 exorcismi
2996 2951 3296 3006 celebrati.
3331 2955 3454 3006 Imo
3485 2970 3620 3007 vero
3649 2954 3791 3024 plu-

2133 3059 2229 3097 res
2261 3046 2314 3096 et
2351 3039 2792 3096 numerosiores
2831 3041 3194 3096 exorcismos
3241 3041 3424 3097 fuisse
3473 3059 3791 3098 concesse-

2135 3134 2289 3194 rim;
2324 3131 2395 3185 de
2429 3129 2642 3201 quibus
2675 3129 2735 3182 in
2773 3129 3146 3185 Clementina
3192 3131 3341 3184 hom.
3386 3132 3440 3195 3,
3489 3149 3652 3186 num.
3691 3135 3782 3200 73,

2137 3221 2352 3278 dicitur
2382 3219 2456 3274 ad
2486 3217 2887 3288 baptizandos,
2928 3218 3048 3270 καθ’
3099 3218 3307 3293 ἡμέραν
3361 3224 3784 3293 χειροθετεῖσθε,

2130 3310 2368 3378 singulis
2417 3308 2606 3362 diebus
2665 3324 2864 3362 manus
2921 3307 3333 3378 impositionem
3381 3311 3653 3380 suscipite.
3708 3312 3788 3366 At

2133 3399 2493 3455 exorcismos
2524 3401 2581 3451 et
2610 3397 2949 3452 catecheses
3000 3413 3155 3468 saepe
3205 3399 3556 3470 conjunctos
3597 3399 3781 3456 fuisse

2135 3489 2312 3544 ﬁdem
2344 3487 2571 3542 faciunt
2599 3486 2806 3541 Latina
2827 3487 3132 3548 scrutinia,
3162 3494 3219 3542 et
3239 3494 3498 3544 veterum
3520 3489 3783 3545 testimo-

2134 3579 2255 3634 nia.
2289 3578 2455 3632 Certe
2489 3576 2910 3647 Hierosolymis
2957 3581 3093 3632 ante
3138 3578 3588 3648 procatechesin
3617 3595 3790 3634 exor-

2136 3668 2354 3723 cismos
2385 3670 2771 3736 susceperant
2790 3665 3113 3731 auditores,
3139 3666 3298 3736 quod
3326 3671 3558 3722 constat
3587 3684 3657 3722 ex
3677 3668 3790 3722 hu-

2131 3759 2230 3828 jus
2260 3755 2545 3811 orationis
2577 3772 2634 3809 n.
2668 3757 2720 3808 9.
2756 3756 2819 3808 In
2845 3754 3055 3809 eadem
3080 3755 3346 3811 Ecclesia
3368 3757 3788 3827 praecedebant

2138 3844 2451 3902 exnrcismi
2476 3844 2995 3906 catechesimcum
3023 3861 3092 3897 ex
3113 3843 3243 3899 loco
3268 3862 3406 3899 mox
3429 3845 3629 3912 citato,
3662 3850 3789 3901 tum

2138 3953 2204 3990 ex
2231 3935 2346 3990 alio
2369 3951 2534 3988 num.
2563 3936 2648 3998 13,
2683 3934 2782 3987 ubi
2815 3933 3146 4004 praescribit
3175 3934 3318 4005 quid
3343 3934 3682 3990 faciendum
3715 3935 3790 3992 iis

2138 4025 2235 4095 qui
2269 4030 2404 4078 ante
2435 4023 2641 4077 horam
2658 4023 3119 4076 exorcismorum
3137 4022 3543 4094 diligentiores
3559 4025 3787 4080 caeteris

2137 4112 2515 4177 accesserint,
2554 4126 2766 4181 nempe
2811 4116 2875 4164 ut
2905 4110 3137 4165 sodales
3169 4112 3536 4181 perquirant,
3562 4117 3629 4165 ut
3658 4129 3790 4167 am-

2136 4202 2356 4274 putatis
2387 4200 2590 4254 otiosis
2642 4199 3015 4254 sermonibus
3065 4204 3122 4252 et
3169 4200 3786 4270 percunctationibus,

2139 4308 2269 4362 qua)
2303 4290 2375 4344 ad
2397 4290 2676 4360 pietatem
2701 4289 3002 4359 pertinent
3024 4305 3224 4342 secum
3253 4288 3592 4358 loquantur.
3621 4289 3789 4345 Alius

2137 4382 2201 4435 in
2235 4379 2602 4433 Antiochena
2631 4377 2892 4432 Ecclesia
2923 4393 3050 4432 mos
3077 4382 3220 4431 erat.
3253 4378 3590 4432 Catechesis
3617 4394 3789 4434 exor-

2203 4468 2457 4523 cismum
2471 4464 2859 4536 praecedebat.
2877 4465 3332 4535 Chrysostomus
3353 4464 3413 4518 in
3428 4465 3621 4534 prima
3637 4465 3705 4518 ad
3726 4467 3793 4519 il-

377 4556 547 4611 dines
577 4556 873 4611 Ecclesim.
908 4555 1072 4621 Quod
1102 4571 1225 4610 non
1273 4555 1465 4610 solum
1516 4555 1587 4611 de
1617 4555 2021 4626 procatechesi
2057 4545 2104 4606 Ι)
2132 4557 2485 4612 luminandos
2517 4554 2831 4618 catechesi,
2863 4569 2993 4607 nov.
3028 4552 3191 4617 edit.,
3217 4570 3276 4606 n.
3312 4556 3364 4617 2,
3390 4571 3446 4624 p.
3479 4556 3605 4607 227:
3632 4553 3784 4608 Μετᾶ

379 4649 612 4700 constat
640 4657 710 4698 ex
739 4661 992 4700 numero
1024 4643 1203 4716 hujus
1235 4644 1522 4698 orationis
1553 4649 1782 4714 quarto,
1828 4644 1930 4699 sed
1970 4649 2030 4698 et

377 4733 450 4789 de
481 4732 614 4787 aliis
644 4733 1073 4789 catechesibus.
1109 4735 1304 4789 Monet
1332 4739 1537 4788 auctor
1581 4740 1805 4804 procat.
1840 4750 1900 4788 ιι.
1939 4735 2023 4800 13,

376 4822 511 4878 Cum
540 4822 781 4879 viderint
809 4823 994 4892 ﬁdeles
1023 4825 1385 4878 inservientes
1416 4821 1700 4894 [CXXVII]
1732 4830 1782 4877 et
1815 4823 2025 4878 sollici-

369 4913 563 4968 tudine
585 4911 884 4983 expeditos,
920 4928 996 4966 ne
1024 4927 1229 4967 eorum
1267 4911 1646 4967 securitatem
1673 4911 2021 4979 imitentur;

372 5019 508 5059 cum
529 5002 616 5057 illi
645 5003 893 5076 gratiam
918 5003 1403 5075 acceperint,ipsi
1428 5007 1626 5058 autem
1650 5003 1842 5058 adhuc
1860 5003 1922 5057 in
1935 5002 2024 5057 bi-

372 5093 542 5149 lance
561 5094 726 5148 dubii
740 5095 1090 5150 consistant.
1106 5096 1287 5150 Erant
1304 5094 1482 5165 igitur
1502 5093 1711 5149 fideles
1725 5093 2020 5164 baptizati,

380 5186 746 5252 exorcismis,
781 5185 1156 5252 lectionibus,
1189 5186 1443 5256 aliisque
1464 5185 1620 5240 circa
1643 5185 2022 5257 baptizandos

377 5273 729 5329 ministeriis
755 5275 1162 5329 inservientes.
1196 5278 1277 5329 Ac
1305 5292 1510 5330 revera
1539 5275 1877 5346 psalmistas
1903 5276 2020 5331 sive

377 5369 650 5418 cantores
682 5364 1002 5435 compellat
1033 5369 1144 5420 cat.
1176 5366 1263 5433 13,
1295 5382 1354 5421 ιι.
1407 5367 1459 5431 6,
1493 5381 1744 5436 quorum
1787 5365 2021 5435 aliquos

376 5469 407 5508 e
437 5453 920 5524 baptizandorum
960 5470 1209 5509 numero
1240 5453 1423 5509 fuisse
1453 5453 1778 5508 concedere
1807 5471 2020 5525 possu-

377 5559 510 5597 mus
539 5559 550 5606 ;
587 5542 658 5596 de
689 5543 965 5598 omnibus
991 5561 1274 5616 negamus
1297 5543 1492 5615 plane.
1526 5543 1647 5597 Cat.
1671 5545 1724 5607 4,
1758 5559 1817 5597 ιι.
1851 5546 1940 5609 24,
1965 5548 2024 5598 et

2136 4648 2204 4712 ἢν
2253 4644 2379 4715 παρ’
2422 4645 2583 4714 ἡμῶν
2639 4638 3012 4704 διδασκαλίαν,
3077 4637 3443 4704 ὑπολύσαντες
3501 4640 3641 4711 ὑμᾶς
3697 4639 3789 4696 καί

2135 4729 2521 4796 ἀποδύσαντες,
2569 4730 2804 4804 γυμνοὺς
2830 4729 2919 4783 καὶ
2983 4725 3346 4792 ἀνυποδὲτους
3397 4727 3533 4800 μετᾶ
3562 4733 3657 4783 τοῦ
3690 4729 3781 4804 χιέ

2131 4821 2398 4878 convinco
2433 4819 2599 4892 μόνου
2651 4821 2788 4892 πρὸς
2843 4817 2937 4880 τὰς
2985 4821 3094 4871 τῶν
3157 4817 3542 4890 ἐξορκιζόντων
3599 4838 3780 4890 παρα-

2134 4911 2412 4983 πέμπουσι
2425 4912 2660 4988 φωνάς.‹‹
2677 4913 2815 4964 Post
2827 4909 3134 4964 auditama
3148 4909 3320 4964 nobis
3334 4909 3782 4982 institutionem,

2141 5024 2166 5054 α
2183 5003 2569 5057 discalceatos
2590 5018 2691 5056 vos
2715 5005 2771 5055 et
2787 4999 3062 5066 nudatos,
3083 4998 3262 5053 nudis
3277 4999 3528 5070 pedibus
3543 5017 3781 5072 unaque

2136 5097 2406 5162 «opertos
2421 5091 2623 5145 tunica
2636 5089 2706 5145 ad
2721 5089 3178 5144 exorcizantium
3191 5105 3361 5144 voces
3375 5090 3788 5146 transmittunt

2133 5183 2372 5238 «Patres
2389 5179 2951 5236 nostri.»Contraria
2964 5181 3241 5234 Romanae
3259 5179 3571 5249 [CVXVIII]
3585 5181 3788 5236 Eccle-

2133 5272 2235 5325 siae
2258 5269 2646 5330 consuetudo,
2671 5285 2787 5338 quo
2820 5267 3153 5338 symbolum
3177 5273 3476 5338 postremo
3500 5267 3630 5322 loco
3657 5275 3791 5339 post

2134 5360 2483 5415 scrutinium
2520 5358 2670 5412 tradi
2694 5357 2963 5427 jubebat.
2998 5356 3306 5411 Contraria
3344 5356 3632 5412 Africanae
3675 5359 3779 5414 Ec-

2133 5450 2368 5514 clesiae;
2423 5466 2493 5502 ex
2523 5464 2642 5518 qua
2690 5451 2895 5501 auctor
2939 5445 3040 5501 lib.
3074 5461 3111 5500 ιι
3153 5447 3224 5500 De
3251 5446 3491 5517 symbolo
3521 5445 3594 5500 ad
3640 5456 3786 5502 cate-

2095 5596 2107 5608 ,
2130 5541 2444 5603 chumenos,
2477 5555 2536 5591 n.
2570 5541 2624 5590 2:
2656 5537 2780 5591 haec
2815 5537 2931 5588 ait:
2968 5537 3211 5604 Purgato
3241 5552 3347 5606 per
3385 5537 3783 5593 exorcismum

379 5640 494 5692 cat.
526 5638 611 5704 12,
644 5653 703 5692 ιι.
736 5637 822 5702 33,
856 5635 930 5692 ad
979 5639 1408 5692 monachorum
1439 5640 1498 5690 et
1523 5635 1815 5706 virginum
1860 5635 2022 5690 ordi-
2130 5628 2355 5701 familia
2387 5627 2773 5697 Redemptoris,
2821 5632 3174 5698 posteaquam
3201 5626 3443 5682 cantavit
3489 5628 3782 5684 can-ticum
