4134 6264
265 361 392 434 161

1667 349 2184 417 DISSEBTATIO
2224 351 2304 418 ll.

3575 369 3692 432 162

270 503 477 570 saluti,
509 503 710 573 accipit
748 499 985 572 symboli
1024 496 1346 554 remedium.
1394 493 1551 550 Nihil
1597 486 1938 558 Hierosoly-
1967 488 1984 552 Α

2094 489 2179 543 id.
2207 495 2318 546 cat.
2344 493 2397 558 6,
2430 508 2486 546 ιι.
2525 493 2589 546 13
2621 497 2680 548 et
2707 496 2814 562 34;
2847 501 2958 551 cat.
3002 497 3058 564 7,
3092 515 3154 554 ιι.
3188 503 3251 568 1;
3286 507 3397 558 cat.
3425 502 3515 572 16,
3549 521 3608 560 ιι.
3638 509 3692 562 5.

266 593 394 647 mis
428 592 487 645 in
520 590 870 645 exorcismis
901 589 1220 660 peculiare.
1263 586 1624 642 Velabantur
1654 581 1939 637 exorciza-

275 688 485 737 torum
515 681 710 735 vultus
743 687 968 751 procat.
1001 697 1059 734 ιι.
1094 682 1144 734 9.
1179 676 1604 747 Niliilerillus
1630 674 1700 728 de
1747 672 1938 727 dimis-

279 774 366 828 sis
391 773 766 827 vestimentis
799 777 903 825 aut
929 771 1162 835 calceis,
1195 769 1348 823 nihil
1374 767 1446 822 de
1477 766 1771 821 substrato
1821 762 1944 817 cili-

284 864 400 916 cio.
436 863 580 915 Cum
613 861 791 932 longa
823 866 980 915 esset
1002 859 1312 914 exorcismi
1335 851 1942 922 caremonia,singuli

286 952 575 1006 nimirum
603 967 762 1004 unus
785 949 1115 1021 postalium
1135 947 1206 1002 ad
1232 945 1685 1000 exorcizantium
1700 957 1944 996 manum

292 1039 730 1104 succedebant;
779 1037 1050 1109 pracipit
1079 1036 1354 1107 Cyrillus,
1394 1038 1618 1106 procat.
1659 1049 1719 1086 n.
1762 1032 1846 1095 l4,
1881 1033 1947 1083 ut

282 1129 578 1201 separatis
609 1129 872 1182 virorum
891 1134 950 1180 et
970 1126 1287 1181 mulierum
1324 1123 1644 1187 subselliis,
1679 1118 1946 1191 quandiu

280 1219 382 1273 alii
419 1217 849 1280 exorcizantur,
880 1216 1076 1270 cateri
1103 1213 1378 1269 sedentes
1410 1213 1574 1284 pium
1605 1207 1950 1280 aliquemli-

286 1307 467 1361 brum
498 1323 619 1376 pra
646 1303 928 1359 manibus
951 1303 1226 1368 habeant,
1250 1301 1339 1354 vel
1362 1301 1477 1356 alio
1494 1300 1775 1355 audiente
1796 1296 1948 1350 alius

286 1397 482 1467 legat;
517 1401 620 1448 aut
649 1394 698 1447 si
731 1393 890 1447 desit
921 1392 1089 1459 liber,
1121 1391 1272 1446 alius
1305 1395 1453 1457 oret,
1485 1389 1638 1443 alius
1665 1386 1808 1441 utile
1840 1383 1950 1438 ali-

288 1464 436 1555 quid
465 1484 784 1552 loquatur;
819 1481 1110 1552 virginum
1141 1496 1277 1535 vero
1311 1483 1637 1534 conventus
1666 1474 1757 1529 vel
1797 1464 1988 1544 legat°

290 1574 384 1628 vel
403 1571 734 1644 psallat,ita
765 1575 967 1625 tamen
990 1575 1053 1624 ut
1073 1569 1240 1624 nulla
1261 1586 1368 1622 vox
1392 1567 1758 1622 exaudiatur:
1795 1560 1952 1632 quod

293 1669 352 1717 et
385 1661 460 1715 de
495 1661 701 1730 nuptis
733 1660 1018 1730 pracipit.
1046 1658 1416 1712 Exorcismos
1438 1653 1955 1724 consequebantur

291 1752 450 1805 forte
483 1749 574 1803 vel
605 1765 833 1820 preces,
866 1747 954 1801 vel
973 1752 1180 1801 cantus
1212 1747 1450 1816 aliquis.
1475 1747 1620 1799 Tum
1651 1740 1956 1814 legebatur

299 1857 369 1896 ex
401 1839 558 1892 libro
591 1837 908 1908 Scriptura
941 1836 1013 1890 ad
1043 1835 1356 1890 arbitrium
1399 1831 1808 1889 concionantis
1857 1843 1955 1882 ac-

298 1926 681 1984 commodata
711 1925 786 1980 ad
815 1927 1028 1980 futura
1061 1925 1386 1979 catechesis
1419 1927 1834 1994 argumentum
1880 1917 1962 1970 le-

303 2017 448 2082 ctio,
469 2032 649 2086 quam
674 2014 1033 2084 sequebatur
1045 2013 1392 2068 catechesis.
1416 2013 1548 2066 Hac
1566 2027 1600 2066 a
1617 2006 1960 2065 sedentibus

300 2106 680 2162 audiebatur.
709 2105 831 2158 Cat.
856 2107 942 2170 11,
965 2120 1024 2156 ιι.
1051 2105 1140 2171 2'3,
1165 2104 1247 2158 ait
1266 2102 1520 2174 Cyrillus
1545 2117 1556 2154 :
1593 2100 1802 2168 Cogita,
1836 2106 1962 2168 quot

303 2212 458 2251 nunc
488 2193 760 2259 assuetis,
787 2203 915 2263 quo!
943 2195 1150 2248 animae
1178 2191 1460 2246 adsumus.
1506 2186 1961 2244 Acclamationi-

306 2285 424 2340 bus
459 2282 783 2353 aliquando
812 2282 1360 2353 interrumpebatur
1391 2285 1606 2347 orator,
1635 2285 1702 2334 ut
1730 2284 1842 2334 cat.
1876 2279 1963 2341 13,

309 2389 483 2429 num.
514 2374 604 2425 23.
638 2371 746 2436 Qui
776 2371 1091 2426 familiaris
1123 2371 1185 2424 in
1215 2369 1452 2426 Oriente
1483 2387 1648 2437 usus,
1691 2375 1755 2423 ut
1780 2368 1968 2423 multa

307 2460 1063 2533 Chrysostomilocaﬁdem
1085 2460 1349 2526 faciunt;
1383 2461 1444 2513 in
1482 2458 1678 2512 Africa
1709 2474 1967 2528 quoque,

311 2557 382 2606 ut
412 2568 483 2604 ex
514 2550 846 2621 Augustino
877 2554 1057 2620 patet,
1102 2549 1378 2604 usitatus.
1423 2547 1790 2604 Catechesim
1843 2547 1970 2600 sine

317 2640 500 2695 dubio
532 2638 1010 2709 consequebatur
1051 2639 1374 2710 gratiarum
1419 2637 1569 2691 actio
1618 2652 1722 2707 pro
1755 2635 1972 2689 auditis

320 2729 721 2784 documentis.
751 2729 846 2782 Sic
862 2727 1112 2783 Casilius
1144 2728 1304 2780 hom.
1339 2730 1368 2778 ‘7
1396 2727 1760 2794 z'nHexaem.,
1794 2742 1850 2795 p.
1884 2725 1972 2792 82,

318 2820 594 2875 hortatur
644 2817 998 2873 auditorem:
1023 2816 1372 2878 Ἀναστάντες
1401 2812 1458 2868 δὲ
1491 2814 1974 2889 εὐχαριστήσωμεν

319 2908 455 2981 ὑπὲρ
482 2912 591 2961 τῶν
613 2905 942 2980 εἷ’ρημὲνων.
986 2908 1281 2978 Surgenm
1322 2923 1451 2963 vero
1469 2923 1578 2976 pro
1611 2903 1683 2961 iis
1730 2921 1848 2977 qua:
1896 2903 1979 2959 di-

327 3011 416 3054 cta
445 3011 576 3054 sunt
606 3001 822 3067 gratias
849 3000 1250 3068 persotvamus.

969 3127 1199 3181 CAPUT
1237 3127 1306 3181 VI
1321 3165 1332 3181 .

515 3234 591 3288 De
616 3231 939 3304 Cyrilliana
965 3231 1192 3288 docendi
1220 3237 1273 3288 et
1299 3231 1520 3288 dicendi
1547 3233 1784 3288 ratione.

400 3361 492 3412 26.
525 3360 608 3413 Ea
635 3358 748 3412 fuit
776 3357 979 3429 Cyrilli
1033 3362 1092 3412 et
1133 3357 1382 3412 docendi
1432 3363 1491 3412 et
1531 3356 1754 3412 dicenti
1805 3353 1979 3417 ratio,

327 3465 465 3519 qua
496 3447 800 3518 proposito
833 3447 946 3501 sibi
979 3447 1323 3502 candidatos
1354 3446 1631 3502 Ecclesia
1673 3441 1984 3500 erudiendi

331 3554 520 3608 scopo
554 3553 675 3590 una
704 3536 959 3591 maxime
994 3537 1354 3591 conveniret.
1390 3539 1681 3590 Accurata
1699 3534 1984 3589 nimirum

336 3633 397 3681 et
429 3627 788 3680 necessariis
816 3625 1109 3696 prasidiis
1140 3626 1372 3680 munita
1402 3624 1702 3691 doctrina;
1739 3621 1988 3692 simplex

339 3724 400 3772 et
431 3717 666 3771 alienus
699 3715 771 3770 ab
803 3717 964 3770 omni
995 3716 1128 3770 fuco
1160 3720 1631 3783 ornamentoque
1662 3712 1870 3784 stylus,
1890 3711 1992 3780 qui

338 3806 570 3864 nudam
601 3812 857 3878 exponat
893 3806 1219 3873 veritatem,
1266 3804 1564 3876 rudesque
1617 3802 1848 3858 animos
1879 3799 1997 3855 alia

345 3914 458 3969 pro
489 3897 622 3950 aliis
649 3897 978 3968 intelligere
1000 3913 1120 3950 non
1153 3895 1428 3966 patiatur.
1464 3894 1744 3960 Primum,
1803 3889 1997 3961 qualis

350 3989 414 4042 in
436 3988 825 4060 exponendis,
850 3987 1328 4060 comprobandis,
1354 3991 1411 4040 et
1431 3986 1503 4041 ab
1525 3985 1784 4040 hostium
1807 3983 2002 4039 Eccle-

354 4077 459 4132 sia
478 4078 703 4148 impetu
723 4077 1092 4132 vindicandis
1114 4077 1334 4132 nostris
1355 4075 1726 4148 dogmatibus
1749 4072 2002 4145 Cyrillus

351 4167 538 4221 fuerit
568 4184 898 4239 exponam;
933 4174 1057 4222 tum
1089 4167 1160 4222 de
1192 4167 1343 4237 stylo
1389 4171 1448 4220 et
1494 4164 1670 4220 modo
1719 4163 2003 4218 orationis

355 4257 488 4328 ejus
520 4256 752 4327 loquar.
786 4258 852 4311 In
875 4255 1224 4328 exponenda
1247 4255 1361 4310 ﬁde
1393 4255 1518 4308 hac
1541 4253 1668 4325 ejus
1691 4250 2006 4306 methodus

357 4361 490 4401 esse
524 4345 713 4412 solet;
747 4351 812 4400 ut
836 4346 1031 4417 primo
1054 4345 1386 4416 oppositam
1409 4343 1740 4397 doctrinam
1769 4339 2006 4406 referat;

356 4443 485 4492 tum
516 4436 870 4491 catholicam
901 4435 989 4488 illi
1011 4434 1314 4489 veritatem
1340 4432 1599 4504 objiciat,
1634 4447 1883 4501 eamque
1906 4445 2009 4484 ne-

361 4525 639 4582 cessariis
671 4525 1105 4596 Scripturarum
1150 4523 1474 4578 aliorumve
1525 4525 2010 4592 argumentorum

361 4613 661 4689 prasidiis
682 4613 934 4680 muniat,
950 4612 1163 4667 deinde
1177 4609 1615 4667 adversantium
1633 4609 1866 4680 objecta
1881 4624 2014 4662 con-

362 4706 536 4761 futet.
569 4704 850 4760 Ordinem
875 4703 1031 4758 hunc
1063 4700 1382 4771 aliquando
1406 4697 1712 4771 perturbat
1731 4697 1801 4752 ab
1825 4697 2016 4768 objec-

366 4797 601 4850 tionum
655 4791 1046 4848 dissolutione
1105 4790 1420 4861 incipiens,
1485 4788 1588 4843 sed
1635 4788 1761 4842 hac
1818 4785 2020 4841 omnia

371 4889 657 4957 prastore
687 4898 997 4952 nunquam
1023 4880 1260 4935 omittit.
1286 4878 1693 4933 Necessarium
1726 4876 2022 4931 existima-

370 4975 455 5028 vit
482 4988 612 5026 una
640 4988 774 5026 cum
807 4969 1097 5026 catholico
1130 4969 1398 5040 dogmate
1456 4968 1783 5022 contrarios
1815 4980 2021 5020 omnes

372 5064 710 5138 gentilium,
742 5062 1079 5117 Judaorum
1107 5067 1164 5115 et
1183 5059 1436 5114 maxime
1453 5057 1868 5112 haereticorum
1888 5072 2022 5110 sen-

375 5172 474 5209 sus
506 5154 759 5225 eperire,
791 5158 855 5206 ut
877 5169 943 5206 eo
967 5151 1322 5206 documento
1340 5147 1679 5220 pramuniti
1702 5147 2022 5209 auditores,

377 5259 692 5313 nunquam
725 5243 786 5296 in
819 5259 920 5296 eos
951 5258 1020 5295 ex
1053 5239 1383 5313 ignorantia
1408 5237 1767 5309 pracipitari
1791 5253 1851 5290 se
1869 5239 2025 5306 pate-

374 5341 603 5390 rentur.
640 5333 706 5387 ld
730 5332 1054 5404 sapissime
1085 5330 1336 5402 repetit;
1376 5328 1653 5399 quodque
1675 5342 1910 5382 canum
1948 5331 2030 5381 at-

378 5425 587 5497 tingat,
619 5439 940 5493 rerumque
961 5420 1051 5476 vel
1069 5421 1228 5476 dictu
1248 5418 1643 5475 nefandarum
1665 5433 2029 5472 commemo-

378 5514 618 5570 ratione
651 5513 916 5585 [CXXIXJ
950 5527 1114 5566 suam
1147 5511 1273 5583 ipse
1306 5509 1569 5582 linguam
1601 5514 1658 5565 et
1697 5523 1870 5562 aures
1925 5522 2032 5562 au-

381 5603 522 5659 dien
532 5603 683 5658 tium
696 5600 1127 5657 commaculare
1141 5599 1546 5663 videatur,hac
1562 5594 2038 5669 pramuniendo-

381 5709 518 5750 rum
550 5693 821 5763 ipsorum
849 5690 1201 5748 necessitate
1243 5705 1374 5745 sese
1424 5687 1690 5745 defendit
1713 5702 1780 5741 ac
1803 5693 2035 5758 purgat.

2051 579 2275 650 Duplex
2308 580 2394 634 illi
2420 582 2500 636 ita
2519 583 2730 655 agendi
2751 602 2928 640 causa
2956 586 3085 642 fuit.
3106 590 3323 658 Prima,
3355 592 3512 662 quod
3535 600 3697 651 certa

2051 669 2400 738 opinionum
2461 678 2726 728 monstra
2779 677 3141 746 exposuisse,
3194 681 3528 737 confutasse
3586 690 3694 740 est.

2053 757 2372 828 Propterea
2402 762 2695 816 catechesi
2726 766 2779 830 6,
2821 772 3096 836 excerpta
3143 783 3212 821 ex
3243 771 3697 827 Manichaorum

2054 845 2224 900 libris
2258 848 2469 904 horum
2498 853 2750 906 vesania
2780 855 2995 924 capita,
3025 873 3128 926 per
3154 874 3282 912 sese
3314 860 3551 914 cordato
3583 862 3702 916 cui-

2055 935 2140 989 vis
2163 936 2467 992 liorrorem
2501 941 2851 997 incutientia
2881 943 3102 1014 absque
3135 946 3257 1001 ulla
3286 948 3403 1002 alia
3442 950 3705 1006 confuta-

2061 1024 2218 1079 tione
2253 1034 2540 1096 recenset,
2575 1047 2737 1085 num.
2763 1034 2828 1085 33
2853 1039 2911 1086 et
2940 1035 3028 1100 34,
3053 1036 3314 1107 satisque
3345 1045 3548 1094 censet
3570 1055 3705 1094 cum

2060 1113 2151 1167 his
2183 1115 2641 1172 Manichaeorum
2673 1121 2907 1190 probris
2937 1123 3213 1179 Ecclesia
3245 1128 3619 1182 sanctitatem
3638 1144 3707 1182 ac

2058 1203 2389 1259 castitatem
2422 1223 2788 1279 comparare,
2822 1217 2887 1266 ut
2917 1213 3061 1283 quid
3088 1214 3426 1285 eligendum
3468 1218 3544 1271 sit
3572 1233 3709 1287 per-

2061 1291 2271 1361 spiciat
2320 1295 2573 1351 auditor.
2624 1298 2824 1354 Altera
2855 1308 3000 1370 erat,
3033 1303 3308 1359 Ecclesia
3335 1305 3616 1368 hostium,
3650 1310 3710 1358 et

2061 1380 2478 1438 hareticorum
2511 1385 2571 1439 in
2602 1388 2830 1456 primis,
2866 1407 2934 1445 ac
2961 1393 3217 1447 maxime
3250 1395 3708 1449 Manichaorum

2061 1468 2124 1523 in
2155 1471 2458 1540 provincia
2487 1490 2608 1544 pra
2640 1478 2870 1533 cateris
2900 1482 3385 1551 grassantium,in
3406 1483 3712 1538 occultan-

2065 1557 2157 1612 dis
2188 1565 2362 1614 secta
2395 1578 2515 1616 sua
2548 1564 2700 1619 vitiis
2726 1565 2890 1622 fraus
2923 1574 2981 1622 et
3008 1569 3201 1635 dolus,
3228 1577 3342 1625 cat.
3375 1573 3429 1638 4,
3462 1588 3627 1626 num.
3651 1574 3706 1638 2,

2065 1648 2164 1716 qui
2198 1665 2272 1702 ne
2305 1649 2594 1721 imperitis
2623 1651 3139 1726 blandiloquentia
3171 1676 3276 1713 sua
3314 1661 3711 1730 imponerent,

2065 1736 2271 1807 quales
2303 1745 2505 1793 essent
2533 1743 2835 1810 retegendi
2871 1752 3058 1802 erant.
3109 1747 3254 1802 Cum
3304 1755 3502 1804 autem
3535 1749 3713 1803 fidem

1988 1848 2036 1914 Β
2066 1826 2326 1914 exponit,
2360 1829 2418 1882 id
2447 1829 2649 1884 electis
2681 1838 2739 1886 et
2768 1849 2836 1887 ex
2860 1851 2968 1888 usu
2987 1837 3289 1891 communi
3322 1839 3576 1910 sumptis
3596 1853 3718 1892 ver-

2068 1913 2159 1968 bis
2188 1915 2346 1972 facit.
2381 1918 2584 1973 Nullas
2633 1921 2992 1994 theologicas
3040 1941 3211 1981 voces
3255 1925 3564 1994 admiscet,
3616 1942 3716 1980 eas

2070 2003 2131 2058 in
2162 2005 2370 2074 primis
2398 2024 2528 2076 qua
2547 2007 2656 2063 hoc
2675 2016 2936 2081 tempore
2964 2014 3272 2084 magnisin
3304 2015 3565 2071 Ecclesia
3586 2032 3721 2070 con-

2071 2095 2438 2150 tentionibus
2469 2096 2666 2152 locum
2708 2099 2948 2167 dabant,
3005 2102 3269 2159 studiose
3309 2105 3487 2171 vitat;
3519 2105 3721 2175 qualia

2074 2187 2260 2249 erant,
2294 2185 2587 2251 essentia,
2623 2187 2976 2258 hypostasis,
3011 2207 3301 2262 persona,
3331 2200 3390 2248 et
3416 2193 3533 2249 alia
3563 2194 3721 2265 ejus-

2075 2270 2209 2325 dem
2253 2275 2489 2344 generis
2519 2275 2822 2332 vocabula.
2873 2279 3222 2352 Religiosior
3265 2283 3444 2337 etiam
3482 2283 3614 2347 fuit,
3648 2297 3722 2335 ne

2076 2359 2214 2413 fidei
2246 2361 2500 2431 privatas
2541 2365 2856 2434 opiniones
2905 2367 3281 2425 admisceret.
3333 2371 3630 2442 Quidquid
3661 2373 3722 2428 in

2076 2448 2393 2520 Scripturis
2414 2452 2757 2521 revelatum,
2783 2455 3038 2510 ﬁdenter
3055 2460 3352 2530 proponit:
3376 2459 3534 2530 quod
3557 2461 3617 2514 in
3639 2461 3724 2516 eis

2080 2538 2312 2608 aperire
2343 2540 2538 2595 noluit
2564 2542 2738 2609 Deus,
2772 2545 3060 2618 attingere
3082 2553 3315 2603 veretur
3343 2549 3724 2616 omnino.lta,

2083 2632 2396 2698 postquam
2428 2630 2486 2683 id
2517 2632 2674 2701 quod
2723 2633 2794 2688 de
2823 2633 3022 2691 divina
3063 2638 3444 2708 generatione
3478 2637 3729 2694 creden-

2083 2715 2223 2770 dum
2255 2719 2533 2788 proponit
2577 2721 2858 2790 Ecclesia,
2902 2724 3250 2796 explicavit:
3286 2726 3465 2798 hujus
3514 2725 3730 2782 nativi-

2082 2806 2221 2860 tatis
2251 2823 2534 2863 arcanum
2566 2826 2599 2864 a
2629 2812 2870 2866 nemine
2900 2813 3167 2886 indagari
3191 2816 3431 2886 patitur.
3461 2815 3586 2870 Vid.
3615 2820 3729 2872 cat.

2089 2898 2171 2961 11,
2206 2913 2264 2950 n.
2302 2899 2366 2950 10
2397 2903 2454 2950 et
2481 2901 2567 2953 11.
2599 2901 2819 2956 Eodem
2850 2901 3027 2957 modo
3060 2903 3343 2959 intactam
3367 2903 3437 2960 de
3461 2904 3591 2975 ipsa
3611 2904 3734 2975 Spi-

2086 2983 2237 3038 ritus
2259 2986 2444 3040 sancti
2469 2986 2801 3044 substantia
2831 2991 3220 3060 quastionem
3243 2994 3425 3062 cupit.
3460 2993 3586 3047 Vid.
3619 2996 3732 3046 cat.

2093 3075 2178 3138 15,
2211 3089 2270 3129 n.
2309 3077 2360 3141 1,
2388 3077 2418 3128 5
2450 3081 2510 3130 et
2536 3077 2604 3131 24
2631 3093 2644 3144 ;
2676 3083 2788 3133 cat.
2823 3079 2910 3145 17,
2944 3096 3004 3134 ιι.
3039 3083 3061 3133 1
3099 3085 3156 3134 et
3188 3083 3272 3133 17.
3325 3082 3475 3135 Dum
3517 3079 3733 3134 Christi

2007 3212 2050 3278 Ο
2089 3173 2372 3278 mysteria
2401 3174 2659 3278 exponit,
2693 3176 2926 3248 singula
2954 3177 3236 3249 adjuncta
3272 3179 3651 3250 persequitur
3681 3182 3740 3232 et.

2092 3258 2404 3330 explanat;
2439 3262 2581 3317 dum
2611 3280 2746 3319 vero
2793 3271 3303 3322 sacramentorum
3351 3267 3738 3322 caremonias

2090 3347 2382 3416 edisserit,
2419 3351 2785 3421 singularum
2817 3355 2932 3408 vim
2966 3359 3023 3409 et
3048 3360 3402 3427 potestatem
3443 3355 3731 3411 declarat.

2161 3439 2248 3493 37.
2283 3440 2448 3504 Quod
2480 3440 2553 3495 ad
2585 3442 3027 3512 probandorum
3080 3444 3217 3500 fidei
3244 3451 3462 3500 nostra
3509 3445 3744 3517 dogma-

2094 3531 2219 3581 tum
2251 3527 2584 3584 institutam
2614 3548 2649 3585 a
2677 3531 2893 3602 Cyrillo
2915 3534 3206 3589 rationem
3234 3533 3744 3606 attinet,religioni

2097 3615 2305 3670 habuit
2334 3618 2659 3688 quidquam
2683 3636 2968 3691 asserere,
2989 3623 3145 3692 quod
3177 3640 3207 3678 e
3237 3623 3553 3695 Scripturis
3575 3626 3743 3678 Vete-

2098 3710 2181 3763 ris
2206 3713 2262 3761 et
2281 3707 2420 3762 Novi
2442 3709 2933 3766 Testamentinon
2965 3713 3352 3783 approbaret;
3385 3713 3532 3768 adeo
3550 3719 3616 3768 ut
3632 3712 3744 3768 sibi

2102 3797 2280 3852 (idem
2311 3797 2539 3852 nullam
2570 3798 2774 3853 haberi
2806 3801 3160 3868 consentiat,
3210 3803 3327 3856 nisi
3376 3801 3745 3874 singularum

2103 3905 2302 3943 rerum
2319 3904 2387 3942 ex
2403 3888 2718 3959 Scripturis
2739 3891 3114 3960 perspicuam
3129 3891 3755 3946 aﬂ‘erratdemonstra-

2107 3978 2352 4040 tionem,
2385 3981 2496 4031 cat.
2528 3979 2581 4042 4,
2615 3994 2674 4032 ιι.
2712 3980 2797 4032 17.
2830 3979 2896 4032 In
2923 3979 3338 4034 dissertatione
3373 3979 3547 4034 tertia
3567 3979 3752 4050 probo

2110 4067 2263 4122 nihil
2291 4084 2361 4121 ex
2390 4065 2502 4120 hoc
2530 4066 2823 4137 principio
2856 4067 3130 4122 concludi
3157 4068 3230 4123 ab
3253 4067 3754 4139 hareticisposse,

2112 4173 2217 4228 pro
2250 4157 2478 4227 integra
2494 4160 2552 4210 et
2581 4155 2852 4211 absoluta
2871 4156 3056 4211 solius
3077 4155 3391 4228 Scriptura
3405 4155 3757 4212 necessitate

2115 4250 2172 4300 et
2202 4244 2578 4312 sufﬁcientia,
2612 4244 2843 4300 seclusa
2871 4245 3157 4300 nimirum
3188 4245 3524 4302 traditionis
3564 4250 3622 4300 et
3654 4245 3759 4298 Ec-

2115 4333 2310 4390 clesia
2331 4333 2679 4389 auctoritate
2707 4352 2722 4401 ;
2745 4333 2985 4390 interim
3009 4340 3208 4391 autem
3229 4334 3634 4390 animadverto
3658 4332 3761 4388 tri-

2117 4422 2331 4494 plicem
2346 4421 2428 4477 ita
2447 4422 2730 4492 loquendi
2751 4429 2809 4478 et
2824 4423 3036 4494 agendi
3054 4424 3272 4496 Cyrillo
3298 4439 3539 4479 causam
3554 4422 3759 4478 fuisse.

2118 4512 2316 4566 Prima
2347 4517 2437 4566 est
2466 4511 2622 4582 quod
2655 4512 2797 4567 solis
2818 4513 3145 4569 ratiociniis
3166 4519 3226 4568 et
3254 4511 3766 4585 probabilitatibus

2122 4601 2558 4672 Scripturarum
2606 4601 2954 4657 auctoritate
3012 4602 3330 4670 destitutis,
3381 4600 3769 4656 inefficaciter

2124 4706 2367 4762 prorsus
2382 4689 2692 4762 theologia
2705 4689 2943 4745 decreta
2954 4689 3588 4761 persuadeantur;cum
3601 4689 3772 4744 nimi-

2126 4797 2258 4834 rum
2281 4778 2834 4834 ratiocinationibus
2855 4778 3157 4849 quibusvis
3175 4779 3656 4834 ratiocinationes
3678 4794 3776 4848 op-

2128 4868 2334 4940 posita
2348 4884 2468 4922 non
2484 4866 2923 4936 desint,quibus
2937 4867 3503 4922 contentionisfunis
3516 4867 3642 4921 sine
3657 4865 3775 4920 ﬁne

2130 4958 2510 5029 producatur.
2541 4959 2614 5010 At
2643 4956 2880 5011 disertis
2913 4956 3013 5010 Dei
3036 4957 3273 5011 vocibus
3305 4973 3335 5011 e
3358 4957 3660 5027 Scriptura
3681 4953 3778 5009 de-

2132 5049 2424 5121 promptis
2440 5063 2677 5101 omnem
2691 5047 2998 5102 verborum
3018 5047 3514 5102 etsententiarum
3537 5061 3779 5117 appara-

2136 5145 2261 5194 tum
2293 5136 2617 5192 concedere
2649 5152 2893 5191 necesse
2925 5142 3032 5192 est.
3064 5138 3151 5192 Ita
3181 5142 3292 5190 cat.
3329 5139 3414 5204 13,
3450 5153 3508 5190 ιι.
3544 5137 3598 5189 8.
3623 5137 3777 5189 Pra-

2137 5236 2296 5284 terea
2319 5226 2698 5298 sophismatis
2716 5225 2916 5281 deludi
2934 5226 3126 5282 facilis
3147 5244 3242 5282 res
3265 5231 3373 5292 est,
3398 5231 3510 5282 cat.
3537 5227 3621 5292 12,
3640 5241 3697 5279 ιι.
3723 5227 3779 5293 5,

2138 5316 2582 5385 cavendumque
2610 5316 2671 5370 in
2703 5314 2917 5371 divinis
2947 5315 3144 5383 rebus,
3169 5332 3244 5370 ne
3267 5314 3782 5386 probabilitatibus

2140 5412 2363 5460 temere
2395 5401 2778 5469 abducamur,
2812 5408 2924 5459 cat.
2955 5405 3011 5471 4,
3045 5419 3210 5458 num.
3246 5407 3329 5457 17.
3356 5403 3521 5469 Quod
3542 5402 3784 5473 quidem

2144 5493 2454 5560 Gnosticis,
2476 5492 2832 5559 Manichais,
2849 5493 3100 5563 aliisque
3122 5492 3418 5548 hareticis
3436 5491 3785 5563 contigerat,

2146 5583 2247 5656 qui
2264 5599 2479 5656 magno
2509 5581 2820 5638 verborum
2848 5587 2907 5638 et
2930 5581 3323 5637 subtilitatum
3351 5585 3635 5653 apparatu
3655 5578 3793 5632 divi-

2145 5696 2286 5742 nam
2327 5672 2774 5751 generationem
2817 5688 2886 5730 ac
2913 5669 3124 5729 mundi
3167 5669 3403 5744 [CXXX]
3429 5667 3793 5726 creationem
