4090 6268
333 353 448 417 103

1413 343 1520 403 DE
1563 335 2145 400 CATECHESIBUS
2187 339 2252 398 S.
2300 338 2640 403 CYRlLLI.

3631 343 3751 406 164

331 477 885 562 pessumdederant.
903 480 1171 539 Secunda
1193 493 1574 552 :persuasum
1592 473 1989 547 eratillisym-
2019 475 2070 541 Α
2174 476 2260 532 38.
2295 477 2476 533 Venio
2507 477 2750 535 tandem
2779 477 2854 535 ad
2883 479 3265 553 Cyrillianam
3285 479 3625 552 dogmatum
3643 497 3754 538 no-

334 578 542 634 bolum
565 575 722 648 quod
745 574 882 629 totis
905 572 1112 629 decem
1125 575 1184 626 et
1204 574 1334 625 octo
1357 565 1770 624 catechesibus
1785 565 1990 638 expla-

334 673 458 735 nat,
491 665 640 722 nihil
663 664 824 720 aliud
847 679 975 718 esse
1007 665 1224 732 praeter
1246 659 1465 714 selecta
1488 657 1758 729 quaedam
1776 673 1847 711 ex
1859 672 1988 711 om-

334 757 509 813 nibus
531 754 759 812 Veteris
792 759 849 808 et
878 752 1016 807 Novi
1047 749 1405 805 Testamenti
1431 747 1748 818 Scripturis
1771 743 1987 801 doctri-

334 863 426 902 nee
453 845 645 916 capita
670 862 682 911 ;
717 859 846 913 quae
871 840 1113 914 proinde
1149 856 1218 894 ex
1250 838 1462 893 iisdem
1487 835 1802 907 Scripturis
1825 850 1989 889 asse-

332 934 521 990 renda
551 937 770 998 essent,
805 937 916 986 cat.
961 934 1012 997 5,
1046 947 1106 984 n.
1157 931 1240 983 12.
1293 927 1488 982 Tertia
1532 925 1813 980 tandem:
1860 939 1986 977 cer-

337 1030 463 1079 tum
493 1023 581 1077 illi
610 1027 736 1077 erat
756 1020 952 1076 nullas
972 1019 1271 1074 actionum
1294 1034 1360 1072 ac
1383 1015 1802 1086 mysteriorum
1821 1011 1989 1067 Chri-

336 1112 411 1167 sti
442 1119 640 1183 partes
667 1127 818 1177 esse,
852 1127 983 1180 quae
1017 1125 1137 1163 non
1168 1107 1341 1179 longe
1373 1111 1509 1160 ante
1560 1109 1760 1159 essent
1789 1119 1822 1158 a
1851 1118 1986 1174 pro-

335 1202 531 1272 phetis
562 1199 980 1272 prmnuntiato,
1015 1202 1126 1252 cat.
1162 1198 1248 1265 13,
1281 1213 1339 1250 ιι.
1373 1197 1405 1250 8
1437 1199 1496 1249 et
1528 1196 1611 1248 13.
1646 1192 1803 1248 Nihil
1853 1207 1988 1264 ergo

337 1290 577 1357 mirum,
613 1289 660 1343 si
693 1287 842 1342 nihil
873 1286 988 1342 dici
1022 1303 1089 1342 ac
1113 1284 1272 1340 credi
1307 1283 1379 1339 de
1404 1283 1636 1338 Christo
1659 1281 1805 1347 vult,
1831 1280 1990 1353 quod

337 1385 603 1434 veterum
617 1377 1054 1448 Scripturarum
1069 1374 1369 1429 testimoni
1380 1374 1426 1428 is
1459 1389 1578 1428 non
1593 1371 1830 1427 studeat
1844 1387 1991 1426 con-

341 1469 600 1532 firmare,
633 1471 744 1521 cat.
779 1469 868 1533 21,
920 1481 980 1522 ιι.
1015 1468 1066 1519 5.
1101 1463 1390 1518 Caeterum
1433 1460 1990 1518 ratiocinationibus

339 1573 460 1612 non
491 1556 638 1611 adeo
671 1555 950 1609 inimicus
979 1554 1111 1617 fuit,
1143 1559 1210 1608 ut
1240 1552 1358 1607 illis
1389 1551 1515 1624 ipse
1549 1568 1671 1606 non
1702 1555 1987 1606 uteretur.

339 1648 481 1701 Nam
517 1651 574 1701 et
603 1646 894 1700 unitatem
923 1644 1025 1698 Dei
1051 1643 1361 1698 adversum
1385 1642 1760 1708 Manichwos,
1792 1645 1904 1696 cat.
1933 1642 1988 1708 6,

340 1753 507 1790 num.
543 1739 607 1789 12
638 1751 700 1789 es
735 1737 820 1800 13,
855 1738 913 1788 et
933 1733 1130 1789 carnis
1155 1733 1656 1787 resurrectionem
1676 1731 1987 1786 adversum

340 1823 594 1897 gentiles
621 1827 732 1878 cat.
767 1824 853 1890 18,
887 1839 945 1876 ιι.
981 1823 1048 1876 34
1079 1827 1137 1876 et
1175 1838 1365 1892 seqq.,
1398 1819 1783 1911 validissimis
1807 1818 1990 1911 ratio-
2019 1845 2068 1911 Β

345 1915 522 1970 nibus
556 1930 586 1969 e
617 1913 918 1984 Scriptura
939 1930 1058 1968 non
1091 1911 1456 1984 depromptis
1479 1910 1792 1966 convincit.
1826 1908 1992 1963 Veri-

344 2009 524 2060 tatem
557 2004 1007 2071 incarnationis,
1039 2003 1254 2070 crucis,
1277 2002 1733 2057 resurrectionis
1754 2001 1990 2070 Christi,

343 2093 667 2148 domestico
684 2097 1202 2148 monumentorum
1219 2092 1643 2164 Hierosolymis
1657 2094 1997 2162 conspecto-

342 2200 476 2239 rum
508 2183 848 2238 testimonio
881 2183 1160 2238 roborare
1191 2199 1313 2237 non
1354 2182 1592 2237 omittit.
1643 2183 1781 2247 Quae
1813 2181 1994 2236 etiam

344 2288 415 2326 ex
447 2272 747 2343 Scriptura
779 2270 1096 2343 approbari
1119 2287 1241 2326 non
1261 2275 1556 2343 poterant,
1572 2270 1911 2343 apostolicae
1938 2274 1998 2326 et

347 2359 765 2416 ecclesiasticas
815 2361 1154 2416 traditionis
1205 2361 1553 2416 auctoritate
1598 2360 1884 2428 defendit,
1933 2365 1999 2415 ut

349 2449 786 2521 Scripturarum
813 2451 1076 2522 ipsarum
1100 2467 1412 2519 canonem,
1433 2456 1546 2506 cat.
1569 2454 1624 2515 4,
1651 2469 1711 2506 ιι.
1741 2453 1805 2506 33
1827 2456 1885 2506 et
1905 2452 1992 2506 35.

350 2540 744 2594 Caeremonias
777 2545 835 2594 et
863 2540 1011 2595 ritus
1041 2541 1316 2595 Ecclesiae
1348 2541 1410 2596 in
1441 2541 1849 2596 catechesibus
1871 2557 1997 2612 my-

353 2628 662 2700 stagogicis
685 2633 1014 2695 contentas,
1038 2645 1172 2683 cum
1194 2629 1332 2683 licet
1361 2647 1432 2684 ex
1461 2629 1820 2684 testimoniis
1847 2629 1999 2684 Scri-

354 2723 542 2788 ptura:
568 2722 669 2772 aut
699 2717 1096 2772 allusionibus
1121 2718 1350 2788 probat.
1375 2717 1518 2772 Cum
1541 2717 1614 2773 iis
1636 2717 2000 2789 argumentis

351 2805 645 2872 deﬁcitur,
683 2804 956 2860 sufficere
977 2812 1145 2878 putat
1163 2807 1576 2862 auctoritatem
1593 2808 1872 2863 Ecclesiae
1899 2825 1911 2874 ;
1938 2807 2002 2862 in

352 2911 471 2967 qua
500 2895 987 2951 universaliteret
1017 2895 1143 2950 sine
1165 2895 1399 2951 defectu
1417 2896 1611 2952 doceri
1644 2902 1999 2965 censet,om.

354 2986 455 3042 nia
481 3002 611 3056 quae
644 2985 706 3040 in
751 2986 1062 3042 hominum
1094 2987 1368 3044 notitiam
1416 2989 1615 3045 venire
1647 2989 1867 3045 debent
1896 2989 2003 3045 do-

353 3080 568 3147 gmata,
603 3080 714 3129 cat.
751 3077 837 3141 18,
871 3092 1035 3130 num.
1057 3077 1144 3130 23.
1183 3077 1327 3132 Dum
1362 3083 1561 3133 autem
1582 3079 1913 3150 Scripturas
1931 3078 2004 3134 ad

354 3163 870 3219 conﬁrmationem
903 3163 1245 3236 dogmatum
1266 3173 1608 3222 nostrorum
1639 3167 2003 3237 adducit,eas

358 3269 429 3307 ex
458 3252 748 3322 inspirata
777 3253 1059 3309 divinitus
1089 3259 1155 3308 ut
1184 3255 1447 3326 putabat,
1488 3262 1598 3311 cat.
1633 3259 1686 3321 4,
1712 3274 1874 3312 num.
1914 3259 2002 3326 34,

359 3342 743 3414 Septuaginta
772 3342 1083 3397 Seniorum
1118 3345 1605 3416 interpretatione
1628 3346 1861 3417 allegat:
1895 3362 2006 3401 nec

360 3427 435 3482 ad
460 3429 576 3482 vim
609 3427 879 3483 Hebraici
912 3433 1104 3485 textus
1138 3431 1452 3502 expendit:
1486 3451 1603 3504 quo
1650 3434 1892 3500 factum,
1942 3439 2009 3490 ut

361 3532 496 3571 cum
523 3516 696 3586 plura
725 3517 797 3572 ad
815 3535 939 3573 rem
960 3520 1686 3594 pertinentia,optimeque
1709 3523 1865 3594 quod
1879 3540 2011 3595 pro-

359 3601 617 3657 bandam
649 3610 990 3675 susceperat
1020 3607 1438 3664 concludentia
1482 3610 1774 3681 proferat;
1819 3610 2009 3666 multa

362 3707 623 3762 quoque,
655 3709 784 3762 qua:
817 3694 931 3748 vim
981 3696 1250 3750 eamdem
1285 3714 1406 3752 non
1460 3698 1740 3765 habeant,
1771 3699 2005 3772 alleget.

359 3779 470 3835 Sed
500 3781 612 3835 hoc
646 3780 734 3835 illi
759 3799 1073 3839 commune
1097 3802 1228 3840 cum
1252 3787 1482 3842 caeteris
1504 3788 1776 3844 Patribus
1793 3790 2009 3846 Graacis

361 3875 418 3924 et
445 3871 665 3925 Latinis
696 3872 902 3927 vitium
930 3889 942 3927 :
976 3890 1085 3929 nec
1115 3874 1286 3930 facile
1319 3877 1579 3948 reperias
1600 3879 2010 3934 testimonium

360 3975 394 4014 a
424 3960 640 4030 Cyrillo
674 3961 745 4016 ad
772 3963 1144 4033 probandum
1166 3965 1409 4037 aliquod
1433 3967 1644 4040 dogma
1665 3968 2007 4040 allegatum,

359 4065 474 4120 quo
496 4067 618 4104 non
641 4051 918 4106 similiter
938 4054 1029 4108 usi
1047 4053 1270 4109 fuerint
1289 4055 1378 4110 vel
1398 4058 1727 4112 anteriores
1758 4057 1846 4112 vel
1871 4058 2011 4112 sub-

363 4140 547 4193 secuti
578 4156 777 4194 rerum
809 4142 1346 4199 ecclesiasticarum
1370 4144 1818 4217 disceptatores.
1858 4148 2009 4202 Sen-

357 4245 488 4283 sum
518 4245 654 4283 vero
687 4229 1004 4286 litteralem
1021 4231 1095 4285 ad
1125 4231 1458 4288 faciendam
1474 4234 1653 4292 fidem
1677 4236 2012 4293 divinorum

359 4316 700 4389 dogmatum
733 4317 925 4373 solum
959 4320 1126 4390 sequi
1160 4337 1221 4375 se
1251 4322 1584 4392 profitetur,
1614 4330 1727 4380 cat.
1755 4327 1914 4394 13,n.
1941 4329 2010 4401 9;

360 4409 423 4464 in
454 4408 838 4482 allegoricum
873 4415 1072 4467 tamen
1104 4418 1162 4466 et
1190 4414 1508 4484 mysticum
1531 4415 1668 4472 data
1698 4418 2011 4474 occasione

359 4514 480 4553 non
510 4498 727 4554 invitus
751 4501 1027 4554 excurrit.
1065 4501 1205 4557 Vide
1233 4502 1388 4557 inter
1408 4503 1538 4560 loca
1559 4506 1876 4563 innumera
1897 4512 2010 4562 cat.

2097 571 2355 623 strorum
2369 566 3148 641 defendendi,Ecclesiaaque
3163 570 3366 625 hostes
3388 586 3749 643 oppugnan-

2096 655 2154 710 di
2168 657 2485 713 rationem.
2510 659 2591 713 Ea
2603 675 2708 730 pro
2723 657 3062 715 diversitate
3076 658 3339 715 hostium
3361 658 3520 714 varia
3540 659 3754 715 uteba-

2098 749 2212 801 tur.
2230 746 2466 818 Triplex
2477 747 2570 801 vel
2583 747 2952 820 quadruplex
2965 748 3223 804 hostium
3236 765 3424 821 genus
3437 752 3558 804 toto
3573 763 3750 820 opere

2097 835 2485 892 catecheseon
2501 837 2611 893 sibi
2629 838 3610 911 confutandum[CXXXI]proponit
3623 855 3756 911 pro-

2098 929 2208 980 cat.
2234 943 2293 980 ιι.
2319 929 2402 980 10:
2423 927 3105 998 gentiles,Samaritanos
3120 928 3614 1000 etJudzeos,atque
3628 928 3752 984 ha:-

2096 1017 2333 1072 reticos:
2355 1035 2607 1089 quorum
2626 1019 2841 1092 singuli
2856 1019 3085 1075 diverso
3101 1036 3404 1076 armorum
3417 1035 3630 1093 genere
3644 1018 3754 1074 de—

2097 1105 2381 1162 bellandi.
2401 1107 2727 1164 Adversum
2740 1109 2991 1181 gentiles
3005 1110 3104 1180 qui
3130 1109 3460 1181 Scripturas
3473 1125 3583 1164 nec
3597 1107 3753 1164 reci-

2097 1197 2406 1268 piunt,nec
2419 1198 2902 1267 norunt,omissis
2919 1197 3408 1271 Scripturis,solis
3422 1197 3752 1254 ratiocina-

2099 1285 2361 1342 tionibus
2374 1287 2664 1343 utendum
2677 1288 3372 1356 monet,cat.18,n.10,sic
3390 1292 3759 1344 etresurrec-

2100 1375 2326 1431 tionem
2339 1377 2676 1449 generalem
2691 1377 2812 1434 illis
2829 1395 2897 1434 eo
2916 1377 3028 1433 loci
3044 1377 3462 1449 etpossibilem
3480 1381 3538 1432 et
3550 1393 3755 1433 neces-

2103 1466 2321 1521 sariam
2353 1467 2858 1539 eomprobaverat.
2892 1467 3041 1540 Ipsis
3073 1484 3308 1540 quoque
3344 1467 3559 1540 impias
3581 1473 3639 1522 et
3665 1467 3753 1522 ri-

2101 1552 2348 1610 duculas
2366 1554 2581 1627 ineptae
2599 1571 2804 1611 eorum
2826 1555 3137 1628 theologiea
3153 1555 3386 1612 fabulas
3407 1554 3584 1626 objici
3601 1571 3758 1626 prae-

2101 1643 2266 1716 cipit,
2299 1649 2409 1699 cat.
2448 1648 2533 1710 12,
2565 1661 2626 1701 ιι.
2661 1648 2751 1714 27,
2785 1648 2844 1700 et
2873 1650 2986 1700 cat.
3014 1647 3100 1711 13,
3133 1661 3192 1699 ιι.
3227 1647 3316 1713 37,
3341 1644 3558 1715 quibus
3580 1643 3752 1710 locis,

2103 1737 2161 1786 et
2190 1733 2535 1805 possibilem
2567 1733 2820 1806 Virginis
2856 1738 3092 1805 partum
3130 1732 3324 1802 fateri,
3376 1739 3434 1788 et
3479 1731 3757 1788 Cruciﬂxi

2101 1823 2513 1879 adorationem
2543 1841 2662 1880 non
2689 1824 3084 1898 illegitimam,
3117 1823 3164 1879 si
3200 1840 3338 1880 suas
3369 1824 3482 1896 ipsi
3520 1821 3756 1878 fabulas

2105 1919 2452 1986 sequantur,
2474 1914 2800 1971 concedere
2819 1932 2918 1972 eos
2931 1920 3202 1988 oportere
3217 1914 3756 1980 convincit.Quam-

2103 2004 2308 2060 obrem
2339 2004 2416 2060 ad
2439 2004 2841 2066 refellendum
2865 2004 3162 2061 idolorum
3192 2003 3420 2060 cultum
3451 2009 3563 2059 cat.
3596 2005 3651 2071 6,
3691 2017 3757 2056 ιι.

2105 2097 2170 2150 10
2204 2099 2263 2150 et
2291 2098 2376 2161 11,
2427 2094 2570 2149 satis
2619 2093 2799 2150 habet
2845 2109 3050 2150 eorum
3100 2093 3452 2161 cultoribus,
3503 2091 3754 2148 deorum

2104 2201 2254 2257 quos
2283 2184 2612 2240 adorabant
2637 2184 2856 2257 probra
2882 2189 2941 2240 et
2969 2183 3112 2239 vitia
3138 2199 3472 2239 recensere.
3506 2179 3753 2248 Quando

2105 2279 2305 2332 autem
2329 2274 2663 2330 Christiano
2694 2273 2766 2329 de
2797 2289 2971 2329 cruce
3001 2276 3207 2328 contra
3244 2270 3518 2327 inﬁdeles
3549 2269 3754 2342 dispu-

2108 2369 2233 2421 tare
2262 2363 2594 2436 contigerit,
2624 2368 2831 2419 monet
2857 2367 2923 2418 ut
2951 2362 3116 2434 prius
3145 2377 3331 2418 manu
3362 2360 3594 2432 signum
3618 2375 3755 2414 cru-

2109 2455 2192 2511 cis
2225 2454 2464 2522 efticiat,
2498 2458 2556 2510 et
2583 2469 2720 2509 eum
2750 2452 2854 2523 qui
2883 2456 3090 2508 contra
3109 2451 3321 2507 nititur
3348 2450 3422 2506 ad
3454 2448 3761 2504 silentium

2109 2544 2414 2600 redactum
2438 2543 2512 2598 iri
2540 2542 2877 2615 pollicetur,
2911 2545 3026 2597 cat.
3055 2541 3144 2609 13,
3173 2557 3232 2596 ιι.
3266 2542 3354 2595 22.
3389 2537 3552 2604 Quod
3584 2537 3633 2593 si
3665 2553 3768 2592 ar-

2109 2637 2390 2706 gumenta
2420 2631 2695 2702 imperito
2722 2630 3040 2698 defuerint,
3071 2645 3146 2685 ne
3178 2633 3491 2702 propterea
3522 2632 3765 2683 contur-

2111 2721 2306 2787 betur,
2338 2719 2438 2776 sed
2471 2719 2782 2775 immotam
2833 2718 3013 2774 ﬁdem
3043 2722 3368 2774 conservet.
3411 2715 3560 2772 Ibid.
3594 2731 3763 2770 num.

2111 2812 2200 2878 37,
2233 2808 2641 2876 Samaritanis,
2673 2807 2773 2879 qui
2803 2807 2992 2862 solam
3022 2808 3198 2863 Mosis
3224 2806 3415 2881 legem
3446 2804 3768 2876 recipiunt,

2112 2899 2332 2955 librum
2363 2899 2524 2954 hunc
2552 2913 2741 2953 unum
2772 2895 3177 2969 objiciendum
3200 2901 3405 2952 monet
3430 2900 3541 2951 cat.
3579 2896 3670 2958 18.
3704 2910 3765 2949 ιι.

2115 2992 2214 3058 11;
2260 2988 2491 3044 Judaeos
2522 3003 2660 3043 vero
2691 2985 2794 3057 qui
2839 3002 3016 3042 omne
3059 2987 3529 3042 Instrumentum
3587 2985 3768 3038 Vetus

2113 3087 2462 3155 agnoscunt,
2491 3098 2561 3136 ex
2605 3079 2883 3136 omnibus
2914 3079 3043 3151 ejus
3072 3077 3242 3133 libris
3289 3080 3609 3149 oppugnat.
3641 3073 3769 3130 Illis

2035 3214 2079 3282 C
2116 3172 2474 3244 quandoque
2490 3171 2739 3242 opponit
2757 3169 3160 3241 apostolorum
3178 3166 3489 3239 gentilium
3517 3181 3764 3221 suorum

2117 3267 2165 3282 ι-
2182 3261 2308 3282 -12...
2327 3261 2520 3282 -..2--..Α
2547 3259 2841 3282 -ι1,..--...
2865 3259 2998 3282 ---ζ-
3015 3255 3742 3282 ᾸΑΑἷ-ΑῐῘξΑ-Αι-Αι-ο-Αηζιιιηη

2117 3261 2527 3318 testimonium
2541 3264 2598 3314 et
2609 3259 2844 3332 longam
2860 3255 3770 3330 quindecimHierosolymitano-

2114 3367 2249 3406 rum
2279 3349 2695 3422 episcOpornm
2728 3365 2799 3403 ex
2830 3347 3092 3403 Hebraais
3133 3352 3505 3419 sumptorum
3529 3345 3766 3411 seriem,

2117 3444 2229 3496 cat.
2266 3441 2352 3506 14,
2379 3455 2440 3494 ιι.
2477 3439 2562 3494 15.
2586 3437 2754 3493 Pauli
2777 3437 2838 3492 in
2861 3437 3070 3509 primis
3100 3436 3244 3492 olim
3265 3431 3766 3508 persecutoris,ab

2115 3529 2247 3601 ipsa
2275 3526 2520 3584 veritate
2551 3543 2682 3582 sero
2714 3525 2914 3597 agnita
2962 3541 3309 3598 expressum
3356 3523 3768 3580 testimonium

2117 3620 2307 3688 urget,
2335 3621 2450 3672 cat.
2486 3618 2571 3684 10,
2606 3632 2665 3670 ιι.
2714 3615 2801 3683 17,
2837 3616 2923 3684 18,
2956 3617 3042 3682 19,
3075 3619 3135 3669 et
3179 3617 3292 3670 cat.
3341 3613 3428 3666 14.
3474 3628 3535 3666 ιι.
3561 3613 3651 3665 21.
3679 3610 3770 3664 Ja-

2119 3705 2250 3761 cobi
2282 3721 2518 3776 quoque
2551 3703 2726 3776 primi
2758 3702 3302 3774 Hierosolymorum
3325 3699 3586 3773 episcopi
3613 3697 3773 3754 testi-

2116 3796 2379 3851 monium
2391 3793 2686 3865 praecipue
2702 3808 2838 3864 erga
2850 3788 3616 3863 ﬁdelesHierosolymitauos
3629 3803 3782 3843 com-

2121 3884 2383 3948 mendat,
2416 3888 2526 3939 cat.
2561 3885 2614 3950 4,
2648 3899 2706 3936 ιι.
2729 3882 2818 3950 28,
2851 3882 3068 3948 cat.14,
3101 3898 3162 3936 ιι.
3195 3878 3518 3936 21..Ιιι(1ωἰε
3537 3892 3774 3948 quoque

2121 3972 2548 4045 deplorabilem
2569 3970 2776 4042 objicit
2797 3987 2918 4024 suae
2939 3969 3282 4042 reipublicae
3306 3971 3665 4037 statum,cat.
3684 3969 3772 4034 12,

2122 4079 2184 4117 ιι.
2221 4063 2307 4126 17,
2331 4078 2398 4117 ac
2430 4060 2645 4116 veteris
2675 4058 2765 4114 sui
2801 4059 3005 4131 templi
3033 4059 3358 4115 secundum
3381 4056 3593 4112 Christi
3627 4054 3773 4109 vati-

2122 4150 2346 4207 cinium
2374 4149 2633 4216 ruinam,
2691 4153 2803 4204 cat.
2849 4148 2937 4218 10,
2970 4165 3030 4203 ιι.
3065 4149 3151 4202 11.
3201 4149 3340 4203 Tam
3371 4162 3507 4202 vero
3556 4142 3775 4199 Judmis

2123 4257 2302 4312 quam
2332 4238 2654 4313 gentilibus
2684 4238 3035 4294 Christianas
3065 4237 3371 4311 religionis
3404 4235 3779 4291 demonstrat

2122 4332 2449 4399 veritatem,
2483 4347 2554 4386 ex
2583 4329 2799 4385 Christi
2831 4330 2995 4386 cultu
3024 4335 3084 4386 et
3110 4329 3352 4385 nomine
3385 4333 3575 4384 totum
3607 4326 3667 4381 in
3689 4342 3782 4380 or-

2121 4420 2258 4476 bem
2289 4425 2634 4494 propagato,
2661 4425 2774 4476 cat.
2810 4423 2898 4490 10,
2931 4437 2991 4476 ιι.
3044 4422 3132 4487 16,
3165 4436 3237 4475 ex
3283 4417 3558 4491 gentibus
3605 4415 3777 4471 feris-

2124 4512 2292 4569 simis
2319 4513 2449 4585 ejus
2479 4511 2768 4584 religione
2801 4509 3243 4578 mansuefactis,
3288 4514 3348 4565 et
3370 4525 3486 4581 quo
3519 4523 3587 4564 eo
3619 4523 3779 4562 mor-

363 4589 452 4657 13,
484 4590 646 4676 171.718
677 4593 736 4643 et
763 4591 824 4643 21
857 4607 870 4657 ;
905 4595 1016 4645 cat.
1054 4591 1142 4660 14,
1174 4609 1232 4647 ιι.
1267 4593 1298 4645 8
1331 4597 1389 4648 et
1421 4595 1480 4648 11
1514 4612 1528 4662 ;
1562 4601 1676 4650 cat.
1712 4599 1800 4666 17,
1832 4613 1891 4652 n.
1927 4598 2012 4652 10.
2045 4588 2092 4654 D
2127 4606 2246 4658 tem
2269 4607 2548 4676 oppetere
2577 4618 2699 4657 non
2720 4599 3149 4667 dubitantibus,
3184 4604 3296 4655 cat.
3332 4603 3421 4665 10,
3450 4615 3510 4653 ιι.
3543 4599 3630 4661 19,
3663 4601 3778 4652 cat.

359 4676 472 4730 Sed
504 4675 566 4730 id
596 4677 840 4748 majoris
871 4678 1316 4750 declarationis,
1352 4699 1473 4738 non
1506 4687 1838 4757 argumenti
1872 4703 2012 4758 pro-

357 4764 538 4820 bandi
560 4765 766 4837 gratia.
800 4766 1197 4840 Allegoricum
1216 4775 1271 4825 ct
1301 4771 1589 4827 moralem
1614 4775 2014 4831 sensumlibe-

359 4855 484 4908 rius
515 4854 758 4909 adhibet
785 4855 847 4909 in
876 4855 1124 4913 homilia
1172 4859 1234 4914 in
1277 4861 1673 4933 paralyticum,
1730 4881 1907 4936 quam
1938 4864 2010 4920 ab

361 4943 488 5014 ipso
511 4944 756 5015 juniore
792 4944 1007 5001 dictam
1040 4953 1203 5018 puto,
1239 4965 1300 5004 se
1352 4967 1589 5022 quoque
1639 4951 1700 5007 in
1749 4953 2013 5010 homiliis

363 5032 476 5087 hoc
504 5033 817 5104 Scripturze
848 5034 1172 5107 allegandaa
1203 5054 1418 5110 genere
1448 5040 1824 5099 familiariter
1839 5060 2013 5100 usum

362 5121 588 5177 indicat
618 5129 730 5180 cat.
771 5126 852 5190 13,
888 5141 947 5181 n.
978 5129 1030 5196 9,
1066 5143 1181 5197 quo
1214 5128 1272 5182 in
1307 5129 1436 5184 loco
1469 5131 1646 5186 aliam
1691 5133 2013 5190 tractanda:

363 5210 681 5283 Scripturaa
714 5214 1005 5269 rationem
1028 5218 1307 5287 praesenti
1330 5227 1676 5291 argumento
1699 5224 2015 5279 convenire

362 5300 551 5356 docet.
587 5302 1030 5358 Condonabitur
1051 5305 1138 5359 illi
1159 5306 1353 5376 facile,
1385 5309 1443 5363 id
1462 5311 1620 5380 quod
1641 5328 1847 5368 eorum
1867 5318 2018 5369 tem-

360 5407 571 5462 porum
603 5391 971 5448 consuetudo
1003 5411 1124 5449 non
1158 5395 1424 5453 solemne
1457 5397 1820 5458 duntaxatet
1840 5403 2020 5460 usita-

362 5483 510 5549 tum,
547 5481 649 5537 sed
681 5487 739 5538 et
770 5482 1069 5538 laudabile
1102 5483 1418 5543 efficiebat.

2127 4694 2214 4758 13,
2248 4708 2308 4747 ιι.
2341 4693 2432 4760 40,
2464 4708 2534 4747 ex
2563 4690 2778 4745 Christi
2813 4687 3202 4745 invocationis
3233 4691 3293 4743 et
3321 4686 3513 4743 crucis
3543 4685 3673 4758 ejus
3697 4684 3778 4740 si-

2121 4781 2221 4853 gni
2247 4781 2461 4836 virtute
2486 4781 2549 4835 in
2573 4779 2903 4852 etl'ugandis
2936 4775 3568 4842 daamonibus,morbis
3583 4773 3786 4846 depel-

2121 4867 2336 4936 lendis,
2371 4868 2702 4924 evertendis
2751 4867 2958 4940 magiae
2997 4865 3326 4934 fraudibus,
3376 4863 3518 4919 ibid.
3554 4868 3613 4917 et
3643 4860 3779 4918 aliis

2123 4959 2347 5030 passim
2393 4958 2454 5013 in
2503 4958 2671 5014 locis.
2725 4956 3042 5013 Haereticos
3092 4955 3332 5011 tandem
3373 4970 3444 5009 ex
3497 4951 3777 5008 omnibus

2123 5047 2435 5119 utriusque
2445 5047 2807 5103 Testamenti
2822 5045 3137 5119 Scripturis
3160 5042 3614 5117 diligentissime
3633 5056 3775 5096 con-

2124 5136 2312 5203 futat;
2349 5135 2670 5208 aliquando
2701 5152 2773 5190 ex
2803 5135 2931 5208 ipso
2963 5133 3255 5190 naturalis
3294 5131 3539 5188 luminis
3570 5129 3776 5198 ductu,

2127 5231 2185 5282 et
2212 5225 2422 5281 validis
2445 5223 3000 5281 ratiocinationibus
3023 5242 3037 5290 ;
3080 5221 3381 5278 interdum
3408 5221 3534 5276 sola
3554 5219 3780 5274 ridicu-

2124 5313 2318 5369 lorum
2351 5319 2409 5369 et
2437 5313 2760 5386 impiorum
2789 5312 3130 5386 dogmatum
3157 5310 3524 5382 expositione
3548 5324 3562 5364 :
3589 5323 3780 5379 quan-

2127 5403 2320 5476 doque
2343 5403 2414 5459 ab
2438 5404 2568 5477 ipsa
2589 5418 2794 5458 eorum
2816 5401 3095 5469 novitate,
3119 5405 3186 5456 ut
3215 5405 3330 5456 cat.
3367 5402 3422 5466 6,
3445 5415 3505 5454 ιι.
3538 5399 3628 5464 20,
3661 5400 3779 5452 cat.

2129 5497 2216 5564 16,
2248 5510 2306 5550 ιι.
2343 5495 2408 5562 9;
2444 5493 2684 5550 tandem
2716 5509 2787 5550 ex
2807 5493 2918 5550 hac
2947 5491 3038 5548 vel
3067 5507 3186 5548 una
3215 5489 3445 5546 ratione
3466 5484 3780 5560 fugiendos
