4134 6264
266 367 410 428 465

1683 365 2201 432 DISSERTATIO
2240 375 2316 437 II.

3585 374 3702 448 1'66

258 498 681 564 demonstrat,
713 498 876 569 quod
911 498 1186 554 Ecclesiae
1220 499 1486 571 quamvis
1517 518 1737 556 nomen
1777 518 1944 558 usur—
1975 501 2027 568 Α
2058 507 2309 564 absolvit
2337 512 2528 569 verbis
2559 514 2618 570 in
2651 516 2770 571 ﬁne
2800 517 3034 574 numeri
3066 517 3358 591 ascriptis,
3389 520 3550 573 τοῦτο
3604 519 3699 591 μὲν

266 595 446 660 pent,
479 587 929 643 Catholicorum
955 589 1150 644 lamen
1175 591 1417 645 nomine
1449 591 1550 645 uni
1571 608 1720 645 verm
1744 591 1946 646 Eccle-

269 679 390 732 siae
423 677 666 749 preprio
699 676 1123 745 destituantur,
1171 685 1283 734 cat.
1335 682 1418 747 i8,
1455 698 1512 734 n.
1561 681 1651 736 26.
1697 681 1841 735 Cum
1875 680 1946 734 de

274 767 553 822 moribus
587 767 710 838 agit
738 767 1016 838 Cyrillus,
1051 775 1117 822 ut
1162 767 1223 823 in
1256 769 1660 840 procatechesi
1710 775 1769 823 et
1796 775 1950 825 cate-

276 857 450 910 chesi
482 857 700 926 prima,
735 855 972 910 nullum
1002 874 1151 926 pene
1197 863 1422 912 certum
1473 859 1745 913 ordinem
1778 860 1946 930 sequi

275 946 552 1009 videtur;
583 944 688 998 sed
716 945 891 999 utilia
909 946 980 999 ad
1015 947 1267 1000 salutem
1291 949 1534 1014 monita,
1560 949 1945 1019 proutanimo

277 1041 626 1101 occurrunt,
663 1035 1300 1107 audientibusingerit.
1335 1038 1550 1107 Fugam
1583 1054 1946 1108 paganarum

285 1132 348 1178 et
372 1124 755 1179 Iudaicarum
809 1125 1319 1194 superstitionum,
1375 1127 1848 1197 spectaculorum
1890 1132 1948 1182 et

285 1213 571 1267 ludorum
603 1212 955 1284 gravissime
987 1214 1279 1281 inculcat;
1314 1215 1550 1270 vitanda
1568 1233 1701 1270 cum
1717 1217 1948 1270 haereti-

281 1304 421 1357 ticis
481 1304 846 1358 commercia
904 1303 1269 1374 pPiBSCI‘ibIt;
1331 1306 1617 1359 orationis
1657 1305 1942 1371 studium,

280 1391 555 1463 corporis
587 1392 1057 1464 castigationem,
1089 1393 1326 1448 utilium
1350 1393 1636 1464 [CXXXII]
1657 1394 1944 1448 librorum

280 1499 350 1536 ac
382 1481 646 1536 maxime
681 1499 866 1536 sacrm
880 1483 1192 1554 Scriptura:
1217 1484 1555 1552 lectionem,
1580 1500 1943 1551 successum,

281 1572 504 1626 Christi
542 1578 1051 1627 sacramentorum
1084 1574 1495 1640 reverentiam,
1539 1590 1752 1644 magno
1795 1592 1947 1629 com-

278 1660 532 1714 mendat
565 1663 801 1715 aﬁ‘ectu.
826 1662 1188 1732 Virginitatis
1206 1664 1622 1718 etmonasticm
1657 1664 1789 1717 vita:
1817 1681 1947 1734 pro-

284 1751 554 1820 positum
583 1752 836 1804 summis
868 1751 1144 1806 laudibus
1178 1753 1444 1818 extollit;
1478 1759 1654 1822 atque
1676 1753 1800 1808 haec
1824 1770 1944 1807 om-

2057 594 2149 648 οὗν
2183 597 2285 655 σοί.
2321 603 2783 661 Parenthesibus
2813 607 3036 662 crebris
3067 608 3300 680 gaudet,
3349 609 3538 680 iisque
3588 609 3700 664 alio

2057 688 2294 756 quando
2324 693 2587 760 prolixis.
2620 696 2956 767 Digreditur
2977 714 3095 752 nou
3122 714 3272 765 raro,
3303 698 3406 752 sed
3439 698 3702 770 legitima

2058 772 2408 847 plerumque
2433 779 2630 835 oblata
2646 785 2975 840 occasione.
3001 784 3261 839 Habetur
3289 785 3350 838 in
3374 785 3502 856 ejus
3519 785 3588 840 ad
3609 803 3702 856 pa-

2059 864 2358 934 rulyticum
2392 869 2637 927 homilia
2668 872 2952 944 digressio
2984 875 3288 945 prolixior,
3313 874 3373 928 in
3405 891 3521 944 qua
3550 890 3699 946 pene

2058 953 2274 1009 oblitus
2309 960 2596 1029 propositi
2629 962 2715 1016 sui
2767 963 3050 1018 videatur.
3095 963 3604 1018 Translationibus
3643 972 3702 1019 et

2057 1045 2601 1112 comparationibus
2650 1050 2838 1103 utitur
2878 1050 3247 1120 parcissime,
3281 1055 3346 1103 ut
3393 1050 3603 1120 Syrum
3633 1067 3702 1106 ac

2056 1129 2440 1190 Palmstinum
2473 1137 2562 1191 vix
2593 1154 2896 1208 agnoscas.

2126 1222 2214 1274 40.
2238 1223 2376 1286 Qum
2398 1224 2459 1279 in
2481 1226 2697 1297 Cyrillo
2723 1229 3016 1283 sermonis
3038 1229 3177 1283 vitia
3223 1229 3417 1284 notavi
3458 1245 3699 1284 causam

2056 1307 2207 1363 hanc
2239 1311 2456 1367 habere
2487 1323 2754 1385 possunt,
2789 1318 2948 1387 quod
2969 1334 3088 1372 non
3119 1323 3256 1373 ante
3279 1319 3496 1390 scripto
3514 1318 3702 1390 diges-

2056 1398 2217 1465 serit,
2244 1400 2345 1454 sed
2369 1417 2437 1456 ex
2459 1407 2724 1476 tempore
2743 1406 2964 1461 fuderit
2991 1408 3349 1462 catecheses.
3389 1409 3575 1480 Hujus
3612 1408 3700 1461 rei

2056 1485 2234 1541 ﬁdem
2265 1488 2407 1544 facit
2435 1507 2555 1546 non
2588 1494 2782 1550 solum
2803 1501 3007 1551 auctor
3027 1497 3427 1552 adnotationis
3448 1497 3702 1552 chrono-

2054 1575 2260 1646 logicaa
2294 1581 2684 1638 eatecheseon
2716 1584 2980 1640 indiculo
3015 1585 3316 1657 subjecta),
3351 1585 3451 1656 qui
3480 1601 3579 1640 eas
3628 1584 3701 1639 ab

2055 1683 2155 1721 ore
2189 1667 2442 1724 dicentis
2475 1677 2746 1742 exceptas
2790 1689 2824 1726 a
2872 1673 3154 1728 studiosis
3198 1673 3338 1727 viris
3363 1673 3464 1738 ait,
3498 1688 3701 1726 verum

2054 1757 2231 1810 etiam
2263 1758 2388 1829 ipse
2416 1760 2602 1814 multo
2636 1761 3003 1831 antiquiores
3035 1779 3101 1816 ac
3123 1762 3366 1832 majoris
3389 1760 3703 1816 auctorita-

279 1841 383 1894 nia
407 1846 576 1894 tanto
605 1841 860 1912 Spiritus
891 1841 1115 1895 fervore
1142 1843 1280 1913 agit,
1311 1848 1374 1896 ut
1406 1843 1606 1897 calens
1628 1843 1860 1898 virtutis
1888 1849 1946 1898 et
1975 1871 2022 1935 B
2054 1845 2128 1899 tis
2151 1850 2538 1904 eatecheseon
2559 1851 3000 1921 inscriptiones,
3026 1868 3156 1923 qua;
3177 1850 3492 1921 [CXXXIII]
3529 1849 3699 1904 initio

283 1929 628 1984 divinarum
661 1947 865 1984 rerum
898 1947 1097 1984 amore
1128 1938 1332 2002 pectus
1366 1933 1559 2003 possis
1603 1950 1942 2005 agnoscere.

281 2020 368 2073 En
399 2019 600 2089 qualis
631 2017 742 2072 fuit
774 2020 834 2072 in
867 2019 1132 2074 docendo
1163 2021 1434 2090 Cyrillus.

355 2112 446 2162 39.
485 2109 566 2162 De
600 2107 752 2179 stylo
785 2109 916 2180 ejus
951 2126 1018 2164 ac
1045 2109 1282 2164 dicendi
1315 2111 1542 2165 ratione
1584 2117 1854 2183 superest
1883 2115 1950 2166 ut

287 2197 509 2252 dicam.
542 2197 824 2252 Oratoriaa
858 2199 1001 2252 artis
1034 2199 1297 2271 magistri
1331 2200 1625 2271 triplicem
1662 2202 1949 2256 orationis

288 2287 548 2358 ﬁguram
569 2287 896 2358 assignant,
919 2305 1172 2360 gravem,
1197 2289 1578 2357 mediocrem,
1597 2296 1654 2344 et
1676 2296 1952 2345 extenua-

290 2382 437 2439 tam,
473 2393 604 2448 quaa
638 2377 924 2431 nimirum
950 2378 1195 2433 dimissa
1217 2385 1306 2434 est
1326 2397 1515 2451 usque
1547 2381 1619 2436 ad
1643 2381 1953 2436 usitatissi-

288 2483 453 2520 mam
481 2467 613 2538 puri
639 2467 1133 2523 consuetudinem
1156 2471 1468 2536 sermonis;
1495 2471 1554 2524 in
1585 2470 1696 2524 hoc
1733 2476 1954 2541 postre-

292 2573 391 2610 mo
427 2572 642 2627 genere
676 2557 882 2628 Cyrilli
916 2564 1183 2612 versatur
1212 2559 1422 2627 oratio,
1456 2543 1574 2630 qua
1614 2559 1846 2614 nullum
1879 2560 1951 2615 ad

293 2646 699 2700 instituendos
715 2647 894 2702 rudes
918 2648 1147 2702 animos
1166 2649 1686 2704 accommodatius.
1721 2651 1843 2703 Non
1857 2650 1953 2704 hic

305 2753 511 2807 graves
533 2737 846 2791 sententiae
866 2737 1145 2808 qualesin
1159 2756 1506 2810 magnarum
1531 2756 1727 2793 rerum
1750 2739 1956 2810 ampli-

301 2826 581 2880 ficatione
604 2827 877 2880 adhiberi
903 2827 1113 2893 solent;
1143 2845 1264 2881 non
1288 2829 1700 2882 exornationes
1725 2835 1956 2881 senten-

293 2915 512 2970 tiarum
538 2916 798 2987 coPiosae
822 2933 889 2970 ac
914 2916 1116 2988 ﬁguris
1139 2917 1373 2971 variata:
1396 2935 1408 2981 ;
1442 2934 1560 2971 non
1584 2917 1956 2972 exclamatio-

292 3021 422 3071 nes,
454 3007 831 3077 apostrophaa
866 3011 1196 3076 caeteraque
1227 3007 1512 3061 orationis
1553 3007 1815 3062 lumina:
1851 3006 1956 3061 sed

300 3093 552 3165 simplex
587 3112 654 3149 ac
697 3093 1008 3150 familiaris
1058 3112 1275 3163 sermo,
1324 3095 1535 3162 facilis,
1585 3096 1953 3168 perspicuus,

301 3201 422 3237 non
457 3183 771 3238 obvolutus
800 3201 812 3250 ;
851 3183 951 3238 sed
984 3185 1066 3238 uti
1099 3185 1282 3255 patris
1313 3201 1380 3240 ac
1403 3186 1668 3256 magistri
1703 3185 1858 3240 ﬁlios
1889 3201 1955 3240 ac

303 3236 312 3237 ,
387 3236 396 3237 ,
467 3236 476 3237 ,
581 3236 590 3237 ,
801 3236 812 3250 ,
994 3236 1041 3238 _.
1099 3236 1276 3255 [ψη
1892 3236 1950 3240 ἡ-

293 3271 625 3343 discipulos
650 3272 998 3339 erudientis;
1023 3279 1088 3328 ut
1109 3280 1302 3328 tamen
1326 3275 1386 3328 in
1410 3275 1640 3328 aridum
1667 3281 1723 3330 et
1745 3291 1956 3329 exsan-
1987 3236 2028 3304 Ο

301 3378 414 3433 gue
449 3363 736 3417 orationis
767 3379 953 3434 genus
1004 3379 1310 3433 nunquam
1357 3363 1674 3419 dilabatur.
1726 3366 1869 3419 Nam
1901 3369 1958 3418 et

294 3469 793 3523 unumquemque
825 3452 1023 3507 locum
1055 3471 1159 3524 pro
1193 3455 1278 3507 rei
1321 3454 1602 3524 dignitate
1637 3459 1866 3521 tractat,
1901 3459 1961 3508 et

291 3542 582 3596 varietate
597 3542 894 3596 sermonis
913 3542 1211 3596 interdum
1228 3543 1419 3596 utitur
1435 3561 1554 3597 non
1579 3543 1958 3612 inconcinna,

311 3637 382 3684 ut
408 3631 610 3701 etiam,
638 3631 685 3685 si
719 3631 956 3701 quando
987 3631 1150 3686 locus
1182 3631 1462 3702 postulat,
1486 3631 1693 3704 grandi
1727 3638 1784 3685 et
1806 3632 1958 3686 elato

302 3737 523 3792 genere
559 3721 854 3775 sermonis
883 3727 1104 3778 utatur.
1139 3722 1282 3775 Vide
1324 3739 1453 3792 quae
1505 3722 1564 3775 in
1611 3722 1961 3775 Manichaeos

303 3809 578 3877 detonat,
602 3815 711 3864 cat.
742 3813 792 3879 6,
825 3827 883 3864 n.
908 3811 975 3863 33
1002 3817 1060 3864 et
1080 3813 1166 3864 35.
1194 3811 1472 3864 Brevibus
1524 3810 1692 3882 vulgo
1723 3816 1961 3865 senten-

303 3901 406 3955 tiis
432 3907 696 3954 mentem
731 3918 898 3955 suam
932 3901 1202 3968 includit,
1226 3907 1404 3972 atque
1428 3903 1487 3956 in
1522 3900 1962 3972 compendiario

302 4004 512 4042 rerum
535 3987 902 4058 expositione
923 3989 1177 4042 excellit.
1201 3990 1326 4043 Una
1349 3989 1640 4043 catechesi
1659 3994 1869 4058 quarta
1892 3987 1964 4042 de

306 4076 594 4132 omnibus
625 4076 763 4132 ﬁdei
795 4083 1011 4133 nostrae
1044 4078 1416 4150 dogmatibus
1449 4079 1529 4133 ita
1569 4078 1869 4144 disseruit,
1901 4082 1968 4132 ut

307 4167 375 4220 in
410 4165 519 4220 illa
548 4165 707 4220 brevi
732 4165 1129 4222 declaratione
1162 4168 1612 4238 prietermiserit
1636 4166 1967 4233 nihil,nihil

309 4255 556 4309 obscuri
605 4255 935 4325 reliquerit.
992 4256 1341 4312 Adhortatio
1376 4257 1503 4327 ejus
1561 4255 1694 4327 plus
1753 4255 1958 4311 lenita-

310 4347 387 4400 tis
421 4362 603 4416 quam
635 4347 1022 4402 vehementia}
1054 4347 1271 4401 habere
1295 4346 1478 4400 solet:
1513 4346 1691 4400 dictio
1723 4363 1842 4400 non
1872 4363 1964 4401 ve-

311 4441 494 4491 nusta
524 4441 702 4506 atque
734 4437 1175 4507 elegans,atque
1203 4437 1273 4492 ad
1299 4437 1473 4491 Attici
1497 4436 1965 4490 sermonisnito-

307 4542 437 4580 rem
465 4524 744 4596 expolita:
777 4525 970 4581 facilis
1001 4526 1103 4580 illa
1134 4526 1376 4596 quidem
1407 4541 1473 4580 ac
1504 4525 1817 4596 perspicua
1845 4523 1965 4578 vul-

2053 1937 2350 2010 uujusque
2383 1941 2709 1996 catechesis
2731 1941 2930 1995 ferunt
2950 1937 3352 2014 σχεδιασθεῖσα,
3378 1957 3448 1997 ex
3466 1945 3706 2012 tempore

2048 2031 2805 2100 pronuntiata,quamquam
2831 2029 2889 2084 id
2903 2029 3146 2085 verbum
3160 2031 3222 2084 in
3239 2030 3545 2086 nonnullis
3559 2045 3702 2084 mss.

2055 2112 2239 2173 deest.
2274 2119 2418 2173 Atin
2439 2118 2583 2190 ipsis
2597 2119 3006 2175 catechesibus
3027 2137 3148 2174 non
3170 2136 3357 2192 pauca
3376 2119 3704 2191 deprehen-

2058 2205 2162 2260 das
2211 2209 2628 2279 extemporalis
2673 2211 2962 2265 orationis
3006 2210 3246 2266 indicia.
3299 2211 3563 2265 Primum
3595 2214 3704 2277 est,

2058 2298 2438 2366 perturbatus
2457 2299 2808 2370 plerumque
2830 2300 2974 2354 ordo
2998 2299 3259 2355 dicendi.
3282 2301 3430 2355 Dum
3454 2297 3706 2369 symboli

2058 2385 2368 2442 verborum
2392 2393 2489 2442 aut
2505 2388 2845 2459 dogmatum
2860 2389 2950 2443 vel
2967 2394 3302 2461 temporum
3317 2388 3705 2454 continuatio,

2058 2473 2148 2527 vel
2181 2475 2614 2545 Scripturarum
2649 2494 2795 2548 quas
2820 2491 3112 2545 recenset,
3139 2484 3241 2534 aut
3275 2476 3708 2533 ecclesiastica-

2058 2580 2189 2616 rum
2218 2565 2706 2620 caeremoniarum
2729 2566 3214 2638 explicandarum
3235 2567 3440 2631 series,
3456 2563 3709 2620 orationi

2060 2649 2378 2718 quemdam
2410 2651 2652 2706 modum
2685 2659 2743 2707 et
2790 2654 3061 2709 ordinem
3108 2653 3532 2726 praeﬁgebant;
3565 2651 3709 2706 satis

2060 2738 2339 2794 distincta
2362 2746 2419 2794 et
2438 2740 2711 2796 ordinata
2742 2742 2927 2797 oratio
2950 2749 3057 2798 est.
3095 2745 3168 2796 At
3199 2742 3298 2796 ubi
3322 2742 3432 2796 hoc
3453 2741 3709 2812 dirigen-

2062 2827 2149 2881 da:
2169 2829 2454 2883 orationis
2469 2829 2732 2885 subsidio
2756 2831 3523 2903 deﬁciebatur,plerumque
3545 2828 3710 2884 nullo

2063 2923 2289 2972 servato
2320 2919 2530 2974 ordine
2561 2921 2840 2990 excurrit,
2874 2927 3050 2992 prout
3071 2921 3255 2975 menti
3293 2937 3354 2975 se
3387 2918 3717 2974 offerebant

2062 3009 2488 3078 prmmeditatze
2520 3025 2636 3076 res,
2670 3026 3158 3080 unamquamque
3203 3007 3618 3080 pronuntians.
3651 3005 3716 3060 Id

2064 3097 2322 3152 maxime
2374 3098 2635 3169 reperias
2692 3098 2754 3152 in
2814 3098 3128 3167 catechesi,
3189 3094 3714 3166 catechesibusque

2066 3188 2277 3259 prima,
2312 3187 2503 3254 tertia,
2539 3187 2764 3259 quinta.
2799 3187 2962 3243 Idem
2993 3204 3227 3258 quoque
3259 3188 3321 3242 in
3347 3184 3714 3258 singularum

2068 3277 2355 3331 orationis
2389 3277 2717 3332 sectionum
2781 3277 3130 3332 tractatione
3179 3276 3489 3331 observare
3533 3273 3712 3340 licet;

2067 3365 2355 3420 ordinatas
2397 3366 2555 3419 enim
2595 3382 2664 3419 ex
2716 3365 2904 3420 verbis
2936 3364 3190 3436 symboli
3214 3364 3543 3429 sectiones;
3573 3366 3632 3418 at
3661 3361 3723 3416 in

2071 3455 2198 3525 ipsa
2230 3455 2490 3509 sectione
2523 3454 2724 3509 nullus
2754 3456 2876 3510 fere
2908 3454 3209 3510 interdum
3231 3455 3396 3509 ordo.
3436 3452 3582 3506 Hinc
3605 3466 3726 3506 cre-

2070 3543 2188 3597 brae
2220 3561 2340 3597 non
2374 3549 2604 3598 tantum
2636 3543 2696 3598 in
2728 3544 2974 3599 diversis
3007 3543 3436 3610 catechesibus,
3457 3541 3560 3597 sed
3583 3539 3721 3594 etin

2069 3647 2188 3685 una
2219 3637 2278 3685 et
2308 3631 2538 3698 eadem,
2572 3631 2841 3703 ejusdem
2872 3633 2958 3687 rei
2990 3633 3324 3703 iisdemque
3357 3647 3512 3702 saepe
3530 3627 3722 3684 verbis

2070 3720 2457 3790 repetitiones
2485 3737 2498 3785 ;
2531 3720 2750 3776 multas
2772 3722 2845 3776 ad
2876 3722 3203 3794 marginem
3227 3727 3419 3776 textus
3442 3716 3717 3773 iudicavi.

2073 3807 2214 3861 Vide
2242 3808 2570 3878 praesertim
2590 3826 2767 3879 quam
2791 3827 2947 3881 smpe
2968 3810 3038 3864 ad
3067 3810 3224 3864 idem
3241 3808 3398 3863 redit
3413 3820 3722 3877 argumen-

2074 3901 2199 3950 tum
2222 3902 2334 3952 cat.
2361 3897 2446 3965 11,
2475 3897 2546 3951 de
2577 3898 2707 3952 Filii
2740 3904 2982 3966 aeterna,
3017 3892 3626 3968 incomprehensibili,
3662 3897 3723 3947 et

2075 3985 2257 4040 nullis
2278 3987 2555 4041 humanm
2582 3987 2980 4058 generationis
3001 3985 3327 4040 defectibus
3349 3982 3604 4038 obnoxia
3617 3997 3726 4036 na-

2078 4075 2330 4141 tivitate;
2356 4081 2413 4128 et
2438 4079 2550 4130 cat.
2577 4077 2663 4143 16,
2686 4079 2744 4129 et
2768 4078 2852 4140 17,
2888 4074 2960 4128 de
2982 4091 3099 4129 uno
3122 4080 3180 4128 et
3202 4072 3449 4128 indiviso
3482 4068 3723 4140 Spiritu,

2077 4165 2406 4234 eodemque
2426 4165 2743 4234 separatim
2757 4163 3139 4219 subsistente.
3161 4161 3531 4228 Secundo,ea
3547 4173 3732 4229 quan-

2076 4254 2268 4324 doque
2304 4271 2362 4308 se
2397 4253 2615 4308 dixisse
2649 4254 2709 4308 in
2760 4253 3170 4309 catechesibus
3199 4253 3301 4320 ait,
3353 4267 3485 4322 quae
3528 4254 3726 4304 tamen

2077 4343 2138 4396 in
2161 4342 2634 4413 praecedentibus
2665 4342 2885 4398 frustra
2913 4343 3242 4414 quaesieris,
3275 4341 3368 4396 Sic
3399 4343 3512 4395 cat.
3542 4338 3627 4404 14,
3660 4352 3722 4390 n.

2077 4436 2128 4500 3,
2173 4451 2234 4487 se
2282 4434 2344 4487 in
2398 4434 2690 4504 superiori
2745 4450 3018 4489 sermone
3075 4433 3344 4489 attulisse
3401 4430 3484 4484 ait
3527 4428 3724 4482 locum

2077 4522 2284 4588 Isaias;
2319 4521 2529 4577 Erilin
2575 4537 2707 4592 pace
2745 4523 3030 4594 sepultura
3078 4524 3218 4594 ejus,
3267 4519 3366 4591 qui
3415 4523 3614 4573 tamen
3663 4515 3727 4570 in

306 4632 376 4687 go
404 4633 419 4680 ;
457 4615 562 4669 sed
593 4615 720 4669 sine
752 4615 938 4670 multo
971 4615 1286 4669 verborum
1335 4615 1590 4682 delectu,
1640 4619 1742 4668 aut
1767 4614 1968 4684 exqui-
1999 4603 2047 4669 D
2077 4617 2188 4666 cat.
2222 4611 2286 4666 13
2318 4628 2438 4666 non
2486 4612 2763 4666 occurrit.
2811 4613 2958 4667 Item
3010 4617 3123 4668 cat.
3159 4615 3245 4675 l7,
3277 4627 3338 4664 n.
3391 4611 3443 4674 5,
3478 4610 3730 4662 testatur

309 4706 426 4759 sito
461 4704 928 4759 constructionis
950 4721 1111 4768 cura.
1136 4705 1218 4759 ita
1239 4709 1305 4759 ut
1326 4704 1682 4775 imprOprias
1702 4702 1968 4773 quando-

313 4811 455 4866 que,
489 4799 592 4848 aut
620 4793 831 4849 saltem
860 4795 1180 4867 improprie
1211 4798 1582 4849 constructas
1615 4810 1781 4848 voces
1804 4793 1970 4848 adhi-

315 4884 474 4938 beat.
509 4883 730 4938 Eodem
779 4883 953 4938 verbo
1004 4900 1158 4955 saepe
1199 4883 1429 4938 diverso
1482 4900 1659 4938 sensu
1696 4883 1881 4937 utitur
1911 4884 1972 4938 in

319 4973 497 5028 variis
530 4973 696 5027 locis.
729 4973 954 5045 Longas
986 4990 1107 5028 non
1138 4989 1270 5028 raro
1299 4978 1474 5042 atque
1506 4972 1826 5044 implicitas
1865 4989 1971 5042 pe-

315 5063 521 5118 riodos
555 5062 772 5130 habet;
806 5080 915 5118 nec
947 5063 1081 5118 aliis
1130 5064 1251 5117 fere
1300 5068 1530 5118 constat
1560 5063 1687 5133 ejus
1728 5061 1801 5117 ad
1832 5062 1974 5116 Con-

315 5153 606 5208 stantium
633 5151 905 5223 epistola.
948 5152 1173 5206 Pendet
1219 5151 1539 5223 aliquando
1585 5151 1969 5218 constructio,

315 5243 596 5298 inchoata
626 5259 738 5296 nec
765 5242 1035 5297 absoluta
1082 5241 1348 5312 periodo,
1401 5241 1558 5296 verbi
1604 5241 1810 5312 gratia,
1845 5245 1962 5296 cat.

313 5332 402 5400 20,
429 5334 564 5399 n.6,
589 5332 784 5386 verbis
808 5325 1043 5405 Ξκριϐὦς
1073 5327 1294 5384 εἷ’δὸτων
1327 5331 1486 5402 ἡμῶν
1539 5329 1809 5384 absoluto
1832 5345 1972 5383 casu

315 5423 530 5494 positis
558 5421 712 5476 nihil
745 5427 948 5492 postea
981 5421 1320 5492 respondet.
1354 5419 1517 5474 Idem
1544 5420 1665 5473 fere
1699 5417 1972 5473 observes

314 5511 486 5583 epist.
541 5510 619 5566 ad
651 5510 954 5566 Constant.
1015 5527 1072 5565 n.
1116 5513 1169 5579 5,
1217 5509 1409 5563 simile
1451 5506 1757 5579 quidpiam
1788 5506 1972 5562 habes

311 5608 423 5658 cat.
457 5605 514 5670 6,
548 5617 720 5656 num.
762 5601 817 5667 9,
848 5599 948 5654 ubi
996 5599 1186 5672 posito
1231 5596 1347 5652 ἐπεὶ
1394 5595 1484 5652 οὗν
1534 5596 1704 5652 initio
1736 5597 1972 5652 numeri

310 5693 500 5750 multa
536 5688 846 5757 discurrit,
881 5689 1118 5745 tandem
1141 5688 1246 5744 diu
1267 5703 1618 5760 suspensam
1639 5687 1972 5746 orationem

2083 4717 2143 4754 se
2175 4701 2236 4754 in
2268 4699 2626 4770 prmcedenti
2659 4701 2951 4756 catechesi
2984 4701 3181 4756 locum
3213 4698 3358 4770 psal.
3394 4715 3427 4752 L
3467 4696 3726 4767 allegas-

2082 4805 2164 4855 se,
2196 4788 2419 4858 Spiritu
2459 4789 2764 4860 principali
2809 4791 3070 4859 couﬁrma
3127 4804 3231 4856 me,
3291 4785 3394 4859 qui
3428 4797 3727 4855 nusquam

2080 4878 2203 4932 illic
2234 4877 2546 4948 reperitur.
2582 4879 2714 4933 Hinc
2746 4879 3031 4934 nimirum
3063 4878 3260 4933 dicere
3283 4873 3728 4948 praemeditatus

2081 4971 2226 5034 erat,
2259 4983 2390 5038 quze
2422 4967 2625 5021 dicens
2666 4984 2734 5021 ex
2767 4973 3030 5038 tempore
3078 4965 3477 5038 prmtermisit,
3526 4978 3636 5018 nec
3669 4975 3732 5016 se

2083 5055 2334 5109 oblitum
2366 5061 2575 5126 postea
2606 5056 2979 5112 existimavit.
3011 5057 3269 5111 Tertium
3310 5048 3731 5125 extemporalis

2081 5145 2366 5199 orationis
2397 5149 2806 5216 argumentum
2845 5151 2954 5214 est,
2985 5145 3260 5218 allegatio
3293 5143 3730 5214 Scripturarum

2082 5235 2422 5305 indiligens,
2447 5234 2742 5306 uniusque
2758 5242 2817 5291 et
2833 5236 3101 5308 ejusdem
3121 5233 3446 5292 testimonii
3464 5232 3525 5287 in
3546 5231 3735 5286 diver-

2082 5324 2163 5380 sis
2194 5324 2340 5379 locis
2390 5324 2657 5379 recitatio
2712 5326 2961 5382 diversa.
3014 5327 3107 5381 Sic
3151 5331 3262 5382 cat.
3298 5326 3350 5391 1,
3396 5341 3454 5378 ιι.
3501 5325 3554 5386 2,
3588 5319 3736 5393 legit

2082 5414 2239 5488 apud
2271 5413 2521 5469 Paulum
2561 5416 2772 5486 Ephes.
2804 5436 2877 5484 1v,
2927 5420 3014 5485 22,
3060 5412 3415 5493 φθειρόμενον
3455 5409 3591 5466 κατᾶ
3632 5413 3729 5470 τᾶς

2086 5501 2398 5576 ἐπιθυμίας,
2442 5509 2500 5558 et
2531 5510 2642 5560 cat.
2699 5507 2786 5575 20,
2829 5524 2995 5565 num.
3045 5510 3100 5574 2,
3151 5504 3200 5559 ἐν
3233 5508 3351 5566 ταῖς
3396 5497 3730 5572 ἐπιθυμίαις.

2084 5595 2390 5654 Danielem
2422 5594 2595 5651 aliter
2621 5595 2765 5652 citat
2785 5602 2896 5653 cat.
2922 5601 2974 5665 4,
3004 5615 3064 5654 n.
3099 5598 3186 5665 31,
3209 5611 3277 5652 ac
3306 5597 3418 5650 cat.
3445 5592 3530 5657 18,
3564 5603 3730 5654 num,

2087 5691 2172 5746 15.
2206 5685 2396 5742 Verba
2427 5683 2668 5759 Christi,
2717 5685 2836 5743 Nisi
2878 5689 3002 5760 quis
3034 5690 3258 5744 renatus
3298 5682 3469 5754 fuerit
3495 5693 3564 5733 ex
3592 5687 3738 5745 aqua
