4134 6264
1594 320 1700 379 DE
1743 313 2147 378 DOC'I‘RINA
2177 315 2254 386 ,S.
2300 313 2642 377 CYRILLI.
3709 315 3830 376 168

420 329 537 390 167

415 462 470 516 ct
500 457 709 528 Spiritu
736 459 926 512 sancto
952 456 1140 527 (Joan.
1169 470 1251 522 ιιι,
1292 454 1367 523 6),
1405 459 1542 518 etc.,
1577 452 1752 508 aliter
1770 457 1882 506 cat.
1908 452 1961 518 3,
1993 467 2054 505 n.
2089 445 2142 512 Α
2172 452 2291 504 tem
2323 448 2718 506 emendasset.
2744 449 2860 504 Nec
2888 453 3223 521 prepterea,
3245 446 3558 520 quidpiam
3580 445 3652 502 de
3673 451 3833 503 cate-

411 550 468 617 4,
489 547 662 602 aliter
677 551 789 602 cat.
817 549 902 612 17,
927 563 985 600 n.
1014 548 1072 599 Η
1095 541 1773 616 ;Scripturasinterdum
1787 541 1937 596 alias
1963 556 2068 611 pro
2176 540 2434 594 cheseon
2466 537 2640 593 laude
2661 554 2729 593 ac
2755 539 2944 610 pretio
2975 539 3224 610 deperit.
3253 539 3326 593 Ut
3345 538 3507 593 enim
3533 537 3826 605 omittam,

414 637 547 692 aliis
561 637 760 692 sumit.
777 636 869 690 Sic
883 635 990 690 sub
1013 635 1256 688 nomine
1279 633 1496 688 Christi
1521 633 1679 687 citat.
1707 637 1801 686 cat
1817 633 1868 699 2,
1901 646 2064 684 num.

414 728 470 794 4,
501 725 910 781 testimonium
942 723 1098 794 quod
1131 728 1222 778 est
1251 740 1319 778 ex
1347 722 1588 778 Joannis
1631 720 1882 792 epistola
1912 721 1954 773 Ι.
1988 718 2070 773 si-

416 815 562 871 mile
593 813 877 885 quiddam
901 829 1102 867 revera
1130 813 1386 866 occurrit
1416 813 1476 866 in
1509 811 1776 882 ejusdem
1809 812 2065 880 Evange-

415 903 518 974 lio,
551 920 676 974 cap.
713 919 832 966 vm,
865 903 898 970 Ῡ
928 903 1016 955 44.
1047 901 1158 956 Sed
1189 907 1466 956 neutrum
1499 900 1694 954 locum
1735 916 1805 953 ex
1836 898 1950 953 ﬁde
1983 914 2069 952 re-

419 998 762 1066 prasentat.
797 993 943 1046 Item
973 997 1084 1046 cat.
1135 993 1188 1055 6,
1239 1007 1400 1044 num.
1455 993 1506 1051 ὅ,
1542 989 1649 1044 sub
1683 988 1924 1043 nomine
1951 989 2062 1042 Do-

413 1084 565 1140 mini
609 1085 748 1138 Jesu
774 1082 978 1137 laudat
1010 1081 1190 1136 verba
1238 1082 1402 1136 Deum
1432 1097 1588 1135 nemo
1623 1082 1760 1134 vidit
1783 1095 2063 1151 unquam:

419 1190 550 1245 qua
571 1173 632 1227 in
650 1171 962 1243 Evangelio
983 1170 1223 1225 Joannis
1238 1170 1325 1224 vel
1345 1170 1590 1224 Joannis
1608 1169 1881 1239 Baptista
1905 1174 2063 1233 sunt,

416 1266 508 1321 vel
539 1266 588 1320 si
622 1265 706 1319 vis
743 1263 932 1335 ipsius
981 1262 1375 1334 evangelista,
1407 1262 1622 1317 Christi
1653 1266 1852 1315 autem
1899 1260 2065 1314 nullo

417 1354 618 1420 modo,
647 1358 758 1408 cat.
787 1355 872 1419 I6,
904 1369 964 1406 n.
1001 1351 1086 1405 18.
1118 1352 1284 1406 Isaia
1307 1351 1548 1405 nomine
1579 1349 1696 1405 duo
1725 1349 2068 1403 testimonia

414 1442 708 1514 producit,
743 1457 998 1510 quorum
1047 1440 1211 1511 prius
1248 1438 1548 1494 Malachia
1595 1444 1702 1506 est,
1737 1437 2066 1492 secundum

415 1535 646 1585 tantum
667 1528 853 1582 Isaia.
888 1528 1066 1582 Plura
1085 1526 1407 1598 aliquando
1431 1526 1794 1581 similialoca
1811 1525 2064 1580 confun-

416 1619 522 1686 dit,
557 1624 615 1672 et
644 1618 705 1672 in
737 1633 922 1671 unum
953 1617 1291 1687 permiscet.
1321 1619 1481 1670 Inter
1511 1615 1698 1670 multa
1737 1615 2065 1686 insigniora

418 1713 557 1765 sunt
577 1709 703 1762 hac
726 1707 1087 1774 testimonia,
1123 1706 1282 1762 istud
1311 1713 1422 1762 cat.
1459 1709 1543 1774 14,
1578 1723 1636 1762 n.
1673 1709 1762 1774 20,
1793 1705 1899 1772 Qui
1929 1706 2064 1761 edu-

2174 634 2477 684 auctorem
2510 628 2750 699 optimis
2777 627 2986 683 studiis
3009 627 3328 695 imbutum,
3351 643 3420 682 ac
3441 627 3703 699 plurium
3720 643 3820 681 an-

2172 735 2385 773 norum
2417 717 2845 773 consuetudine
2899 717 2962 772 in
2995 716 3338 771 erudiendis
3376 715 3822 772 catechumenis

2174 809 2559 862 exercitatum
2579 824 2648 862 ac
2671 807 3004 873 subactum,
3026 805 3175 860 nihil
3191 805 3304 860 nisi
3330 805 3539 876 optimi
3557 804 3828 876 quamvis

2173 913 2243 950 ex
2274 901 2538 966 tempore
2558 897 2767 950 efferre
2789 896 3074 966 potuisse;
3099 894 3257 950 haud
3284 895 3616 966 putandum
3640 893 3829 966 Cyril-

2172 986 2296 1040 lum
2315 987 2670 1058 imparatum
2688 1003 2932 1057 prorsus
2947 1002 3015 1041 ac
3046 984 3793 1057 imprameditatum,maxi
3813 1013 3829 1024 -

2173 1076 2289 1130 mis
2311 1075 2382 1130 de
2415 1076 2594 1130 rebus
2616 1075 2914 1130 dicturum
2938 1081 3158 1130 temere
3182 1076 3242 1128 in
3267 1079 3608 1146 suggestum
3620 1090 3830 1129 ascen-

2170 1163 2349 1230 disse,
2370 1165 2653 1236 juvenem
2676 1164 3028 1234 prasertim.
3055 1166 3170 1218 Nec
3191 1164 3352 1218 enim
3376 1169 3539 1218 tanta
3559 1162 3824 1232 Scriptu-

2170 1271 2250 1308 ra
2283 1254 2763 1308 testimoniorum
2795 1253 2986 1324 c0pia,
3029 1258 3194 1307 tanta
3243 1258 3728 1324 argumentorum
3761 1267 3832 1306 ac

2169 1341 2591 1414 probationum
2614 1341 2823 1408 moles,
2847 1341 2978 1396 sine
3001 1341 3124 1396 ulla
3136 1341 3568 1412 praparatione
3592 1357 3658 1395 ac
3671 1358 3825 1411 pra-

2169 1431 2556 1487 meditatione
2592 1431 2896 1486 memoria
2939 1446 3286 1486 succurrere
3316 1429 3670 1501 potuit;nec
3700 1434 3823 1484 tam

2169 1525 2441 1574 accurate
2464 1537 2531 1576 ac
2552 1519 2997 1590 circumscripte
3039 1518 3110 1574 de
3133 1518 3430 1590 theologia
3453 1517 3671 1584 dicere,
3697 1523 3817 1573 tam

2171 1607 2486 1681 diligenter
2518 1611 2840 1682 pracipere
2874 1610 2946 1665 de
2999 1609 3288 1676 moribus,
3340 1613 3462 1663 tam
3495 1607 3726 1662 erudite
3755 1623 3823 1662 ac

2172 1699 2532 1770 quandoque
2565 1698 2863 1754 subtiliter
2892 1698 2963 1753 de
2993 1698 3170 1753 variis
3202 1698 3517 1768 Scriptura
3551 1695 3828 1751 sensibus

416 1801 502 1854 :rit
532 1798 598 1852 de
629 1808 786 1852 terra.
812 1801 1085 1867 pastorem
1131 1813 1401 1863 magnum
1449 1797 1658 1861 ovium,
1703 1812 1772 1849 ex
1803 1795 2068 1849 confusis
2105 1799 2148 1864 Β
2179 1789 2494 1854 disserere,
2529 1789 2657 1842 sine
2688 1786 3046 1860 pracedenti
3095 1785 3481 1842 dicendarum
3532 1801 3732 1840 rerum
3766 1785 3829 1838 in

415 1888 583 1942 Isaia
598 1885 930 1956 etApostoli
954 1885 1028 1940 ad
1052 1885 1327 1940 Hebraos
1350 1885 1664 1940 scribentis
1680 1884 1868 1938 verbis
1882 1884 2065 1937 infor-

417 1981 680 2040 matum;
713 1974 875 2028 aliud
905 1979 1015 2028 cat.
1055 1976 1141 2041 18,
1188 1991 1246 2028 n.
1283 1976 1370 2038 18,
1405 1973 1504 2027 ubi
1559 1973 1738 2028 verba
1762 1974 2065 2042 [CXXXIV]

419 2063 701 2127 Danielis,
736 2067 794 2116 et
817 2061 1033 2116 Christi
1065 2063 1126 2116 in
1158 2061 1490 2133 Evangelio,
1516 2061 1824 2116 nonnullis
1855 2061 1927 2116 de
1959 2077 2064 2115 suo

411 2150 748 2207 intersertis
772 2149 1294 2220 permiscet.Aliud
1319 2147 1587 2202 eamdem
1605 2149 1935 2218 cat.34,quo
1949 2147 2062 2202 loci

413 2241 529 2297 duo
560 2239 726 2295 Pauli
776 2255 847 2294 ex
892 2237 1098 2293 eadem
1145 2237 1217 2292 ad
1263 2237 1675 2308 Philippenses
1726 2237 2064 2292 testimonia

413 2329 738 2402 conjungit.
776 2327 900 2382 Vid.
925 2331 984 2381 et
1013 2331 1124 2380 cat.
1155 2328 1208 2386 5,
1257 2342 1317 2379 n.
1351 2326 1405 2392 2,
1439 2325 1554 2380 duo
1587 2327 1765 2380 etiam
1799 2343 1870 2380 ex
1921 2326 2062 2396 Epi-

415 2416 583 2470 stolis
614 2416 688 2471 ad
715 2416 1086 2470 Timotheum
1118 2415 1420 2485 permista.
1455 2416 1691 2481 Quarto,
1725 2415 1934 2468 eodem
1966 2431 2062 2469 re-

412 2503 554 2559 ferri
586 2508 835 2575 possunt
860 2507 1101 2573 peccata
1127 2502 1186 2556 in
1205 2502 1453 2558 historia
1481 2503 1895 2558 hareticorum
1914 2519 2062 2573 quos

414 2596 528 2646 cat.
559 2595 590 2644 6
622 2596 935 2650 memorat,
967 2589 1248 2654 admissa,
1299 2597 1474 2660 atque
1524 2591 1586 2644 in
1617 2591 1828 2661 primis
1857 2591 2062 2645 multis

412 2679 706 2750 capitibus
737 2677 1020 2731 deﬁciens
1056 2677 1478 2732 Valentiniana
1511 2679 1794 2733 doctrina
1827 2680 2059 2750 exposi-

411 2768 517 2822 tio.
554 2768 686 2822 Hac
717 2772 776 2821 et
805 2765 978 2836 plura
1007 2765 1125 2820 alia
1155 2783 1286 2836 qua
1334 2767 1617 2836 reperias,
1651 2767 2064 2823 demonstrant

413 2855 698 2927 Cyrillum
730 2872 934 2909 revera
964 2855 1302 2910 catecheses
1343 2872 1414 2910 ex
1464 2861 1727 2926 tempore
1761 2856 2058 2912 effudisse.

414 2944 634 3000 Eodem
666 2943 842 2999 modo
875 2945 1103 2999 videtur
1131 2943 1352 2999 dixisse
1383 2944 1659 3001 homilias
1691 2945 1748 3000 in
1781 2947 2062 3016 paralyti-

412 3051 560 3100 cum,
592 3033 1082 3106 digressionibus,
1106 3033 1578 3104 parenthesibus,
1611 3035 1951 3106 impropriis
1976 3035 2061 3090 lo-

2179 1877 2378 1931 animo
2401 1877 2832 1948 praparatione
2857 1892 2924 1930 ac
2945 1874 3336 1946 dispositione
3349 1873 3832 1946 potuissetCyril-

2175 1966 2288 2021 lus.
2313 1967 2549 2022 Rivetus
2584 1965 2644 2020 in
2663 1967 2751 2020 eis
2771 1964 3184 2020 catechesibus
3217 1963 3473 2019 multum
3503 1963 3828 2035 diligentia

2175 2054 2491 2121 desiderat;
2524 2054 2682 2110 haud
2710 2054 2832 2109 scio
2863 2071 2938 2109 an
2969 2053 3145 2125 paulo
3169 2053 3303 2124 plus
3327 2057 3534 2108 auctor
3553 2050 3826 2107 addidis-

2176 2150 2285 2210 set,
2310 2145 2358 2198 εἰ
2400 2145 2461 2198 in
2483 2146 2603 2199 otio
2644 2144 2998 2214 scripsisset.
3024 2144 3163 2208 Qua
3194 2142 3503 2198 attulimus
3534 2140 3828 2196 sermonis

2172 2233 2313 2288 vitia
2343 2233 2404 2288 in
2434 2239 2851 2304 argumentum
2883 2231 3292 2304 extemporalis
3322 2231 3624 2296 orationis,
3660 2229 3708 2284 si
3745 2229 3821 2284 ad

2173 2323 2642 2394 magnitudinem
2656 2323 3130 2394 etprastantiam
3151 2321 3330 2376 totius
3347 2319 3543 2392 aperis
3561 2325 3816 2390 spectes,

2171 2414 2320 2468 navi
2339 2419 2476 2468 sunt
2494 2414 2555 2468 in
2581 2413 2983 2484 pulcherrimo
3010 2411 3234 2482 alioqui
3257 2409 3823 2482 corpore.Quereba—

2171 2508 2267 2558 tur
2297 2502 2618 2574 aliquando
2667 2501 2921 2573 Cyrillus
2969 2501 3410 2556 Alexandrinus
3457 2499 3558 2554 lib.
3615 2515 3705 2553 vm
3751 2499 3826 2553 De

2170 2591 2440 2658 oratione,
2466 2598 2601 2658 etc.,
2627 2609 2682 2664 p.
2719 2594 2843 2659 267,
2871 2591 3028 2662 quod
3059 2590 3246 2661 aliqui
3289 2589 3498 2644 ﬁdeles
3523 2593 3824 2659 extempo-

2171 2680 2327 2736 rales
2358 2681 2668 2736 doctorum
2699 2681 3018 2736 conciones
3047 2679 3264 2734 litteris
3311 2676 3669 2734 mandarent
3703 2693 3827 2730 non

2172 2771 2299 2826 sine
2329 2787 2542 2842 magno
2575 2768 3029 2824 existimationis
3076 2768 3316 2823 illorum
3365 2784 3433 2822 ac
3460 2766 3633 2821 fama
3683 2764 3828 2836 peri-

2172 2860 2344 2926 culo;
2378 2875 2513 2915 cum
2545 2859 2723 2914 veluti
2762 2858 3064 2914 elaborata
3109 2857 3302 2912 studio
3353 2855 3732 2910 traderentur
3761 2853 3824 2908 in

2171 2949 2477 3020 publicum
2509 2947 2815 3019 opuscula,
2850 2948 3068 3018 quibus
3098 2946 3351 3019 diligens
3400 2945 3693 2999 industria
3722 2943 3828 2998 de-

2171 3038 2398 3094 fuisset.
2416 3040 2540 3093 Non
2561 3043 2649 3092 est
2669 3036 2828 3108 quod
2859 3037 2930 3092 de
2955 3036 3413 3107 Cyrillianarum
3433 3033 3826 3088 catecheseon

413 3122 753 3179 cutionibus
769 3128 826 3176 et
845 3123 1390 3178 constructionibus
1411 3122 1836 3189 abundantem;
1855 3140 1921 3178 ac
1946 3125 2065 3195 epi-
2093 3158 2136 3224 C
2175 3127 2564 3199 scriptoribus
2595 3127 2871 3181 similiter
2892 3125 3358 3197 expostulemus:
3380 3123 3493 3195 ipsi
3526 3121 3824 3192 siquidem

415 3211 629 3267 stolam
663 3211 735 3265 ad
765 3211 1175 3266 Constantium
1199 3213 1530 3283 scripsisse,
1555 3229 1733 3282 quam
1755 3214 1974 3284 raptim
1996 3231 2064 3269 ac

410 3300 765 3356 festinanter
795 3306 1094 3354 exaratam
1138 3317 1273 3354 cum
1324 3301 1446 3370 ipse
1483 3301 1646 3354 testis
1680 3307 1769 3356 est
1807 3319 1972 3356 num.
2007 3306 2060 3371 5,

413 3395 541 3445 tum
571 3390 762 3461 longa
795 3395 852 3444 et
881 3390 1171 3445 intricata
1205 3390 1432 3461 periodi
1465 3391 1644 3446 fidem
1675 3393 1919 3448 faciunt.

489 3481 578 3533 41.
611 3479 830 3534 Iisdem
861 3480 1224 3550 argumentis
1256 3479 1400 3534 mihi
1434 3497 1782 3551 persuasum
1814 3489 1922 3551 est,
1959 3484 2066 3555 Cy-

418 3568 623 3622 rillum
671 3567 833 3623 fusas
859 3584 929 3623 ex
961 3574 1223 3639 tempore
1265 3571 1564 3625 orationes
1613 3572 1830 3642 scripto
1863 3579 2069 3643 postea

416 3674 537 3712 non
562 3657 898 3729 digessisse,
925 3657 1126 3728 quode
1146 3658 1415 3713 Patribus
1438 3660 1717 3730 permulti
1739 3661 1954 3728 fecere,
1977 3662 2069 3716 vel

417 3762 452 3800 a
485 3746 749 3801 librariis
780 3753 1054 3818 exceptas
1085 3763 1204 3801 non
1252 3749 1680 3819 recognovisse.
1735 3751 1873 3815 Qua
1907 3751 2066 3805 enim

412 3833 848 3902 adnotavimus,
883 3835 944 3891 in
975 3835 1095 3890 otio
1128 3835 1308 3891 dubio
1339 3837 1547 3907 procul
1578 3839 1899 3895 maximam
1929 3856 2065 3911 par-

2175 3215 2603 3288 extemporales
2635 3233 2763 3271 esse
2795 3215 3241 3271 adnotaverunt.
3275 3212 3442 3277 Quod
3474 3213 3523 3266 si
3560 3211 3823 3266 indicare

2174 3305 2538 3370 omisissent,
2571 3304 2663 3358 vix
2694 3304 3133 3374 deprehensum
3164 3319 3198 3357 a
3227 3299 3400 3356 nobis
3438 3299 3682 3365 fuisset;
3715 3316 3826 3354 nec

2177 3395 2307 3466 ejus
2337 3393 2424 3449 rei
2453 3393 2744 3465 ignoratio
2789 3392 2979 3448 ullum
3029 3391 3366 3463 Cyrilliana
3398 3387 3826 3444 existimationi

2177 3483 2475 3539 attulisset
2494 3480 3098 3546 detrimentum.Quid
3120 3485 3320 3535 autem
3341 3478 3540 3548 quiete
3563 3478 3822 3533 etotiose

2177 3571 2492 3627 scribendo
2525 3576 2746 3644 posset,
2788 3567 3208 3641 extemporalis
3257 3584 3365 3621 nos
3397 3566 3524 3638 ejus
3580 3564 3830 3620 facultas

2177 3661 2368 3718 docet.
2391 3661 2699 3716 Maximam
2733 3675 2875 3715 sane
2896 3659 3016 3713 illis
3045 3657 3294 3729 gratiam
3325 3655 3635 3721 habemus,
3669 3653 3830 3724 quod

2177 3767 2283 3805 suo
2315 3767 2491 3821 opere
2523 3766 2589 3804 ac
2619 3748 2842 3805 labore.
2879 3746 3377 3819 pretiosissimum
3409 3743 3618 3814 suique
3651 3759 3831 3815 gene-

2176 3841 2258 3896 ris
2275 3840 2518 3896 unicum
2529 3839 2808 3894 Ecclesia
2830 3842 3286 3894 monumentum
3309 3839 3826 3891 conservaverunt.

1319 4301 1611 4374 [cxxxv1
1672 4275 2414 4365 DISSERTATIO
2474 4278 2912 4362 TERTIA.

1404 4484 1497 4545 De
1532 4483 1726 4544 variis
1760 4483 2130 4565 Cyrilliana
2158 4484 2456 4546 doctrina
2484 4483 2822 4564 capitibus.

485 4802 533 4855 1.
566 4797 895 4853 Studiosius
933 4799 1030 4854 hic
1073 4798 1448 4872 aggredimur
1496 4799 1550 4854 S.
1608 4799 1810 4872 Cyrilli
1842 4800 2063 4857 doctri-
2092 4805 2140 4870 Ι)
2172 4800 2468 4871 invadere,
2500 4802 2818 4873 possessio.
2851 4800 3054 4872 Cyrilli
3086 4804 3286 4856 autem
3316 4799 3646 4854 doctrinam
3680 4812 3822 4867 ope-

406 4904 499 4942 na
533 4904 819 4942 examen:
856 4905 1035 4958 quam
1068 4889 1166 4942 alii
1202 4887 1489 4943 malevolo
1541 4889 1763 4957 animo,
1815 4890 1888 4944 ad
1919 4907 2059 4945 con-

408 4975 671 5031 ﬂandam
704 4977 935 5031 nomini
968 4978 1098 5048 ejus
1139 4977 1441 5045 invidiam,
1494 4978 1554 5032 in
1589 4978 1850 5034 deterius
1899 4997 2061 5036 acce—

407 5083 585 5138 pere:
637 5066 739 5121 alii
799 5072 973 5122 secta
1033 5084 1154 5122 sua
1212 5068 1614 5139 prajudicatis
1681 5070 2064 5140 Opinionibus

407 5157 701 5228 occupati,
729 5172 804 5211 ne
833 5162 1061 5212 tantum
1087 5157 1394 5213 catholica
1424 5159 1700 5213 Ecclesia
1722 5161 2065 5230 prasidium

406 5245 842 5316 relinquerent,
865 5247 1060 5317 pravis
1092 5247 1642 5318 interpretamentis
1661 5265 2062 5321 corrumpere,

408 5340 465 5389 et
494 5333 569 5390 ad
600 5351 735 5390 suas
759 5336 1136 5406 opinationes
1170 5336 1474 5392 inflectere
1498 5338 1724 5410 magnis
1753 5338 2065 5394 conatibus

407 5422 850 5479 laboraverunt.
882 5425 1248 5480 Vindicanda
1279 5426 1590 5482 adversum
1623 5427 1847 5498 priores
1875 5428 2065 5483 sancti

405 5512 684 5584 prasulis
715 5513 901 5569 ﬁdes:
952 5513 1266 5570 retinenda
1315 5515 1593 5570 Ecclesia
1644 5515 1974 5584 catholica,
2009 5521 2067 5572 et

405 5600 714 5673 eripienda
746 5602 872 5674 ejus
900 5601 1191 5672 hostibus,
1213 5604 1276 5660 in
1301 5620 1482 5676 quam
1512 5610 1737 5663 temere
1766 5605 1897 5662 ausi
1927 5609 2067 5661 sunt

2170 4891 2367 4946 rosius
2399 4891 2724 4962 inquirere,
2770 4891 2974 4946 multis
3006 4890 3076 4946 de
3109 4890 3304 4945 causis
3353 4889 3604 4942 interest
3633 4885 3823 4957 pluri-

2173 4997 2358 5035 mum.
2394 4981 2680 5046 Primum,
2726 4979 2884 5050 quod
2934 4980 2995 5034 in
3045 4995 3222 5050 opere
3272 4976 3652 5044 catechetico,
3704 4989 3823 5028 non

2173 5070 2429 5142 privatas
2453 5071 2914 5141 opiniones,non
2936 5068 3275 5124 subtiliores
3299 5067 3696 5138 quastiones;
3721 5060 3825 5117 sed

2174 5159 2395 5215 nudam
2429 5165 2486 5214 et
2515 5175 2895 5215 communem
2916 5157 3192 5213 Ecclesia
3224 5155 3638 5227 ﬁdem,qualis
3669 5155 3829 5208 esset

2173 5249 2246 5306 ab
2270 5249 2548 5304 omnibus
2569 5249 2886 5318 credenda,
2922 5247 3229 5319 preposuit
3251 5253 3309 5302 et
3352 5243 3703 5317 explicavit:
3736 5245 3828 5295 at-

2175 5354 2291 5408 que
2323 5336 2462 5391 inde
2495 5337 2820 5409 legitimam
2851 5335 3258 5406 conjecturam
3303 5332 3626 5388 informare
3666 5327 3828 5393 licet,

2175 5424 2317 5498 quid
2349 5430 2472 5480 toto
2506 5425 2729 5498 pariter
2757 5423 2900 5480 orbe
2931 5423 3223 5479 catholico
3255 5422 3588 5477 doceretur.
3620 5419 3737 5473 Nec
3755 5414 3830 5470 il-

2174 5515 2279 5570 lud
2301 5513 3108 5587 pratereundum,Cyrillum
3128 5528 3196 5568 eo
3219 5516 3488 5584 tempore
3511 5503 3833 5565 abArianis

2177 5603 2420 5678 quidem
2451 5603 2909 5673 alienissimum,
2939 5602 3012 5660 ab
3041 5599 3352 5660 Athanasii
3381 5615 3519 5657 vero
3551 5601 3612 5655 et
3655 5593 3832 5652 fervi-
