4090 6268
267 382 379 444 169
1641 382 1862 446 DlSSE
1872 379 2157 442 BTATIO
2202 384 2312 444 III.
3570 402 3689 462 170

264 516 489 572 diorum
513 516 773 571 Nicaeum
802 516 949 573 ﬁdei
967 517 1348 574 defensorum
1370 534 1546 575 causa
1569 518 1930 591 sejunctum,
1963 514 2013 580 Α
2046 512 2180 570 dem
2211 534 2345 574 cum
2368 519 2440 575 iis
2463 522 2565 592 qui
2588 524 2961 580 semi—Ariani
2984 526 3123 584 dicti
3148 536 3288 586 sunt
3307 537 3684 591 commercia.

268 607 636 676 evitatisquae
651 608 1132 663 controversiam
1146 613 1270 665 tum
1282 607 1926 674 movebantvocabulis,
2040 605 2178 668 Quae
2201 606 2276 662 ad
2300 614 2620 682 utrumque
2642 620 2818 685 caput
2838 617 3158 687 pertinent,
3192 620 3253 675 in
3271 623 3447 679 variis
3466 630 3686 681 nostra;

274 695 687 751 communibus
720 701 784 750 et
813 696 1055 753 usitatis
1087 715 1217 768 quae
1267 699 1475 754 eodem
1519 698 1774 754 redeunt
1799 714 1926 752 ver-
2037 694 2109 751 de
2143 696 2270 767 ejus
2314 699 2431 756 vita
2477 701 2913 759 dissertationis
2967 705 3115 762 locis
3157 708 3392 765 abunde
3436 713 3684 770 diluisse

274 785 487 840 borum
513 784 786 840 formulis
811 785 1151 842 doctrinam
1182 804 1348 843 suam
1373 787 1928 859 expressisse,utin~
2040 803 2368 857 speramus.
2402 791 2540 855 Quas
2572 797 2769 848 autem
2800 811 2869 849 ex
2901 796 3136 867 scriptis
3167 798 3296 868 ejus
3328 800 3687 859 defendendi

280 874 610 946 telligamus
640 891 927 944 quaenam
977 877 1376 932 communiter
1417 878 1490 933 ab
1532 877 1809 933 omnibus
1833 893 1933 931 ec-
2039 882 2141 931 aut
2169 880 2488 936 accusandi
2514 898 2694 937 causa
2739 883 2991 954 proferri
3041 894 3312 957 possunt,
3347 905 3416 944 ea
3455 894 3686 947 tantum

281 964 586 1019 clesiarum
616 964 945 1035 magistris,
984 965 1123 1021 fidei
1154 971 1372 1022 nostrae
1403 966 1737 1023 candidatis
1766 965 1931 1021 insti-
2039 966 2136 1021 hic
2157 967 2393 1039 inquiro
2419 988 2433 1036 ;
2465 986 2532 1025 ac
2562 971 2823 1042 primum
2854 973 3233 1045 integerrime
3261 977 3333 1032 de
3366 978 3459 1034 SS.
3501 978 3688 1036 Trini-

278 1055 416 1109 tutio
437 1052 801 1122 traderetur;
826 1071 909 1109 ne
934 1056 1172 1111 Arianis
1204 1056 1444 1128 quidem
1476 1058 1756 1128 exceptis,
1791 1072 1934 1127 quo-
2040 1060 2158 1111 tate
2209 1058 2563 1114 disseruisse
2623 1060 2842 1130 probo;
2905 1066 3029 1117 tum
3088 1063 3161 1118 de
3208 1065 3339 1119 Filii
3389 1072 3448 1121 et
3503 1068 3690 1139 Spiri-

272 1160 397 1199 rum
430 1144 616 1198 etiam
650 1143 899 1215 plurimi
952 1145 1236 1202 usitatum
1284 1147 1561 1202 Ecclesiaa
1594 1163 1930 1202 sermonem
2039 1150 2135 1200 tus
2188 1148 2375 1202 sancti
2459 1148 2786 1216 divinitate,
2847 1150 3003 1206 idem
3086 1154 3402 1224 specialius
3488 1163 3687 1214 osten-

270 1239 637 1289 commutare
669 1249 796 1288 non
828 1233 981 1303 ausi,
1017 1234 1334 1291 subtilibus
1384 1236 1929 1308 interpretamentis
2038 1235 2194 1291 dam.

267 1324 504 1380 eludere
538 1324 939 1392 nitebantur;
974 1325 1214 1397 quidem
1244 1326 1411 1381 rudis
1441 1327 1646 1399 populi
1692 1332 1930 1398 captum
2109 1328 2160 1382 3.
2195 1329 2272 1382 Ac
2329 1329 2521 1399 primo
2562 1328 2825 1399 quidem,
2881 1330 3048 1399 duos,
3108 1349 3245 1389 cum
3302 1334 3374 1391 de
3405 1338 3687 1394 Trinitate

266 1430 395 1469 cum
430 1419 816 1485 superarent,
848 1420 953 1470 aut
998 1416 1048 1470 ei
1100 1416 1466 1482 celabantur,
1514 1416 1929 1488 episcoporum
2037 1416 2249 1490 agitur,
2283 1418 2587 1488 oppositos
2619 1435 2851 1474 errores
2880 1420 3150 1477 vitandos
3171 1430 3394 1480 monet.
3427 1428 3686 1495 Primus,

267 1521 331 1559 ac
360 1504 682 1560 doctorum
709 1504 1217 1577 disputationibus
1269 1511 1606 1573 reservata;
1662 1511 1763 1561 aut
1793 1506 1841 1560 si
1876 1506 1928 1561 ei
2038 1523 2115 1561 ne
2172 1506 2511 1563 Sabelliana
2561 1524 2950 1579 personarum
3009 1511 3278 1568 confusio
3331 1515 3683 1573 inducatur:

263 1600 773 1665 proponerentur,
809 1593 913 1649 ille
964 1594 1316 1667 plerumque
1348 1595 1408 1650 in
1440 1595 1609 1650 obvio
1659 1611 1727 1650 ac
1757 1600 1928 1650 natu-
2038 1595 2208 1662 alter,
2245 1611 2321 1650 ne
2354 1595 2482 1667 ipsa
2509 1596 2764 1653 Trinitas
2816 1604 3124 1669 separetur
3172 1617 3242 1656 ac
3283 1602 3685 1674 distrahatur;

265 1682 371 1736 rali
404 1682 711 1754 simplicis
734 1683 1148 1739 instructionis
1172 1700 1370 1747 sensu,
1396 1683 1634 1739 omissis
1656 1701 1787 1754 qua)
1809 1700 1930 1738 non
2039 1702 2107 1742 ac
2137 1687 2224 1742 vel
2276 1687 2359 1741 dii
2407 1688 2629 1759 plures,
2676 1690 2767 1744 vel
2816 1690 3100 1762 sejunctas
3148 1697 3363 1748 natura
3413 1712 3683 1766 personas

263 1772 636 1845 intelligeret
665 1773 1104 1843 acquiescebat.
1138 1774 1341 1829 Altera
1373 1773 1697 1829 studiosius
1729 1774 1929 1845 explo-
2039 1776 2450 1843 admittantur,
2502 1783 2613 1834 cat.
2651 1781 2737 1845 16,
2787 1795 2846 1833 n.
2880 1782 2934 1849 4,
2965 1801 2993 1830 ‹‹
3042 1781 3184 1852 Spes
3233 1788 3437 1839 nostra
3484 1785 3547 1839 in
3576 1786 3687 1840 Pa-

260 1863 463 1919 randas
496 1862 709 1934 Cyrilli
743 1863 1032 1918 doctrinas
1053 1865 1202 1920 ratio
1235 1865 1637 1932 est,Ecclesite
1661 1865 1929 1920 Hieroso-
1961 1875 2008 1940 Β
2040 1888 2067 1916 ι(
2096 1872 2246 1922 trem
2281 1871 2339 1922 et
2378 1867 2592 1922 Filium
2647 1874 2703 1922 et
2746 1869 3026 1940 Spiritum
3088 1877 3358 1927 sanctum
3418 1880 3524 1930 est.
3559 1877 3686 1930 Non

258 1952 573 2024 lymitanas
605 1952 782 2024 cujus
815 1953 994 2008 fidem
1025 1954 1359 2025 exponebat
1387 1961 1728 2011 auctoritas.
1780 1954 1925 2009 Inde
2040 1978 2068 2007 «
2090 1961 2210 2011 tres
2227 1957 2371 2012 deos
2392 1958 3685 2024 annuntiamus,conticescantenimMarcio-

259 2045 433 2098 exivit
466 2042 584 2111 lex,
618 2048 674 2096 et
701 2042 929 2098 verbum
976 2044 1213 2109 Domini,
1267 2046 1409 2115 quoi
1440 2047 1595 2102 illinc
1616 2048 1825 2116 pluviae
1864 2047 1925 2100 in
2036 2068 2063 2096 «
2088 2046 2248 2101 nitas.
2275 2048 2489 2101 Verum
2504 2063 2639 2102 cum
2655 2052 2858 2104 sancto
2872 2049 3433 2121 Spiritu,perunum
3447 2053 3685 2123 Filium,

254 2151 461 2189 morem
494 2135 818 2188 universum
851 2134 1032 2188 orbem
1071 2136 1349 2205 irrigavit,
1400 2143 1464 2191 ut
1516 2136 1783 2209 loquitur
1812 2140 1924 2208 Cy-
2036 2152 2263 2191 «unum
2278 2136 2463 2192 Deum
2478 2136 3266 2208 praedicamuandivisaest
3288 2141 3688 2214 ﬁdesinsepa—

254 2223 432 2278 rillus
464 2223 600 2294 ipse
634 2227 747 2279 cat.
780 2224 866 2290 18,
897 2239 955 2276 n.
990 2224 1076 2288 34;
1105 2223 1230 2278 haec
1251 2224 1517 2280 omnium
1537 2226 1925 2281 ecclesiarum
2034 2248 2063 2275 «
2089 2224 2516 2297 rabilispietas,
2549 2243 2744 2297 neque
2765 2242 3109 2299 separamus
3134 2234 3401 2285 sanctam
3432 2232 3682 2289 Trinita-

252 2320 451 2369 mater
472 2354 487 2379 ,
520 2311 608 2366 ibi
639 2311 775 2366 fons
809 2310 1226 2367 ecclesiasticee
1254 2313 1622 2369 traditionis:
1646 2315 1802 2369 hanc
1823 2314 1924 2369 ubi
2034 2314 3120 2388 «tem,velutnonnullifaciunt:neque
3136 2319 3545 2375 confusionem
3553 2321 3686 2392 jux-

254 2412 482 2467 melius
517 2427 701 2482 quam
733 2410 797 2465 in
828 2410 959 2481 ipsa
1004 2411 1229 2483 origine
1281 2413 1588 2483 qumsieris
1609 2413 1636 2467 ξ)
1683 2413 1925 2469 Accedit
2038 2403 3390 2478 ctaSabelliumfacimus.»Docetigiturprimo,
3413 2424 3561 2479 spem
3584 2426 3680 2465 no-

254 2500 599 2571 antiquitas
630 2498 859 2570 Cyrilli,
891 2504 951 2553 et
997 2501 1268 2570 proxima
1317 2501 1592 2557 felicibus
1644 2503 1922 2558 Ecclesia
2030 2501 2201 2549 stram
2240 2495 2298 2548 in
2323 2494 2438 2548 solo
2479 2495 2583 2549 Deo
2613 2494 2880 2549 coIlocari
2910 2510 3108 2564 posse:
3140 2495 3301 2551 hom.
3333 2499 3389 2552 in
3420 2499 3671 2570 Paralyt.

252 2589 500 2645 saacnlis
533 2593 698 2643 astas.
724 2589 848 2652 Quo
877 2587 1028 2643 fonti
1056 2589 1346 2661 proprior,
1374 2590 1485 2645 hoc
1516 2591 1721 2661 purior
1737 2596 1794 2645 et
1818 2590 1925 2646 mi-
2030 2600 2194 2638 num.
2216 2586 2270 2651 9,
2292 2583 2446 2639 hanc
2468 2582 2529 2636 in
2552 2583 2741 2637 tribus
2761 2584 3032 2654 personis
3060 2585 3203 2655 poni
3235 2585 3441 2656 jubet;
3464 2604 3676 2645 unam-

249 2696 376 2734 nus
389 2693 709 2750 pravarum
725 2677 1075 2749 opinionum
1104 2695 1268 2734 caeno
1290 2680 1564 2735 turbatus
1588 2681 1923 2736 traditionis

248 2770 442 2824 rivus.
496 2767 686 2839 Hujus
744 2767 989 2838 puritati
1036 2768 1492 2840 diligentissime
1541 2770 1924 2843 invigilarant

249 2875 472 2914 omnes
500 2873 658 2929 pene
689 2857 764 2912 ad
797 2857 965 2912 illam
996 2874 1184 2928 usque
1228 2864 1460 2914 nitatem
1509 2860 1822 2915 sanctitate
1852 2877 1920 2915 ac

250 2948 539 3002 doctrina
571 2946 841 3002 celebres
891 2946 1069 3018 hujus
1101 2946 1265 3002 urbis
1315 2948 1599 3020 episcopi.
1647 2949 1922 3005 Florebat
2030 2942 2466 2998 Deumefﬁcere
2484 2943 2862 2998 censet.lllos
2880 2944 3451 3017 divinitateprivare,
3474 2950 3674 3005 Trini-

245 3037 527 3092 Ecclesia
558 3035 664 3091 illa
696 3040 821 3090 tum
855 3035 1205 3091 castissimis
1234 3037 1522 3105 moribus,
1557 3044 1916 3095 ascetarum-
2030 3037 2209 3089 tatem
2249 3049 2524 3104 separare
2565 3037 2674 3103 est,
2699 3033 2856 3103 quod
2888 3035 3257 3092 severissime
3291 3044 3492 3094 cavet:
3527 3040 3675 3097 alias

244 3143 372 3199 que
404 3143 474 3181 ac
503 3126 941 3180 monachorum
991 3141 1059 3180 ac
1111 3125 1399 3197 virginum
1442 3127 1756 3199 gregibus;
1790 3133 1917 3182 tum
2027 3122 2467 3178 Filiumsaltem
2498 3140 2569 3178 ex
2594 3121 2786 3176 verbis
2814 3122 3067 3194 symboli
3099 3140 3301 3180 verum
3334 3127 3518 3183 Deum
3538 3146 3677 3200 pro-

240 3215 591 3273 abundanti
609 3213 962 3286 specialium
980 3215 1167 3270 sancti
1190 3215 1440 3288 Spiritus
1452 3216 1764 3272 domorum
1785 3234 1920 3289 par—
1954 3244 1997 3311 C
2036 3212 2289 3267 nuntiat.
2306 3211 2498 3311 U-num
2520 3227 2657 3310 ergo
2672 3227 2808 3311 cum
2828 3212 2999 3311 Patre
3018 3213 3202 3269 Deum
3215 3215 3424 3271 ambos
3442 3214 3677 3274 efﬁcere

244 3305 633 3376 ticipatione,
669 3321 802 3375 qua)
832 3303 1119 3358 nimirum
1151 3320 1258 3359 sua
1290 3310 1460 3361 (etate
1491 3307 1833 3362 communia
1861 3312 1921 3362 et
1959 3299 1997 3311 ““
2037 3299 2805 3371 existimavit.Tertio,quod
2828 3300 2898 3355 de
2922 3300 3019 3356 hic
3033 3302 3268 3359 vitanda
3282 3304 3463 3361 trium
3477 3308 3678 3363 confu-

240 3394 608 3468 pervulgata
664 3392 874 3457 fuisse,
930 3392 1099 3448 testis
1157 3398 1247 3448 est
1299 3395 1554 3466 Cyrillus
1604 3396 1919 3467 [CXXXVI]
2028 3390 2191 3445 sione
2207 3395 2310 3444 aut
2329 3389 2703 3461 separatione
2721 3396 2943 3457 monet,
2969 3390 3127 3446 idem
3151 3392 3221 3448 de
3244 3395 3414 3450 Patre
3439 3400 3498 3451 et
3530 3397 3676 3453 Filio

240 3484 559 3541 sexcentis
590 3483 760 3539 locis.
799 3484 898 3537 Hae
929 3483 1158 3538 ratione
1191 3485 1438 3540 elI‘ecere
1488 3490 1554 3540 ut
1605 3486 1666 3540 in
1714 3487 1917 3555 Cyrilli
2028 3478 2360 3535 innumeris
2380 3495 2532 3549 pene
2554 3478 2703 3532 locis
2726 3479 2961 3549 repetit:
2991 3481 3052 3534 in
3083 3481 3290 3552 primis
3311 3488 3420 3539 cat.
3442 3486 3498 3554 4,
3518 3503 3577 3540 n.
3604 3489 3674 3552 8;

241 3573 597 3629 doctrinam
630 3588 812 3643 quam
844 3572 1102 3627 maximo
1125 3573 1319 3627 studio
1344 3574 1920 3645 inquirerem.Multa
2029 3573 2139 3623 cat.
2162 3572 2244 3633 11,
2274 3563 2339 3622 ῐιέ
2360 3570 2445 3630 16,
2482 3571 2544 3619 17
2565 3569 2852 3634 et18;cat.
2880 3568 2944 3622 15
2980 3586 3076 3636 ;n,
3102 3573 3153 3637 9;
3189 3572 3404 3642 quibus
3435 3575 3496 3629 in
3527 3575 3675 3631 locis

242 3665 319 3719 in
344 3662 509 3717 Notis
558 3660 755 3731 capita
787 3659 1091 3730 explicavi.
1116 3661 1221 3715 Hic
1253 3678 1321 3716 ea
1349 3661 1685 3733 indaganda
1714 3679 1916 3734 super-
2026 3656 2184 3711 idem
2215 3656 2286 3711 de
2317 3656 2538 3726 Spiritu
2569 3671 2802 3726 quoque
2834 3663 3037 3713 sancto
3071 3661 3526 3731 supponendum
3544 3680 3674 3720 esse

238 3757 415 3818 sunt,
479 3767 614 3821 quae
695 3748 1134 3821 diligentiorem
1205 3766 1443 3821 operam
1514 3750 1915 3822 postulabant,
2027 3747 2256 3819 probat,
2292 3745 3675 3817 quodinoitatocatechesislﬁtestimonioeam-

239 3858 437 3914 quam
462 3845 534 3894 ut
564 3840 851 3894 Natarum
898 3837 1182 3893 brevitate
1233 3839 1705 3895 includerentur.
1746 3840 1916 3896 Ordi-
2027 3836 2162 3891 dem
2184 3836 2269 3890 illi
2295 3836 2652 3890 sententiam
2675 3836 3011 3907 applicavit.
3037 3838 3186 3902 Quid
3205 3858 3341 3895 vero
3367 3842 3675 3914 sit,Cyrilli

236 3948 393 3986 nem
455 3943 679 3999 sequor
758 3926 1120 3999 dogmatum,
1190 3944 1369 3998 quem
1438 3930 1563 4000 ipse
1622 3930 1915 3986 catechesi
2027 3923 2697 3991 sententia,Trinitatem
2720 3924 2813 3979 vel
2844 3940 3131 3995 personas
3153 3932 3678 4002 separare,perspi-

238 4024 469 4093 quarta
494 4017 755 4089 praeﬁxit
785 4016 1059 4087 Cyrillus.
2026 4033 2131 4071 oue
2149 4015 2404 4087 explicat
2417 4018 2528 4079 cat,
2540 4017 2560 4066 l
2574 4016 2594 4066 l
2610 4030 2669 4078 ,n
2685 4013 3061 4079 t7;nimirum
3078 4031 3395 4086 personam
3408 4018 3673 4090 aliquam

802 4105 1034 4161 CAPUT
1079 4108 1378 4163 PRIMUM.
2025 4106 2087 4161 in
2105 4110 2438 4161 creaturam
2479 4119 2794 4158 numerum
2825 4103 3111 4176 relegare.
3157 4105 3261 4161 Hic
3293 4107 3477 4175 enim,
3512 4110 3670 4180 quod

418 4218 552 4281 Quo:
575 4216 757 4271 sancti
787 4213 985 4283 Cyrilli
1013 4216 1079 4269 de
1107 4217 1452 4272 sanctissima
1484 4219 1755 4273 Trinitate

2032 4193 2096 4249 de
2110 4193 2397 4266 Oppositis
2411 4192 2711 4248 erroribus
2724 4191 2956 4247 dixerat
2971 4193 3375 4265 explanans,ai
3386 4199 3511 4252 t:«N
3517 4214 3669 4269 eque

854 4289 1125 4342 sententia
1150 4289 1344 4355 fuerit.
2028 4304 2049 4332 ι
2079 4284 2225 4340 Filio
2239 4283 2468 4339 deferre
2490 4282 2780 4337 honorem
2805 4283 2940 4349 rati,
2960 4285 3195 4339 Patrem
3218 4302 3353 4342 eum
3368 4304 3672 4360 nuncupe-

2031 2689 2329 2745 quamque
2369 2673 2548 2746 igitur
2576 2674 2761 2728 Deum
2793 2690 2922 2729 esse
2961 2679 3183 2732 censet.
3221 2676 3511 2743 Secundo,
3537 2678 3678 2735 dum

2030 2768 2150 2817 tres
2180 2762 2322 2817 deos
2351 2766 2548 2834 negat,
2583 2761 2675 2816 vel
2711 2762 2947 2830 Filium,
2994 2768 3052 2817 et
3077 2764 3360 2835 Spiritum
3406 2773 3679 2823 sanctum

2029 2851 2131 2905 Dei
2156 2851 2326 2906 titulo
2339 2851 2549 2922 privat,
2571 2851 2660 2906 vel
2680 2849 3016 2924 [CXXXVII]
3040 2869 3339 2910 eosunum
3362 2873 3496 2911 cum
3509 2862 3675 2929 patre

318 4382 371 4431 2.
407 4375 610 4432 Sancti
642 4374 847 4445 Cyrilli
882 4374 1028 4430 fides
1059 4377 1217 4431 circa
1247 4377 1683 4433 sanctissimam
1721 4379 1912 4433 Trini-

246 4473 439 4524 tatem
473 4465 599 4520 vivo
661 4463 790 4535 ipso
849 4469 1142 4521 accusata.
1204 4467 1350 4519 Eum
1397 4466 1791 4539 Hieronymus
1850 4468 1912 4523 in

2024 4395 2051 4423 «
2075 4390 2230 4442 mus;
2252 4388 2447 4443 neque
2469 4371 2612 4426 dum
2626 4373 2861 4427 Patrem
2880 4373 3176 4430 honorare
3195 4375 3676 4447 arbitramur,Fi-

2025 4485 2051 4512 ((
2078 4463 2225 4517 lium
2242 4476 2428 4517 unum
2444 4477 2512 4515 ex
2525 4459 2704 4515 rebus
2717 4460 2972 4516 conditis
2992 4464 3421 4534 suspicemur.»
3443 4467 3507 4522 Id
3520 4467 3673 4524 alio-

245 4559 529 4613 Chronico
559 4555 919 4610 Arianorum
942 4556 1100 4627 gregi
1133 4555 1385 4611 ﬁdenter
1406 4557 1775 4612 adnumerat.
1801 4560 1915 4613 Hu—
1945 4599 1991 4664 Β
2025 4552 2125 4623 qui
2147 4568 2242 4607 res
2268 4550 2398 4622 ipsa
2418 4549 2652 4604 clamat.
2671 4548 3035 4605 Sabellianos
3054 4568 3122 4606 ex
3145 4570 3312 4623 mquo
3326 4554 3672 4629 refutat,qui

254 4649 284 4664 η
449 4647 495 4664 σα
537 4644 643 4664 nl-
689 4644 999 4664 -I!,__A_._l_
1060 4645 1325 4664 __,_'__,3,
1388 4663 1397 4664 κ
1556 4663 1559 4664 ,
1669 4646 1679 4656 ·
2024 4648 2141 4664 ι---
2172 4641 2228 4664 Ξ..
2262 4656 2437 4664 --κη-..η
2474 4655 2756 4664 ...ΑκηΑηηη
2794 4639 3272 4664 κληιι....,ι-ι...-ι-
3311 4647 3358 4664 ,Α
3409 4646 3517 4664 Δκξγ

249 4649 415 4703 finus
446 4647 507 4700 in
535 4644 651 4700 ﬁde
683 4644 1030 4715 aliquando,
1054 4646 1272 4716 sacpius
1294 4645 1354 4699 in
1377 4646 1801 4701 communione
1819 4664 1913 4702 va-

248 4752 446 4792 nasse

505 4735 735 4791 scribit.
797 4734 1065 4789 Socrates
1143 4741 1203 4789 et
1258 4736 1612 4791 Sozomenus
1679 4737 1917 4792 concilii

2024 4648 2144 4697 tres
2172 4641 2234 4695 in
2262 4656 2442 4695 unam
2474 4655 2760 4710 personas
2791 4639 3273 4709 confundebant;
3305 4647 3363 4698 et
3392 4646 3669 4716 Arianos,

2027 4730 2128 4802 qui
2158 4729 2371 4785 Filium
2399 4733 2457 4782 et
2482 4727 2763 4798 Spiritum
2821 4733 3092 4783 sanctum
3150 4730 3213 4784 in
3260 4739 3670 4794 creaturarum

2028 4835 2343 4875 numerum
2369 4816 2738 4872 referebant:
2772 4821 2985 4872 neutra
3009 4816 3097 4871 illi
3127 4818 3322 4890 placet
3351 4828 3669 4894 sententia;

251 4823 909 4896 ConstantinOpolitani
930 4829 1194 4896 tempore
1227 4825 1301 4880 ad
1318 4825 1495 4881 ﬁdem
1514 4827 1916 4883 consubstan-

254 4914 531 4970 tialitatis
558 4930 628 4968 ex
646 4913 998 4984 poenitentia
1010 4930 1315 4969 reversum
1331 4915 1514 4970 aiunt.
1542 4918 1721 4971 Erant
1739 4918 1921 4974 Theo-

253 5005 475 5077 phanis
503 5009 799 5076 tempore,
833 5004 935 5075 qui
960 5005 1191 5060 Arianae
1225 5006 1528 5077 opinionis
1553 5014 1917 5080 suspectum,

254 5091 619 5168 ’Apsr'i?pov1
634 5092 1170 5163 calumniarentur,
1190 5100 1433 5166 propter
1446 5098 1919 5166 piissiminomen

256 5178 643 5237 εὐσεϐέστατον
683 5184 1033 5239 Constantio
1070 5183 1130 5238 in
1154 5184 1405 5256 epistola
1428 5185 1499 5240 de
1521 5187 1714 5241 crucis
1738 5205 1914 5260 appa-

256 5273 477 5328 ritione
506 5272 821 5341 tributum,
849 5277 906 5327 et
927 5272 1452 5329 consubstantialis
1469 5292 1669 5330 vocem
1688 5276 1748 5330 in
1763 5282 1923 5333 cate-

259 5362 543 5418 chesibns
584 5362 1074 5434 praetermissam.
1126 5363 1552 5435 Metaphrastes
1600 5365 1662 5421 in
1715 5367 1835 5422 Vita
1860 5369 1917 5423 S.

266 5452 585 5519 Athanasii,
609 5458 667 5508 et
722 5452 875 5507 alius
911 5452 1052 5508 Vita:
1109 5454 1377 5525 ejusdem
1424 5455 1613 5510 sancti
1646 5456 1921 5527 scriptor,

264 5556 395 5596 eum
429 5542 693 5598 maximo
718 5542 1046 5613 impietatis
1062 5543 1273 5599 ardore
1296 5544 1609 5600 incensum
1633 5546 1920 5602 scribunt.

266 5630 363 5687 His
387 5633 712 5689 calumniis
735 5632 936 5689 locum
956 5633 1193 5703 dedere,
1225 5636 1315 5691 vel
1347 5653 1565 5708 sparsa)
1598 5637 1739 5694 dum
1770 5639 1923 5694 vive.

266 5726 355 5775 ret
374 5723 432 5778 in
461 5724 595 5795 ejus
621 5722 1065 5779 ordinationem
1097 5725 1435 5794 calumniae,
1461 5726 1547 5782 vel
1581 5727 1700 5782 fota
1730 5727 1801 5783 ab
1825 5745 1923 5784 eo-

589 5842 854 5901 rum.
900 5842 1014 5902 Gn.
1059 5842 1332 5905 xxxm.
1652 5850 1655 5851 ί
3311 5839 3352 5898 6

2027 4915 2242 4971 Filium
2274 4930 2409 4986 ergo
2441 4917 2500 4967 et
2528 4912 2811 4983 Spiritum
2842 4917 3112 4969 sanctum
3145 4917 3351 4973 eximit
3378 4937 3414 4975 a
3442 4927 3676 4977 creatu-

2030 5005 2130 5061 ris.
2164 5005 2303 5059 Tres
2336 5003 2419 5057 ita
2445 5000 2771 5072 conjungit,
2803 5006 2871 5056 ut
2915 5002 3214 5061 vitandam
3262 5011 3673 5068 tantummodo

2028 5097 2207 5150 unius
2229 5107 2499 5164 personae
2532 5089 2592 5143 in
2624 5095 2743 5145 tres
2767 5090 3086 5162 aliquando
3116 5101 3357 5154 mutatas
3388 5102 3679 5158 confusio-

2029 5202 2168 5242 nem
2214 5184 2472 5237 moneat.
2522 5178 2681 5233 Nihil
2728 5178 2893 5235 aliud
2938 5182 3239 5255 reliquum
3291 5193 3401 5257 est,
3456 5190 3569 5246 nisi
3614 5196 3682 5247 ut

2032 5283 2152 5331 tres
2182 5285 2468 5344 personas
2499 5267 2562 5322 in
2596 5284 2718 5324 una
2749 5272 2962 5326 natura
2990 5273 3342 5345 conjunctas
3380 5278 3674 5335 admittat.

2102 5368 2154 5419 [ιι.
2188 5358 2479 5425 Secundo,
2511 5374 2693 5413 unam
2719 5359 2906 5415 tribus
2922 5363 3192 5431 personis
3219 5365 3582 5425 divinitatem
3609 5385 3679 5425 ex

2033 5468 2202 5526 aequo
2226 5462 2605 5506 communem
2627 5446 2787 5503 facit.
2820 5450 2941 5504 Cat.
2968 5453 3020 5521 6,
3052 5468 3217 5508 num.
3241 5457 3294 5522 5,
3325 5455 3396 5511 de
3427 5456 3572 5512 Filio
3589 5457 3676 5513 lo-

2033 5556 2258 5618 quens:
2324 5540 2577 5593 Paterna:
2633 5536 2970 5608 divinitatis,
3028 5556 3150 5597 cum
3216 5545 3433 5615 Spiritu
3486 5552 3674 5602 sancto

2025 5635 2306 5708 particeps
2335 5634 2414 5683 est
2460 5627 2777 5698 unigenitus
2819 5628 3013 5689 Filius.
3059 5629 3325 5703 Θεὸτητος
3352 5640 3450 5704 τῆς
3482 5654 3674 5706 πατρι-

2032 5726 2133 5788 κῆς
2164 5718 2276 5777 ἐστὶ
2309 5715 2401 5772 σὺν
2424 5718 2506 5788 τῷ
2566 5720 2837 5791 Πνεῦματι
2888 5722 2968 5789 τῷ
2996 5718 3133 5792 ἀγίω
3184 5723 3444 5782 κοινωνὸς
3492 5722 3521 5774 ὁ
3552 5721 3675 5779 Υἱὸς
