4134 6264
300 403 431 464 1⁸73

1677 393 2201 456 DISSERTATIO
2245 397 2355 458 IlI.

3621 405 3738 465 174

293 535 382 591 ad
397 533 620 590 monui.
659 530 771 587 Sed
808 535 990 586 totam
1018 530 1135 584 vim
1169 529 1299 601 ejus
1330 527 1596 583 vocabuli
1628 532 1686 583 et
1727 531 1976 582 senten-
2009 526 2062 593 Α
2094 543 2225 598 quae
2260 533 2377 584 tam
2409 531 2721 603 magniﬁce
2752 531 3007 604 Cyrillus
3039 530 3110 585 de
3138 533 3255 586 Deo
3288 534 3458 588 Patre
3481 536 3736 590 omnium

298 626 407 679 tias
440 624 501 677 in
532 620 812 676 adductis
848 636 1026 691 supra
1055 619 1444 674 catecheseou
1477 616 1790 673 sententiis
1830 633 1970 672 con-

304 713 513 779 tineri,
547 727 726 766 nemo
759 711 860 780 qui
891 709 1043 780 arqui
1071 708 1286 779 judicii
1319 708 1414 774 sit,
1450 706 1690 761 diffiteri
1717 704 1887 761 valet.

380 808 434 858 ‘7.
471 802 666 857 Unum
700 805 813 868 est,
846 798 1003 870 quod
1036 797 1317 853 adversus
1358 796 1687 867 expositam
1732 794 1803 849 de
1835 793 1966 847 Tri-

301 893 494 947 nitate
519 889 858 945 doctrinam
883 905 953 943 ex
978 886 1195 959 Cyrillo
1217 886 1435 958 opponi
1459 884 1665 957 possit;
1684 883 1965 938 nimirum

300 983 479 1038 illum
509 986 791 1036 externas
822 977 1125 1034 Trinitatis
1156 977 1419 1032 actiones
1449 990 1777 1046 separasse.
1810 971 1966 1028 unde

297 1073 485 1127 etiam
521 1074 809 1141 sequatur
837 1072 1065 1123 natura;
1088 1066 1399 1137 separatio.
1431 1064 1761 1119 Creationis
1783 1062 1965 1117 actio-

300 1157 974 1230 nem,verbigratia,uni
998 1156 1144 1211 Filio
1170 1154 1394 1210 tribuit:
1430 1155 1585 1209 Patri
1617 1153 1963 1209 mandatum

300 1257 542 1307 tantum
570 1247 835 1310 creandi,
873 1252 931 1301 et
958 1244 1573 1301 subministrationem
1610 1240 1964 1313 exemplaris

300 1356 507 1395 rerum
541 1335 996 1392 efﬁciendarum
1022 1352 1034 1387 :
1059 1334 1301 1405 Spiritui
1329 1339 1533 1389 sancto
1556 1339 1743 1388 solam
1762 1346 1962 1385 rerum

298 1434 451 1484 nutu
486 1427 679 1483 Patris
712 1442 819 1496 per
845 1424 1140 1479 Christum
1174 1423 1520 1477 effectarum
1552 1421 1965 1477 sanctiﬁcatio-

298 1534 444 1572 nem
480 1516 744 1571 tribuere
764 1513 1015 1569 videtur.
1038 1513 1116 1567 De
1148 1513 1318 1567 Patre
1338 1512 1658 1566 mandante
1680 1516 1738 1565 et
1766 1526 1961 1566 exem~

297 1608 434 1680 plar
462 1622 667 1662 rerum
698 1603 1146 1660 condendarum
1178 1602 1324 1657 Filio
1358 1600 1872 1669 subministrante,
1896 1617 1962 1657 ac

296 1696 449 1750 Filio
481 1694 805 1761 condente,
839 1697 1031 1748 exstat
1064 1692 1191 1763 ejus
1225 1690 1494 1746 doctrina
1523 1696 1635 1746 cat.
1675 1693 1759 1757 11,
1810 1706 1868 1745 n.
1894 1693 1962 1743 2'2.

297 1791 355 1840 et
385 1788 477 1851 23,
508 1800 689 1854 quam
723 1781 987 1838 declarat
1016 1780 1285 1852 exemplo
1320 1781 1471 1852 regis
1511 1780 1611 1850 qui
1661 1779 1959 1834 civitatem

292 1881 528 1929 struere
563 1873 791 1938 volens,
826 1871 973 1926 Filio
1004 1887 1110 1925 suo
1144 1870 1364 1941 pariter
1393 1885 1593 1923 secum
1627 1868 1748 1939 regi
1782 1884 1955 1923 man-

289 1964 502 2019 datum
535 1967 595 2017 et
624 1960 932 2031 exemplar
953 1959 1117 2014 urbis
1148 1957 1471 2038 condendae
1503 1957 1742 2024 tribuat;
1775 1974 1954 2028 quam

288 2052 515 2109 deinde
547 2051 706 2107 ﬁlius
737 2068 808 2106 ex
839 2049 1119 2106 mandato
1152 2050 1337 2121 patris
1388 2048 1461 2104 ad
1511 2047 1813 2119 exemplar
1843 2046 1954 2101 sibi

289 2141 747 2214 suppeditatum
777 2139 1071 2195 aediﬁcet:
1108 2156 1224 2211 quo
1258 2138 1526 2209 exemplo
1569 2136 1957 2193 concludatur

295 2230 510 2287 mundi
544 2229 920 2285 eﬂ‘ectionem
950 2228 1136 2283 solius
1166 2227 1299 2281 Eilii
1348 2243 1496 2282 esse.
1543 2228 1682 2291 Quas
1713 2226 1955 2297 quidem

295 2321 660 2377 Arianorum
674 2318 971 2375 sententia
985 2322 1438 2387 erat,creaturas
1452 2316 1681 2372 actione
1692 2334 1746 2372 ιιι
1764 2316 1954 2372 Patris

290 2416 534 2482 portare
566 2427 690 2466 non
712 2410 979 2481 potuisse
1007 2407 1819 2478 aientium,intermedimque
1847 2423 1952 2463 na-

292 2508 443 2557 tura:
463 2502 938 2574 attemperatiori
966 2517 1148 2557 manu
1168 2517 1315 2572 Opus
1339 2500 1539 2556 fuisse.
1566 2500 1723 2554 Hanc
1736 2499 1953 2554 doctrio

294 2608 441 2648 nam
472 2592 602 2647 fuse
633 2592 883 2663 exponit
911 2591 1198 2646 Eusebius
1230 2591 1443 2645 Caesar.
1477 2595 1624 2644 orat.
1668 2590 1743 2643 De
1773 2588 1956 2643 laudi-

302 2682 401 2736 bus
428 2682 709 2749 Constant,
751 2698 803 2735 c.
837 2683 891 2747 9,
924 2697 991 2735 ac
1042 2679 1263 2734 refutat
1305 2679 1665 2734 Athanasius
1717 2683 1864 2733 orat.
1899 2680 1953 2744 2,

298 2779 446 2838 cont,
478 2774 705 2837 Arium,
739 2787 797 2825 ιι.
848 2771 941 2836 24,
973 2772 1033 2823 et
1082 2770 1153 2824 De
1182 2768 1324 2823 decr.
1381 2770 1609 2833 Νιεειοηη
1645 2783 1703 2822 ιι.
1738 2770 1767 2819 ‘7
1801 2770 1859 2820 et
1888 2768 1943 2823 8.

299 2861 616 2933 DeSpiritu
661 2865 862 2915 autem
903 2864 1215 2914 sanctores
1233 2862 1460 2913 creatas
1486 2855 1951 2912 tantumsancti-

300 2953 518 3007 ﬁcante
543 2956 658 3007 cat.
686 2952 775 3017 I6,
799 2964 857 3004 ιι.
881 2949 934 3003 3.
962 2970 989 2998 ι(
1017 2951 1138 3016 Est,
1172 2948 1385 3018 inquit,
1416 2947 1666 3018 Spiritus
1691 2952 1951 3013 sanctus,

298 3064 325 3092 «
350 3040 759 3096 sanctiﬁcator
778 3054 980 3093 rerum
1015 3038 1286 3093 omnium
1317 3053 1352 3092 a
1381 3037 1497 3092 Deo
1520 3054 1626 3107 per
1654 3035 1953 3091 Christum

298 3153 327 3182 α
351 3132 722 3194 effectarum;
747 3133 860 3183 cat.
881 3131 967 3194 17,
993 3144 1050 3181 ιι.
1074 3128 1127 3183 2.
1153 3129 1253 3181 Est
1272 3143 1470 3181 rerum
1492 3127 1759 3182 omnium
1773 3126 1956 3182 ratio-

2090 624 2356 675 creatore
2389 623 2735 692 pronuntiat
2764 623 2969 677 multis
3001 623 3166 677 locis.
3203 622 3263 677 in
3295 624 3503 694 primis
3533 632 3643 681 cat.
3681 630 3733 693 4,

2084 722 2249 762 num.
2285 711 2337 777 4,
2374 713 2438 765 18
2471 718 2527 765 et
2552 714 2657 780 ‘22;
2693 718 2804 767 cat.
2842 716 2896 775 6.
2930 729 2988 768 ιι.
3024 715 3054 765 9
3101 718 3159 769 et
3192 715 3289 777 t2;
3342 720 3455 769 cat.
3499 718 3551 784 7,
3585 733 3644 783 ιι,
3678 720 3731 785 6,

2082 802 2139 850 et
2166 802 2286 853 tota
2314 801 2607 855 catechesi
2642 802 2847 857 nona?
2878 801 3091 873 quibus
3126 801 3186 856 in
3218 802 3365 857 locis
3417 805 3732 859 Marcioni-

2082 890 2189 955 tas,
2227 889 2600 955 Manichmos,
2632 890 2899 962 aliosque
2932 892 3243 946 haereticos
3275 892 3729 962 diligentissime

2078 974 2315 1046 refellit,
2350 978 2451 1049 qui
2483 980 2773 1035 mundum
2800 981 2954 1035 hunc
2982 980 3277 1051 negabant
3296 981 3488 1036 Patris
3511 982 3724 1039 Christi

2075 1064 2376 1135 opiﬁcium
2410 1085 2556 1123 esse.
2601 1070 2927 1124 Adversum
2962 1087 3061 1124 eos
3106 1069 3315 1141 probat
3340 1076 3453 1126 cat.
3488 1075 3543 1137 7,
3577 1089 3634 1126 ιι.
3669 1076 3721 1141 6,

2076 1154 2348 1210 eumdem
2373 1174 2500 1211 esse
2533 1159 2766 1214 Patrem
2789 1158 3001 1213 Christi
3025 1176 3159 1213 cum
3184 1159 3389 1214 mundi
3415 1160 3721 1216 conditore

2075 1248 2130 1298 et
2160 1251 2399 1300 auctore
2423 1248 2643 1301 Veteris
2664 1248 3044 1303 Testameuti.
3078 1248 3254 1318 Atqui
3280 1248 3365 1302 illi
3404 1251 3585 1304 Deum
3619 1250 3725 1305 Ve-

2076 1334 2589 1390 teris'l‘estamenti
2614 1337 2851 1408 proprie
2882 1354 2948 1392 ac
2966 1353 3095 1390 vere
3123 1337 3329 1391 mundi
3357 1338 3723 1395 conditorem

2074 1422 2487 1479 mstimabant:
2524 1442 2640 1480 non
2674 1426 2730 1479 id
2760 1426 2997 1483 refellit.
3044 1427 3146 1481 sed
3179 1433 3243 1481 ut
3273 1428 3547 1483 eumdem
3579 1447 3725 1500 quo-

2072 1527 2184 1581 que
2208 1512 2421 1566 Christi
2450 1516 2681 1568 Patrem
2704 1520 3047 1586 agnoscant,
3076 1515 3342 1570 obtinere
3364 1517 3593 1573 nititur.
3623 1520 3721 1574 Se-

2075 1600 2289 1669 cundo,
2324 1602 2471 1657 duos
2504 1602 2565 1657 in
2596 1605 2765 1658 Patre
2789 1604 2994 1659 titulos
3026 1610 3084 1658 et
3106 1605 3371 1659 actiones
3394 1605 3723 1679 distinguit,

2070 1706 2251 1746 unam
2277 1693 2488 1762 Patris,
2522 1693 2769 1749 alteram
2791 1694 3103 1764 Createris,
3129 1701 3239 1750 cat.
3262 1696 3313 1763 4,
3340 1712 3398 1749 ιι.
3429 1697 3480 1751 4.
3507 1718 3533 1744 ‹‹
3562 1698 3723 1754 Unus

2072 1802 2098 1827 «
2133 1781 2286 1835 Deus
2317 1781 2479 1838 solus
2509 1782 2609 1852 qui
2643 1788 2700 1837 et
2730 1784 3064 1838 animarum
3107 1788 3163 1838 et
3195 1800 3507 1855 corporum
3538 1784 3725 1841 factor

2072 1892 2098 1920 ‹‹
2126 1876 2245 1939 est;
2271 1888 2427 1927 unus
2457 1877 2546 1927 est
2583 1872 2778 1944 opifex
2808 1873 2936 1928 caeli
2970 1879 3027 1928 et
3062 1879 3251 1941 terrae,
3286 1875 3631 1947 angelorum
3665 1882 3722 1932 et

2066 1982 2092 2009 «
2127 1961 2617 2034 archangelorum
2640 1961 2844 2017 factor.
2880 1962 2987 2028 Qui
3022 1962 3342 2018 multarum
3368 1964 3608 2035 quidem
3624 1983 3718 2021 re-

2066 2070 2089 2104 ι
2110 2068 2241 2106 rum
2255 2052 2449 2124 opifex
2464 2054 2755 2120 est,unius
2771 2070 2904 2108 vero
2920 2053 3367 2120 solius,Domiui
3382 2057 3567 2110 nostri
3581 2058 3718 2113 Jesu

2070 2160 2091 2188 ι
2126 2142 2342 2196 Christi
2374 2145 2547 2198 Pater
2570 2142 2943 2198 antesmcula
2976 2165 3023 2198 n.
3059 2145 3204 2198 Nota
3236 2146 3494 2200 Graecam
3518 2163 3718 2202 vocem

2061 2246 2237 2300 quam
2254 2233 2561 2303 peropifem
2578 2231 2966 2301 reddidi,esse
2985 2227 3480 2306 δημιουργός,(]ιιω
3501 2237 3719 2300 artiﬁci

2061 2320 2399 2390 etOperario
2415 2320 2691 2375 manibus
2704 2320 2827 2375 suis
2849 2337 2999 2392 epus
3020 2321 3332 2392 attingenti
3348 2328 3405 2377 et
3439 2322 3720 2383 formanti

2061 2410 2302 2481 propria
2330 2416 2575 2476 est;cat.
2607 2416 2658 2478 7,
2693 2428 2753 2466 ιι.
2860 2432 2887 2462 ‹‹
2916 2414 3021 2466 Est
3050 2412 3205 2466 Deus
3236 2412 3561 2468 multorum
3585 2415 3721 2485 qui-

2064 2498 2241 2553 «dem
2255 2498 2494 2554 abusive
2508 2499 2886 2567 Pater,unius
2900 2516 3033 2555 vero
3049 2499 3234 2556 solius
3248 2500 3376 2555 Filii
3398 2502 3533 2557 Jesu
3552 2504 3686 2558 Chri
3698 2535 3717 2546 -

2066 2608 2086 2637 ι
2125 2588 2195 2642 sti
2214 2592 2426 2644 natura
2446 2594 2504 2643 et
2526 2589 2766 2643 veritate
2799 2590 2990 2644 Pater.
3024 2590 3328 2655 Quomodo
3346 2596 3543 2646 autem
3567 2591 3718 2647 abu-

2060 2677 2178 2732 sive
2210 2684 2616 2734 creaturarum
2634 2678 2709 2734 sit
2734 2681 2926 2745 Pater,
2952 2695 3165 2751 nempe
3190 2685 3432 2752 propter
3462 2680 3715 2738 creatio-

2060 2783 2217 2835 nem,
2236 2767 2488 2839 explicat
2510 2786 2563 2822 n.
2593 2771 2647 2836 8,
2675 2767 2906 2824 duobus
2926 2769 3521 2827 VeterisTestamenti
3542 2771 3710 2844 locis,

2061 2855 2246 2911 altero
2274 2858 2486 2929 Moysis
2512 2858 2675 2913 Deut.
2701 2874 2874 2924 xxxii,
2902 2860 2953 2913 6:
2980 2881 3007 2908 ‹‹
3036 2859 3242 2914 Nonne
3266 2859 3366 2915 ille
3389 2861 3516 2931 ipse
3538 2863 3715 2918 Pater

2061 2964 2088 2992 «
2117 2948 2252 2999 tuus
2274 2944 2539 3015 possedit
2569 2949 2646 3010 te,
2673 2951 2730 2999 et
2749 2944 2908 3012 fecit,
2935 2951 2993 2999 et
3018 2947 3237 3000 creavit
3268 2948 3367 3001 te?
3389 2968 3417 2995 »
3444 2954 3502 3001 et
3521 2948 3708 3004 altero

2058 3032 2245 3087 Isaire:
2270 3054 2297 3081 «
2320 3024 2590 3100 Domine,
2615 3035 2789 3088 Pater
2806 3039 3009 3087 noster
3033 3039 3114 3101 tu,
3149 3051 3261 3089 nos
3283 3040 3479 3090 autem
3494 3037 3708 3106 lutum;

2062 3138 2285 3193 «opera
2300 3139 2584 3178 manuum
2603 3128 2836 3179 tuarum
2848 3140 3076 3178 omnes.
3106 3145 3132 3173 n
3155 3125 3501 3189 Tertio,suis
3516 3130 3710 3183 mani—

294 3245 325 3273 α
345 3240 420 3278 ηρ
438 3221 991 3294 praedam-urnam};
1006 3236 1039 3275 τι
1054 3221 1169 3275 Deo
1184 3236 1289 3291 per
1302 3220 1598 3274 Christum
1612 3219 1780 3275 facta
1796 3225 1954 3289 sunt,
1989 3254 2032 3322 Ο
2068 3210 2179 3322 bu‘s
2204 3216 2428 3322 Patrem
2443 3212 2759 3322 creatiopis
2774 3229 2922 3322 opus
2934 3212 3196 3313 attigisse
3219 3214 3423 3313 multis
3441 3216 3586 3272 locis
3605 3217 3706 3273 do-

288 3337 320 3365 ι(
338 3313 762 3370 sanctiﬁcator.
777 3312 972 3377 nQuod
986 3313 1033 3366 si
1055 3313 1205 3367 hanc
1222 3327 1355 3366 vere
1367 3311 1941 3381 Cyrillisententiam

285 3404 475 3459 fuisse
506 3401 930 3467 concesserim,
945 3401 1088 3472 quid
1103 3416 1276 3473 porro
1290 3400 1428 3455 inde
1445 3406 1729 3472 sequatur
1742 3401 1769 3457 ‘2
1788 3400 1943 3456 Illud

287 3494 365 3549 ad
396 3506 740 3547 summum:
785 3490 1072 3561 Cyrillum
1121 3506 1307 3545 unum
1354 3489 1598 3560 aliquod
1637 3490 1943 3546 catholicae

287 3583 579 3639 doctrina:
592 3582 1030 3637 consectarium
1052 3599 1170 3637 non
1193 3581 1408 3637 vidisse
1434 3598 1446 3647 ;
1475 3581 1780 3649 nimirum,
1805 3599 1942 3652 quo-

284 3690 423 3729 rum
454 3689 577 3729 una
607 3678 698 3728 est
727 3677 941 3727 natura
966 3678 1024 3726 et
1044 3672 1343 3736 divinitas,
1368 3671 1717 3727 eorumdem
1738 3686 1941 3727 neces-

288 3765 452 3819 sario
464 3778 648 3818 unam
670 3779 802 3818 esse
827 3778 958 3834 quae
977 3768 1137 3817 extra
1156 3761 1404 3833 prodeat
1424 3762 1749 3829 actionem;
1771 3762 1943 3818 illum

282 3854 347 3907 in
378 3852 768 3907 distinctione
800 3866 1210 3922 personarum,
1245 3849 1497 3907 indivisa
1527 3852 1795 3922 quamvis
1839 3869 1943 3907 na-

287 3947 443 4010 tura,
470 3941 616 3995 satis
640 3939 837 3995 inesse
859 3939 1231 3995 fundamenti
1252 3940 1628 4007 arbitratum,
1653 3946 1720 3997 ut
1736 3957 1946 4015 opera-

287 4031 487 4086 tiones
535 4030 750 4100 cuique
793 4035 1081 4100 separata:
1113 4029 1402 4101 assignari
1446 4031 1624 4103 [CXL]
1679 4036 1942 4103 possent.

290 4122 449 4187 Haec,
485 4120 754 4190 inquam,
790 4119 917 4174 sola
950 4119 1304 4174 concludere
1335 4120 1559 4187 liceret,
1594 4137 1714 4176 non
1747 4124 1946 4176 autem

292 4210 517 4265 diserte
545 4209 934 4263 constitutam
959 4208 1031 4262 ab
1055 4225 1121 4263 eo
1154 4209 1224 4263 de
1256 4208 1640 4280 inseparabili
1664 4209 1948 4265 Trinitate

287 4298 629 4355 doctrinam
657 4303 942 4363 evertere,
976 4298 1027 4352 si
1057 4297 1519 4354 concederemus
1541 4304 1815 4355 externas
1827 4300 1949 4354 Tri-

290 4388 494 4444 uitatis
518 4388 898 4459 operationes
917 4388 1648 4460 separavisse,quanquam
1663 4389 1779 4445 alia
1791 4405 1954 4460 pror-

294 4495 395 4533 sus
421 4479 657 4533 ratione
691 4482 751 4531 et
780 4493 961 4533 causa
992 4493 1172 4549 quam
1206 4478 1407 4533 Ariani
1430 4483 1608 4549 atque
1639 4479 1947 4548 Eusebius,

290 4569 660 4624 creationem
674 4568 819 4622 Filio
836 4567 1059 4623 tribuit.
1076 4569 1168 4622 Illi
1182 4573 1423 4640 propter
1443 4574 1702 4639 pateram
1721 4575 1946 4624 natura)

294 4659 695 4731 majestatem,
732 4674 913 4728 quam
942 4674 1052 4714 nec
1083 4658 1155 4713 ad
1184 4657 1506 4713 creandum
1539 4658 1847 4714 demittere
1889 4675 1949 4712 se

294 4764 492 4820 posse,
524 4763 636 4803 nec
662 4764 698 4802 a
725 4748 1013 4802 creaturis
1035 4748 1318 4803 sustineri
1348 4747 1611 4821 potuisse
1639 4747 1948 4803 dicebant:

293 4837 554 4910 Cyrillus
584 4853 720 4891 vero
752 4837 910 4892 hanc
940 4854 1119 4893 unam
1169 4853 1408 4893 causam
1448 4837 1682 4909 allegat,
1715 4843 1826 4893 cat.
1862 4841 1948 4905 11,

293 4943 462 4992 ιιιιιιι,
511 4929 602 4994 22,
636 4926 795 4997 quod
842 4928 1016 4981 Pater
1051 4927 1264 4998 mquali
1296 4926 1409 4982 sibi
1444 4926 1586 4981 Filio
1618 4931 1950 4982 creatarum

292 5031 497 5071 rerum
528 5018 888 5087 potestatem
915 5031 981 5069 ac
1013 5014 1343 5071 dominium
1378 5017 1817 5072 communicare
1844 5033 1950 5071 vo-

300 5106 454 5171 lens,
487 5122 643 5177 opus
696 5105 811 5178 ipsi
844 5105 1162 5160 creationis
1218 5106 1602 5162 commiserit.
1636 5108 1851 5161 Verum
1884 5122 1954 5163 ea

292 5194 648 5250 defensione
667 5195 752 5250 uti
784 5194 939 5249 nihil
967 5210 1076 5249 nos
1098 5195 1254 5267 cogit
1277 5212 1291 5261 ;
1314 5195 1806 5266 probandumque
1829 5214 1952 5251 sus-

291 5284 550 5356 cipimus
577 5301 649 5340 ex
676 5283 920 5356 Cyrillo,
954 5288 1073 5340 tam
1099 5286 1335 5341 Patrem
1365 5290 1425 5340 et
1463 5286 1744 5356 Spiritum
1776 5303 1949 5343 sanc-

293 5379 417 5430 tum
449 5391 589 5430 cum
616 5374 767 5430 Filio
816 5375 1129 5441 creavisse,
1180 5391 1358 5446 quam
1391 5375 1667 5431 eumdem
1716 5377 1950 5431 Patrem

292 5470 348 5520 et
375 5465 598 5520 Filium
630 5480 768 5519 cum
802 5467 1006 5519 sancto
1038 5464 1259 5535 Spiritu
1290 5465 1778 5521 sanctiﬁcationis
1811 5481 1946 5521 auc-

291 5558 446 5611 tores
476 5572 635 5611 esse.

355 5646 407 5701 8.
442 5646 525 5702 Ac
553 5644 753 5717 primo
786 5641 1052 5715 quidem,
1084 5642 1218 5715 quis
1250 5645 1451 5701 credat
1491 5644 1563 5701 ad
1612 5643 1945 5717 simplicem

287 5738 498 5791 nutum
532 5740 720 5806 atque
765 5731 1115 5791 mandatum
1164 5734 1426 5808 creandi,
1457 5735 1791 5793 revocanda
1814 5752 1945 5793 esse

2069 3306 2297 3370 cet;cat.
2315 3303 2635 3371 4,num.5:«
2655 3304 2844 3374 Opera
2858 3303 3173 3375 digitorum
3186 3305 3235 3376 ej
3248 3322 3314 3360 us
3329 3312 3469 3362 sunt
3484 3307 3634 3375 coeli,
3653 3321 3713 3370 et

2052 3411 2081 3441 «
2106 3391 2383 3446 universa
2408 3397 2564 3447 terra
2585 3392 2645 3446 in
2668 3408 2864 3465 pugno
2887 3392 3015 3464 ejus
3030 3394 3548 3453 contineturzucat.
3568 3398 3648 3457 9.i
3666 3414 3705 3453 ιι

2055 3498 2173 3551 qua
2190 3481 2259 3536 de
2275 3484 2444 3536 Patre
2463 3488 2618 3537 totus
2642 3499 2837 3537 sermo
2859 3489 2947 3537 est
2965 3486 3262 3547 n.44,eum
3282 3503 3411 3542 esse
3433 3486 3706 3559 dicit,qui

2061 3592 2085 3625 ι
2108 3572 2305 3626 nervis
2326 3578 2385 3626 et
2405 3572 2639 3627 ossibus
2661 3589 2770 3627 nos
2787 3575 3470 3647 connexuit,pellemque
3494 3583 3551 3633 et
3581 3595 3704 3634 car-

2056 3681 2084 3709 ‹‹
2107 3678 2245 3716 nem
2261 3661 2685 3729 circumduxit;
2705 3661 3183 3732 quiindeﬁcienti
3206 3666 3700 3737 coragitatmotu,

2054 3775 2081 3802 «
2108 3750 2207 3822 qui
2223 3750 2527 3806 oculorum
2544 3752 3006 3807 teneritudinem
3029 3753 3447 3823 palpebrarum
3468 3758 3697 3827 ample-

2054 3860 2164 3898 «xu
2180 3841 2452 3906 munivit,
2465 3843 3210 3911 netc.;cat.12,n.26,«Deus
3224 3845 3437 3914 est.qui
3453 3845 3515 3899 in
3530 3851 3696 3901 utero

2054 3956 2082 3984 α
2108 3932 2463 3988 hodiernum
2478 3947 2665 4001 usque
2680 3931 2836 3986 diem
2850 3930 3161 3986 hominum
3176 3931 3328 3986 fetus
3346 3934 3705 3989 construit.»

2054 4025 2293 4091 Quarto,
2317 4025 2429 4077 cat.
2470 4022 2551 4087 18,
2581 4036 2744 4074 ιιιιιιι.
2776 4021 2831 4085 6,
2863 4019 3133 4088 ejusdem
3175 4020 3276 4090 qui
3301 4038 3410 4075 nos
3432 4022 3592 4090 fecit,
3624 4025 3709 4080 ait

2057 4129 2184 4168 esse
2216 4116 2282 4166 ut
2310 4127 2419 4164 nos
2451 4108 2743 4179 collapsos
2777 4112 2834 4162 et
2861 4114 3125 4163 mortuos
3143 4110 3474 4177 resuscitet;
3496 4128 3706 4181 quem-

2056 4201 2379 4260 admodum
2406 4198 2696 4264 statuarii,
2730 4203 2795 4252 ut
2826 4198 3146 4269 collapsam
3179 4205 3437 4256 statuam
3467 4202 3528 4256 in
3548 4219 3711 4258 eam-

2060 4295 2195 4350 dem
2216 4308 2423 4348 rursus
2444 4292 2697 4346 formam
2711 4290 2948 4345 conﬁet.
2974 4290 3037 4345 Id
3050 4296 3248 4347 autem
3271 4292 3344 4347 de
3360 4294 3478 4348 Deo
3501 4294 3711 4348 condi-

2060 4389 2208 4451 tore,
2240 4381 2383 4437 ibid.
2420 4386 2479 4436 et
2505 4396 2670 4436 num.
2705 4382 2756 4447 3,
2800 4380 2967 4436 nulla
2997 4380 3211 4437 Christi
3245 4382 3548 4438 mentione
3595 4388 3717 4438 tota

2061 4470 2355 4531 catechesi
2387 4469 2549 4527 dicit.
2594 4470 2832 4536 Quinto,
2888 4469 3118 4525 Patrem
3168 4486 3404 4542 semper
3456 4473 3712 4542 operari,

2060 4561 2271 4632 [CXLI]
2284 4558 2567 4615 etFilium
2582 4574 2716 4613 cum
2732 4560 2901 4613 Patre
2925 4557 3156 4630 operari
3183 4558 3355 4614 docet
3376 4560 3581 4616 homil.
3598 4583 3626 4611 ‹‹
3648 4561 3711 4616 in

2060 4650 2342 4724 «paralyt.
2368 4650 2508 4705 n5:
2540 4649 2713 4702 Pater
2743 4647 2872 4719 ejus
2904 4664 3139 4718 semper
3169 4653 3467 4719 operatur,
3499 4657 3559 4705 et
3582 4650 3709 4721 ipse

2066 4762 2094 4792 ιι
2116 4757 2251 4797 cum
2275 4742 2446 4796 Patre
2459 4743 2886 4808 unaoperatur,
2920 4735 3315 4809 συνεργάζεταί,
3342 4744 3398 4794 et
3417 4740 3709 4807 omnium,

2066 4856 2092 4883 ‹‹
2107 4838 2257 4888 ιιιιιιι
2269 4830 2478 4895 Patris,
2493 4830 2682 4885 factor
2697 4833 2843 4884 erat.
2864 4828 3025 4883 Idem
3042 4828 3247 4884 aitcat.
3278 4833 3331 4898 7,
3356 4846 3520 4885 num.
3536 4834 3590 4884 6.
3615 4830 3714 4884 Ait

2063 4937 2298 4992 quoque
2329 4918 2553 4974 catech.
2587 4920 2641 4985 6,
2674 4934 2732 4972 ιι.
2767 4921 2821 4981 7,
2871 4918 3106 4973 Patrem
3154 4934 3274 4974 cum
3305 4934 3446 4975 unus
3488 4925 3539 4974 et
3567 4919 3712 4975 idem

2060 5009 2407 5071 sit,diversis
2428 5006 2919 5062 licetnominibus
2935 5006 3289 5078 appellatus,
3319 5028 3341 5057 ι
3370 5009 3713 5065 innumera-

2069 5095 2976 5166 «bilesdivinitatisOperationes
2999 5096 3329 5165 emittere,»
3346 5096 3539 5171 μυρίας
3554 5094 3716 5150 Emt-

2065 5206 2195 5261 μπει
2222 5184 2319 5246 τὰς
2347 5178 2721 5251 τῆςῦεὸτητος
2755 5181 3037 5259 ἐνεργείας.
3066 5186 3215 5251 Quid
3251 5185 3491 5243 tandem
3526 5187 3715 5243 multa

2063 5276 2385 5351 quaerimus
2405 5273 2432 5328 ?
2463 5274 2546 5327 En
2578 5272 2867 5328 disertum
2897 5275 3253 5330 consociata:
3286 5275 3419 5329 Filii
3441 5280 3501 5330 et
3521 5273 3712 5330 Patris

2061 5364 2422 5442 operationis
2440 5363 2848 5419 testimonium
2869 5370 2980 5420 cat.
3017 5369 3104 5433 10,
3131 5382 3192 5421 ιι.
3222 5369 3275 5433 6,
3308 5388 3336 5417 «
3363 5367 3434 5421 Ut
3453 5365 3715 5421 declara-

2065 5486 2087 5513 ι
2114 5466 2278 5518 retur
2301 5455 2606 5512 hominem
2630 5471 2749 5509 non
2772 5455 2957 5512 solius
2984 5456 3086 5512 Dei
3112 5473 3257 5528 opus
3289 5473 3441 5525 esse,
3476 5456 3577 5513 sed
3600 5459 3713 5511 Do-

2064 5575 2087 5606 α
2120 5550 2268 5608 mini
2298 5562 2534 5619 quoque
2566 5546 2752 5601 nostri
2777 5546 2914 5602 Iesu
2945 5547 3183 5602 Christi.
3206 5567 3233 5597 ιο
3274 5549 3407 5603 Haec
3456 5564 3524 5602 ex
3556 5546 3714 5601 mul-

2072 5647 2149 5701 tis
2178 5639 2499 5705 sufﬁciant,
2526 5642 2592 5691 ut
2639 5653 2715 5693 ne
2746 5639 2979 5693 Patrem
3029 5654 3064 5693 a
3109 5637 3327 5710 Cyrillo
3372 5636 3623 5708 propriae
3654 5635 3716 5687 in

2067 5732 2323 5795 creando
2353 5727 2718 5802 operationis
2748 5734 3051 5801 expertem
3081 5729 3357 5783 relictum
3379 5723 3714 5779 credamus.
