4108 6270
420 395 533 454 175

1712 391 1814 450 DE
1858 387 2043 450 VITA
2091 387 2155 446 S.
2201 384 2541 445 CYRILLI.

3705 384 3810 446 176

482 527 535 580 9.
558 524 723 589 Quod
743 523 1066 595 opponitur
1086 523 1159 579 ab
1184 523 1475 595 exemplo,
1511 540 1625 594 quo
1667 521 1920 593 Cyrillus
1949 519 2070 576 uti-
2099 518 2149 585 Α
2182 533 2287 575 mw
2316 518 2609 587 cujus/lam
2658 517 3065 585 impressionem
3113 516 3173 568 in
3218 513 3437 583 speculo
3496 531 3531 568 a
3574 516 3732 570 Patre
3760 518 3814 571 in

422 620 540 683 tur,
569 613 723 685 regis
754 613 1049 667 civitatem
1083 618 1429 668 construere
1462 611 1731 675 volentis,
1766 616 2075 678 totamque

419 703 634 758 tradito
658 701 979 772 exemplari
996 703 1194 773 operis
1218 719 1420 757 curam
1446 702 1507 757 in
1530 702 1745 756 Filium
1779 700 2079 770 deponen-

422 794 518 860 tis,
548 792 853 846 inﬁrmum
885 798 995 860 est,
1028 809 1164 847 cum
1220 792 1474 872 Cyrillus
1527 792 1652 863 ipse
1706 788 2075 845 imbecillum

417 898 682 954 prorsus,
695 898 804 936 nec
816 880 890 936 ad
904 880 1083 935 divini
1095 887 1271 936 tatem
1287 887 1560 937 accurate
1574 878 1881 936 transferri
1903 894 2075 950 posse

420 973 762 1044 exemplum
789 973 1078 1039 fateatur;
1113 974 1270 1044 quod
1304 979 1523 1041 tamen,
1559 973 1605 1027 si
1638 975 1811 1028 Pater
1835 970 1987 1025 nihil
2016 969 2075 1023 in

425 1064 723 1118 creatione
744 1068 961 1133 praater
977 1062 1323 1118 mandatum
1339 1069 1515 1134 atque
1535 1062 1840 1133 exemplar
1866 1065 2077 1115 contu-

424 1153 755 1223 lit,a3quum
776 1157 834 1207 et
854 1151 929 1207 ad
946 1152 1250 1207 veritatem
1275 1157 1542 1207 exactum
1570 1151 1813 1206 omnino
1838 1155 1896 1203 et
1941 1164 2076 1219 per-

416 1234 572 1296 fecte
586 1242 889 1296 est.Eccur
900 1241 1515 1311 autemCyrillusPatri
1531 1240 1929 1310 exemplarem
1946 1254 2078 1292 cau-

418 1347 566 1396 sam,
592 1331 740 1384 Filio
755 1331 991 1402 proprie
1016 1331 1374 1385 efﬁcientem
1411 1330 1703 1399 tribuerit,
1734 1327 2076 1400 diligentius

420 1418 723 1490 indaganti
738 1419 1513 1491 hmcoccurritconjectura,
1535 1436 1710 1490 quam
1726 1416 2073 1487 lectorisju-

419 1507 785 1562 diciolibens
810 1508 1115 1563 submitto.
1142 1509 1451 1563 Marcellus
1485 1512 1768 1579 Ancyras,
1790 1512 1986 1561 certus
2018 1509 2075 1559 et

420 1596 793 1651 indubitatus
807 1597 1021 1667 Cyrillo
1045 1598 1381 1665 haereticus,
1408 1615 1575 1653 suam
1599 1598 1670 1652 de
1692 1595 2076 1651 niundicrea-

420 1685 582 1739 tione
616 1686 974 1741 sententiam
1006 1687 1165 1757 apud
1204 1687 1415 1741 Euseb.
1452 1688 1664 1741 Cmsar.
1698 1685 1801 1739 lib.
1853 1701 1893 1739 ιι
1925 1690 2072 1738 cont.

417 1774 689 1842 Marcelt.,
712 1775 795 1829 sic
813 1776 1057 1846 exponit
1090 1793 1221 1847 pag.
1273 1778 1362 1829 41:
1397 1777 1578 1830 Deum
1633 1774 1837 1829 orbem
1870 1773 2076 1828 condi-

418 1868 619 1918 turum
633 1870 938 1936 comparat
951 1867 1233 1920 statuario
1250 1866 1483 1937 signum
1499 1864 1900 1936 effingendum
1915 1861 2071 1934 apud
2105 1878 2149 1942 Β

421 1969 484 2007 se
502 1952 850 2021 delineanti,
874 1954 1126 2025 quicum
1153 1970 1435 2010 manuum
1459 1954 1621 2024 operi
1650 1953 1959 2008 admovere
1981 1952 2070 2006 in-

419 2041 583 2113 cipit,
612 2043 907 2098 rationem
923 2060 1090 2098 suam
1109 2060 1227 2113 qua
1242 2042 1443 2097 omnia
1464 2042 1769 2113 componit
1790 2046 2073 2112 tanquam

420 2130 669 2187 alteram
700 2150 1015 2204 personam
1047 2133 1129 2188 ita
1158 2134 1408 2199 affatur;
1442 2134 1580 2201 Age,
1607 2135 1935 2201 efﬁngamus
1964 2138 2073 2186 sta-

426 2227 598 2276 tuam.
634 2224 759 2286 Qua
807 2222 1045 2292 quidem
1079 2222 1520 2292 comparatione
1571 2222 1770 2275 stricte
1811 2225 2071 2292 accepta,

426 2310 683 2365 Verbum
716 2327 847 2381 qua)
880 2315 1102 2365 aeterna
1133 2310 1322 2365 Patris
1355 2311 1502 2365 ratio
1536 2315 1644 2379 est,
1678 2327 1797 2364 non
1833 2311 2016 2382 magis
2039 2325 2073 2363 a

423 2402 595 2454 Patre
627 2400 1092 2471 distingueretur
1112 2417 1289 2471 quam
1312 2400 1383 2454 ab
1408 2400 1689 2455 statuario
1717 2416 1885 2454 mens
1909 2405 1965 2453 et
1986 2416 2073 2453 ra-

421 2488 501 2542 tio
534 2489 744 2560 ipsius,
773 2488 1038 2559 illudque
1070 2490 1130 2543 in
1161 2492 1331 2544 Patre
1372 2489 1674 2543 conditum
1708 2488 2070 2559 Operationis

419 2594 628 2648 expers
656 2583 1010 2632 remaneret.
1046 2578 1192 2632 Huic
1222 2579 1372 2633 forte
1411 2578 1694 2632 doctrinae
1728 2577 2066 2648 exemplum

415 2682 589 2719 suum
620 2665 874 2737 Cyrillus
907 2667 1171 2736 opponit,
1206 2684 1321 2736 quo
1342 2666 1523 2721 Filius
1556 2667 1817 2721 studiose
1841 2682 1874 2720 a
1895 2668 2067 2720 Patre

415 2755 768 2821 secernitur,
802 2755 1159 2826 propriaque
1202 2754 1585 2809 subsistentia
1635 2760 1692 2809 et
1721 2756 2064 2826 operatione

410 2842 695 2914 praeditus
718 2842 1181 2899 demonstratur.
1207 2845 1367 2898 Hanc
1391 2859 1524 2897 vero
1548 2843 1799 2914 Cyrillus
1821 2844 2065 2899 demon-

412 2932 579 2987 strati
629 2932 776 2987 Filio
826 2932 1181 3004 exemplaris
1230 2933 1581 3000 doctrinam,
1629 2950 1759 3004 quae
1808 2933 1896 2987 illi
1928 2951 2062 2988 cum

412 3022 620 3077 multis
649 3022 777 3094 ejus
809 3022 913 3076 ωνί
958 3022 1230 3077 Patribus
1261 3022 1597 3077 communis
1643 3027 1749 3091 est,
1784 3023 2063 3079 hauserat

413 3107 540 3162 sine
572 3106 750 3162 dubio
783 3125 853 3162 ex
885 3108 1099 3163 divinis
1148 3110 1490 3181 Scripturis,
1533 3116 1591 3164 et
1622 3110 1725 3166 illo
1758 3110 1819 3165 in
1850 3110 2059 3182 primis

410 3195 625 3250 Christi
643 3196 820 3265 dicto,
844 3198 1010 3252 Joan.
1036 3215 1087 3263 v,
1112 3202 1203 3252 19:
1227 3221 1253 3248 ε(
1281 3201 1405 3253 Νοιι
1422 3204 1615 3270 potest
1635 3199 1817 3253 Filius
1836 3216 1869 3254 a
1890 3217 1950 3254 se
1974 3199 2056 3254 fa-

413 3301 577 3339 «cere
592 3285 913 3355 quidquam
928 3287 1041 3341 nisi
1058 3286 1212 3357 quod
1230 3287 1680 3343 videritl‘atrem
1696 3290 2065 3345 facientem.»

410 3375 549 3438 Quae
593 3374 768 3428 verba
827 3375 1252 3445 interpretatur
1310 3378 1621 3449 Gregorius
1679 3379 2071 3434 Nazianzenus

404 3480 651 3534 prorsus
683 3463 756 3519 ad
812 3465 1169 3520 sententiam
1230 3466 1456 3537 Cyrilli,
1499 3473 1645 3522 orat.
1676 3471 1779 3535 36;
1829 3470 2069 3525 exclusa

404 3550 561 3605 enim
594 3552 759 3622 prius
785 3552 888 3608 illa
910 3554 1211 3625 opinione,
1240 3556 1398 3626 quod
1422 3555 1602 3610 Filius
1628 3574 1695 3612 ea
1727 3564 1957 3612 tantum
1980 3558 2068 3613 fa-

401 3641 520 3695 ciat
548 3657 678 3712 qua:
711 3658 745 3696 a
780 3644 947 3698 Patre
970 3644 1091 3715 jam
1123 3643 1276 3699 facta
1309 3644 1536 3711 viderit,
1589 3646 1671 3701 sic
1720 3645 1844 3718 ipse
1894 3664 2061 3703 suam

398 3730 609 3801 aperit,
643 3747 769 3803 pag.
808 3734 911 3786 584
939 3750 952 3787 ;
982 3737 1047 3786 Ἢ
1076 3730 1247 3800 δῆλον
1284 3732 1367 3786 ὃτι
1422 3737 1529 3787 τῶν
1583 3733 1758 3788 αὐτῶν
1811 3738 2060 3810 πραγμά-

394 3838 503 3875 των
534 3817 663 3881 τοὺς
706 3817 916 3881 τύπους
975 3819 1361 3894 ἐνσημαίνεται
1424 3821 1520 3894 μὲν
1562 3823 1589 3877 ὁ
1625 3824 1830 3898 "strip,
1884 3824 2063 3879 ἐπιτε-

399 3903 487 3959 λεῖ
516 3903 573 3959 δὲ
602 3906 810 3981 Λόγοςο
846 3906 910 3962 οὐ
944 3905 1218 3971 δουλικῶς
1249 3907 1374 3965 οὐδὲ
1407 3912 1648 3983 ἀμαθῶς,
1674 3910 1801 3966 ἁλΛ¹
1834 3911 2063 3982 ἐπιστη-

404 4000 648 4068 μονικῶς
695 4018 754 4052 τε
801 3999 892 4052 καὶ
926 3995 1282 4071 δεσποτικῶς,
1314 4001 1424 4073 καὶ,
1487 4001 1813 4077 οἰκειότερον
1860 4003 2056 4073 εἶπεῖν,

397 4090 698 4160 πατρικῶς
732 4111 760 4137 ‹‹
797 4091 1003 4144 Nonne
1038 4092 1421 4162 perspicuum
1458 4099 1546 4147 est
1577 4093 1916 4148 earumdem
1950 4112 2052 4149 re-

403 4192 570 4230 «rum
586 4176 808 4232 formas
822 4195 855 4232 a
873 4180 1043 4233 Patre
1058 4180 1298 4249 quidem
1315 4181 1611 4253 designari
1626 4240 1629 4245 λ
1642 4199 1676 4237 a
1692 4182 1837 4237 Filio
1855 4190 2053 4239 autem

395 4266 653 4337 «peragi;
670 4283 790 4321 non
810 4267 1103 4321 serviliter
1116 4275 1174 4322 et
1187 4268 1556 4334 indocte,sed
1573 4272 1758 4340 perite
1773 4278 1831 4326 et
1847 4272 2050 4327 herili-

392 4357 1021 4427 «ter,atque,utaptius
1034 4356 1475 4428 loquar,patern
1487 4359 1747 4415 e‘?»llanc
1761 4362 2053 4433 exempla-

389 4442 472 4497 ris
486 4443 1059 4500 demonstrationem
1077 4445 1357 4500 similiter
1371 4447 1625 4517 explicat
1648 4448 1906 4503 Hilarius
1928 4467 2047 4505 non

389 4531 460 4586 de
475 4534 744 4604 exemplo
760 4534 955 4605 operis
968 4540 1105 4589 ante
1120 4534 1280 4603 facti,
1302 4536 1403 4591 sed
1417 4536 1488 4589 de
1505 4539 2045 4595 communicatione

386 4626 651 4691 paternas
668 4622 1172 4693 voluntatis,quia,
1195 4624 1550 4694 inquit,opus
1574 4628 1754 4681 Patris
1775 4627 1834 4681 in
1855 4630 2049 4684 vqun-

389 4699 502 4762 tate
515 4709 679 4778 est,in
696 4727 783 4781 ps.
809 4728 923 4782 XCI,
948 4729 1007 4767 ιι.
1029 4714 1082 4766 6.
1109 4713 1332 4767 Deinde
1348 4714 1598 4767 Sllbtlll.:«
1620 4717 1764 4787 Ergo
1778 4717 2049 4774 volunta-

383 4798 923 4854 «temPatrisFilius
937 4803 1819 4876 tamquam(CXLll}exemplum
1838 4823 2043 4878 Opera-

384 4888 600 4942 «tionis
617 4888 971 4959 introspicit;
997 4891 1137 4961 quia
1157 4892 1311 4947 intra
1332 4899 1714 4963 paternarum
1736 4896 2012 4968 cogitatio
2027 4929 2041 4938 -

383 4992 562 5031 «num
577 4978 1034 5048 providentiam,
1050 4981 1305 5051 quadam
1323 4981 1651 5037 futurarum
1673 5001 1869 5039 rerum
1888 5003 2006 5056 praa
2022 5019 2040 5028 -

378 5063 1206 5123 «destinationeformantur.»
1222 5071 1348 5125 Hazc
1362 5070 1433 5125 ad
1448 5073 2043 5143 supradictumChris-

380 5154 421 5207 ti
438 5155 1034 5227 testimonium;quod
1053 5161 1361 5228 operosius
1383 5162 1841 5231 expendenslib.
1868 5180 1941 5218 vn
1966 5166 2039 5219 De

376 5243 757 5312 Trinitate,ait
773 5261 829 5298 ιι.
846 5244 1508 5312 19,demonstrationem
1529 5251 1677 5305 hanc
1696 5268 1942 5323 operum
1958 5252 2037 5307 fa-

372 5332 721 5388 ciendorum
741 5351 870 5390 esse
884 5337 1059 5404 ipsam
1073 5338 1385 5394 nativitatis
1396 5339 2034 5397 substantiam.Prorsus

370 5420 444 5475 ad
461 5422 673 5477 eumde
686 5440 741 5478 ιιι
758 5423 999 5479 modum
1016 5426 1268 5482 Basilius
1282 5428 1382 5484 lib.
1396 5431 1685 5499 DeSpiritu
1698 5439 1886 5485 sancto
1900 5448 2023 5502 cap.

366 5511 422 5580 Ο,
445 5527 578 5584 pag.
615 5515 740 5581 309,
774 5514 1036 5570 mandati
1070 5520 1129 5571 et
1149 5519 1449 5575 voluntatis
1474 5524 1733 5590 pateram
1759 5521 1830 5575 de
1851 5522 2029 5576 rebus

367 5601 643 5657 creandis
684 5606 1231 5662 communicationem
1278 5608 1424 5663 Filio
1472 5608 1707 5675 factam,
1758 5611 2028 5679 quomodo

368 5690 537 5748 Deum
567 5693 719 5749 decet
764 5695 1078 5765 intelligere
1125 5713 1223 5752 nos
1242 5697 1418 5768 jubet
1437 5714 1456 5752 :
1484 5697 1772 5752 nimirum
1803 5702 1887 5754 uti
1912 5703 2027 5767 for-

2181 607 2386 662 Filium
2434 608 2552 661 sine
2610 612 2852 675 tempore
2892 605 3285 659 dimanantem.
3316 605 3637 675 Θεοπρεπῶς
3681 607 3814 657 νοῶ-

2186 715 2279 767 μεν
2314 693 2626 765 θελήματος
2660 689 2924 758 διάδοσιν,
2973 692 3087 745 οἷόν
3133 710 3278 751 τινος
3336 694 3548 765 μορφῆς
3598 687 3813 767 ἔμφασιν

2182 784 2234 838 ἐν
2265 782 2556 856 κατόπτρῳ
2605 782 2665 837 ἐκ
2724 782 2933 854 Harpe:
2993 780 3071 841 εἷς
3102 778 3226 834 Υἷὸν
3282 778 3537 855 ἀχρὸνως
3590 777 3816 835 διικνου-

2186 873 2374 945 μένην.
2402 873 2619 929 Eadem
2654 872 2780 927 sine
2813 871 2993 926 dubio
3025 870 3227 941 Cyrilli
3260 870 3530 926 doctrina
3558 870 3687 939 fuit;
3722 888 3817 926 cu-

2174 964 2275 1035 jus
2307 964 2666 1035 principium
2692 960 3009 1029 est,omnia
3028 961 3174 1016 Filio
3201 977 3236 1015 a
3264 962 3434 1015 Patre
3454 965 3734 1016 aeternum
3757 961 3814 1014 in

2180 1053 2560 1125 generatione
2586 1052 2803 1108 tradita
2832 1066 2982 1118 esse,
3024 1056 3136 1105 cat.
3173 1052 3258 1118 10,
3290 1066 3351 1103 n.
3406 1052 3457 1103 9.
3509 1051 3650 1104 Nam
3689 1065 3814 1105 cum

2181 1143 2415 1198 Domini
2447 1142 2685 1197 titulum
2718 1148 2775 1196 et
2799 1142 3210 1196 auctoritatem
3252 1140 3311 1194 in
3344 1140 3573 1195 Christo
3604 1144 3819 1211 repetat

2180 1232 2254 1287 ab
2279 1232 2451 1285 titulo
2470 1231 2775 1295 creatoris,
2808 1230 3139 1285 dominium
3161 1230 3273 1284 hoc
3305 1229 3500 1300 ipsum
3531 1228 3817 1298 accepisse

2180 1321 2325 1376 dicit
2352 1321 2419 1375 ab
2444 1326 2656 1377 {eterna
2683 1321 3031 1385 naturaliter,
3068 1318 3210 1373 ibid.
3246 1325 3304 1373 et
3333 1335 3393 1374 ιι.
3426 1320 3459 1371 4
3490 1323 3549 1373 et
3685 1316 3819 1372 Nul-

2179 1412 2298 1466 lam
2327 1411 2504 1482 igitur
2533 1411 2687 1482 apud
2710 1410 2993 1481 Cyrillum
3023 1409 3451 1465 demonstratio
3478 1424 3719 1479 operum
3750 1406 3822 1461 fa-

2181 1500 2523 1554 ciendorum
2541 1500 2973 1571 separationem
2997 1499 3126 1553 Filii
3146 1500 3385 1566 aPatre,
3419 1499 3538 1553 imo
3563 1497 3823 1551 intimam

2181 1594 2239 1643 et
2268 1594 2550 1643 {sternam
2584 1589 2644 1643 in
2674 1605 2797 1643 una
2827 1593 3041 1642 natura
3084 1588 3575 1659 eonjunctionem
3618 1586 3820 1658 arguit.

2254 1682 2337 1735 10.
2358 1679 2506 1743 Quid
2532 1683 2729 1733 autem
2750 1676 3055 1749 propriam
3076 1678 3222 1732 Filio
3244 1694 3442 1731 rerum
3470 1676 3821 1731 creationem

2180 1784 2248 1822 ex
2282 1767 2561 1821 mandato
2582 1767 2770 1822 Patris
2791 1766 2986 1821 facere
3009 1766 3294 1832 videatur,
3322 1766 3514 1821 Patris
3537 1766 3822 1822 actionem

2180 1872 2299 1910 non
2320 1854 3223 1926 excludendo,utprobavisupra
3237 1872 3399 1909 num.
3429 1856 3481 1922 8,
3507 1871 3575 1910 eo
3592 1858 3821 1909 Patrum

2183 1945 2451 1999 omnium
2481 1960 2590 1999 vox
2622 1948 2710 1998 est
2738 1944 3054 2015 Scriptura:
3085 1944 3462 2011 testimoniis,
3507 1945 3704 2001 Omnia
3726 1958 3825 2013 per

2183 2036 2360 2102 ipsum
2388 2036 2541 2103 facta
2570 2039 2717 2100 sunt,
2753 2038 2811 2087 et
2841 2034 3139 2089 similibus
3170 2034 3543 2101 confirmata,
3571 2039 3745 2104 atque
3766 2032 3824 2086 in

2184 2122 2468 2194 symbolis
2498 2139 2646 2194 pene
2666 2122 2942 2177 omnibus
2962 2124 3327 2196 consignata,
3352 2123 3493 2178 dum
3523 2123 3828 2193 feruntper

2181 2228 2339 2282 quem
2370 2215 2553 2267 omnia
2581 2215 2735 2281 facta
2764 2218 2912 2267 sunt.
2965 2214 3117 2266 Ante
3148 2213 3522 2267 Nicainorum
3571 2214 3825 2275 Patrum,

2181 2318 2434 2372 quorum
2468 2302 2788 2372 aliquando
2820 2302 3020 2356 minus
3052 2307 3340 2357 accurata;
3385 2299 3573 2357 videri
3605 2300 3831 2374 possint

2181 2390 2416 2445 dicendi
2435 2389 2931 2459 formulm,nul|os
2950 2390 3143 2446 citabo
3167 2396 3233 2445 ut
3251 2408 3457 2447 eorum
3484 2391 3828 2447 auctoritate

2178 2479 2463 2551 Cyrillum
2491 2485 2810 2553 protegam.
2840 2481 3203 2552 Insigniores
3226 2485 3456 2536 tantum
3481 2487 3542 2536 et
3561 2479 3826 2536 fervidio-

2177 2584 2272 2623 res
2304 2570 2610 2624 catholicae
2644 2570 2779 2624 fidei
2823 2568 3137 2625 adversum
3185 2570 3437 2625 Arianos
3489 2570 3828 2626 defensores

2175 2658 2571 2729 producturus
2587 2675 2738 2713 sum.
2755 2659 2896 2713 Cum
2914 2658 3118 2713 Ariani
3138 2658 3407 2714 dicerent
3426 2659 3643 2714 Filium
3664 2674 3828 2712 man—

2175 2746 2309 2802 dato
2337 2747 2527 2802 Patris
2541 2748 2741 2802 omnia
2761 2748 3072 2815 creavisse,
3088 2764 3208 2803 non
3222 2747 3281 2802 id
3296 2755 3595 2819 negarunt
3607 2751 3825 2813 Patres;

2175 2836 2276 2891 sed
2308 2853 2486 2908 prava
2512 2842 2742 2892 tantum
2774 2837 3147 2893 consectaria
3189 2838 3564 2908 repulerunt,
3600 2856 3727 2909 qum
3760 2854 3827 2893 ex

2172 2926 2452 2982 mandato
2477 2926 2579 2980 illo
2611 2943 2678 2982 ac
2703 2926 3026 2994 creatione,
3050 2926 3112 2981 in
3140 2943 3258 2997 qua
3274 2928 3447 2982 Pater
3466 2927 3671 2983 nullas
3683 2944 3826 2999 prae-

2172 3022 2440 3088 terquam
2466 3016 2851 3088 praacipiendi
2874 3022 3075 3087 partes
3106 3016 3373 3084 haberet,
3396 3016 3683 3074 adversus
3703 3015 3831 3085 Filii

2169 3106 2571 3178 aequalitatem
2592 3105 3047 3161 concludebant.
3068 3105 3208 3162 Vide
3226 3107 3440 3162 Athan.
3458 3108 3533 3163 De
3553 3108 3698 3163 decr.
3719 3108 3829 3161 Nic.

2181 3213 2239 3250 ιι.
2275 3200 2325 3265 7,
2359 3198 2413 3263 9,
2449 3198 2515 3249 12
2541 3200 2601 3250 et
2629 3197 2717 3261 18,
2750 3194 2853 3250 ubi
2885 3195 2969 3250 ait
2998 3197 3183 3250 Deum
3229 3212 3335 3267 per
3365 3196 3584 3253 Filium
3617 3196 3701 3251 uti
3734 3210 3835 3266 per

2183 3301 2425 3340 manum
2457 3291 2515 3339 et
2540 3284 2894 3355 sapientiam
2926 3300 3096 3340 suam
3127 3285 3327 3341 omnia
3357 3286 3736 3352 condidisse;
3769 3300 3835 3339 ac

2182 3373 2732 3441 orat.2,n.6!i,docet
2747 3373 3162 3440 Verbum,cum
3178 3373 3350 3428 initio
3365 3373 3829 3439 crearetomnia,

2180 3463 2356 3517 rebus
2389 3463 2558 3517 factis
2588 3478 2649 3517 se
2680 3468 3104 3534 attemperasse
3135 3468 3201 3517 ut
3230 3463 3357 3518 fieri
3390 3469 3679 3535 possent;
3711 3479 3829 3519 non

2179 3554 2336 3608 enim
2370 3554 2497 3625 ejus
2529 3558 2803 3608 naturam
2818 3553 2973 3608 ferre
3000 3554 3352 3624 potuissent,
3372 3554 3491 3609 nisi
3518 3572 3580 3611 se
3603 3554 3675 3610 ad
3698 3553 3828 3608 illas

2176 3649 2424 3714 paterna
2453 3642 2819 3715 benignitate
2840 3643 3315 3710 accommodans,
3339 3644 3744 3713 sustinuisset,
3760 3659 3825 3698 ac

2176 3732 2523 3787 sustinendo
2539 3732 2614 3787 ad
2633 3732 3040 3789 exsistentiam
3053 3731 3445 3804 perduxisset:
3471 3734 3637 3805 quod
3658 3732 3827 3788 nimi-

2172 3838 2303 3876 rum
2326 3822 2557 3876 Arianis
2577 3822 2842 3893 opponit,
2872 3821 3123 3876 Verbum
3147 3827 3481 3879 suanatura
3506 3824 3688 3879 rebus
3701 3838 3825 3878 cre-

2171 3911 2342 3965 andis
2372 3916 2881 3982 contemperatum
2909 3911 3337 3968 asserentibus.
3379 3912 3527 3969 Vide
3577 3918 3637 3968 et
3666 3912 3824 3967 Hila-

2169 3999 2324 4054 rium
2356 3999 2416 4054 in
2443 4001 2587 4070 psal.
2622 4016 2812 4066 cxvm,
2845 4000 2959 4054 litt.
2995 4003 3080 4070 14,
3115 4017 3280 4057 num.
3317 4005 3402 4070 10,
3437 4006 3499 4057 et:
3529 4003 3633 4070 lib,
3665 4018 3719 4057 IV
3748 4002 3822 4056 De

2173 4090 2350 4155 Trin.,
2384 4105 2548 4143 num.
2580 4092 2682 4156 15;
2735 4089 3007 4145 Ambros.
3042 4089 3145 4158 lib,
3198 4107 3236 4145 ιι
3264 4091 3550 4160 Hexaem.,
3604 4108 3733 4162 cap.
3767 4093 3820 4157 5,

2166 4194 2329 4231 num.
2348 4178 2443 4244 ’18,
2469 4177 2644 4233 etlib.
2678 4195 2717 4234 ιι
2736 4179 2812 4233 De
2831 4180 2983 4248 Spir.
3005 4185 3218 4245 sancto,
3237 4196 3365 4253 cap.
3394 4181 3441 4236 1.
3468 4180 3728 4237 Basilius
3750 4180 3821 4234 De

2164 4268 2580 4337 Spiritusancto
2598 4284 2725 4339 cap.
2749 4271 2835 4337 16,
2851 4284 2980 4341 pag.
2998 4270 3120 4338 325,
3135 4267 3494 4325 describitin
3516 4270 3820 4326 creatione

2165 4378 2194 4407 «
2216 4357 2601 4412 mandantem
2627 4357 2965 4425 Dominum,
2988 4374 3196 4413 creans
3219 4359 3498 4428 Verbum,
3525 4361 3817 4416 etconfir-

2163 4450 2424 4501 mantem
2439 4446 2721 4516 Spiritum
2736 4448 3204 4519 sanctum.Greg.
3225 4449 3771 4506 Naz.Carm.arcan.
3791 4470 3817 4498 »

2160 4536 2209 4601 8,
2238 4552 2292 4605 p.
2321 4537 2443 4603 171,
2468 4535 2566 4587 Ἦν
2592 4553 2745 4603 ποτε,
2777 4532 2844 4601 ἦν
2873 4532 2963 4587 ὅτε
2992 4533 3196 4606 κόσμον
3230 4533 3466 4606 ἐπήξατο
3502 4541 3616 4591 Νοῦ
3648 4536 3819 4610 λόγος

2158 4621 2341 4690 αἰπὺς,
2374 4620 2675 4687 ἑσπόμενος
2702 4621 2965 4698 μεγάλοιο
2986 4628 3064 4695 νῷ
3082 4624 3309 4698 Πατρός·
3338 4650 3367 4677 ‹‹
3391 4629 3527 4684 Fuit
3547 4629 3820 4700 aliquan-

2159 4736 2186 4763 ‹‹
2219 4712 2293 4767 do
2326 4730 2459 4767 cum
2492 4712 2777 4768 mundum
2812 4714 3122 4769 constituit
3142 4732 3422 4788 magnum
3451 4718 3668 4773 Mentis
3685 4734 3813 4772 vero

2157 4802 2332 4856 «bum
2346 4802 2697 4872 ,obsequens
2713 4803 2906 4875 magni
2926 4804 3112 4860 Patris
3124 4806 3304 4860 menti
3324 4830 3351 4857 »
3373 4806 3499 4862 Vid.
3523 4807 3815 4878 Cyrillum

2154 4889 2623 4945 Alexandrinum
2687 4890 2947 4945 Thesauri
3003 4890 3104 4946 lib.
3164 4909 3321 4959 xxxx,
3381 4910 3514 4966 pag.
3568 4898 3695 4948 255.
3757 4893 3812 4947 S.

2151 4978 2439 5033 Maximus
2456 4978 2781 5045 confessor,
2807 4985 3015 5051 quaest.
3040 4982 3073 5032 2
3094 4981 3153 5034 in
3174 4982 3546 5052 Scripturam,
3582 4984 3647 5037 in
3670 4999 3814 5054 ope—

2150 5066 2316 5121 ribus
2349 5066 2561 5122 divinis
2595 5066 2799 5121 tribuit
2843 5068 2999 5122 Patri
3051 5063 3324 5137 εὖδοκίαν,
3377 5070 3808 5141 beneplacitum,

2151 5157 2409 5229 [CXLlll]
2437 5157 2582 5212 Filio
2597 5153 2947 5230 αὐτουργίαν,
2970 5160 3147 5228 ipsam
3167 5163 3408 5216 auctoris
3420 5178 3530 5231 per
3549 5179 3605 5217 se
3635 5179 3805 5233 agen-

2149 5248 2217 5301 tis
2243 5248 2603 5316 eﬁectionem,
2639 5245 2880 5317 Spiritui
2904 5252 3106 5302 sancto
3129 5249 3641 5320 complementum
3667 5250 3806 5307 sub-

2148 5335 2422 5391 stantiale
2440 5334 2773 5405 utriusque,
2793 5336 3119 5407 beneplaciti
3134 5337 3419 5394 nimirum
3442 5356 3582 5395 cum
3608 5342 3804 5406 Patre,

2145 5431 2203 5480 et
2231 5426 2533 5495 (affectionis
2562 5439 2698 5478 cum
2730 5423 2896 5479 Filio.
2920 5426 3002 5479 Ex
3019 5425 3112 5480 his
3143 5432 3201 5481 et
3229 5427 3482 5483 infinitis
3509 5430 3649 5485 aliis
3673 5447 3807 5501 quas

2141 5510 2653 5581 omitto,concludi
2674 5518 2869 5583 potest
2890 5530 3267 5571 communem
3283 5517 3664 5574 interPatres
3678 5535 3811 5574 sen-

2140 5602 2388 5659 tentiam
2418 5600 2624 5665 fuisse,
2658 5602 2968 5673 prOprium
2995 5600 3222 5673 aliquid
3266 5603 3411 5660 Filio
3452 5603 3810 5677 incomper-

2135 5699 2261 5748 tum
2295 5689 2490 5758 nobis,
2519 5689 2581 5743 in
2608 5691 2930 5763 creatione,
2964 5693 3233 5763 quamvis
3281 5693 3469 5748 tribus
3523 5696 3807 5765 personis
