4134 6264
326 349 452 407 177

322 1021 500 1074 Filius
521 1034 672 1073 meus
697 1018 742 1084 ‘,
774 1034 810 1072 a
838 1015 1028 1071 tribus
1053 1022 1210 1072 certe
1240 1015 1514 1088 personis
1544 1015 1874 1080 eﬁ‘ormata,
1896 1030 1986 1067 so-

322 1110 365 1165 li
399 1116 607 1165 tamen
634 1109 796 1163 Patri
827 1108 1179 1179 imputatur.

398 1202 487 1254 11.
525 1199 710 1254 Venio
736 1198 976 1254 tandem
1007 1197 1080 1253 ad
1104 1197 1387 1268 Spiritum
1431 1201 1726 1263 sanctum,
1749 1195 1843 1250 cui
1876 1209 1987 1249 nec

318 1292 509 1347 solam
542 1290 1104 1358 sanctiﬁcationem,
1134 1306 1246 1345 nec
1276 1289 1388 1344 soli
1419 1305 1454 1345 a
1483 1288 1701 1361 Cyrillo
1733 1287 1987 1343 attribu-

320 1389 441 1437 tam
466 1380 680 1452 probo.
716 1380 917 1434 Primo
951 1379 1112 1434 enim
1146 1396 1286 1434 suas
1336 1379 1397 1434 in
1429 1378 1727 1433 creatione
1778 1380 1984 1432 sancto

318 1470 566 1542 Spiritui
617 1474 820 1541 partes
860 1467 1295 1524 conservandas
1352 1466 1581 1539 probat,
1629 1465 1789 1536 quod
1847 1480 1984 1519 cum

319 1565 432 1614 cat.
471 1561 559 1625 12,
592 1574 758 1612 ιιιιιιι.
794 1559 881 1623 26,
916 1556 1062 1611 Filio
1112 1555 1333 1611 tribuat
1379 1560 1448 1610 ut
1484 1555 1548 1609 in
1593 1553 1773 1609 Maria
1802 1569 1981 1623 quam

309 1647 649 1719 assumpsit
710 1662 954 1701 carnem
1007 1645 1365 1709 formaverit,
1426 1644 1487 1699 id
1516 1650 1628 1699 cat.
1692 1646 1779 1708 17,
1832 1659 1893 1696 ιι.
1926 1645 1977 1711 6,

310 1736 570 1808 Spiritus
596 1735 791 1790 sancti
821 1735 885 1788 in
912 1734 1152 1789 Mariam
1186 1733 1567 1803 superventui
1603 1731 1861 1785 tribuere
1895 1730 1977 1783 vi-

1701 338 2223 401 DlSSERTATIU
2266 338 2371 400 Ill.

326 477 1013 549 communi,reperiri;ut
1026 475 1346 548 specialius
1362 492 1467 549 per
1478 476 1674 548 ipsum
1688 491 1783 529 res
1795 472 1994 529 condi-
2023 479 2073 539 Α

324 574 420 624 tas
441 567 973 639 fuisse,ipsumque
988 572 1318 623 creatorem
1334 573 1393 622 et
1406 567 1690 621 factorem
1704 565 1991 621 dicerent.

329 660 459 725 Qua
489 658 550 711 in
582 658 885 712 sententia
913 657 1063 711 nihil
1098 662 1259 712 certe
1288 656 1594 711 catholicae
1640 654 1993 726 professioni

324 747 654 803 adversans
677 746 1110 818 deprehendas.
1128 746 1350 801 Eodem
1372 745 1532 801 enim
1553 750 1656 799 aut
1675 744 1790 799 alio
1810 742 1991 798 simili

325 837 504 893 modo
528 837 1014 907 Filius,quamvis
1027 853 1163 891 cum
1177 836 1311 891 aliis
1324 835 1723 891 communiter
1735 848 1992 904 operans

318 927 644 984 creationis
678 930 885 981 auctor
909 925 1025 981 dici
1058 926 1265 997 possit,
1300 924 1600 996 quomodo
1631 940 1738 978 vox
1780 920 1884 978 Hic
1915 926 1992 977 est

3637 346 3756 407 178

2606 477 2859 548 [CXLIV]
2900 477 3131 536 CAPUT
3167 481 3237 535 II.

2209 564 2515 633 Specialius
2536 567 2810 635 probatur
2839 585 2908 623 ea:
2938 570 3144 637 Cyrillo
3174 569 3309 625 Filii
3337 571 3622 627 divinitas.

2177 654 2261 705 13.
2292 653 2622 709 Constituta
2652 671 2721 710 ea
2777 673 2954 726 quam
2982 674 3053 712 ex
3105 658 3317 729 Cyr-illo
3370 660 3750 730 exposuimus

2100 738 2173 793 de
2205 742 2298 797 SS.
2333 743 2615 798 Trinitate
2648 744 2938 812 doctrina,
2972 746 3182 802 eodem
3213 752 3346 802 actu
3378 748 3624 819 probata
3662 755 3753 805 est

2100 829 2230 883 Filii
2264 836 2322 884 et
2352 830 2602 902 Spiritus
2634 835 2822 888 sancti
2855 834 3134 890 divinitas
3179 841 3238 891 et
3275 837 3584 907 aequalitas
3613 855 3748 893 cum

2099 918 2290 973 Patre.
2324 920 2571 991 Pr0pria
2602 928 2798 977 tamen
2847 922 2920 977 de
2965 941 3325 996 unoquoque
3378 926 3536 995 apud
3565 928 3749 996 Cyril-

2097 1007 2222 1061 lum
2253 1007 2613 1065 documenta
2644 1016 2800 1079 sunt,
2836 1030 2966 1083 qua}
2994 1013 3088 1068 hic
3115 1013 3395 1085 colligere
3426 1031 3493 1070 ac
3533 1032 3749 1087 repue-

2099 1103 2333 1153 sentare
2356 1098 2544 1169 juvat;
2578 1106 2643 1154 ut
2672 1107 2959 1171 quantum
2990 1102 3064 1157 ab
3095 1102 3331 1159 Arianis
3362 1120 3429 1159 ac
3462 1106 3750 1162 Pneuma-

2096 1188 2408 1256 tomachis,
2431 1207 2683 1260 quorum
2718 1192 2828 1262 ipsi
2864 1198 2955 1247 est
2985 1192 3217 1264 objecta
3243 1196 3746 1267 communio,ejus

2092 1277 2500 1334 disconveniat
2532 1282 2827 1337 sententia
2857 1282 3318 1352 demonstretur,
3354 1300 3388 1339 a
3416 1284 3564 1339 Filio
3592 1286 3745 1341 inci-

2093 1366 2271 1437 piam.
2309 1369 2433 1422 Non
2482 1369 2837 1426 catholicam
2888 1372 3083 1427 solum
3116 1373 3188 1427 de
3238 1373 3411 1428 Verbi
3443 1373 3746 1430 divinitate

2092 1454 2423 1511 doctrinam
2450 1463 2723 1513 accurate
2751 1461 3110 1532 copioseque
3132 1467 3191 1516 et
3211 1464 3540 1534 proposuit,
3574 1470 3748 1519 etex-

2091 1544 2347 1616 plicavit,
2383 1550 2441 1601 et
2467 1547 2757 1617 probavit,
2789 1565 2994 1604 verum
3018 1567 3229 1605 omnes
3260 1552 3496 1606 Arianae
3537 1553 3744 1625 impie-

2091 1635 2226 1689 tatis
2260 1636 2529 1690 surculos
2573 1636 3029 1709 diligentissime
3079 1644 3426 1710 persecutus
3476 1641 3744 1712 stirpitus

2089 1723 2318 1778 evulsit.
2352 1726 2435 1779 Ac
2465 1725 2656 1795 primo
2701 1726 2943 1796 quidem
2977 1727 3189 1782 Filium
3238 1744 3271 1782 a
3301 1730 3588 1783 creaturis
3620 1734 3741 1783 stu-

307 1826 543 1881 deatur.
576 1824 741 1879 ldem
770 1824 835 1879 in
864 1824 1148 1895 Spiritum
1180 1827 1451 1878 sanctum
1476 1827 1758 1891 tanquam
1784 1821 1843 1874 in
1867 1836 1966 1875 au-
2007 1827 2048 1891 Β
2083 1812 2248 1868 diose
2281 1813 2580 1881 discrevit,
2612 1814 2883 1871 refutatis
2906 1816 3263 1871 nominatim
3287 1816 3651 1888 blasphemis
3674 1834 3743 1873 ea

304 1922 536 1984 ctorem
566 1914 813 1981 confert,
868 1913 1162 1969 donorum
1214 1913 1275 1967 in
1314 1912 1486 1968 altari
1528 1910 1968 1982 propositorum

305 2004 902 2060 transformationem
933 2003 994 2058 in
1017 2019 1233 2075 corpus
1262 2008 1323 2057 et
1350 2001 1701 2074 sanguinem
1725 1998 1963 2065 Christi,

300 2101 417 2150 cat.
453 2095 546 2150 21.
580 2111 641 2148 ιι.
694 2095 747 2159 3;
800 2099 912 2149 cat.
944 2094 1034 2161 23,
1062 2110 1123 2147 ιι.
1176 2096 1207 2145 7
1240 2097 1299 2147 et
1346 2095 1432 2146 19.
1487 2092 1671 2157 Quam
1722 2090 1964 2161 quidem

296 2186 718 2256 operationem
752 2183 956 2238 Patres
995 2182 1070 2238 ad
1124 2197 1419 2237 summam
1451 2180 1744 2235 Creatoris
1776 2180 1837 2234 in
1869 2196 1963 2234 res

296 2273 610 2345 subjectas
641 2272 1140 2344 omnipotentiam
1170 2270 1469 2341 pertinere
1495 2269 1732 2337 docent;
1765 2285 1831 2325 ac
1854 2269 1961 2340 Cy-

288 2365 471 2420 rillus
496 2364 626 2435 ipse
648 2363 796 2418 Filio
827 2361 1036 2417 tribuit
1065 2365 1180 2416 cat.
1214 2362 1302 2427 22,
1335 2375 1501 2414 num.
1536 2360 1587 2428 1,
1613 2366 1672 2414 et
1701 2359 1804 2414 toti
1836 2358 1963 2413 Tri-

289 2454 474 2509 nitati
508 2456 624 2507 cat.
662 2454 750 2520 19,
783 2465 947 2505 num.
982 2453 1035 2504 7.
1071 2450 1144 2505 Ut
1174 2448 1446 2504 omittam
1489 2448 1775 2519 Spiritum
1826 2463 1966 2503 san-

292 2550 483 2611 ctum,
514 2559 588 2596 ex
621 2541 896 2596 doctrina
917 2539 1143 2612 Cyrilli,
1177 2538 1482 2594 communi
1516 2553 1650 2592 cum
1703 2538 1874 2591 Patre
1906 2540 1965 2593 et

298 2629 453 2684 Filio
473 2629 536 2683 in
560 2632 865 2683 creaturas
895 2626 1160 2682 dominio
1182 2625 1460 2697 gaudere,
1480 2630 1592 2679 cat.
1628 2626 1683 2689 8,
1716 2640 1879 2679 num.
1905 2627 1960 2691 ὃ,

300 2719 479 2789 cujus
514 2716 763 2772 dominii
786 2716 890 2788 jus
921 2715 1048 2771 sola
1078 2714 1320 2771 creandi
1352 2714 1584 2770 actione
1611 2714 1960 2785 acquiritur,

294 2825 368 2863 ex
399 2807 613 2862 eodem
644 2811 758 2862 cat.
790 2810 877 2873 11,
933 2821 1098 2875 num,
1154 2808 1245 2860 21.
1287 2802 1454 2869 Quod
1485 2808 1683 2859 autem
1715 2805 1873 2859 Patri
1905 2810 1962 2860 et

303 2898 477 2962 Filio,
501 2897 677 2967 juxta
704 2912 774 2951 ac
804 2894 1047 2966 E‘piritui
1077 2899 1280 2950 sancto
1304 2892 1716 2950 sanctiﬁcandi
1742 2910 1960 2948 munus

304 2987 551 3054 tribuat,
602 3003 673 3040 ex
716 2984 993 3040 omnibus
1042 3000 1194 3056 pene
1237 2984 1625 3040 catecheseon
1676 2981 1961 3038 clausulis

306 3076 630 3148 colligitur,
664 3075 725 3129 in
758 3073 975 3145 quibus
1001 3073 1535 3129 sanctiﬁcationem
1557 3072 1894 3129 auditorum
1926 3089 1961 3127 a

294 3168 470 3221 Patre
499 3171 877 3237 apprecatur.
912 3164 1054 3219 Vide
1086 3164 1148 3219 in
1206 3163 1417 3235 primis
1466 3168 1691 3235 procat.
1742 3179 1802 3217 ιι.
1867 3163 1957 3227 17,
1985 3192 2028 3259 C

291 3261 408 3310 cat.
443 3255 498 3320 3,
527 3272 588 3309 ιι.
625 3257 733 3321 16;
766 3258 879 3309 cat.
915 3257 968 3319 6,
996 3271 1056 3310 ιι.
1094 3255 1201 3322 36;
1232 3259 1343 3310 cat.
1381 3255 1468 3322 14,
1501 3271 1562 3319 ιι,
1595 3256 1704 3310 30:
1738 3257 1834 3307 cat
1864 3255 1952 3318 15,

294 3361 466 3400 ιιιιιιι.
498 3344 603 3411 33;
638 3349 753 3400 cat.
788 3343 873 3409 18,
907 3360 967 3398 ιι.
1002 3344 1109 3410 35;
1140 3348 1254 3400 cat.
1306 3347 1395 3411 20,
1430 3358 1489 3398 ιι.
1518 3346 1572 3410 8,
1627 3348 1685 3397 et
1714 3347 1826 3398 cat.
1862 3344 1949 3409 23,

294 3451 359 3488 ιι.
393 3436 487 3499 23,
520 3450 701 3505 quam
739 3434 823 3488 ita
880 3432 1216 3488 concludit:
1253 3434 1394 3489 Deus
1442 3435 1599 3503 pacis
1652 3433 1955 3501 sanctiﬁcat

290 3541 390 3580 vos
422 3526 687 3593 integros.
732 3522 899 3578 Haud
930 3528 1129 3577 tamen
1184 3522 1597 3588 inﬁciandum,
1630 3538 1752 3576 non
1783 3538 1819 3576 a
1847 3522 1957 3591 Cy-

289 3614 435 3669 rillo
469 3618 727 3678 tantum,
761 3611 864 3671 sed
895 3616 954 3666 et
990 3610 1061 3667 ab
1094 3610 1375 3666 omnibus
1419 3610 1713 3673 Patribus,
1746 3610 1866 3665 imo
1901 3615 1959 3665 et

289 3722 328 3760 a
360 3703 672 3774 Scriptura
691 3718 881 3768 sacra,
907 3701 1442 3757 sanctiﬁcationem
1464 3699 1708 3770 Spiritui
1728 3705 1954 3766 sancto,

293 3794 385 3848 uti
416 3792 730 3864 proprium
779 3807 848 3846 ac
897 3790 1219 3862 specialem
1253 3790 1531 3845 effectum
1579 3788 1784 3855 tribui,
1816 3788 1957 3845 dum

296 3884 477 3938 aiunt
507 3897 614 3953 per
652 3897 788 3935 eum
838 3880 900 3934 in
953 3879 1231 3935 cordibus
1282 3879 1632 3934 charitatem
1682 3878 1957 3947 diffundi,

297 3974 436 4046 pias
494 3970 884 4043 cogitationes
931 3969 1194 4037 immitti,
1243 3968 1654 4024 inﬁrmitatem
1695 3973 1960 4025 nostram

297 4058 844 4132 adjuvari,purgari
873 4060 1134 4113 animam
1175 4074 1210 4112 a
1256 4057 1671 4129 peceatiszhazc
1702 4063 1762 4111 et
1807 4056 1960 4114 mul—

294 4158 358 4207 ta
389 4150 513 4205 alia
544 4147 1135 4221 magniﬁcentissime
1165 4147 1436 4219 aCyrillo
1466 4147 1605 4203 totis
1636 4148 1964 4202 catechesi-

296 4244 412 4296 bus
450 4242 514 4294 16
547 4243 606 4293 et
633 4239 696 4292 17
730 4236 1126 4293 disseruntur.
1173 4236 1292 4308 Ipsi
1342 4252 1647 4292 sacrorum
1679 4237 1959 4309 baptismi

305 4337 363 4386 et
391 4326 873 4385 conﬁrmationis
904 4327 1313 4382 characterum
1345 4326 1963 4398 impressionem,ani-

302 4437 413 4475 mae
449 4417 805 4481 custodiam,
857 4415 1195 4487 adOptionis
1227 4415 1450 4471 donum
1497 4416 1804 4471 attribuit:
1852 4416 1966 4488 ipsi

305 4507 845 4564 sanctiﬁcationem
868 4522 1035 4576 aquas
1062 4504 1437 4576 baptismalis
1457 4510 1762 4576 aceeptam
1785 4506 1967 4561 refert

305 4606 417 4655 cat.
471 4600 525 4663 3,
560 4615 618 4652 n.
652 4600 710 4664 4,
745 4602 803 4652 et
833 4596 985 4652 sacri
1028 4595 1368 4651 chrismatis
1396 4601 1510 4651 cat.
1543 4599 1632 4666 21,
1667 4613 1727 4650 ιι.
1760 4598 1813 4662 3,
1846 4597 1962 4652 vim

309 4687 802 4753 exorcismorum,
836 4690 1063 4756 procat.
1100 4700 1158 4738 ιι.
1195 4687 1247 4752 9,
1279 4690 1397 4739 cat-
1426 4688 1510 4753 16,
1544 4701 1605 4741 ιι.
1662 4687 1744 4752 18,
1780 4688 1864 4753 19,
1897 4690 1965 4740 ut

304 4778 547 4833 inﬁnita
574 4775 694 4831 alia
718 4775 1011 4829 omittam:
1045 4773 1436 4844 eamdemque
1458 4773 1710 4829 aliorum
1733 4774 1829 4829 SS.
1855 4776 1961 4831 Pa-

303 4873 469 4922 trum
514 4865 790 4920 doctrina
822 4869 929 4919 est.
963 4864 1045 4918 Ex
1091 4862 1306 4934 quibus
1336 4863 1670 4935 gravissimi
1701 4864 1959 4937 theologi

303 4955 584 5023 colligere
626 4969 688 5008 se
737 4969 859 5008 non
909 4951 1208 5007 immerito
1263 4952 1768 5020 existimaverunt,
1822 4954 1964 5010 licet

308 5060 689 5101 communem
723 5042 913 5097 tribus
957 5041 1229 5113 personis
1276 5042 1575 5098 fateantur
1621 5043 1959 5100 animorum

308 5133 867 5199 sanctiﬁcationem,
901 5130 963 5185 in
993 5130 1100 5186 illa
1129 5136 1328 5186 tamen
1382 5132 1689 5203 proprium
1732 5133 1960 5204 aliquid

307 5225 560 5296 Spiritus
591 5220 783 5277 sancti
812 5219 1202 5290 intercedere,
1233 5226 1301 5275 ut
1328 5221 1506 5276 veluti
1538 5223 1961 5279 sanctiﬁcatio-

309 5315 403 5368 nis
433 5312 613 5384 hujus
643 5327 885 5366 causam
915 5314 1094 5380 atque
1130 5309 1385 5366 formam
1415 5312 1477 5366 in
1507 5328 1569 5367 se
1595 5329 1750 5367 unus
1782 5313 1961 5368 susti-

309 5408 467 5457 neat.
509 5400 736 5457 Videsis
785 5399 1088 5455 Petavium
1118 5399 1245 5455 haec
1290 5400 1630 5456 doctissime
1674 5406 1731 5456 et
1762 5402 1962 5474 copioc

307 5492 540 5547 sissime
584 5490 996 5561 disputantem
1042 5488 1145 5545 lib.
1196 5489 1270 5544 De
1309 5489 1509 5546 Trinit.
1551 5506 1669 5558 VIII,
1726 5507 1774 5546 c.
1809 5493 1877 5545 44
1909 5495 1969 5546 et

310 5597 478 5653 seqq,
509 5582 707 5650 Dogm.
744 5578 911 5634 theol.
945 5583 1085 5633 tom.
1118 5579 1189 5634 Il.

388 5724 410 5759 ι
438 5723 644 5780 Matth.
678 5738 765 5791 ιιι,
798 5724 863 5775 17
887 5738 903 5791 ;
932 5737 1071 5789 xvii,
1099 5724 1153 5779 5.

2078 1902 2150 1957 de
2173 1919 2236 1957 re
2260 1903 2615 1958 Arianorum
2641 1903 2917 1971 decretis,
2946 1906 3333 1977 genitumque
3355 1922 3488 1961 vere
3510 1923 3577 1962 ac
3598 1924 3705 1979 pro
3725 1938 3739 1949 -

2070 1992 2218 2064 prie,
2252 1997 2311 2046 et
2340 1993 2673 2048 naturalem
2697 1995 2888 2050 Patris
2919 1995 3133 2049 Filium
3164 1996 3437 2052 asseruit.
3465 1996 3557 2051 Sic
3587 2002 3739 2053 cate-

2070 2082 2233 2137 chesi
2261 2086 2341 2149 11,
2366 2099 2426 2137 ιι.
2454 2084 2553 2137 17:
2581 2105 2608 2133 ‹‹
2636 2085 2833 2154 Neque
2856 2084 3003 2139 Filio
3026 2082 3254 2139 deferre
3284 2086 3573 2141 honorem
3596 2087 3727 2154 rati,

2077 2193 2096 2220 ι
2124 2172 2360 2227 Patrem
2386 2188 2521 2226 eum
2544 2189 3179 2244 nuncupemus;neque
3205 2172 3347 2228 dum
3371 2177 3606 2230 Patrem
3621 2175 3731 2230 ho—

2075 2283 2095 2310 ι
2114 2276 2325 2316 norare
2340 2261 2721 2329 arbitremus,
2748 2262 2962 2317 Filium
2978 2278 3160 2317 unam
3188 2278 3257 2316 ex
3276 2262 3453 2317 rebus
3474 2263 3729 2319 conditis

2071 2349 2505 2420 «suspicemur.
2526 2351 2646 2404 Cat.
2670 2354 2752 2418 15,
2775 2368 2831 2405 ιι.
2852 2355 2906 2419 9,
2929 2353 3093 2407 Nunc
3108 2368 3242 2407 vero
3270 2351 3520 2407 defectio
3535 2357 3625 2407 est
3642 2371 3655 2420 ;
3673 2358 3733 2408 et

2069 2461 2095 2488 ‹‹
2114 2438 2215 2494 alii
2233 2438 2473 2509 quidem
2486 2438 2632 2494 Filio
2650 2470 2716 2479 —
2732 2441 3150 2511 paternitatem
3164 2440 3617 2513 prmdicant,alii
3631 2459 3694 2497 ve
3708 2473 3728 2485 -

2069 2550 2097 2577 ‹‹
2119 2545 2184 2582 ro
2199 2527 2495 2583 Christum
2510 2545 2580 2583 ex
2593 2545 2713 2584 non
2735 2530 3103 2585 exstantibus
3126 2529 3201 2584 ad
3225 2546 3355 2585 esse
3377 2531 3729 2601 perductum

2075 2637 2097 2667 ι
2115 2617 2311 2673 dicere
2332 2616 2571 2673 audent.
2607 2619 2729 2673 Cat.
2749 2622 2911 2686 11,n.
2937 2620 3024 2686 14,
3057 2621 3127 2673 Et
3141 2620 3293 2675 sicut
3320 2636 3585 2692 persaepe
3600 2621 3728 2676 dic-

2067 2729 2094 2757 κ
2124 2712 2248 2761 tum
2282 2711 2388 2772 est,
2424 2722 2807 2778 nequaquam
2840 2722 2911 2762 ex
2940 2723 3061 2763 non
3085 2712 3219 2763 ente
3248 2707 3324 2763 ad
3355 2724 3482 2763 esse
3514 2708 3729 2764 Filium

2068 2818 2093 2844 ‹ι
2113 2795 2467 2861 transduxit,
2492 2812 2688 2866 neque
2706 2812 2841 2851 eum
2860 2798 2960 2867 qui
2980 2813 3100 2851 non
3115 2801 3241 2852 erat
3263 2798 3323 2851 in
3345 2796 3728 2869 adaptionem

2066 2882 2379 2948 «adscivit,
2402 2899 2605 2937 verum
2619 2888 2875 2939 aeternus
2900 2885 3190 2940 exsistens
3220 2887 3412 2954 Pater,
3433 2892 3725 2943 aeternum

2070 2993 2096 3022 «
2129 2971 2333 3044 genuit
2376 2976 2434 3025 et
2464 2972 2952 3027 inenarrabiliter
2981 2989 3169 3028 unum
3202 2973 3393 3029 solum
3427 2975 3661 3030 Filium.
3698 2996 3724 3028 ι

2064 3060 2462 3126 Quamobrem
2484 3061 2544 3114 in
2570 3063 2739 3115 Patre
2759 3061 3023 3116 studiose
3043 3062 3354 3133 distinguit
3372 3062 3519 3118 duas
3541 3064 3726 3119 actio-

2066 3149 2469 3220 nes,duosque
2485 3150 3013 3221 respectus.Unum
3030 3150 3316 3205 creatoris
3327 3167 3464 3222 erga
3475 3167 3571 3206 res
3583 3153 3724 3208 Om-

2068 3258 2174 3297 nes
2190 3258 2259 3297 ex
2274 3239 2460 3294 nihilo
2477 3246 2676 3296 erutas
2688 3240 2959 3302 ,alterum
2975 3241 3164 3295 Patris
3179 3246 3237 3295 et
3250 3242 3617 3313 generatoris
3630 3260 3725 3298 er-

2066 3348 2139 3404 ga
2154 3330 2348 3385 solum
2382 3329 2616 3385 Filium.
2649 3330 2771 3384 Duo
2787 3330 2916 3401 ejus
2930 3330 3015 3385 rei
3037 3331 3385 3386 testimonia
3413 3332 3583 3386 citavi
3593 3348 3724 3388 mus

2067 3421 2259 3493 capite
2292 3419 2542 3492 praeced.
2576 3436 2639 3484 ιι,
2669 3420 2726 3487 8,
2759 3436 2828 3475 ex
2860 3426 2973 3476 cat.
3009 3422 3065 3486 4,
3090 3437 3149 3475 ιι.
3181 3423 3236 3488 4,
3261 3426 3317 3476 et
3347 3427 3459 3477 cat.
3495 3426 3547 3489 7,
3580 3439 3641 3477 ιι.
3667 3426 3718 3476 5.

2069 3511 2521 3566 Generationem
2543 3510 2604 3563 in
2628 3509 2799 3564 Patre
2833 3509 3301 3565 admittitveram
3315 3527 3382 3565 ac
3396 3511 3719 3582 propriam,

2070 3615 2189 3670 qua
2213 3614 2333 3653 non
2366 3596 2811 3668 adoptivus,sed
2841 3598 3133 3654 naturalis
3165 3605 3222 3654 et
3242 3600 3518 3671 proprius
3536 3601 3718 3655 Filius

2070 3690 2333 3756 exsistat,
2357 3691 2514 3745 Cat.1
2538 3689 2579 3757 1,
2616 3706 2675 3744 ιι.
2694 3692 2801 3744 2;‹‹
2827 3689 3036 3744 Filium
3062 3706 3195 3745 cum
3218 3690 3408 3757 audis,
3437 3707 3511 3746 ne
3534 3690 3716 3762 adop-

2070 3782 2298 3835 «tivum
2314 3777 2747 3847 existimes,sed
2766 3779 3097 3835 naturalem
3114 3778 3348 3849 Filium,
3364 3780 3721 3835 Filiumuni-

2071 3892 2098 3921 «
2112 3869 2400 3943 genitum;
2417 3873 2471 3923 et
2485 3885 2543 3922 ιι.
2559 3867 2831 3933 4-,Ρὶὶίιιιιι
2846 3868 3063 3923 iterum
3077 3885 3212 3923 cum
3226 3868 3500 3933 audis,ne
3514 3867 3586 3922 ab
3605 3869 3721 3924 usi-

2070 3983 2098 4012 ι(
2114 3976 2179 4014 ve
2220 3957 2595 4013 solummodo
2631 3957 2854 4011 dictum
2879 3962 3040 4027 puta,
3065 3957 3168 4011 sed
3209 3957 3423 4011 Filium
3457 3974 3614 4026 vere,
3635 3957 3722 4011 Fi-

2071 4048 2259 4104 «lium
2276 4045 2794 4112 naturalem,initii
2809 4051 3257 4116 expertem;non
3271 4062 3341 4100 ex
3354 4046 3633 4101 servitute
3645 4047 3719 4102 ad

2073 4158 2100 4187 (ι
2116 4134 2453 4206 adoptionis
2465 4133 2711 4206 gradum
2729 4133 3127 4201 evectum,sed
3142 4134 3354 4188 Filium
3373 4133 3444 4188 ab
3463 4135 3625 4189 omni
3640 4152 3718 4189 ae-

2072 4226 2385 4279 «ternitate
2398 4224 2719 4296 genitum.»
2738 4223 3173 4295 Magnamiuter
3195 4224 3501 4295 adoptivos
3525 4224 3625 4278 Dei
3648 4224 3719 4279 ﬁ-

2072 4313 2185 4369 lios
2216 4318 2275 4369 et
2307 4313 2605 4369 Christum
2651 4312 3048 4368 differentiam
3098 4313 3439 4368 constituit:
3476 4316 3531 4367 1°
3563 4315 3723 4384 quod

2073 4403 2434 4475 temporaria
2481 4402 2558 4456 sit
2603 4402 2913 4456 hominum
2966 4402 3226 4474 adoptio,
3285 4402 3414 4457 Filii
3446 4402 3722 4458 nativitas

2076 4499 2331 4549 interna:
2366 4495 2424 4545 2°
2454 4490 2611 4563 quod
2642 4491 2701 4545 hi
2736 4491 2883 4547 ﬁant
2929 4491 3036 4545 ﬁlii
3070 4492 3170 4546 Dei
3218 4491 3394 4546 verbo
3425 4497 3484 4545 et
3511 4491 3718 4564 gratia,

2075 4582 2167 4637 his
2181 4586 2413 4638 natura.
2440 4602 2467 4631 «
2492 4580 2605 4648 Illi,
2634 4601 2660 4629 »
2686 4580 2769 4635 ait
2786 4580 2993 4635 eodem
3012 4581 3198 4649 loco,«
3223 4581 3716 4636 Deivoceetdicto

2073 4693 2101 4723 «
2126 4670 2502 4742 adoptionem
2520 4687 2699 4741 quam
2713 4686 2833 4724 non
2850 4670 3537 4742 habebantacceperunt.
3565 4694 3587 4722 ι
3616 4671 3720 4726 Hic

2071 4777 2360 4829 vero,non
2376 4782 2402 4810 ‹‹
2420 4776 2554 4814 cum
2572 4759 2734 4814 aliud
2748 4759 3052 4830 quidpiam
3066 4759 3594 4816 essetaliudfactus
3608 4766 3717 4828 est;

2078 4871 2100 4900 ι
2115 4851 2219 4907 sed
2234 4850 2411 4905 Filius
2426 4850 2616 4904 Patris
2634 4849 2705 4904 ab
2721 4849 2961 4904 exordio
2975 4854 3149 4904 natus
3164 4854 3271 4915 est,
3286 4851 3556 4921 superior
3568 4867 3720 4921 quo-

2073 4963 2100 4990 ‹‹
2119 4940 2201 4996 vis
2215 4940 2387 4994 initio
2406 4938 2705 4995 etsmculis
2719 4939 3162 5006 existens;»n.9,
3182 4939 3254 4995 de
3267 4939 3556 5010 adoptivis
3570 4942 3719 4995 Pau-

2069 5028 2567 5098 liﬁliisloquens:
2600 5047 2620 5075 ι
2647 5027 2770 5093 Hic,
2797 5028 2895 5098 qui
2926 5027 3244 5083 secundam
3264 5034 3540 5084 naturam
3563 5030 3721 5085 ﬁlius

2067 5142 2095 5171 ‹‹
2116 5134 2235 5173 non
2251 5122 2396 5186 erat,
2411 5132 2518 5186 per
2533 5115 2912 5186 disciplinam
2945 5116 3103 5171 ﬁlius
3122 5122 3213 5171 est
3230 5117 3420 5172 factus
3445 5135 3458 5173 :
3478 5118 3567 5172 illi
3589 5135 3722 5172 vero

2069 5231 2096 5259 ‹‹
2123 5204 2413 5262 naturalis
2440 5203 2620 5269 ﬁlius,
2643 5220 2816 5259 verus
2844 5205 3022 5259 ﬁlius.
3044 5206 3169 5261 Non
3194 5206 3345 5261 sicut
3365 5223 3485 5274 vos,
3512 5226 3545 5262 υ
3576 5207 3724 5261 illu-

2073 5320 2100 5347 α
2126 5293 2583 5360 minandi,nunc
2600 5292 2707 5347 ﬁlii
2722 5294 2823 5348 Dei
2840 5293 3280 5361 efﬁcimini,sed
3293 5295 3730 5367 adoptioneper

2075 5408 2099 5435 ι(
2128 5383 2450 5457 gratiam...
2476 5398 2597 5436 non
2622 5383 2918 5437 autemita
2937 5388 3113 5439 natus
3136 5388 3225 5438 est
3247 5383 3515 5439 Christus
3538 5401 3607 5439 ea
3627 5387 3732 5443 Pa-

2075 5498 2102 5526 ‹‹
2133 5480 2221 5529 tre
2248 5490 2260 5527 :
2298 5494 2325 5521 »
2348 5477 2408 5527 et
2429 5472 2487 5527 id
2509 5471 2740 5543 probat,
2774 5471 2931 5542 quod
2971 5489 3107 5527 cum
3134 5472 3196 5527 in
3241 5478 3506 5544 tempore
3537 5473 3730 5545 bapti-

2078 5562 2286 5620 smatis
2318 5561 2391 5617 de
2420 5577 2784 5632 unoquoque
2806 5566 3077 5617 nostrum
3108 5561 3306 5617 dicere
3335 5562 3526 5633 possit
3549 5564 3724 5629 Deus,

2080 5654 2168 5710 hic
2219 5670 2366 5709 nunc
2390 5656 2571 5723 factus
2600 5658 2678 5709 est
2722 5654 2870 5722 ﬁlius
2899 5669 3088 5719 meus;
3139 5653 3212 5708 de
3253 5652 3482 5708 Christo
3513 5651 3731 5706 dixerit
