4134 6264
372 339 489 400 179

1657 325 1760 385 DE
1804 322 1990 385 VlTA
2031 320 2096 382 S.
2143 317 2472 383 CYRILLI.

3667 319 3781 381 {80

374 476 465 530 hic
496 480 571 529 est
602 474 774 527 Filius
802 486 973 537 meus,
1034 465 1194 539 quod
1243 464 1422 521 etiam
1453 465 1564 517 cat.
1596 462 1648 526 3,
1702 475 1868 513 num.
1929 458 2013 525 14,
2050 456 2101 523 Α
2139 474 2161 505 ι
2198 456 2387 512 titiam
2422 457 2664 530 subjicit
2687 459 2954 514 animo...
2980 457 3243 513 simulac
3274 458 3446 511 Pater
3469 456 3778 528 cogitatur,

376 563 649 620 ditTusius
672 561 947 633 explicat:
968 579 994 608 ‹‹
1015 558 1081 611 In
1106 562 1160 610 te
1185 568 1420 625 quoque
1444 547 2028 618 descendetSpiritus

377 658 690 717 «sanctus,
718 653 1149 721 etpaternavox
1163 644 1267 699 tibi
1300 642 1554 712 desuper
1583 637 1806 710 [CXLV]
1823 633 2024 690 audie-

376 748 710 809 «tur,non»
755 739 849 793 hic
885 743 975 791 est
1012 735 1171 790 ﬁlius
1214 731 1503 798 meus,sed
1523 730 1619 784 hic
1650 743 1812 783 nunc
1839 725 2028 780 factus

376 839 467 889 est
480 832 638 887 illius
653 828 964 884 meus.«De
980 826 1082 879 illo
1097 823 1221 879 solo
1235 823 1487 878 dictum»
1500 812 2029 889 est,«quandoqui-

377 942 399 971 ι
418 922 553 977 dem
569 920 663 973 «in
680 916 972 991 principio
991 919 1115 969 erat
1128 911 1468 977 Verbum“;
1490 915 1662 974 etc.,«
1676 906 1761 961 illi
1781 907 2026 976 inquam

380 1034 406 1063 ‹‹
423 1010 820 1066 convcnitvox
839 1030 862 1059 ι
888 1010 1031 1071 est,«
1059 1017 1191 1058 cum
1217 1002 1293 1055 sit
1314 1014 1550 1069 semper
1568 996 1751 1053 Filius
1774 996 1897 1060 Dei;
1924 995 2026 1048 tibi

377 1125 396 1152 α
418 1117 554 1155 vero
571 1097 877 1169 competit,
896 1114 920 1146 ι
938 1110 1097 1149 uunc
1109 1091 1300 1146 factus
1318 1094 1428 1155 est;
1449 1086 1775 1158 «quoniam
1790 1090 1854 1138 ut
1869 1084 2026 1139 illius

374 1212 399 1243 ci
426 1191 506 1245 sis
530 1205 650 1244 non
667 1203 771 1259 per
785 1191 1061 1241 naturam
1076 1178 1392 1247 habes,sed
1407 1194 1509 1248 per
1523 1175 1902 1246 adoptionem
1922 1171 2027 1227 filii

374 1303 401 1330 α
428 1278 897 1351 appellationem
913 1270 1322 1342 consequeris:
1346 1268 1447 1322 ille
1472 1266 1833 1337 sempiterno
1850 1266 2029 1323 est,tu

378 1386 556 1424 «vero
591 1386 660 1423 ex
692 1366 961 1438 profectu
991 1362 1239 1435 gratiam
1282 1357 1561 1428 acquiris.
1600 1379 1620 1403 ι
1655 1352 1879 1408 Idcirco
1911 1351 2027 1405 alio

375 1476 621 1533 prorsus
635 1457 811 1513 modo
825 1453 1253 1511 dixitChristus
1266 1451 1449 1504 Deum
1463 1463 1591 1502 esse
1605 1448 1839 1499 Patrem
1855 1457 2029 1497 suum

375 1556 435 1607 et
462 1554 699 1606 Patrem
725 1552 1018 1602 nostrum.
1064 1544 1345 1599 Observat
1373 1538 1626 1611 Cyrillus
1653 1542 1765 1592 cat.
1796 1539 1848 1602 ’7,
1883 1552 1942 1589 n.
1972 1539 2025 1600 '7,

372 1640 667 1695 Christum
681 1654 801 1692 non
818 1636 1035 1691 dixisse
1061 1656 1086 1682 ‹‹
1108 1631 1363 1688 ascendo
1381 1629 1452 1684 ad
1473 1631 1705 1683 Patrem
1720 1630 1991 1680 nostrum
2011 1641 2027 1693 ;

377 1750 405 1780 ‹‹
428 1729 529 1784 sed
562 1727 867 1791 divisione,
896 1747 921 1773 n
946 1723 1160 1793 inquit,
1193 1743 1221 1772 ‹‹
1245 1719 1531 1785 adhibita,
1558 1717 1817 1789 primum
1849 1714 2032 1768 edixit

378 1841 400 1867 ι
418 1816 575 1889 quod
594 1816 703 1872 sibi
719 1813 1023 1886 prOprium
1040 1815 1179 1881 est,»
1194 1809 1265 1865 ad
1279 1812 1512 1864 Patrem
1529 1804 1853 1897 meum,»id
1868 1803 2026 1875 quod
2058 1833 2102 1897 Β

374 1906 709 1961 «nimirum
733 1908 950 1957 natura
982 1904 1135 1955 erat:
1159 1904 1284 1954 tum
1312 1897 1439 1968 subj
1453 1895 1638 1962 unxit,
1662 1898 1719 1949 et
1744 1915 1769 1943 »
1788 1894 2023 1947 Patrem

371 2001 653 2063 vestrum,
674 1991 875 2064 «quod
894 1988 1554 2061 eratperadoptionem.
1585 2008 1604 2033 ιι
1633 1982 2030 2054 Idemrepetit

371 2088 550 2142 cat.“
567 2084 873 2152 ,n.l9.«l\'e
893 2080 1195 2135 existimes
1210 2076 1383 2131 illum
1402 2075 1606 2130 eodem
1627 2073 1802 2127 modo
1817 2072 1947 2127 Filii
1971 2076 2030 2127 et

371 2180 820 2230 «creaturarum
839 2186 967 2225 esse
980 2171 1367 2235 Patrem,non
1384 2162 1826 2218 dixitnascendo
1842 2162 1914 2217 ad
1927 2163 2028 2216 Pa-

366 2264 529 2320 trem
540 2268 835 2330 nostrum,
849 2276 953 2314 «ne
969 2262 1377 2313 creaturarum
1391 2270 1526 2310 cum
1541 2252 1847 2325 unigenito
1866 2268 2030 2306 com-

371 2376 396 2407 α
412 2353 671 2409 munitas
686 2345 1245 2406 inducereturmsed
1262 2347 1494 2399 Patrem
1509 2358 1710 2397 meum
1726 2343 2028 2397 etPatrem

367 2448 648 2509 vestrum,
674 2438 776 2496 ait:
804 2460 832 2488 «
857 2436 1031 2493 aliter
1052 2450 1276 2501 meum,
1303 2431 1633 2488 secundum
1653 2435 1947 2497 naturam;
1974 2436 2032 2485 et

370 2555 399 2585 ‹‹
425 2533 599 2588 aliter
638 2534 918 2592 vestrum,
966 2524 1298 2580 secundum
1331 2522 1733 2593 adoptionem.
1761 2541 1788 2569 »
1812 2522 2028 2585 Quam-

371 2621 576 2675 obrem
591 2617 781 2673 Patris
795 2630 1019 2669 nomen
1038 2617 1314 2683 respectu
1345 2610 1478 2664 Filii
1508 2609 1746 2680 proprie
1766 2608 2029 2679 sumiju-

369 2709 491 2764 bet.
520 2710 643 2762 Cat.
669 2710 723 2763 7.
751 2719 918 2758 num.
939 2706 993 2768 ὅ,
1014 2701 1119 2756 ait:
1139 2722 1166 2749 ‹‹
1190 2701 1291 2753 Est
1312 2699 1489 2771 igitur
1509 2698 1682 2766 Deus,
1706 2696 2030 2751 multorum

373 2816 405 2850 cc
429 2796 672 2869 quidem
693 2793 936 2849 abusive
959 2794 1157 2856 Pater,
1181 2787 1360 2843 unius
1379 2803 1512 2841 vero
1535 2786 1720 2841 solius
1741 2786 2031 2858 unigeniti

372 2911 401 2940 ς(
425 2886 557 2942 Filii
580 2889 795 2940 natura
819 2886 877 2937 et
906 2881 1147 2935 veritate
1168 2879 1343 2933 Pater
1369 2893 1384 2944 ;
1429 2898 1447 2925 ι
1471 2892 1539 2931 ac
1561 2892 1757 2931 severe
1783 2874 2033 2931 interdi-

376 2979 455 3033 cit
483 2993 541 3031 n.
576 2976 628 3041 3,
665 2990 741 3029 ne
774 2974 914 3040 Deo,
946 2970 1047 3041 qui
1069 2966 1345 3043 gignendi
1373 2967 1489 3021 vim
1513 2965 1789 3021 omnibus
1820 2966 2035 3036 imper-

372 3068 537 3129 titur,
572 3066 823 3138 patriam
858 3061 1208 3133 dignitatem
1235 3057 1592 3113 auferamus.
1628 3058 1713 3109 En
1754 3053 1965 3110 Filium
1999 3070 2034 3110 θ.

369 3154 658 3213 creaturis
689 3158 985 3209 secretum
1024 3165 1289 3221 prorsus;
1325 3164 1397 3202 en
1423 3146 1637 3201 Filium
1668 3145 1771 3200 Dei
1800 3160 2027 3212 verum,

371 3245 696 3301 divinama
735 3257 873 3295 vero
933 3242 1103 3294 Patre
1162 3254 1271 3309 per
1327 3235 1771 3310 generationem
1829 3250 2027 3288 veram

374 3335 708 3390 trahentem
735 3334 1033 3385 naturam.

448 3425 536 3478 13.
570 3424 650 3476 Ne
684 3425 881 3475 autem
908 3418 969 3472 in
1022 3418 1151 3489 ipsa
1180 3414 1561 3488 generatione
1611 3413 1812 3469 divina
1840 3413 2031 3474 quod-

379 3514 515 3569 dam
548 3510 620 3566 ad
649 3524 850 3564 verum
885 3511 941 3562 et
971 3505 1293 3579 perfectam
1326 3503 1433 3558 ﬁlii
1477 3503 1845 3559 divinitatem
1874 3503 2027 3558 exsi-

381 3606 563 3660 steret
588 3596 1229 3671 impedimentum,tria
1259 3594 1469 3649 docet:
1500 3597 1554 3646 1⁰
1584 3593 2029 3665 generationem

381 3695 535 3749 hanc
557 3690 780 3745 nullam
816 3686 1098 3759 temporis
1120 3700 1347 3739 moram
1366 3683 1689 3757 postulare,
1724 3689 1782 3739 et
1798 3698 1925 3738 esse
1958 3683 2029 3738 ab

385 3788 604 3838 aeterno
628 3778 971 3851 perfectam:
996 3779 1052 3829 2°
1076 3773 1305 3829 nullam
1332 3772 1394 3827 in
1420 3789 1483 3828 re
1510 3777 1789 3844 generata
1811 3773 2029 3844 imper-

381 3871 719 3935 iectionem,
770 3866 860 3921 vel
905 3864 978 3921 ad
1024 3862 1449 3936 perfectionem
1497 3861 1726 3917 obicem
1775 3861 2026 3917 adferre.

378 3962 500 4016 Cat.
542 3960 629 4026 11,
657 3975 716 4012 n.
738 3959 788 4011 8:
820 3977 847 4005 ‹‹
881 3956 1025 4010 Cum
1060 3955 1212 4009 Deus
1238 3956 1296 4008 et
1333 3954 1507 4007 Pater
1531 3956 1794 4023 generat,
1832 3968 2028 4022 neque

379 4071 408 4102 ‹‹
438 4047 775 4123 ignorantia
805 4062 1000 4116 neque
1032 4043 1391 4099 consultatio
1423 4042 1483 4095 in
1516 4041 1711 4096 medio
1745 4082 1782 4096 ..
1834 4040 2029 4095 dicere

380 4161 409 4192 «
427 4138 735 4211 quodcum
758 4132 1123 4205 temporibus
1139 4131 1728 4197 deliberasset,Pater
1748 4128 2029 4201 deinceps

382 4230 659 4284 «eifectus
674 4225 769 4290 sit,
787 4222 1055 4295 ejusdem
1080 4219 1403 4291 impietatis
1425 4224 1531 4273 est.
1549 4220 1671 4273 Non
1688 4218 1845 4273 enim
1864 4220 2029 4290 prius

379 4319 568 4373 «Deus
580 4311 1022 4386 absqueliberis
1036 4311 1316 4377 existens,
1336 4309 1616 4380 posteain
1631 4314 1895 4380 tempore
1915 4312 2026 4365 Pa-

383 4431 410 4459 ‹‹
426 4413 515 4463 ter
536 4411 623 4462 est
644 4406 910 4469 effectus,
933 4415 1138 4456 verum
1162 4415 1397 4470 semper
1413 4397 1625 4453 Filium
1650 4397 1859 4466 habet;
1895 4416 2025 4470 sup.

385 4499 607 4567 «n.7,In
620 4491 927 4568 gignendis
941 4487 1286 4560 corporibus
1300 4503 1542 4543 necesse
1557 4492 1883 4543 estmoram
1896 4493 2033 4544 tem-

2134 568 2162 595 ‹‹
2184 547 2389 602 eodem
2414 555 2552 603 actu
2571 549 2782 603 Filium
2809 547 3377 621 cogitemus.Filium
3404 547 3563 601 enim
3583 562 3648 601 ac
3672 548 3779 601 Pa.

2133 658 2160 685 «
2180 641 2325 691 trem
2344 638 2493 692 nihil
2525 656 2767 709 prorsus
2782 655 2986 693 eorum
3018 654 3150 708 qua)
3183 642 3322 693 sunt
3347 636 3608 691 medium
3632 636 3780 691 inte-

2138 746 2166 775 α
2188 728 2488 783 rest.Cat.i
2505 732 2553 797 1,
2577 745 2636 784 n.
2663 729 2869 782 ULNec
2889 744 3091 783 secum
3105 727 3445 781 deliberans
3458 732 3663 797 postea
3679 742 3782 797 ge-

2134 836 2163 865 «
2194 816 2344 881 nuit,
2373 832 2575 872 verum
2592 818 2952 889 sempiterno
2973 818 3295 889 generavit,
3318 823 3376 871 et
3406 814 3782 870 sermonibus

2134 927 2162 954 «
2197 906 2774 979 cogitationibusque
2797 908 3017 963 nostris
3039 907 3225 962 multo
3257 906 3532 972 celerius,
3552 911 3618 960 ut
3640 921 3783 960 sane

2136 1016 2164 1043 ‹‹
2189 1002 2657 1052 consentaneum
2672 998 3276 1070 est,generavi...Cum
3291 997 3362 1051 de
3380 995 3578 1050 divina
3593 1001 3782 1066 potes-

2139 1105 2163 1137 ι
2189 1091 2305 1141 tate
2322 1104 2514 1142 sermo
2534 1094 2641 1157 est,
2666 1089 2950 1159 temporis
2964 1103 3172 1158 expers
3205 1091 3293 1141 est
3318 1086 3644 1158 generatio,
3670 1106 3697 1135 »
3726 1088 3783 1138 et

2133 1182 2246 1232 cat.
2268 1180 2321 1231 11
2339 1194 2418 1243 ,η.
2435 1180 2487 1244 5,
2508 1194 2575 1232 ea
2586 1178 3174 1249 verbainterpretans
3199 1198 3225 1227 ‹‹
3240 1176 3422 1231 Filius
3439 1191 3603 1230 meus
3619 1191 3682 1229 es
3696 1179 3781 1244 tu,

2134 1281 2272 1336 «ego
2288 1266 2462 1321 hodie
2476 1268 2649 1335 genui
2666 1267 2763 1321 tes:
2788 1267 2964 1333 Illud,
2991 1290 3017 1317 »
3044 1265 3463 1338 inquit,hodie,
3488 1289 3514 1315 ιι
3541 1280 3662 1320 non
3683 1281 3782 1318 re-

2134 1376 2162 1404 α
2195 1371 2356 1423 cens,
2386 1356 2490 1410 sed
2521 1357 2948 1427 sempiternum
2974 1373 2986 1410 :
3018 1356 3191 1411 hodie
3221 1356 3505 1426 temporis
3547 1371 3780 1426 expers,

2132 1465 2159 1493 «
2178 1444 2407 1513 [CXLVI
2424 1444 2432 1515 Ι
2447 1451 2584 1499 ante
2596 1446 2796 1501 omnia
2810 1445 3215 1501 saacula.»Vid.
3233 1448 3404 1507 cati,
3422 1445 3621 1500 n.7.Ut
3637 1449 3781 1499 tem-

2132 1534 2293 1605 poris
2315 1551 2545 1606 expers,
2570 1536 2726 1590 itaet
2745 1535 3007 1591 defectus
3024 1535 3219 1589 omnis
3240 1534 3511 1590 eamdem
3534 1549 3781 1605 genera-

2134 1623 2556 1694 tio,quaFilius
2577 1625 2650 1679 ab
2687 1631 2907 1680 aeterno
2931 1624 3227 1696 perfectus
3264 1624 3537 1696 providit.
3570 1625 3691 1678 Cat.
3726 1627 3779 1690 9,

2132 1730 2297 1768 num.
2319 1718 2371 1782 Ei,
2395 1713 2465 1769 de
2483 1716 2650 1769 Patre
2664 1715 2800 1768 aitm
2823 1716 2946 1769 Non
2962 1731 3031 1769 ex
3047 1714 3322 1785 passione
3337 1730 3403 1769 ac
3425 1712 3783 1768 demutatio-

2135 1823 2165 1856 α
2187 1820 2261 1858 ne
2285 1804 2373 1857 sui
2398 1803 2587 1858 factus
2610 1810 2699 1858 est
2720 1805 2912 1871 Pater,
2938 1820 3056 1859 non
3080 1821 3150 1858 ex
3175 1803 3509 1875 complexu,
3534 1819 3652 1857 non
3675 1819 3783 1874 per

2136 1892 2601 1965 «ignorantiam,
2621 1909 2740 1948 non
2763 1892 3084 1947 ﬂuxionem
3108 1909 3339 1965 passus,
3363 1908 3483 1947 non
3513 1891 3784 1947 deminu-

2138 2004 2163 2032 α
2190 1987 2304 2049 tus,
2340 1998 2457 2036 non
2480 1981 2783 2037 alteratus.
2809 1984 2982 2036 Pater
3006 1982 3304 2053 perfecrus
3333 1981 3659 2053 perfectum
3684 1997 3781 2053 ge-

2141 2075 2316 2128 «nuit
2348 2075 2582 2142 Filium,
2611 2074 3029 2129 omniacontra
3046 2074 3193 2129 dans
3216 2075 3268 2129 ei
3297 2089 3472 2145 quem
3494 2073 3717 2145 genuit.
3753 2093 3781 2121 ››

2138 2166 2335 2217 Monet
2364 2169 2474 2218 cat.
2513 2164 2598 2231 11,
2631 2179 2794 2218 num.
2828 2168 2882 2233 ‘7,
2917 2164 2977 2218 in
3009 2164 3287 2219 immanis
3318 2180 3385 2218 ac
3413 2162 3663 2217 terrenis
3692 2177 3787 2234 ge-

2138 2253 2570 2323 nerationibus,
2603 2253 2662 2308 id
2684 2253 2841 2324 quod
2869 2259 3184 2327 generatur
3212 2253 3624 2326 imperfectum
3657 2268 3789 2309 nas-

2138 2343 2216 2411 ci,
2249 2359 2316 2398 ac
2349 2347 2612 2414 tempore
2643 2343 2973 2415 profectum
3004 2350 3063 2399 et
3092 2345 3529 2399 incrementum
3555 2359 3789 2415 compa-

2138 2448 2290 2486 rare:
2326 2435 2533 2486 contra
2576 2437 2797 2499 autem,
2839 2433 3052 2504 inquit,
3087 2455 3115 2483 «
3150 2433 3331 2488 Filius
3358 2433 3459 2488 Dei
3490 2432 3786 2504 perfectus

2140 2542 2167 2570 ‹‹
2184 2525 2479 2588 estnatus;
2496 2521 2651 2592 quod
2672 2521 2830 2577 enim
2846 2538 3006 2577 nunc
3019 2522 3195 2589 est,id
3218 2527 3275 2576 et
3294 2538 3327 2577 a
3348 2522 3641 2594 principio
3674 2526 3784 2592 est,

2142 2632 2170 2662 «
2194 2615 2370 2665 natus
2383 2610 2606 2681 absque
2622 2612 2813 2666 initio:
2839 2633 2865 2660 ››
2885 2613 3243 2667 etrationem
3258 2612 3476 2667 subdit:
3500 2633 3527 2661 α
3554 2610 3786 2667 Nullam

2147 2700 2513 2772 «generantis
2530 2701 2939 2756 inﬁrmitatem
2954 2717 3367 2768 accuses;nam
3390 2702 3438 2756 si
3461 2701 3788 2771 illeimper—

2141 2790 2401 2845 «fectum
2424 2790 2916 2862 generavit,quod
2929 2807 3169 2846 accessu
3186 2792 3468 2863 temporis
3482 2790 3789 2862 perfectio-

2142 2895 2315 2934 «nem
2340 2885 2677 2934 assecutum
2702 2881 2798 2947 sit,
2824 2880 3190 2935 inﬁrmitatis
3212 2882 3409 2953 arguis
3422 2881 3747 2953 genitorem
3770 2895 3784 2946 ;

2141 2988 2170 3018 ς(
2195 2968 2244 3023 si
2295 2968 2353 3022 id
2376 2968 2533 3039 quod
2586 2974 2819 3039 tempus
2840 2973 3046 3039 postea
3098 2969 3371 3041 largitum
3405 2974 3511 3035 est,
3545 2969 3656 3024 hoc
3687 2974 3788 3023 tua

2143 3080 2169 3107 ‹‹
2197 3057 2492 3113 sententia
2505 3058 2736 3130 genitor
2748 3057 2820 3112 ab
2838 3056 3004 3112 initio
3019 3075 3139 3113 non
3153 3058 3349 3123 dedit;
3372 3075 3431 3113 n.
3468 3060 3531 3112 13
3554 3075 3566 3112 :
3588 3060 3786 3129 Neque

2148 3165 2169 3194 ι
2190 3163 2480 3216 generans
2502 3145 2624 3200 ulla
2636 3164 2699 3201 re
2712 3145 3055 3202 deminutus
3074 3153 3180 3214 est,
3198 3163 3390 3218 neque
3414 3147 3788 3219 deestgenito

2144 3257 2171 3285 «
2196 3235 2588 3306 quidquam...
2611 3251 2729 3289 non
2750 3236 2813 3290 in
2832 3236 3200 3308 temporibus
3229 3237 3484 3307 genitus,
3519 3236 3620 3293 sed
3652 3242 3787 3292 ante

2131 3324 2384 3379 «saecula
2397 3323 2654 3396 genitus;
2671 3340 2793 3379 non
2811 3324 3160 3396 exprofectu
3174 3330 3403 3392 auctus,
3434 3325 3537 3381 sed
3554 3326 3662 3380 hoc
3694 3325 3790 3397 ip.

2134 3430 2301 3469 «sum
2338 3418 2514 3469 natus
2564 3414 2724 3484 quod
2767 3430 2926 3469 nunc
2978 3419 3088 3482 est;
3113 3430 3173 3469 n.
3204 3417 3287 3470 t9:
3324 3416 3564 3470 Pater...
3599 3416 3786 3470 Deum

2133 3526 2162 3553 ‹‹
2218 3519 2508 3576 generans
2564 3518 2673 3558 nec
2732 3503 2857 3575 ipse
2918 3504 3137 3559 deitate
3169 3504 3458 3577 spoliatus
3512 3512 3620 3574 est,
3676 3521 3786 3560 nec

2132 3615 2160 3642 «
2192 3594 2521 3665 quidquam
2555 3593 2679 3665 ipse
2710 3593 3047 3665 deperdidit
3075 3593 3430 3649 imminutus
3459 3594 3549 3650 vel
3594 3600 3784 3650 muta-

2141 3703 2169 3732 ‹‹
2202 3688 2332 3751 tus;
2364 3700 2475 3738 nec
2504 3682 2605 3737 ille
2640 3683 2739 3753 qui
2772 3683 3006 3755 genitus
3038 3688 3147 3747 est,
3184 3683 3787 3755 defectusquidquam

2138 3791 2165 3824 ι
2197 3772 2393 3828 habet:
2427 3773 2723 3845 perfectus
2754 3778 2844 3827 est
2875 3773 2975 3842 qui
3006 3773 3227 3845 genuit,
3271 3773 3597 3844 perfectum
3630 3775 3788 3845 quod

2143 3884 2170 3916 ι
2195 3865 2456 3934 genitum
2492 3870 2601 3931 est;
2634 3865 2788 3918 Deus
2841 3869 2929 3918 est
2959 3864 3059 3934 qui
3101 3864 3324 3936 genuit,
3373 3866 3526 3920 Deus
3557 3866 3657 3936 qui
3688 3883 3785 3939 ge-

2136 3976 2164 4003 ‹‹
2198 3955 2358 4007 nitus
2400 3958 2506 4007 est.
2539 3974 2566 4001 »
2617 3953 2749 4007 Haec
2798 3959 2995 4009 autem
3046 3954 3251 4008 omnia
3301 3954 3495 4024 capita
3537 3956 3790 4025 Cyrillus

2137 4043 2383 4114 opponit
2416 4040 2663 4096 totidem
2705 4042 2903 4113 impiis
2955 4042 3307 4097 Arianorum
3360 4045 3692 4113 sententiis,
3725 4051 3790 4099 ut

2135 4132 2198 4187 in
2228 4131 2386 4186 notis
2417 4130 2636 4186 nostris
2668 4132 2928 4188 studiose
2959 4132 3415 4189 observavimus.

2209 4221 2294 4273 14.
2329 4219 2738 4274 Generationis
2768 4236 2917 4276 verte
2967 4237 3034 4275 ac
3065 4221 3300 4291 proprie
3340 4221 3513 4277 dictm
3545 4224 3789 4279 eil'ectus

2138 4312 2227 4362 est
2254 4312 2319 4363 ut
2342 4308 2402 4362 id
2435 4308 2593 4378 quod
2625 4309 2909 4374 nascitur,
2964 4326 3070 4380 per
3101 4310 3303 4365 omnia
3348 4317 3525 4382 atque
3574 4312 3631 4366 in
3667 4315 3789 4384 pri-

2134 4398 2249 4453 mis
2279 4402 2491 4453 natura
2525 4398 2719 4453 simile
2751 4399 2829 4453 sit
2856 4399 3129 4471 genitori.
3167 4400 3311 4455 Hinc
3359 4402 3613 4472 Cyrillus
3645 4420 3785 4459 con-

2139 4487 2327 4542 cludit
2355 4487 2568 4542 Filium
2599 4488 2738 4558 quia
2789 4505 2860 4543 ex
2892 4490 3062 4544 Patre
3108 4489 3342 4560 genitus
3392 4491 3486 4559 sit,
3527 4493 3784 4548 similem

385 4608 413 4638 α
435 4581 1000 4658 porisintercedere,
1022 4576 1478 4633 nullumveroin
1495 4577 1875 4649 generatione
1898 4578 2027 4633 Filii
2065 4569 2106 4633 D
2141 4592 2268 4631 esse
2300 4578 2361 4631 in
2395 4576 2670 4631 omnibus
2700 4577 2878 4643 Patri;
2915 4578 3099 4632 Deum
3130 4595 3329 4633 verum
3371 4585 3429 4634 et
3473 4581 3784 4638 Dominum

382 4690 486 4729 «ex
509 4667 1117 4727 Patreintermedium
1138 4667 1434 4738 reperitur
1456 4669 1707 4738 tempus;
1741 4672 1799 4721 et
1828 4673 1938 4722 cat.
1973 4672 2023 4736 7,

384 4785 414 4816 ς(
434 4781 495 4818 n.
520 4762 706 4825 5.Non
730 4763 1065 4830 temporum
1088 4772 1366 4811 successu
1387 4753 1636 4826 adeptus
1658 4761 1720 4810 ut
1743 4757 1916 4812 Pater
1928 4759 2023 4814 sit.

386 4876 414 4905 ‹‹
428 4851 529 4909 sed
544 4847 839 4919 Unigeniti
854 4850 1026 4902 Pater
1042 4846 1405 4917 sempiterno
1426 4844 1704 4901 existens.
1720 4846 1844 4901 Non
1865 4847 2023 4903 enim

380 4959 559 4997 «cum
576 4941 918 4995 essetantea
936 4937 1062 4991 sine
1075 4934 1475 5007 prole,postea
1486 4939 1712 4990 mutata
1725 4937 2025 4994 sententia

374 5031 607 5087 «factus
623 5033 712 5083 est
723 5029 914 5095 Pater;
935 5042 1136 5080 verum
1152 5029 1288 5080 ante
1304 5041 1541 5079 omnem
1556 5024 1949 5082 substantiam
1965 5032 2023 5083 et

374 5147 401 5175 ‹‹
418 5126 554 5178 ante
569 5134 810 5175 sensum
827 5119 1229 5186 omnem,ante
1245 5120 1511 5186 tempora
1523 5120 1581 5170 et
1594 5116 1807 5171 saecula
1821 5118 2022 5174 omnia

374 5236 401 5264 ‹‹
418 5216 726 5284 paternam
742 5206 1091 5279 dignitatem
1111 5203 1289 5259 habet
1308 5206 1479 5272 Deus,
1500 5222 1616 5276 qua
1632 5207 1818 5277 magis
1841 5223 2018 5277 quam

373 5326 402 5355 ‹‹
414 5299 663 5371 reliquis
677 5296 955 5353 omnibus
969 5294 1156 5349 titulis
1171 5293 1443 5366 gaudet.»
1460 5295 1622 5350 Sicut
1642 5300 1840 5351 autem
1858 5296 1929 5351 ab
1945 5314 2017 5351 ω-

375 5398 541 5449 terno
573 5392 767 5454 Pater,
800 5385 882 5441 ita
918 5390 976 5440 et
1005 5384 1076 5440 ab
1108 5389 1327 5439 mterno
1360 5384 1580 5455 Filius;
1611 5390 1677 5440 ut
1728 5385 1887 5441 enim
1936 5386 2020 5441 ait

371 5499 432 5539 n.
457 5483 511 5535 4:
535 5503 562 5530 «
582 5476 773 5534 Patris
785 5491 1006 5530 nomen
1021 5473 1326 5546 suaipsius
1342 5474 1741 5547 appellatione
1754 5475 1885 5530 Filii
1908 5492 2015 5531 no-

443 5668 468 5703 ⁵
491 5668 655 5725 Joan.
686 5683 726 5735 ι,
762 5668 811 5721 1.
887 5663 910 5700 ⁸
936 5660 1093 5719 Psal.
1125 5675 1185 5730 ιι,
1218 5661 1272 5715 ’7.

2137 4683 2361 4731 verum,
2395 4667 2548 4722 sicut
2581 4667 2750 4721 Pater
2779 4668 2931 4722 Deus
2963 4685 3134 4723 verus
3167 4674 3255 4723 est
3297 4676 3354 4724 et
3384 4672 3667 4728 Dominus
3694 4690 3787 4730 ve-

2136 4773 2257 4811 rus.
2292 4756 2411 4812 Cat.
2441 4759 2494 4823 4,
2528 4774 2585 4810 n.
2622 4760 2675 4825 '7,
2713 4776 2740 4808 ι
2769 4756 3106 4813 Crede...in
3138 4758 3351 4814 Filium
3376 4761 3479 4816 Dei
3511 4779 3697 4818 unum
3731 4770 3788 4819 et

2135 4867 2164 4895 ‹‹
2198 4845 2460 4901 solum...
2524 4847 2708 4899 Deum
2739 4845 2811 4901 de
2843 4847 2958 4901 Deo
3016 4847 3303 4917 genitum,
3362 4849 3539 4905 vitam
3573 4869 3643 4907 ex
3674 4854 3791 4909 vita

2138 4934 2659 5008 «genitum,lucem
2675 4934 2745 4990 de
2758 4934 2890 4991 luce
2906 4937 3190 5009 genitum
3203 4937 3462 4993 similem
3476 4957 3582 5012 per
3594 4944 3793 4999 omnia

2134 5026 2466 5098 «genitori:
2510 5031 2624 5081 cat.
2662 5029 2749 5094 12,
2795 5043 2857 5081 n.
2910 5028 2963 5092 4,
3014 5027 3196 5082 Filius
3230 5030 3417 5085 Patris
3447 5031 3519 5086 ab
3552 5034 3791 5089 exordio

2127 5138 2157 5167 ‹‹
2183 5120 2362 5171 natus
2387 5119 2542 5171 est...
2577 5115 2760 5170 Filius
2792 5116 2983 5170 Patris
3007 5116 3066 5169 in
3086 5118 3364 5173 omnibus
3393 5120 3606 5175 similis
3625 5125 3791 5193 geni-

2131 5206 2571 5273 «tori,aalernus
2587 5221 2654 5259 ex
2677 5209 2898 5259 aeterno
2931 5207 3245 5275 Patre,vita
3279 5225 3347 5263 ex
3372 5209 3487 5265 vita
3534 5214 3787 5283 genitus-

2126 5301 2222 5351 «et
2248 5297 2402 5351 Deus
2427 5311 2497 5349 ex
2516 5296 2658 5359 Deo;
2682 5311 2743 5348 n.
2778 5295 2863 5359 18,
2896 5296 2960 5349 In
2994 5296 3273 5352 omnibus
3302 5299 3555 5370 genitori
3576 5302 3791 5359 similis

2127 5407 2154 5435 α
2181 5389 2273 5439 est
2310 5384 2515 5446 Filius,
2547 5383 2665 5437 vita
2695 5398 2765 5437 ex
2793 5383 2909 5438 vita
2937 5386 3243 5456 genitus...
3277 5394 3334 5442 et
3364 5389 3518 5443 Deus
3549 5407 3618 5444 ex
3645 5392 3786 5463 Deo,

2128 5497 2157 5525 «
2187 5479 2247 5529 et
2269 5473 2437 5529 nulla
2455 5473 2516 5528 in
2541 5487 2603 5527 re
2626 5471 2970 5528 differentes
2992 5479 3132 5530 sunt
3154 5476 3558 5534 deitatisnotaa
3573 5484 3632 5535 et
3648 5482 3785 5537 cha-
