4134 6264
430 327 548 391 183

1710 320 1810 381 DE
1851 318 2041 382 VITA
2084 318 2149 381 S.
2196 320 2535 385 CYRILLI.

3726 322 3847 383 184

437 476 498 514 n.
534 461 585 512 7.
618 454 900 511 Eamdem
931 453 1394 509 immensitatem
1426 458 1486 508 et
1512 452 1828 509 latentium
1866 452 2088 525 cogita-
2115 451 2169 519 Α
2199 453 2257 509 in
2287 459 2598 514 sententiis
2632 464 2722 514 est
2749 459 2983 525 veritas,
3029 461 3097 511 ut
3152 457 3372 529 optime
3432 453 3851 511 animadvertit

439 548 671 601 tionum
704 543 1139 615 inspectionem
1169 541 1316 596 Filio
1348 541 1575 607 tribuit,
1607 546 1719 597 cat.
1753 543 1839 608 14,
1880 558 1940 596 n.
1980 544 2085 595 30:

443 636 585 702 «Qui
599 635 659 689 in
682 633 913 705 superis
927 631 1179 699 sedet,et
1195 630 1367 687 nobis
1381 632 1476 685 hic
1490 647 1609 686 una
1620 646 1885 702 prmsens
1898 630 2086 696 adest;

446 746 475 775 ‹‹
495 723 965 794 uniuscujusque
984 720 1476 792 compositionem
1498 725 1557 774 et
1577 719 1713 775 fidei
1736 719 2087 775 ﬁrmitatem

451 836 473 864 ι
493 821 802 871 contuens.
828 812 993 879 Quod
1020 812 1179 867 enim
1200 828 1375 866 carne
1399 828 1557 866 nunc
1577 811 1765 878 abest,
1780 810 2087 866 neidcirco

446 930 470 956 ιι
491 906 726 979 judices
748 903 954 959 abesse
969 902 1147 957 etiam
1169 903 1410 973 Spiritu;
1434 901 1668 957 medius
1690 902 1785 956 hic
1798 902 2090 967 adest,au-

449 1017 476 1049 ι
497 996 668 1052 diens
690 1010 822 1065 quea
842 993 913 1047 de
935 1009 998 1048 se
1020 991 1320 1059 dicuntur,
1346 997 1405 1046 et
1431 1008 1562 1062 qua:
1594 990 1750 1063 apud
1782 997 1839 1045 te
1870 991 2090 1062 cogitas

443 1108 471 1136 ‹‹
494 1084 722 1149 videns,
747 1087 1016 1137 scrutans
1030 1095 1204 1135 renes
1226 1080 1497 1135 etcorda.
1525 1101 1553 1129 »
1586 1080 2089 1151 Omnipotentiam

444 1176 572 1246 ejus
585 1175 645 1228 in
660 1172 905 1228 dubium
917 1187 1191 1226 revocare
1205 1187 1325 1226 non
1339 1170 1697 1242 poterat,qui
1711 1170 1824 1241 ipsi
1837 1170 2093 1225 conden-

443 1264 502 1318 di
516 1262 675 1318 orbis
690 1278 838 1332 opus
851 1260 1120 1315 attribuit
1134 1266 1251 1315 tam
1267 1259 1470 1314 multis
1485 1258 1719 1314 locis.ln
1730 1258 1935 1314 timam
1962 1260 2090 1331 ejus

443 1354 724 1407 virtutem
755 1352 818 1405 in
848 1350 1153 1405 miraculis
1181 1352 1270 1404 sui
1303 1351 1565 1405 nominis
1589 1351 1956 1406 invocatione
1972 1351 2094 1405 effi-

445 1442 698 1507 ciendis,
757 1441 1033 1513 fugandis
1085 1439 1478 1505 daemonibus,
1520 1438 1741 1493 morbis
1789 1438 2090 1509 curandis,

446 1533 720 1607 gentibus
753 1532 1124 1586 immanitate
1154 1529 1424 1585 barbaris
1454 1529 1810 1598 cicuraudis,
1842 1535 1901 1585 et
1920 1530 1992 1586 ad
2023 1531 2095 1585 fi-

451 1624 588 1678 dem
620 1620 1035 1678 canvertendis
1066 1621 1269 1675 multis
1286 1619 1434 1675 locis
1455 1621 1854 1689 commendat,
1887 1626 1953 1675 ut
1981 1626 2092 1676 cat.

444 1714 500 1779 4,
534 1730 594 1767 n.
648 1712 748 1777 t3;
782 1715 896 1766 cat.
958 1711 1043 1778 10,
1079 1726 1245 1765 num.
1281 1712 1381 1777 19;
1415 1714 1527 1763 cat.
1568 1711 1655 1775 13,
1709 1726 1769 1765 n.
1830 1713 1860 1764 3
1917 1715 1975 1765 et
2003 1714 2095 1767 40.

2190 547 2457 604 Nazianz.
2501 549 2675 620 epist.
2708 552 2797 602 26.
2849 547 3149 618 Quidquid
3212 563 3389 617 porro
3448 543 3842 600 consubstan-

2197 634 2354 689 tialis
2383 652 2520 690 voce
2543 638 2902 703 continetur,
2923 636 3139 691 diserte
3171 635 3407 707 agnovit
3426 639 3483 688 et
3505 632 3848 704 praedicavit

2196 725 2469 796 Cyrillus.
2497 728 2644 782 Dum
2676 726 3245 783 consubstantialem
3277 725 3434 779 Patri
3466 725 3679 779 Filium
3706 724 3852 779 dici-

2196 831 2349 885 mus,
2382 816 2771 889 intelligimus
2802 816 3015 871 Filium
3047 815 3315 887 ejusdem
3343 819 3570 869 natura:
3600 819 3660 868 et
3697 813 3850 867 divi-

2194 905 2397 961 nitatis
2429 923 2557 962 esse
2588 924 2723 963 cum
2753 909 2946 974 Patre,
2973 923 3227 977 eumque
3251 922 3371 960 non
3395 922 3464 959 ex
3494 904 3681 958 nihilo
3714 920 3852 958 con-

2195 996 2406 1063 ditum,
2437 998 2591 1052 sicut
2646 1001 2967 1062 creaturas,
3023 996 3127 1051 sed
3159 1012 3228 1050 ex
3284 994 3617 1049 substantia
3656 993 3851 1048 Patris

2195 1090 2563 1158 generatum.
2599 1086 2708 1141 Sed
2739 1102 2875 1141 cum
2906 1085 3160 1157 Cyrillus
3190 1084 3405 1139 Filium
3435 1082 3851 1149 asserit,utvi-

2198 1176 2394 1231 dimus
2416 1193 2539 1247 crp,
2560 1180 2612 1243 '2,
2644 1193 2703 1231 n.
2748 1178 2832 1242 14,
2856 1176 2907 1229 vi
2943 1191 3062 1230 suae
3094 1173 3497 1247 generationis
3541 1197 3561 1222 ι
3591 1172 3855 1228 similem

2197 1288 2225 1316 «
2252 1266 2313 1319 in
2329 1264 2609 1320 omnibus
2625 1264 2804 1334 Patri,
2828 1265 3013 1318 Deum
3030 1280 3233 1319 verum
3249 1279 3319 1317 ex
3331 1264 3447 1317 Deo
3460 1261 3855 1329 vero,ndiver-

2199 1370 2404 1410 samne
2436 1355 2497 1407 in
2527 1359 2779 1425 utroque
2814 1358 3087 1409 naturam
3119 1369 3187 1407 ac
3217 1351 3589 1407 divinitatem
3620 1349 3712 1404 vel
3753 1366 3853 1404 co-

2197 1444 2383 1514 gitare
2414 1442 2656 1513 potuit?
2685 1458 2761 1497 an
2794 1441 3014 1513 duplex
3048 1447 3137 1496 est
3162 1440 3508 1505 divinitatis,
3533 1438 3853 1509 etquidem

2197 1549 2337 1589 verae
2357 1549 2426 1587 ac
2446 1532 2685 1604 proprie
2706 1531 2876 1586 dicta)
2899 1531 3170 1603 species?
3202 1530 3526 1601 Praecipua,
3551 1528 3857 1599 quaeinter

2199 1626 2584 1696 generantem
2603 1626 2663 1676 et
2681 1621 2946 1694 genitum
2968 1621 3219 1687 exsistit,
3252 1617 3603 1686 similitudo,
3623 1623 3852 1672 natura:

2201 1717 2321 1779 est;
2353 1727 2485 1782 quae
2512 1709 2761 1764 sublatis
2777 1710 2955 1764 etiam
2972 1709 3106 1764 aliis
3138 1708 3413 1763 omnibus
3436 1706 3854 1762 similitudini-

446 1803 641 1858 Unum
673 1804 876 1868 restat,
902 1804 969 1853 ut
996 1799 1045 1854 si
1094 1798 1276 1853 Filius
1302 1815 1569 1870 mqueac
1601 1803 1768 1854 Pater
1797 1800 2095 1856 increatus
2124 1824 2172 1889 B
2200 1803 2312 1858 bus
2339 1801 2465 1857 sola
2494 1800 2829 1857 necessario
2869 1800 2921 1854 vi
2953 1800 3357 1872 generationis
3412 1802 3703 1853 remanet.
3736 1798 3855 1852 Nec

447 1896 557 1959 est,
590 1891 744 1944 Deus
775 1894 833 1943 et
887 1888 1172 1943 Dominus
1200 1904 1394 1953 verus,
1454 1904 1574 1944 una
1604 1894 1661 1943 et
1690 1888 1897 1943 eadem
1945 1889 2093 1943 divi-

445 1981 629 2035 nitate
662 1978 773 2050 ipsi
796 1978 1172 2049 conjunctus,
1196 1994 1314 2032 uno
1347 1993 1582 2048 quoque
1606 1983 1664 2033 et
1692 1979 1907 2049 aequali
1932 1978 2095 2033 cultu

446 2085 581 2124 cum
612 2068 742 2139 ipso
771 2067 1069 2122 adoretur.
1120 2068 1201 2121 Ea
1247 2083 1483 2137 quoque
1533 2067 1737 2138 Cyrilli
1778 2069 2094 2126 sententia.

445 2160 569 2213 Cat.
596 2160 683 2226 11,
709 2174 768 2212 n.
794 2160 858 2210 17
879 2172 894 2211 :
915 2178 944 2206 κ
982 2157 1140 2211 Unus
1165 2157 1339 2211 Pater
1366 2172 1473 2227 per
1502 2172 1687 2211 unum
1716 2157 1927 2212 Filium
1957 2158 2099 2213 ado-

448 2269 477 2298 ‹‹
501 2252 683 2315 retur,
705 2263 900 2318 neque
923 2246 1219 2301 dividatur
1248 2246 1535 2303 adoratio.
1555 2247 1679 2303 Cat.
1709 2248 1797 2312 10,
1830 2265 1890 2302 n.
1913 2252 2012 2303 t2:
2043 2250 2099 2304 Si

449 2360 478 2388 «ι
502 2337 637 2407 quis
658 2336 793 2407 pius
812 2336 873 2390 in
894 2337 1081 2391 Deum
1099 2351 1229 2390 esse
1246 2334 1628 2403 velit,Filium
1644 2334 2102 2409 adoret;alioqui

456 2449 478 2476 ι
504 2425 731 2480 cultum
761 2425 891 2496 ejus
911 2440 1035 2479 non
1061 2429 1152 2479 est
1170 2422 1560 2480 admissurus.
1590 2444 1616 2476 ι
1638 2424 1771 2481 Alia
1794 2426 2103 2482 citavimus

453 2515 586 2570 loca
616 2530 743 2585 cap.
781 2517 831 2581 1,
866 2530 926 2567 n.
961 2516 1015 2568 6.
1050 2514 1184 2568 Haec
1232 2515 1433 2569 omnia
1481 2531 1612 2585 qua)
1663 2516 1936 2587 superius
1966 2533 2107 2587 pro-

454 2604 596 2659 duxi
627 2600 992 2668 testimonia,
1023 2604 1255 2657 etiamsi
1287 2619 1322 2658 a
1349 2604 1569 2675 Cyrillo
1601 2621 1721 2659 non
1754 2605 1836 2660 ita
1883 2606 2103 2661 diluci-

455 2693 530 2748 de
560 2696 619 2747 et
646 2692 907 2762 copiose,
940 2696 1007 2745 ut
1043 2691 1206 2761 facit,
1254 2692 1713 2763 explicarentur,
1760 2695 2017 2750 naturali
2050 2701 2108 2750 et

456 2780 627 2835 obvio
659 2795 841 2835 sensu
867 2785 1068 2834 essent
1097 2780 1405 2836 sumenda.
1442 2783 1573 2837 Haec
1605 2783 1767 2837 enim
1798 2800 1918 2838 non
1966 2784 2108 2839 sub-

458 2869 643 2924 tiliter
671 2885 807 2924 cum
833 2869 1041 2941 peritis
1072 2868 1392 2940 disputata,
1425 2870 1529 2925 sed
1558 2888 1593 2926 a
1622 2872 1801 2927 rudes
1832 2873 2106 2928 Ecclesia)

457 2958 806 3015 candidatos
836 2957 1187 3028 simpliciter
1219 2959 1504 3029 exposita,
1529 2960 1629 3031 qui
1658 2962 1892 3034 singula
1908 2963 2106 3029 verba,

454 3054 633 3122 prout
654 3054 889 3119 sonant,
919 3049 1261 3121 usurpaturi
1283 3055 1471 3104 erant.
1508 3052 1622 3106 Nec
1653 3052 1812 3106 enim
1843 3052 1991 3108 duas
2013 3054 2112 3109 ha-

456 3156 593 3194 rum
625 3155 859 3206 vocum,
891 3139 1049 3206 Deus,
1076 3145 1387 3209 generatus,
1412 3140 1607 3207 Filius,
1634 3142 1911 3212 adoratio,
1944 3143 2106 3199 ideas

461 3245 531 3284 ac
562 3228 858 3294 notiones,
890 3228 995 3282 sed
1024 3243 1206 3282 unam
1239 3229 1574 3283 communis
1619 3245 1686 3284 ac
1736 3230 1982 3303 vulgatae
2027 3233 2105 3286 si-

461 3316 857 3391 gniﬁcationis
885 3317 1204 3373 habebant.
1239 3319 1423 3372 Deum
1441 3334 1575 3373 cum
1606 3318 1947 3387 audiebant,
1980 3322 2109 3376 uni-

467 3423 604 3465 cum
652 3412 711 3461 et
756 3423 1056 3462 summum
1100 3424 1320 3463 numen
1371 3407 1802 3480 intelligebant.
1852 3411 2110 3467 Genera—

466 3507 594 3556 tum
624 3498 1061 3571 concipiebant,
1094 3499 1195 3569 qui
1227 3515 1297 3553 ex
1344 3500 1535 3555 Patris
1575 3500 1909 3557 substantia
1936 3519 2109 3557 cons-

465 3594 651 3656 taret;
683 3588 936 3662 [CXLIX]
996 3587 1227 3655 Filium,
1275 3588 1375 3658 qui
1432 3593 1649 3644 natura
1702 3589 1952 3646 referret
2000 3594 2107 3647 Pa-

465 3684 655 3744 trem;
689 3677 790 3749 qui
842 3675 1181 3732 adorandus
1240 3676 1700 3748 proponebatur,
1761 3680 1919 3736 hunc
1952 3697 2111 3736 sum-

467 3783 586 3837 mo,
622 3767 724 3838 qui
753 3766 931 3822 unico
962 3782 1029 3821 ac
1056 3782 1192 3821 vero
1224 3766 1343 3820 Deo
1375 3766 1642 3835 debetur;
1677 3770 2116 3840 prosequeban-

462 3863 559 3911 tur
589 3856 772 3912 cultu.
834 3856 995 3910 Hanc
1043 3854 1383 3910 auditorum
1435 3856 1853 3928 cogitationem
1910 3865 2113 3914 notam

462 3944 723 4002 habebat
748 3944 1024 4017 Cyrillus,
1048 3948 1226 4015 atque
1257 3943 1329 3999 ad
1360 3960 1492 4000 eam
1515 3947 1760 4001 omnino
1779 3963 2114 4003 sermonem

470 4042 638 4089 tuum
671 4032 1153 4091 accommodasse
1186 4038 1245 4089 et
1273 4034 1538 4107 exegisse
1569 4034 1827 4090 dubitari
1857 4052 1979 4091 non
2012 4054 2119 4106 po-

468 4130 603 4181 test.

1107 4213 1338 4275 CAPUT
1377 4214 1474 4269 Ill.

569 4300 978 4372 Expenduntur
1007 4316 1071 4355 ea
1099 4316 1222 4370 qua:
1253 4316 1322 4354 ex
1353 4300 1559 4369 Cyrillo
1588 4302 1848 4358 adversus
1876 4302 2012 4358 Filii

868 4387 1229 4444 divinitatem
1260 4387 1437 4456 οὺ]ἱοί
1462 4396 1708 4458 possunt.

534 4482 623 4538 16.
658 4478 766 4544 Qui
797 4477 953 4550 apud
981 4476 1402 4547 TheOphanem
1432 4477 1633 4548 Cyrilli
1694 4478 1875 4534 ﬁdem
1907 4496 2121 4552 suspe-

2202 1890 2440 1963 proprie
2488 1888 2817 1945 similitudo
2862 1894 2972 1958 est,
3034 1888 3139 1943 sed
3193 1885 3482 1956 ταυτότης,
3549 1886 3854 1945 identitas.

2203 1986 2270 2035 ut
2298 1981 2381 2035 ita
2409 1979 2623 2046 dicam,
2656 1983 2904 2033 naturae.
2938 1978 3105 2043 Quod
3164 1978 3212 2032 si
3246 1978 3427 2032 Filius
3456 1992 3590 2032 vere
3621 1976 3857 2048 genitus

2207 2074 2315 2135 est,
2347 2086 2418 2123 ex
2449 2068 2780 2123 substantia
2808 2067 3014 2138 utique
3046 2067 3235 2122 Patris
3265 2065 3500 2137 genitus
3531 2070 3652 2119 est:
3678 2064 3860 2119 aliam

2209 2155 2369 2211 enim
2400 2171 2511 2209 nec
2567 2154 2822 2226 Cyrillus
2854 2152 3083 2220 habuit,
3116 2169 3224 2207 nec
3255 2151 3459 2207 haberi
3509 2150 3728 2205 veritas
3759 2166 3861 2221 pa-

2210 2246 2355 2299 titur
2370 2260 2552 2298 verrm
2586 2260 2652 2298 ac
2669 2243 2905 2314 proprie
2923 2243 3094 2297 dicta;
3116 2241 3518 2315 generationis
3544 2240 3818 2295 notitiam
3845 2257 3861 2305 ;

2213 2336 2273 2389 in
2306 2350 2425 2405 qua
2454 2332 2602 2399 sola,
2633 2350 2770 2388 cum
2787 2333 2858 2387 de
2887 2334 3003 2387 Deo
3023 2332 3236 2404 agitur,
3267 2328 3862 2395 removendiomnes,

2212 2430 2280 2478 ut
2306 2422 2562 2495 Cyrillus
2591 2422 2854 2477 studiose
2904 2420 3063 2489 facit,
3124 2421 3401 2475 humana;
3459 2418 3864 2489 generationis

2216 2513 2499 2569 defectus.
2533 2511 2698 2577 Quod
2752 2510 2931 2582 igitur
2958 2509 3245 2565 Catholici
3289 2525 3497 2563 omnes
3528 2507 3703 2563 verbo
3733 2524 3865 2561 con-

2212 2605 2591 2662 substantialis
2645 2602 3079 2674 intelligebant,
3146 2601 3207 2656 id
3263 2617 3402 2655 voce
3462 2598 3867 2671 praetermissa

2215 2694 2556 2766 praedicavit
2583 2694 2854 2764 Cyrillus.
2890 2690 3056 2757 Quod
3081 2692 3129 2746 si
3162 2692 3216 2745 S.
3252 2691 3468 2746 Basilio
3490 2689 3660 2744 licuit
3690 2688 3867 2743 certis

2215 2785 2289 2840 de
2319 2784 2535 2851 causis,
2569 2799 2705 2837 cum
2759 2782 3012 2853 Spiritus
3044 2780 3234 2838 sancti
3293 2779 3663 2835 divinitatem
3703 2794 3868 2832 asse-

2217 2873 2353 2940 ruit,
2390 2872 2490 2927 Dei
2521 2888 2740 2927 nomen
2771 2871 3042 2937 reticere,
3076 2870 3415 2941 remipsam
3445 2868 3580 2924 aliis
3612 2873 3671 2922 et
3690 2867 3872 2937 aequi-

2219 2962 2549 3018 valentibus
2580 2961 2773 3016 verbis
2805 2959 3213 3032 exprimendo,
3248 2974 3610 3030 quanquam,
3640 2973 3745 3011 vox
3766 2956 3874 3011 illa

2218 3054 2279 3108 in
2338 3051 2654 3123 Scripturis
2714 3050 2896 3106 sacris
2966 3049 3206 3121 Spiritui
3274 3054 3475 3104 sancto
3536 3046 3869 3113 tribuatur;

2219 3142 2607 3215 quamobrem
2629 3141 2847 3213 Cyrillo
2867 3140 3059 3197 fraudi
3079 3141 3210 3208 erit,
3233 3156 3440 3195 vocem
3462 3139 3695 3194 tametsi
3713 3156 3875 3194 oscu-

2218 3234 2451 3292 menico
2482 3230 2734 3288 concilio
2766 3228 3514 3301 consecratam,Scripturm
3547 3234 3745 3283 tamen
3786 3228 3872 3283 in-

2219 3324 2535 3397 cognitam,
2568 3338 2689 3376 non
2734 3322 2862 3375 sine
2920 3319 3215 3391 probabili
3247 3336 3427 3374 causa
3483 3318 3780 3374 tacuisse?
3811 3319 3869 3373 Si

2222 3412 2541 3470 Athanasio
2564 3410 2766 3482 judice
2799 3410 2861 3464 in
2891 3411 3064 3480 epist.
3088 3409 3163 3464 ad
3192 3408 3577 3464 Ruﬁnianum
3598 3408 3871 3480 ejusdem

2219 3503 2375 3559 vocis
2403 3501 2648 3557 sublatae
2680 3504 3143 3555 consentaneam
3181 3498 3625 3553 excusationem
3655 3497 3873 3552 attule-

2220 3599 2361 3651 runt
2389 3593 2818 3656 Ariminenses,
2841 3606 2948 3645 cur
2977 3588 3246 3660 ejusdem
3273 3587 3649 3643 solummodo
3670 3593 3870 3642 tacen-

2221 3684 2311 3739 dm
2338 3681 2634 3752 legitimas
2682 3677 2899 3750 Cyrillo
2952 3677 3215 3732 rationes
3273 3676 3534 3731 defuisse
3565 3675 3880 3731 dicemus?

2224 3770 2491 3827 Secundo
2554 3770 2774 3838 itaque,
2838 3766 3061 3822 silentii
3125 3766 3305 3838 hujus
3364 3765 3758 3837 multiplicem
3816 3765 3879 3819 in

2225 3859 2353 3933 [CL]
2385 3857 2602 3929 Cyrillo
2634 3872 2874 3911 causam
2903 3854 3207 3927 assignare
3236 3869 3569 3925 possumus.
3599 3852 3883 3909 Cateche-

2226 3949 2340 4003 sim
2364 3953 2421 4001 et
2443 3945 2882 4000 institutionem
2900 3943 3141 3998 rudium
3169 3942 3508 3998 existimare
3530 3942 3885 4013 potuit,ver-

2226 4037 2318 4092 bis
2349 4051 2418 4091 ex
2448 4051 2560 4090 usu
2583 4033 2888 4089 communi
2922 4032 3499 4105 sumptis,siquidem
3521 4031 3628 4087 illa
3643 4031 3886 4087 sufﬁce-

2227 4132 2379 4194 rent,
2409 4123 2882 4193 informandam;
2917 4140 3027 4179 nec
3057 4121 3472 4178 admiscendas
3504 4138 3679 4177 voces
3719 4122 3880 4177 auri-

2226 4216 2335 4271 bus
2357 4215 2621 4287 ipsorum
2644 4214 2931 4282 insuetas,
2955 4230 3086 4285 quae
3105 4213 3437 4285 praesertim
3458 4229 3620 4268 novae
3653 4217 3880 4280 essent,

2229 4304 2486 4360 necdum
2518 4321 2627 4360 usu
2659 4304 2913 4359 solemni
2947 4308 3006 4357 et
3034 4303 3171 4357 trito
3213 4302 3626 4358 auctoritatem
3675 4302 3879 4373 acqui-

2228 4394 2520 4450 sivissent.
2552 4395 2630 4448 Eo
2649 4393 2849 4449 animo
2881 4392 3074 4463 ipsum
3098 4391 3371 4446 existimo
3404 4407 3526 4445 non
3557 4389 3628 4446 ab
3654 4391 3766 4445 hoc
3783 4408 3879 4446 so-

2226 4482 2373 4552 lum,
2400 4482 2503 4538 sed
2532 4482 2665 4538 aliis
2697 4483 2897 4549 etiam,
2956 4485 3205 4547 naturae,
3267 4479 3633 4547 substantim,
3667 4476 3877 4546 οὐσίας,

464 4575 622 4624 ctam
657 4567 978 4635 habebant,
1011 4566 1139 4620 haec
1171 4566 1287 4641 duo
1322 4569 1550 4621 tantum
1583 4568 1794 4622 afferre
1826 4568 2120 4625 solebant:
2152 4554 2199 4619 D
2233 4589 2528 4644 personaa,
2554 4572 3114 4644 hypostaseos,etc.,
3138 4570 3512 4625 vocabulisin
3534 4569 3885 4641 explicando

462 4657 620 4729 quod
651 4656 1066 4712 Constantium
1097 4654 1382 4709 Arianum
1415 4655 1835 4727 imperatorem
1857 4658 2118 4714 immeri-

460 4748 535 4803 tis
566 4745 843 4801 laudibus
873 4744 948 4801 ad
980 4761 1116 4800 eum
1150 4743 1417 4800 scribens
1448 4745 1790 4801 extulisset:
1839 4748 2116 4821 quodque

460 4839 522 4893 in
567 4834 977 4893 catechesibus
1015 4835 1496 4889 consubstantialis
1545 4851 1745 4890 vocem
1796 4837 2115 4894 subticuis-

462 4932 567 4981 set.
591 4924 851 4980 Primam
874 4923 1314 4994 querimoniam
1334 4923 1652 4996 diligenter
1673 4927 2041 4983 excussimus
2059 4934 2118 4983 et

458 5012 810 5082 refellimus,
845 5012 905 5067 in
960 5013 1176 5083 praivia
1215 5012 1289 5068 ad
1349 5013 1663 5084 epistolam
1703 5014 2113 5073 Constantium

456 5101 891 5172 admonitione,
922 5118 1090 5157 num.
1126 5104 1157 5155 8
1192 5119 1205 5157 :
1241 5101 1311 5157 de
1345 5103 1607 5159 secunda
1636 5104 1814 5177 igitur
1845 5113 2116 5179 superest

454 5196 521 5246 ut
550 5189 646 5245 hic
676 5189 962 5246 dicamus.
988 5194 1068 5246 Ac
1092 5190 1280 5262 primo
1302 5190 1481 5247 liceat
1497 5192 1592 5248 hic
1617 5192 1688 5248 de
1712 5195 2114 5265 praetermissa

455 5280 809 5352 simpliciter
838 5297 873 5336 a
902 5282 1120 5354 Cyrillo
1154 5298 1291 5336 voce
1326 5281 1544 5350 dicere,
1596 5284 1753 5355 quod
1797 5285 1869 5340 de
1901 5286 2111 5341 eadem

455 5369 527 5426 ab
555 5370 1033 5426 Ariminensibus
1068 5387 1185 5425 non
1219 5371 1554 5427 excusando
1578 5372 1750 5444 lapsu
1780 5376 2113 5447 proscripta

459 5467 519 5517 et
561 5461 795 5516 sublata
822 5462 904 5517 ait
934 5462 1327 5534 Hieronymus
1362 5484 1390 5512 ι(
1425 5463 1647 5536 Dialog.
1679 5463 1807 5519 adv.
1859 5465 2107 5521 Lucifer.

461 5572 487 5601 ‹‹
510 5567 569 5605 n.
596 5553 702 5606 34:
730 5553 855 5607 Non
888 5557 1014 5606 erat
1041 5568 1183 5606 cura
1215 5551 1509 5624 episcopis
1540 5553 1612 5607 de
1646 5554 1951 5625 vocabulo,
1974 5572 2109 5611 cum

463 5660 493 5687 «
511 5656 606 5696 res
628 5644 786 5696 esset
806 5640 867 5694 in
892 5644 1074 5707 tuto;»
1090 5656 1209 5695 non
1230 5642 1387 5695 enim
1410 5641 1471 5695 in
1492 5641 1806 5698 verborum
1829 5645 2109 5715 sono,sed

2226 4662 2510 4717 Trinitate
2542 4660 2919 4715 abstinuisse.
2972 4661 3266 4713 Praeterea
3296 4674 3418 4713 non
3475 4659 3618 4713 satis
3650 4660 3768 4713 ﬁxa
3821 4663 3881 4713 et

2224 4758 2384 4808 certa
2401 4754 2512 4808 hoc
2536 4758 2799 4824 tempore
2822 4752 3002 4807 videri
3028 4756 3260 4823 poterat
3279 4752 3764 4807 consubstantialis
3776 4769 3843 4806 vo
3862 4783 3879 4794 -

2224 4842 2418 4897 cabuli
2451 4842 2845 4913 significatio;
2881 4841 2997 4896 alia
3054 4841 3212 4896 enim
3248 4841 3375 4912 ejus
3425 4841 3581 4912 apud
3613 4842 3878 4897 Athana-

2225 4932 2379 4987 sium
2412 4937 2470 4985 et
2494 4931 2830 4987 Catholicos
2870 4931 3181 5002 explicatio
3240 4937 3404 4998 erat;
3463 4931 3581 4987 alia
3636 4931 3873 4987 Eusebii

2223 5020 2606 5075 Caasariensis
2664 5021 2726 5074 in
2759 5019 3011 5091 epistola
3069 5020 3143 5075 ad
3175 5037 3312 5075 suos
3360 5036 3526 5076 num.
3554 5023 3585 5073 5
3612 5041 3626 5087 ;
3659 5020 3778 5076 alia
3810 5020 3871 5074 in

2221 5109 2482 5165 Marcelli
2537 5109 2599 5164 in
2627 5108 3054 5179 discipulorum
3088 5126 3212 5175 ore,
3246 5108 3541 5180 siquidem
3574 5109 3646 5164 de
3677 5110 3873 5164 Trini-

2219 5205 2338 5255 tate
2363 5216 2537 5271 prave
2561 5200 2853 5254 sentirent
2878 5199 3062 5269 ;quod
3093 5199 3309 5269 Cyrillo
3323 5199 3570 5255 dubium
3586 5217 3704 5255 non
3724 5206 3871 5256 erat.

2220 5290 2335 5344 Cur
2364 5305 2500 5361 ergo
2549 5289 2790 5343 incerta)
2836 5287 3286 5358 signiﬁcationis
3318 5289 3600 5345 vocabulo
3634 5290 3875 5345 rudium

2219 5395 2392 5434 aures
2410 5378 2821 5433 conturbasset
2838 5377 2865 5432 ‘?
2895 5376 3156 5445 Accedit,
3174 5378 3333 5448 quod
3357 5396 3425 5434 eo
3451 5385 3715 5451 tempore
3728 5396 3873 5435 con-

2220 5468 2482 5523 tentiosa
2511 5485 2613 5522 vox
2648 5472 2794 5534 erat,
2827 5466 3057 5539 magnis
3078 5467 3138 5521 in
3162 5468 3425 5523 Ecclesia
3452 5467 3874 5539 disputationi-

2223 5556 2333 5611 bus
2366 5557 2616 5628 agitata:
2652 5561 2754 5611 aut
2784 5572 2943 5628 ergo,
2978 5555 3135 5627 quod
3161 5556 3351 5611 visum
3382 5558 3746 5629 Theophani,
3781 5559 3869 5613 of-

2217 5646 2550 5701 fensionem
2602 5645 2997 5717 plurimorum
3050 5645 3189 5701 huic
3227 5646 3351 5701 voci
3382 5645 3754 5704 infensorum
3784 5648 3870 5702 vi-
