4134 6264
306 388 427 449 19³1

1703 378 2229 448 DISSERTATIO
2273 378 2378 448 ill.

3617 398 3733 464 198

305 522 611 579 cessiones
632 538 773 578 cum
790 538 860 578 eo
892 524 1185 592 admittat,
1205 539 1326 580 non
1358 523 1431 580 ad
1458 538 1594 579 eum
1626 518 1860 593 dirigat.
1897 520 1971 573 At
1999 517 2053 583 Α
2086 514 2239 585 lunt,
2274 525 2409 589 etc.,
2444 520 2505 577 in
2535 523 2777 590 nostris,
2810 530 2985 596 prout
3012 529 3242 585 occasio
3276 545 3337 585 se
3368 530 3550 598 dedit,
3575 538 3736 593 notis

310 615 374 668 in
407 613 599 685 primo
631 612 762 668 loco
796 614 1050 686 Cyrillus
1080 614 1246 669 Pauli
1270 611 1971 681 verba,intercessionem

308 703 462 759 hanc
492 703 752 774 Spiritus
810 703 1166 759 afﬁrmantis
1222 704 1575 776 simpliciter
1626 700 1829 765 refert,
1864 715 1974 754 nec

310 793 496 849 alium
530 795 617 850 eis
642 810 891 850 sensum
910 795 1235 867 subjecisse
1259 794 1595 851 censendus
1626 798 1734 861 est,
1760 795 1975 863 praeter

308 884 482 939 illum
511 883 892 939 verissimum
925 900 1087 952 sane,
1122 885 1460 956 quicunque
1492 885 1594 939 ille
1631 884 1726 950 sit,
1760 881 1863 953 qui
1909 879 1971 934 in

311 973 582 1046 Apostoli
612 974 960 1030 testimonio
992 975 1367 1031 continetur:
1401 973 1561 1046 quod
1594 973 1974 1042 nimirum,ut

310 1065 517 1119 Patres
548 1064 1043 1136 interpretantur,
1093 1065 1360 1121 formans
1407 1064 1467 1119 in
1500 1062 1843 1119 hominibus
1874 1080 1972 1136 ge-

310 1153 499 1209 mitus
529 1159 589 1209 et
619 1154 945 1221 orationes,
979 1155 1105 1226 ipse
1136 1168 1369 1227 gemere
1403 1158 1463 1209 et
1490 1153 1791 1225 postulare
1833 1169 1971 1207 cen-

310 1248 533 1298 seatur.
568 1243 706 1308 Qum
766 1243 1179 1315 interpretatio
1238 1244 1409 1299 alteri
1450 1243 1579 1299 loco
1607 1258 1677 1298 ex
1732 1247 1845 1298 cat.
1882 1245 1969 1307 17,

309 1333 486 1404 cujus
517 1349 730 1388 sensus
761 1338 853 1388 est
882 1334 1139 1389 maxime
1169 1335 1431 1389 incertus
1463 1338 1522 1387 et
1550 1331 1858 1401 obscurus,
1878 1348 1973 1386 ac-

308 1421 678 1478 commodari
703 1426 933 1495 potest;
954 1423 1249 1494 siquidem
1270 1423 1350 1478 ibi
1382 1423 1454 1477 de
1476 1421 1844 1493 Spiritu,non
1863 1437 1969 1476 au-

304 1517 429 1566 tem
461 1512 534 1567 de
567 1512 784 1567 Christi
817 1512 1185 1568 humanitate
1235 1514 1313 1568 sit
1339 1526 1557 1567 sermo.
1607 1511 1716 1566 Sed
1747 1515 1872 1565 esto
1904 1514 1967 1564 ut

312 1602 572 1672 Spiritus
603 1607 870 1669 sanctus,
922 1617 990 1656 ex
1040 1601 1242 1673 Cyrilli
1276 1601 1564 1671 doctrina,
1615 1616 1722 1672 per
1749 1615 1812 1654 se
1840 1600 1965 1670 ipse

306 1690 645 1746 intercedat
674 1691 832 1763 apud
855 1691 1036 1746 Deum
1057 1710 1073 1760 ;
1097 1690 1446 1762 quidinde?
1478 1692 1603 1745 Non
1634 1689 1964 1762 magishaac

304 1779 617 1848 derogaret
653 1780 907 1853 Spiritus
933 1781 1228 1854 majestati
1255 1780 1810 1851 intercessio,quam
1833 1776 1963 1833 Filii

300 1869 661 1943 dignitatem
692 1871 912 1925 minuit
942 1870 1209 1942 ejusdem
1254 1871 1569 1937 sententia,
1620 1884 1740 1940 qua
1790 1873 1959 1923 reter~
1994 1884 2041 1957 Β

298 1976 448 2015 num
469 1960 705 2015 Christo
738 1966 1025 2031 tanquam
1049 1960 1236 2015 Verbo
1264 1960 1519 2032 imputat
1537 1958 1959 2015 sacerdotium.

300 2053 458 2107 Satis
490 2068 731 2124 nempe,
783 2052 944 2108 salva
993 2055 1223 2108 naturas
1266 2052 1513 2119 unitate,
1566 2050 1626 2107 in
1659 2051 1962 2124 personali

301 2140 694 2197 distinctione
748 2141 822 2197 ad
853 2141 1305 2215 distinguendas
1365 2158 1600 2214 quoque
1630 2143 1965 2198 voluntates

299 2248 497 2288 causae
531 2248 599 2287 ac
629 2232 742 2287 loci
775 2232 1130 2287 existimavit
1161 2248 1312 2288 esse.
1346 2232 1635 2288 Craterum
1680 2233 1963 2303 Spiritum

296 2326 575 2377 sanctum
608 2337 730 2377 non
771 2338 943 2377 secus
1000 2337 1067 2376 ac
1124 2322 1360 2377 Patrem
1394 2320 1687 2376 orandum
1747 2337 1876 2377 esse
1905 2328 1964 2378 et

295 2411 605 2467 orationes
637 2410 924 2483 recipere,
957 2411 1273 2467 manifesta
1315 2410 1518 2484 Cyrilli
1577 2411 1847 2467 doctrina
1875 2416 1964 2466 est

300 2501 406 2573 qui
442 2506 565 2557 tam
597 2518 754 2574 smpe
787 2501 861 2557 de
880 2501 1130 2556 solemni
1151 2500 1426 2557 Ecclesia)
1446 2501 1506 2556 in
1538 2500 1661 2556 suis
1683 2501 1960 2574 precibus

299 2590 555 2662 Spiritus
613 2591 986 2647 invocatione
1036 2590 1320 2662 loquitur.
1367 2590 1463 2645 Ait
1521 2594 1635 2645 cat.
1698 2592 1751 2659 3,
1810 2592 1964 2659 n.3,

310 2696 527 2752 aquam
579 2680 914 2754 simplicem
947 2697 1053 2753 per
1079 2680 1335 2753 Spiritus
1388 2679 1598 2744 sancti,
1629 2677 1868 2745 Christi,
1903 2683 1963 2734 et

300 2771 495 2826 Patris
543 2770 1004 2838 invocationem,
1062 2771 1177 2825 vim
1238 2769 1572 2826 sanctitatis
1629 2769 1955 2840 acquirere.

294 2860 419 2916 Cat.
456 2860 544 2927 19,
585 2878 647 2926 n,
680 2864 734 2928 7,
762 2877 981 2932 panem
1012 2865 1069 2915 et
1115 2860 1321 2915 vinum
1362 2858 1822 2915 eucharisticum
1854 2875 1960 2931 per

295 2949 607 3005 Trinitatis
638 2950 1097 3016 invocationem,
1125 2949 1339 3005 Christi
1371 2964 1587 3022 corpus
1618 2952 1677 3004 et
1720 2948 1956 3021 sangui-

292 3054 433 3093 nem
468 3039 635 3107 fieri;
667 3037 828 3110 quod
862 3038 1103 3110 quidem
1138 3037 1323 3093 solius
1353 3038 1605 3111 Spiritus
1637 3037 1960 3092 invocatio-

294 3128 390 3183 nis
426 3129 793 3185 mentionem
824 3127 1069 3197 faciens,
1103 3126 1320 3200 repetit
1349 3132 1463 3195 cat,
1498 3131 1586 3197 21,
1644 3144 1703 3182 n.
1740 3128 1790 3181 3.
1825 3128 1955 3199 Ipse

2084 609 2447 679 aperuimus.
2481 613 2696 680 Unum,
2732 615 3015 684 quoniam
3046 618 3425 689 prolixiorem
3460 622 3730 697 disputa-

2085 697 2307 754 tionem
2339 701 2701 773 requirebat,
2724 704 2783 758 in
2804 704 2910 759 has
2928 704 3375 765 dissertationes
3394 712 3733 786 rejecimus;

2083 788 2367 844 nimirum
2401 790 2459 844 id
2491 791 2649 861 quod
2679 794 2763 847 ait
2800 800 3007 849 auctor
3052 803 3165 852 cat.
3218 801 3270 863 2,
3304 814 3363 853 n.
3401 800 3485 867 10,
3523 802 3730 877 Deum,

2084 877 2243 946 quod
2270 878 2447 933 etiam
2479 879 2754 935 ﬁdelibus
2795 903 2824 931 «
2856 883 3082 955 angelis
3138 885 3437 943 condonet
3492 889 3732 949 habere.

2087 985 2114 1015 ‹‹
2147 967 2473 1034 Nescimus,
2530 970 2743 1041 inquit,
2804 978 3027 1042 quanta
3056 973 3156 1028 ille
3215 975 3443 1048 angelis
3497 995 3733 1051 quoque

2083 1076 2112 1105 ‹‹
2146 1057 2605 1125 condonaverit;
2634 1077 2771 1116 nam
2805 1067 2864 1117 et
2918 1062 3039 1118 illis
3092 1064 3408 1138 condonat,
3461 1069 3733 1139 quando-

2085 1166 2113 1196 ‹‹
2145 1147 2386 1218 quidem
2418 1166 2573 1205 unus
2603 1156 2693 1205 est
2723 1148 2885 1206 solus
2930 1153 3058 1209 sine
3107 1159 3373 1225 peccato,
3426 1158 3526 1228 qui
3559 1176 3669 1217 nos
3702 1177 3736 1217 a

2086 1257 2105 1284 ι
2142 1238 2401 1306 peccatis
2434 1245 2644 1312 purgat
2670 1241 2857 1297 Jesus.

2150 1329 2237 1381 30.
2266 1329 2723 1402 Quadruplicem
2756 1350 2825 1389 ea
2855 1332 2926 1390 de
2954 1351 3018 1389 re
3050 1335 3206 1407 apud
3230 1340 3455 1393 veteres
3486 1336 3731 1397 observo

2079 1419 2457 1475 sententiam.
2494 1421 2711 1490 Prima,
2773 1440 2952 1495 quam
2998 1431 3159 1481 certa
3209 1429 3441 1484 ratione
3476 1434 3534 1484 et
3564 1429 3731 1487 sufﬁ-

2076 1505 2255 1560 cienti
2288 1511 2639 1565 auctoritate
2671 1512 2983 1569 subnixam
2998 1516 3125 1587 jam
3159 1532 3367 1572 omnes
3397 1518 3483 1573 uti
3506 1525 3729 1576 certam

2076 1604 2135 1653 et
2165 1599 2339 1656 unice
2373 1618 2571 1657 veram
2620 1608 2914 1671 tenemus,
2949 1623 3016 1661 ea
3068 1612 3199 1661 est:
3250 1608 3492 1682 angelos
3537 1610 3725 1667 bonos

2074 1693 2390 1759 postquam
2447 1690 2584 1745 ﬁdei
2615 1692 2817 1764 gratim
2849 1709 2958 1748 usu
2998 1710 3174 1766 pravo
3206 1697 3519 1753 rebellium
3557 1701 3726 1756 soda-

2074 1776 2222 1831 lium
2255 1779 2526 1850 exemplo
2553 1781 2914 1850 restitere,in
2943 1801 3063 1839 sum
3095 1787 3551 1856 perseverantia:
3573 1802 3728 1860 pra:-

2073 1868 2260 1923 mium
2292 1868 2537 1941 adeptos
2568 1887 2601 1925 a
2659 1871 2799 1940 Deo,
2833 1878 2898 1926 ut
2947 1873 3208 1945 perfecta
3257 1874 3629 1933 beatitudine
3658 1896 3727 1936 ac

2070 1958 2173 2013 Dei
2206 1965 2529 2031 conspectu
2559 1960 2787 2029 donati,
2822 1979 2932 2018 nec
2961 1965 3172 2020 cadere
3216 1983 3326 2022 nec
3356 1982 3601 2039 peccare
3632 1968 3722 2026 ul-

2069 2052 2161 2103 tra
2190 2054 2454 2120 possent,
2490 2049 2669 2121 idque
2702 2051 2813 2123 ipsi
2863 2054 3192 2111 certissime
3243 2056 3484 2113 scirent.
3528 2062 3723 2132 Ange-

2068 2136 2158 2193 los
2190 2137 2291 2192 Dei
2321 2141 2638 2210 praisentia
2668 2147 2727 2195 et
2755 2140 2979 2199 visione
3010 2145 3146 2212 frui,
3179 2147 3356 2202 certis
3390 2148 3725 2221 Scriptura-

2068 2245 2200 2283 rum
2235 2229 2771 2286 asseverationibus
2803 2232 3061 2301 scimus;
3098 2234 3198 2291 Dei
3231 2237 3511 2293 mandata
3536 2244 3595 2294 et
3623 2256 3724 2296 vo-

2066 2316 2325 2374 luntates
2356 2318 2706 2375 ﬁdelissime
2739 2326 2797 2375 et
2836 2324 3316 2381 constantissime
3365 2326 3718 2400 adimplere,

2065 2405 2271 2460 eadem
2304 2407 2651 2462 auctoritate
2684 2413 2935 2476 constat,
2966 2414 3025 2464 et
3049 2411 3328 2467 Ecclesia:
3359 2428 3497 2470 voce
3530 2415 3588 2470 in
3624 2434 3721 2473 so-

2064 2494 2364 2550 lemnibus
2397 2497 2519 2550 suis
2546 2497 2820 2568 precibus
2852 2498 3217 2572 consignata.
3267 2502 3525 2558 Tandem
3573 2522 3717 2577 pec—

2065 2602 2199 2643 care
2229 2604 2348 2643 non
2382 2604 2579 2659 posse,
2612 2589 2738 2660 ipse
2770 2590 3015 2646 visionis
3045 2591 3336 2649 beatiﬁcaa
3378 2599 3585 2663 status,
3616 2601 3717 2670 qui

2063 2693 2197 2732 cum
2228 2677 2513 2749 peccandi
2545 2683 2834 2750 potestate
2854 2687 3028 2736 rectas
3050 2681 3299 2738 rationis
3323 2683 3552 2755 judicio
3575 2705 3717 2742 con-

2061 2764 2251 2822 ciliari
2280 2784 2400 2823 non
2434 2772 2646 2839 potest,
2681 2769 2957 2823 ostendit.
2995 2768 3248 2840 Cyrillus
3280 2771 3350 2827 de
3382 2773 3575 2844 primo
3606 2792 3718 2830 no-

2060 2857 2291 2913 biscum
2350 2858 2665 2913 consentit.
2710 2860 2853 2913 Nam
2913 2864 2971 2914 et
3002 2860 3241 2932 angelos
3299 2861 3511 2919 divinas
3542 2863 3715 2921 faciei

2061 2946 2563 3018 contemplatione
2589 2947 2703 3002 frui
2729 2947 3022 3016 concedit,
3043 2955 3154 3004 cat.
3180 2953 3231 3015 6,
3267 2968 3323 3005 n.
3356 2955 3408 3017 6,
3439 2957 3495 3008 et
3517 2959 3626 3008 cat.
3656 2960 3712 3023 ‘7,

2060 3053 2120 3092 n.
2154 3040 2239 3090 11.
2276 3038 2354 3091 De
2383 3034 2642 3091 secundo
2676 3037 2891 3107 partim
2916 3039 3209 3105 convenit,
3236 3041 3450 3111 partim
3480 3042 3714 3099 dissen-

2060 3126 2147 3180 tit.
2184 3124 2327 3181 Nam
2359 3125 2419 3179 in
2453 3123 2614 3180 cwlis
2640 3125 2741 3179 Dei
2768 3124 3134 3181 voluntatem
3167 3127 3238 3183 ab
3272 3129 3498 3202 angelis
3520 3131 3714 3189 adim-

289 3218 578 3289 Spiritum
610 3224 882 3276 sanctum
916 3217 1166 3287 invocat,
1199 3222 1311 3273 cat.
1351 3220 1435 3286 16,
1470 3235 1529 3273 n.
1574 3220 1679 3289 25;
1714 3221 1826 3274 cat.
1861 3220 1947 3287 17,
1980 3245 2024 3313 C
2058 3216 2230 3289 pleri,
2258 3215 2345 3271 uti
2377 3232 2502 3271 rem
2534 3221 2755 3272 certam
2788 3222 2847 3272 et
2878 3223 3241 3289 compertam
3266 3220 3445 3276 tradit
3473 3226 3584 3277 cat.
3619 3227 3709 3293 23,

290 3320 351 3362 n.
388 3307 478 3362 11.

960 3466 1189 3523 CAPUT
1232 3468 1293 3521 ν-

508 3590 581 3649 De
609 3593 927 3665 angelorum
949 3594 1189 3664 peccatis
1223 3591 1418 3662 Cyrilli
1446 3593 1741 3649 sententia.

356 3762 449 3816 29.
485 3760 565 3814 De
600 3759 828 3832 angelis
862 3762 919 3813 et
967 3757 1340 3814 daemonibus
1394 3772 1581 3830 pauca
1626 3757 1949 3814 admodum

278 3855 449 3905 certa
479 3854 540 3903 et
572 3847 905 3904 indubitata
936 3844 1051 3903 ﬁde
1097 3846 1357 3903 tenenda
1387 3847 1763 3919 accepimus:
1799 3864 1947 3904 non-

278 3939 476 4006 nulla,
505 3938 625 3993 sive
658 3955 728 3992 ex
775 3938 954 3993 veteri
1006 3938 1392 3993 ecclesiarum
1440 3936 1780 4006 traditione,
1830 3938 1948 3993 sive

280 4044 353 4083 ex
384 4031 798 4081 consentanea
825 4025 961 4081 ﬁdei
985 4042 1051 4081 ac
1075 4026 1290 4082 rationi
1316 4026 1594 4098 opinione
1618 4028 1860 4084 tandem
1886 4027 1947 4082 in

279 4116 557 4173 Ecclesia
584 4115 762 4187 longo
793 4132 905 4170 usu
962 4116 1326 4187 praescripta,
1369 4132 1499 4171 eam
1532 4122 1945 4174 auctoritatem

284 4206 627 4274 obtinuere,
658 4211 724 4260 ut
754 4206 816 4260 in
849 4205 921 4260 iis
948 4218 1065 4259 uno
1097 4221 1249 4277 pene
1281 4221 1573 4261 consensu
1607 4208 1944 4279 acquiesca-

282 4314 420 4352 mus
452 4311 664 4351 omnes
692 4311 703 4348 :
734 4294 851 4349 alia
882 4293 1124 4349 tandem
1157 4292 1423 4366 opinioni
1470 4300 1528 4350 et
1558 4292 1946 4367 disputationi

277 4386 600 4458 permissa.
636 4384 785 4438 Hinc
816 4387 935 4438 tam
960 4382 1205 4439 diversa:
1228 4398 1361 4438 cum
1385 4384 1541 4455 apud
1563 4391 1945 4454 veteres,tum

273 4474 434 4547 apud
466 4473 836 4529 recentiores
866 4472 1173 4545 theologos
1205 4473 1277 4527 de
1314 4473 1545 4545 angelis
1595 4477 1903 4531 sententiae
1931 4494 1943 4531 :

275 4580 537 4636 quarum
570 4562 773 4619 multa:
805 4578 875 4617 ex
905 4562 1263 4634 apocryphis
1312 4562 1499 4629 libris,
1551 4563 1641 4618 vel
1673 4564 1936 4635 philoso-

274 4655 535 4726 phorum
566 4652 881 4727 gentilium
898 4658 957 4707 et
986 4653 1046 4707 in
1064 4652 1275 4723 primis
1293 4651 1736 4708 Platonicorum
1756 4654 1935 4709 fonti-

272 4744 385 4800 bus
414 4742 657 4816 [XLXII]
683 4744 931 4816 haustas,
959 4742 1228 4813 quamvis
1259 4746 1318 4797 et
1365 4742 1583 4797 multos
1614 4746 1673 4797 et
1703 4743 1932 4799 nobiles

272 4833 698 4905 suffragatores
728 4830 1067 4899 habuerint,
1095 4831 1226 4903 ipsa
1256 4831 1493 4886 tandem
1527 4848 1633 4887 sua
1677 4833 1929 4889 vanitate

271 4925 330 4976 et
356 4920 642 4975 {utilitate
673 4918 1059 4985 ceciderunt;
1106 4917 1238 4973 alia;
1286 4917 1524 4973 caducis
1576 4920 1930 4976 inconsulta:

270 5010 672 5083 phiIOSOphiaa
704 5007 1111 5065 fundamentis
1155 5013 1594 5079 superstructai,
1645 5010 1773 5081 jam
1806 5026 1929 5066 me-

270 5098 408 5155 liori
433 5098 662 5171 judicio
694 5097 950 5169 explosa)
982 5101 1041 5151 et
1070 5094 1273 5168 ejectae
1303 5101 1477 5165 sunt;
1525 5098 1656 5153 alite
1689 5099 1927 5156 tandem

269 5204 406 5244 cum
437 5193 659 5244 nostra:
690 5187 1083 5255 ignorationis
1113 5184 1489 5242 confessione
1520 5186 1583 5242 in
1613 5193 1927 5260 utramque

269 5282 503 5349 partem
536 5277 725 5333 libere
757 5276 1078 5349 agitantur.
1139 5276 1278 5340 Qum
1333 5275 1514 5331 fuerit
1542 5277 1748 5348 Cyrilli
1780 5294 1925 5333 sen-

270 5368 458 5424 tentia
488 5366 561 5422 de
592 5365 943 5439 angelorum
966 5370 1026 5421 et
1046 5364 1385 5419 daamonum
1406 5370 1707 5434 natura,et
1723 5371 1925 5422 utrum

267 5459 539 5532 corporei
570 5472 765 5514 necne
791 5457 932 5525 sint,
964 5454 1038 5511 de
1068 5468 1275 5513 eorum
1304 5469 1575 5525 numero,
1616 5457 1925 5515 ordinibus

268 5564 335 5604 ac
383 5546 859 5621 perfectionibus
923 5544 1190 5615 diversis,
1270 5544 1513 5601 sedibus
1565 5562 1711 5617 quas
1756 5547 1924 5606 inco-

338 5704 389 5741 ¹⁹
408 5705 622 5765 Matth.
656 5719 742 5775 γι,
769 5706 856 5761 10.

2058 3326 2117 3365 n.
2157 3308 2239 3376 14,
2270 3308 2423 3363 hanc
2453 3306 2741 3362 orationis
2774 3307 3458 3381 Dominicaapetitionem
3486 3328 3499 3366 :
3527 3336 3553 3364 ‹‹
3586 3312 3715 3370 Fiat

2054 3422 2081 3450 ‹‹
2115 3397 2389 3454 voluntas
2421 3402 2521 3453 tua
2573 3397 2725 3453 sicut
2754 3398 2816 3452 in
2876 3397 3023 3454 ccelo
3075 3404 3134 3454 et
3162 3401 3225 3455 in
3288 3407 3445 3458 terra
3471 3401 3537 3471 ‘9,
3565 3422 3589 3455 ι
3629 3405 3712 3460 ita

2053 3491 2477 3561 interpretans,
2512 3489 2681 3559 quasi
2713 3489 3107 3561 postulemus,
3141 3497 3207 3545 ut
3237 3515 3264 3542 «
3301 3493 3454 3549 sicut
3503 3494 3563 3550 in
3596 3512 3703 3551 an~

2054 3602 2082 3629 «
2115 3579 2261 3650 gelis
2294 3578 2395 3633 Dei
2449 3579 2514 3633 ﬁt
2541 3578 2834 3647 voluntas,
2865 3580 2948 3635 ita
2989 3585 3048 3635 et
3086 3579 3147 3635 in
3178 3580 3350 3638 nobis
3382 3584 3501 3639 tiat.
3538 3608 3567 3636 »
3605 3587 3709 3642 Ve.

2052 3684 2185 3723 rum
2219 3684 2352 3722 cum
2386 3668 2446 3721 in
2479 3667 2565 3722 eis
2587 3667 2846 3722 admittit
2875 3670 3296 3740 peccata,levia
3327 3674 3570 3744 quidem
3602 3674 3709 3731 illa

2054 3762 2113 3813 et
2142 3755 2497 3823 veniabilia;
2533 3756 2893 3812 voluntatem
2934 3758 3036 3813 Dei
3068 3757 3141 3813 ab
3173 3759 3294 3814 illis
3344 3761 3705 3834 quandoque

2052 3845 2425 3919 praetermitti
2459 3861 2701 3901 necesse
2734 3852 2824 3901 est
2852 3851 2917 3901 ut
2936 3848 3211 3903 fateatur.
3237 3849 3537 3913 Quatenus
3568 3867 3703 3907 vero

2053 3954 2173 3993 non
2205 3952 2339 3992 cum
2370 3933 2653 4008 peccandi
2687 3941 2976 4006 potestate
3010 3933 3226 4005 solum,
3276 3952 3478 3991 verum
3527 3937 3704 3996 etiam

2052 4045 2187 4086 cum
2219 4031 2460 4100 peccato
2492 4027 2619 4098 ipso
2650 4025 2893 4080 visionis
2920 4024 3209 4081 beatiﬁcaa
3242 4030 3459 4084 statum
3505 4030 3705 4085 conci-

2050 4120 2156 4175 liet
2184 4118 2334 4174 nihil
2365 4118 2439 4173 ad
2469 4135 2596 4174 nos.

2124 4210 2210 4264 31.
2248 4207 2516 4263 Secunda
2546 4206 2747 4279 opinio
2776 4206 3041 4280 Origenis
3072 4212 3177 4279 est,
3215 4207 3305 4264 vel
3336 4204 3387 4264 ei
3414 4209 3706 4282 imputata

2051 4299 2192 4367 (non
2212 4297 2372 4352 enim
2388 4295 2513 4350 haec
2533 4294 2711 4367 hujus
2735 4294 2848 4349 loci
2867 4293 3207 4367 disquisitio
3227 4297 3372 4369 est);
3394 4297 3699 4367 nimirum,

2051 4404 2184 4443 cum
2213 4387 2331 4441 sive
2363 4385 2555 4458 angeli
2589 4384 2707 4442 sive
2740 4385 3043 4440 daamones
3072 4385 3245 4441 liberi
3296 4386 3524 4442 arbitrii
3558 4386 3698 4456 sint,

2049 4475 2309 4549 primum
2341 4474 2581 4548 angelos
2611 4473 2799 4529 bonos
2844 4473 3055 4529 cadere
3084 4491 3257 4546 posse
3314 4479 3371 4529 et
3400 4468 3702 4531 daemones

2050 4566 2208 4633 ﬁeri;
2243 4564 2302 4619 id
2324 4564 2544 4619 diserte
2566 4563 2739 4618 docet
2758 4563 2860 4618 lib.
2895 4565 3004 4618 iDe
3028 4566 3304 4635 prz’ncip.,
3329 4580 3456 4635 cap.
3505 4567 3535 4618 5
3559 4568 3617 4619 et
3645 4569 3698 4633 6,

2049 4662 2107 4712 et
2134 4655 2238 4710 lib.
2272 4671 2335 4723 ιι,
2366 4672 2416 4709 c.
2452 4656 2520 4721 3;
2556 4653 2816 4709 secundo
2850 4653 3152 4709 daemones
3179 4654 3340 4726 ipsos
3384 4659 3700 4727 postquam

2043 4744 2335 4818 supplicia
2366 4749 2770 4800 consentanea
2800 4743 3040 4812 iuerint,
3074 4742 3249 4798 variis
3272 4744 3571 4816 profectus
3604 4746 3703 4801 de-

2041 4834 2231 4891 cursis
2262 4832 2542 4905 gradibus
2572 4832 2643 4887 ad
2702 4830 3021 4905 pristinum
3081 4836 3299 4889 statum
3331 4850 3697 4906 reversuros,

2038 4923 2194 4979 lib.1
2248 4925 2324 4978 De
2372 4923 2642 4995 princip,
2706 4937 2833 4993 cap.
2880 4922 2930 4976 6.
2995 4919 3139 4977 Vide
3198 4927 3257 4977 et
3313 4928 3455 4978 tom.
3505 4936 3603 4995 xu,
3638 4925 3697 4981 in

2036 5012 2232 5069 Matth.
2266 5025 2395 5084 pag.
2430 5011 2553 5066 332.
2586 5012 2660 5064 At
2688 5009 2759 5064 de
2793 5007 3028 5066 diabolo
3059 5011 3188 5083 ipso
3220 5010 3479 5069 afﬁrmat
3508 5011 3612 5068 lib.
3651 5026 3692 5080 I,

2038 5120 2165 5175 cap.
2198 5103 2250 5165 8,
2283 5102 2366 5156 ita
2397 5115 2532 5154 eum
2565 5114 2626 5155 se
2652 5097 2893 5167 habere,
2926 5104 2994 5155 ut
3022 5102 3283 5158 revocari
3324 5102 3511 5173 magis
3542 5102 3698 5162 nolit

2038 5207 2349 5265 quamnon
2364 5188 2552 5262 possit
2572 5207 2584 5256 ;
2605 5194 2665 5245 at
2684 5189 2786 5246 lib.
2814 5205 3039 5263 1n,cap.
3069 5194 3122 5261 6,
3141 5192 3533 5248 revocandum
3555 5206 3696 5264 quo-

2037 5301 2150 5356 que
2175 5284 2505 5347 asseverat;
2543 5283 2579 5334 t.
2605 5298 2739 5336 xvm
2763 5283 2819 5336 in
2842 5283 3003 5339 Joan.
3027 5301 3084 5355 p.
3120 5284 3561 5351 254,existimat
3582 5282 3695 5340 ali-

2036 5389 2187 5445 quos
2219 5387 2289 5426 ex
2319 5370 2713 5436 dznmonibus,
2746 5370 2962 5427 Christi
2998 5373 3264 5445 potentia
3294 5378 3352 5427 et
3379 5372 3689 5428 divinitate

2033 5454 2321 5534 ]CLXII[I]
2351 5459 2892 5532 obstupefactos,ad
2923 5478 3058 5517 eum
3089 5478 3194 5535 per
3210 5461 3387 5518 ﬁdem
3413 5468 3471 5517 et
3499 5461 3691 5534 paeni-

2032 5549 2283 5606 tentiam
2317 5547 2670 5621 confugisse.
2707 5549 2811 5606 Hic
2842 5549 2913 5606 de
2940 5550 3130 5607 salute
3164 5557 3222 5607 et
3251 5549 3686 5608 restauratione
