4108 6270
242 345 354 408 201

1648 332 2170 398 DISSER'I‘A'I‘IO
2217 341 2319 401 IlI.

3560 341 3679 400 202

242 480 496 546 idolatr.,
517 495 654 550 cap.
675 479 728 532 9.
763 480 823 532 et
844 479 922 532 De
939 475 1184 532 vetandis
1203 476 1370 545 virg.,
1391 490 1518 547 cap.
1539 478 1570 527 ‘7
1597 491 1610 540 ;
1635 472 1916 544 Origenes
1947 469 1998 534 Α
2027 472 2186 528 circa
2211 479 2431 530 terram
2461 481 2761 532 versantes
2790 476 3068 532 humanis
3097 476 3352 548 negotiis
3383 491 3677 548 occupan-

246 574 405 628 hom.
445 571 512 624 15
552 571 616 624 in
655 570 847 623 Iesum
885 569 1049 634 Nave,
1079 582 1212 638 pag.
1257 566 1381 620 353.
1426 570 1485 618 et
1525 563 1631 618 lib.
1677 579 1728 618 ιν
1765 565 1912 616 cont.

254 663 485 728 Celsum,
516 675 654 732 pag.
688 660 797 713 226
826 674 840 725 ;
874 656 1357 722 Commodianus,
1389 671 1553 710 num.
1585 656 1640 721 4,
1669 653 1914 709 Lactan«

266 754 414 818 tius,
435 751 539 806 lib.
566 767 631 817 ιι,
665 764 798 820 cap.
823 749 890 802 14
915 765 928 814 ;
960 748 1206 802 Severus
1233 745 1550 817 Sulpicius,
1572 744 1678 800 lib.
1701 760 1720 798 ι
1769 744 1914 798 Hist.

275 856 486 908 sacrae;
516 838 885 909 Ambrosius,
919 836 1022 892 lib.
1057 839 1130 892 De
1166 838 1297 903 Noe,
1340 852 1468 908 cap.
1501 837 1555 901 4,
1595 851 1652 889 n.
1685 835 1719 887 8
1750 837 1808 887 et
1843 835 1914 898 9;

274 934 504 1004 Apolog.
542 929 739 999 David,
773 945 903 1000 cap.
940 929 991 998 1,
1023 944 1081 982 ιι.
1116 928 1146 981 3
1175 946 1190 998 ;
1221 929 1278 981 in
1302 943 1390 998 ps.
1433 941 1622 992 cxvni,
1656 940 1833 979 serm.
1862 925 1917 992 8,

263 1040 321 1078 ιι.
355 1024 420 1076 58
448 1040 463 1088 ;
494 1019 601 1075 lib.
625 1037 644 1074 1
667 1020 739 1074 De
757 1017 1090 1088 virginibus,
1119 1034 1170 1073 c.
1199 1018 1250 1071 8.
1285 1033 1344 1071 n.
1373 1017 1441 1069 52
1467 1019 1525 1069 et
1540 1016 1641 1081 53;
1675 1013 1917 1068 Nazian-

258 1129 456 1182 zenus,
490 1127 676 1166 carm.
710 1112 762 1165 3.
805 1125 938 1181 pag.
973 1111 1059 1163 64.
1107 1108 1225 1163 Hac
1271 1104 1492 1178 [CLXV]
1541 1109 1740 1160 autem
1789 1103 1918 1174 opi-

261 1203 462 1261 nionis
493 1200 865 1258 absurditate
896 1198 1096 1254 deludi
1129 1215 1191 1254 se
1221 1214 1431 1270 passus
1460 1213 1580 1251 non
1613 1199 1702 1251 est
1731 1193 1917 1266 Cyril-

258 1296 356 1352 lus
384 1299 610 1358 noster,
646 1291 746 1363 qui
777 1306 984 1346 revera
1013 1306 1350 1362 corporeos,
1386 1292 1445 1343 et
1489 1286 1919 1343 sacriﬁciorum

262 1385 630 1459 liguritores,
662 1397 800 1437 cum
832 1380 1113 1436 omnibus
1135 1396 1287 1452 pene
1319 1378 1593 1435 Patribus
1624 1376 1921 1432 daemones

256 1474 497 1546 agnovit
524 1491 540 1540 ;
569 1477 632 1528 at
664 1488 766 1527 eos
797 1487 919 1526 una
947 1486 1082 1526 cum
1123 1469 1381 1539 diabolo,
1417 1467 1814 1537 seductosque
1845 1464 1916 1519 ab

256 1570 386 1642 ipso
421 1566 597 1622 initio
627 1563 935 1620 cecedisse
965 1562 1156 1631 docet,
1188 1562 1283 1617 his
1312 1559 1506 1616 verbis
1537 1563 1649 1615 cat.
1684 1561 1737 1621 2,
1771 1574 1830 1610 ιι.
1863 1556 1917 1623 4,

254 1667 369 1716 Iste
398 1665 605 1714 cadens
649 1663 860 1711 multos
909 1675 1094 1711 secum
1141 1659 1439 1710 abstraxit.
1488 1647 1653 1704 Unde
1697 1646 1921 1701 deamo-

253 1766 388 1817 nas,
410 1746 501 1803 uti
525 1745 857 1800 imitatores
885 1748 941 1798 et
962 1742 1249 1798 satellites
1275 1739 1498 1797 diaboli
1525 1738 1757 1810 ipsique
1780 1734 1917 1790 sub-

2022 566 2136 628 tur,
2169 564 2373 619 alteris
2400 583 2526 620 esse
2550 566 2978 622 mutabiliores.
3006 565 3094 620 Ad
3115 565 3392 621 eumdem
3420 565 3665 623 modum

2022 651 2078 706 S.
2112 653 2421 722 Maximus,
2453 656 2514 710 in
2546 655 2788 711 scholiis
2815 655 2888 711 ad
2920 655 3142 710 librum
3174 665 3252 713 De
3299 664 3500 714 ccelest.
3555 664 3673 714 hie-

2019 742 2228 806 rarch.,
2255 743 2322 793 ad
2370 758 2507 808 cap.,
2561 746 2615 793 11
2665 761 2787 810 pag.
2825 745 2908 796 157
2957 744 3066 794 ait:
3102 744 3394 807 Angelicas
3444 747 3666 809 quidem

2009 833 2320 893 potestates,
2350 835 2666 890 superiores
2687 835 2956 896 videlicet,
2972 848 3096 895 prce
3143 833 3448 882 vehementi
3479 835 3676 884 volun-

2021 929 2131 971 tate
2161 921 2414 972 habitum
2447 925 2732 988 quemdam
2761 925 2834 973 ad
2881 926 3087 973 bonum
3139 923 3506 982 contraxisse,
3555 941 3666 988 quo

2017 1013 2116 1073 ﬁat
2145 1027 2216 1061 ne
2243 1013 2432 1062 cadere
2450 1015 2704 1075 possint:
2739 1014 2962 1076 angelos
3013 1027 3156 1071 vero,
3188 1012 3286 1061 hoc
3338 1022 3418 1062 est
3451 1023 3674 1075 postre-

2019 1116 2135 1150 mos
2164 1111 2214 1150 et
2248 1102 2395 1151 circa
2421 1104 2700 1152 mundum
2730 1110 3034 1165 occupatos,
3073 1116 3235 1162 posse
3289 1103 3550 1162 fortassis
3606 1103 3670 1152 in

2019 1202 2237 1249 malum
2259 1201 2530 1260 perverti.
2577 1188 2717 1251 Τοὺς
2768 1186 2824 1243 δὲ
2876 1187 3164 1264 ἀγγέλους,
3189 1188 3436 1243 τουτέστι
3483 1186 3673 1244 τελευ-

2019 1279 2226 1350 ταίους,
2261 1276 2614 1352 διακόσμους,
2675 1276 2988 1354 ἐνδέχεσθαι
3040 1277 3178 1342 ’ἰσως
3207 1279 3299 1333 καὶ
3343 1276 3433 1333 ἐπὶ
3457 1278 3520 1333 τὸ
3551 1284 3674 1354 χεῖ-

2023 1389 2114 1445 ρον
2136 1375 2431 1444 τραπῆναι.
2467 1371 2520 1425 S.
2556 1371 2854 1442 Ephraem,
2887 1371 2947 1425 in
2973 1370 3438 1442 reprehensione
3490 1370 3582 1425 sui
3617 1375 3674 1426 et

2021 1469 2419 1536 confessione,
2445 1469 2661 1523 Latinas
2687 1469 2825 1524 edit.
2852 1485 2983 1541 pag.
3017 1471 3142 1536 602,
3180 1469 3392 1523 Graecae
3426 1484 3557 1540 pag.
3584 1470 3677 1539 86,

2022 1559 2273 1608 Naturas
2323 1558 2618 1607 constituit
2647 1560 2816 1618 Deus,
2868 1556 3142 1606 hominum
3198 1554 3439 1622 [CLXVI]
3479 1560 3531 1605 et
3579 1571 3676 1605 an-

2021 1656 2264 1720 gelorum
2316 1654 2576 1719 intellige,
2600 1655 2860 1719 ipsasque
2897 1657 3084 1715 utpote
3132 1653 3430 1701 mutabiles
3462 1653 3677 1702 miseri-

2019 1745 2221 1795 cordias
2245 1746 2496 1808 indigere
2523 1743 2875 1806 deprehendit
2895 1761 2912 1802 ;
2942 1742 3095 1794 novit
3115 1743 3267 1792 enim
3297 1758 3386 1792 eas
3403 1743 3674 1805 ampliori

244 1840 468 1912 jectos,
501 1851 711 1891 vocare
744 1832 897 1888 solet
923 1833 1063 1882 mali
1081 1831 1323 1893 spiritus
1347 1829 1439 1885 vel
1461 1827 1605 1877 mali
1623 1832 1912 1888 Ροεεδίαεσε
1941 1833 1989 1898 Β
2018 1838 2207 1900 gratia
2262 1837 2565 1885 subsistere
2588 1853 2604 1884 :
2641 1843 2866 1885 natura:
2917 1833 3088 1891 enim,
3136 1842 3200 1882 ut
3247 1833 3527 1892 subsistat,
3576 1835 3673 1885 sui

253 1928 344 1985 Ad
377 1927 532 1983 alios
564 1925 756 1980 venio.
790 1923 847 1980 S.
894 1926 1116 1994 martyr
1151 1921 1408 1993 lgnatius
1458 1917 1697 1991 angelos
1727 1916 1914 1970 bonos

251 2018 534 2074 nondum
565 2013 783 2070 Christi
817 2012 1103 2068 adventus
1145 2016 1408 2082 tempore
1458 2013 1681 2065 certam
1714 2006 1775 2060 in
1809 2021 1912 2060 suo

250 2106 421 2164 felici
445 2110 606 2160 statu
629 2103 973 2158 ﬁrmitatem
993 2104 1295 2156 assecutos
1315 2099 1520 2167 fuisse,
1545 2096 1688 2152 satis
1717 2093 1914 2149 decla-

253 2204 352 2254 rat
383 2195 482 2251 his
515 2192 784 2265 epistolis
817 2207 937 2246 suae
967 2190 1042 2246 ad
1074 2190 1407 2261 Smyrnaaos
1439 2204 1602 2243 num.
1635 2185 1670 2239 6
1701 2182 1911 2238 verbis.

253 2283 479 2356 mea;
512 2280 830 2343 πλανάσθω·
857 2277 948 2333 καὶ
994 2279 1062 2332 τὰ
1109 2277 1423 2350 ἐπουράνια,
1454 2275 1542 2331 καὶ
1575 2277 1609 2344 ἡ
1643 2270 1771 2345 δόξα
1806 2271 1913 2326 τῶν

251 2371 542 2450 ἀγγέλων,
573 2370 662 2425 καὶ
698 2370 752 2424 οἳ
782 2369 1046 2443 ἄρχοντες
1087 2367 1272 2442 ὁρατοί
1303 2387 1362 2422 τε
1417 2365 1505 2421 καὶ
1552 2363 1773 2436 ἀόρατοι
1829 2359 1916 2415 ἐὰν

257 2449 342 2536 μὴ
379 2459 747 2518 πιστεύσωσιν
802 2459 880 2521 εἷς
928 2458 1064 2530 αἱμα
1112 2460 1370 2531 Χριστοῦ,
1419 2453 1690 2514 κακείνοις
1737 2449 1916 2526 κρίσις

251 2553 432 2608 ἐστίν’
488 2552 516 2606 ὁ
568 2552 770 2624 χωρῶν
829 2545 1101 2622 χωρείτω.
1181 2557 1353 2607 Aemo
1409 2555 1675 2616 fallatur.
1725 2549 1916 2598 Etiam

254 2645 526 2697 caelestia,
557 2649 604 2688 et
635 2639 826 2702 gloria
857 2638 1211 2700 angelorum,
1255 2644 1305 2683 et
1327 2634 1624 2697 principes
1663 2645 1790 2680 cum
1832 2629 1918 2676 vi-

253 2725 463 2774 sibiles
483 2732 598 2771 tum
630 2718 967 2780 invisibiles,
991 2717 1110 2766 nisi
1128 2716 1469 2766 crediderint
1493 2715 1555 2763 in
1577 2710 1918 2774 sanguinem

262 2807 496 2863 Christi,
537 2803 676 2866 ipsis
717 2815 938 2866 quoque
972 2799 1268 2861 judicium
1298 2805 1396 2846 est.
1448 2796 1556 2850 Qui
1605 2807 1798 2855 capere
1821 2806 1920 2852 po-

257 2897 381 2946 test.
411 2887 620 2948 capiat.
654 2883 966 2956 Gregorius
999 2881 1394 2937 Nazianzenus
1426 2879 1487 2934 in
1520 2877 1783 2934 carmine
1827 2891 1918 2930 ar-

258 2995 413 3036 cano
435 2981 490 3043 6,
514 2993 644 3048 pag.
673 2977 795 3040 169,
819 2974 1037 3046 agitata
1054 2972 1381 3043 quastione
1400 2987 1543 3025 num
1564 2966 1758 3040 angeli
1777 2964 1919 3020 boni

262 3064 706 3140 empeccabiles
738 3064 878 3130 sint,
913 3062 972 3116 id
1023 3062 1249 3128 statuit,
1297 3057 1454 3136 φύσιν
1501 3053 1797 3132 ἀγγελικὴν
1844 3051 1922 3116 εἷς

261 3155 458 3211 κακῖαν
493 3151 796 3226 δύστροπον
831 3151 991 3219 εἶναι,
1022 3159 1332 3221 angelicam
1364 3160 1633 3206 naturam
1680 3152 1921 3217 difﬁcile

339 3208 364 3210 ,.
629 3208 639 3226 ,
980 3208 990 3219 ,
1099 3208 1126 3221 ν
1741 3208 1781 3217 ..

255 3248 334 3296 ad
363 3246 585 3294 malum
608 3242 789 3300 verti;
817 3258 936 3295 non
967 3257 1145 3296 ausus
1177 3239 1372 3294 dicere
1404 3237 1687 3312 ἄτρεπτον,
1719 3236 1915 3285 ἰησοη·
1945 3208 1990 3278 C

261 3335 604 3387 terribilem.
639 3333 787 3386 Item
838 3335 986 3386 orat.
1017 3330 1111 3397 34,
1159 3346 1289 3402 pag.
1334 3329 1459 3395 560,
1489 3327 1732 3400 angelos
1784 3342 1920 3380 cum

265 3424 647 3481 dubitatione
680 3419 843 3488 dicit,
876 3418 1012 3494 πρὸς
1043 3417 1104 3472 τὸ
1131 3424 1323 3492 χεῖρον
1359 3416 1650 3486 ἀκινήτους
1679 3417 1714 3483 ἢ
1745 3410 1925 3468 δυσκι-

259 3516 494 3583 νήτους,
527 3520 600 3569 ad
625 3519 906 3568 deteriora
935 3518 1262 3576 immobiles,
1293 3519 1378 3566 vel
1407 3518 1646 3582 difﬁcile
1673 3516 1922 3566 mobiles.

265 3603 631 3660 Atoratione
648 3602 736 3666 38,
760 3618 818 3671 p.
844 3599 1224 3665 617,Luciferi
1247 3599 1417 3670 lapsu
1439 3597 1739 3669 prohiberi
1766 3615 1826 3652 se
1844 3598 1928 3653 ait

267 3712 348 3750 ne
373 3691 693 3760 ἆγινήτους,
717 3688 1046 3757 immobiles,
1069 3688 1247 3755 dicat,
1273 3687 1454 3757 Πείθει
1475 3683 1532 3740 δὲ
1550 3707 1616 3758 με
1637 3686 1712 3757 μή
1735 3685 1920 3754 ἀκινή-

261 3804 396 3844 τους
429 3779 582 3836 ἀλλᾶ
607 3777 961 3846 δυσκινήτους
992 3777 1083 3832 καὶ
1119 3771 1526 3850 ὑπολαμϐάνειν
1582 3775 1779 3836 ταύτας
1837 3773 1927 3828 καὶ

259 3872 478 3946 λέγειν,
506 3870 535 3923 ὁ
571 3865 662 3922 διὰ
689 3869 790 3936 τὴν
825 3863 1190 3939 λαμπρότητα
1229 3865 1530 3944 ἑωσφόρος,
1591 3864 1784 3925 σκότος
1839 3859 1931 3917 διὰ

258 3965 371 4032 τήν
428 3957 656 4035 ἔπαρσιν
687 3958 777 4013 καὶ
816 3957 1108 4032 γενόμενος
1151 3958 1242 4012 καὶ
1291 3955 1609 4032 λεγόμενος.
1658 3957 1930 4014 Nondum

261 4056 455 4128 igitur
483 4053 560 4109 ab
590 4051 694 4106 illo
724 4056 990 4122 tempore
1022 4049 1082 4104 in
1113 4048 1274 4104 bono
1304 4050 1692 4105 conﬁrmatos
1723 4065 1932 4105 cense-

258 4148 387 4204 bat.
439 4146 648 4198 Exstat
695 4139 1102 4196 memorabilis
1155 4139 1382 4211 Synesii
1424 4139 1589 4195 locus
1620 4140 1793 4212 epist.
1837 4140 1930 4210 57,

265 4253 400 4310 pag.
438 4235 564 4300 199,
594 4240 662 4290 Si
690 4239 931 4301 angelus
950 4238 1230 4299 potuisset
1257 4254 1439 4301 supra
1469 4242 1717 4304 triginta
1755 4259 1933 4292 annos

265 4342 399 4377 cum
431 4320 760 4371 hominibus
791 4320 872 4368 ita
901 4334 1268 4377 cousuescere,
1302 4329 1366 4369 ut
1395 4322 1564 4371 nulla
1593 4337 1663 4370 ea:
1686 4325 1935 4374 materia

269 4414 535 4477 contagio
567 4410 851 4461 malorum
894 4412 956 4460 in
984 4426 1111 4460 eum
1154 4411 1513 4469 redundaret,
1545 4413 1684 4477 quid
1716 4430 1937 4466 necessc

270 4503 474 4562 fuerat
524 4503 631 4552 Dei
680 4501 899 4551 Filium
945 4494 1322 4551 descendere?
1376 4495 1507 4550 novi
1571 4499 1628 4548 et
1657 4495 1918 4566 imperiti

2018 1924 2511 1990 participationem
2559 1926 2858 1975 admensus
2907 1933 3002 1974 est.
3062 1923 3328 1972 Uberiora
3371 1939 3495 1973 vero
3529 1927 3674 1974 dona

2016 2032 2254 2078 parcens
2289 2016 2430 2077 ipsis
2471 2024 2523 2064 et
2558 2016 2854 2064 consulens
2889 2013 3213 2062 reservavit.
3239 2013 3348 2062 Pro
3397 2014 3675 2077 cujusque

2023 2105 2244 2155 viribus
2274 2106 2478 2154 tribuit
2509 2105 2866 2168 intelligendi
2883 2106 3306 2166 facultatem,ne
3336 2103 3459 2152 illis
3478 2119 3674 2165 super-

2027 2195 2130 2244 bia?
2157 2196 2992 2244 occasionemsubministraret.
3025 2194 3176 2249 Quod
3205 2207 3395 2253 capere
3412 2201 3678 2253 poterant

2026 2287 2192 2345 dedit,
2221 2286 2361 2350 quod
2409 2301 2516 2335 non
2537 2294 2802 2347 poterant
2848 2286 3191 2335 condonavit.
3244 2281 3392 2336 Sunt
3421 2282 3522 2353 qui
3574 2299 3681 2338 an-

2025 2368 2188 2440 gelos
2219 2368 2407 2422 bonos
2438 2367 2783 2422 ﬁrmitatem
2815 2372 2874 2421 et
2901 2368 3382 2426 immobilitatem
3412 2372 3474 2426 in
3497 2371 3677 2440 bono,

2026 2457 2280 2512 adventu
2311 2455 2526 2510 Christi
2557 2460 2860 2510 assecutos
2891 2473 3021 2511 esse
3061 2460 3426 2518 censuerint.
3464 2461 3683 2533 Hippo-

2026 2548 2185 2618 lytus
2214 2545 2580 2612 Portuensis,
2613 2545 2707 2598 vel
2739 2545 3010 2617 quisquis
3035 2553 3242 2603 auctor
3273 2555 3362 2605 est
3391 2550 3672 2623 fragmen

2028 2642 2223 2691 torum
2256 2640 2462 2691 contra
2510 2636 2796 2689 Beronem
2849 2641 2908 2689 et
2956 2636 3215 2693 Helicem
3247 2639 3318 2694 ab
3367 2641 3678 2697 Anastasio

2027 2726 2436 2794 collectorum,
2463 2729 2519 2778 et
2532 2741 2567 2778 a
2584 2723 2898 2779 Sirmondo
2919 2725 3238 2794 editorum,
3254 2729 3678 2801 aitfragmento

2028 2819 2092 2885 2,
2118 2823 2404 2873 Christum
2434 2823 2610 2871 Deum
2647 2824 2708 2871 in
2738 2838 2907 2872 carne
2934 2825 3086 2874 mira
3113 2827 3328 2886 fecisse,
3349 2816 3439 2870 ἳνα
3484 2816 3572 2871 καὶ
3614 2817 3681 2871 τὰ

2028 2914 2145 2967 κατ’
2169 2911 2431 2987 οὐρανοὺς
2465 2913 2590 2984 ἅγια
2617 2910 2864 2986 τάγματα
2914 2917 3020 2968 τῶν
3082 2919 3282 2990 νοερῶν
3318 2915 3519 2969 οὐσιῶν
3553 2936 3681 2969 στο-

2033 3003 2188 3074 μώσῃ
2208 3002 2346 3075 πρὸς
2380 2999 2636 3074 ἀτρεψίαν
2673 2999 2753 3072 τῷ
2788 3003 3075 3075 μυστηρίῳ
3113 3009 3212 3072 τῆς
3268 3004 3436 3058 αὐτοῦ
3491 3025 3682 3077 σωμα-

2028 3111 2269 3152 τωσεως.
2311 3101 2395 3155 Ut,
2425 3106 2477 3146 et
2505 3108 2722 3148 sanctos
2773 3100 2834 3148 in
2866 3102 3016 3150 caelis
3046 3102 3525 3153 intellectualium
3559 3106 3683 3152 sub-

2027 3191 2375 3240 stantiarum
2403 3189 2626 3238 ordines
2653 3191 2912 3252 ﬁrmaret
2942 3206 3006 3239 ac
3051 3192 3302 3252 duraret,
3337 3194 3418 3242 ita
3446 3202 3510 3242 ut
3560 3210 3678 3242 con-

2028 3280 2170 3328 verti
2187 3295 2298 3328 non
2308 3280 2670 3340 possint,suce
2691 3279 3109 3343 incarnationis
3131 3274 3681 3345 mysterio.Nicetas,

2032 3362 2094 3416 in
2127 3361 2458 3416 orationem
2490 3360 2751 3432 Gregorii
2779 3361 3122 3417 Nazianzeni
3153 3365 3241 3431 42,
3270 3368 3411 3419 nota
3443 3368 3496 3432 2,
3529 3364 3683 3420 hanc

2031 3450 2311 3522 proponit
2339 3450 2682 3521 opinionem
2717 3466 2729 3502 :
2759 3459 3004 3520 Angelos
3028 3461 3212 3520 bonos,
3232 3462 3333 3524 qui
3357 3470 3483 3511 ante
3499 3477 3684 3511 resur-

2030 3549 2331 3598 rectionem
2354 3547 2562 3595 Christi
2582 3546 2896 3610 difﬁculter
2932 3549 3004 3596 ad
3018 3551 3234 3598 malum
3275 3553 3486 3601 moveri
3524 3561 3680 3614 pote-

2034 3645 2178 3696 rant,
2190 3651 2297 3697 per
2329 3651 2450 3684 eam
2479 3644 2771 3692 assecutos.
2791 3645 2852 3684 ut
2883 3652 2952 3686 ne
2983 3640 3195 3688 moveri
3219 3641 3446 3704 quidem
3475 3644 3680 3704 gratice

2034 3727 2320 3788 adjutorio
2341 3726 2586 3786 possint.
2620 3717 2777 3772 Nihil
2807 3734 2877 3772 ex
2903 3719 3118 3774 Christi
3150 3722 3378 3776 meritis
3409 3722 3482 3777 ad
3499 3738 3681 3794 ange-

2035 3810 2124 3864 los
2156 3806 2359 3878 Cyrilli
2391 3807 2688 3862 sententia
2716 3810 3080 3879 pervenisse,
3102 3827 3171 3864 ex
3193 3811 3311 3865 alto
3351 3812 3478 3882 ejus
3515 3828 3584 3866 ea
3615 3813 3686 3866 de

2036 3913 2099 3952 re
2126 3895 2364 3951 silentio
2397 3894 2674 3967 colligere
2697 3895 2854 3951 licet.
2889 3896 3067 3950 Plura
3085 3897 3156 3951 de
3193 3898 3502 3954 beneﬁciis
3526 3899 3691 3953 Chri-

2039 3986 2112 4042 sti
2157 3986 2218 4040 in
2265 3984 2506 4056 angelos
2557 3983 2885 4038 secundum
2945 3983 3313 4041 diversorum
3369 3988 3689 4058 opiniones

2041 4075 2216 4148 paulo
2266 4079 2400 4146 post
2448 4073 2664 4128 dicam.

2112 4165 2200 4220 34.
2247 4165 2467 4230 Quarta
2496 4163 2734 4218 tandem
2785 4165 3080 4221 sententia
3111 4166 3309 4238 Cyrilli
3344 4168 3533 4224 nostri
3583 4175 3692 4239 est,

2045 4255 2144 4326 qui
2176 4254 2416 4326 angelos
2445 4253 2632 4308 bonos
2665 4254 2792 4309 sine
2816 4259 3001 4310 status
3026 4257 3416 4328 suipericulo,
3458 4258 3520 4313 in
3543 4258 3697 4314 levia

2047 4343 2338 4414 quaedam,
2362 4360 2493 4413 quae
2513 4344 2665 4398 Deus
2686 4342 2877 4399 facilis
2899 4345 3213 4413 condonet,
3249 4346 3369 4402 labi
3393 4347 3694 4403 interdum

2045 4437 2286 4504 peccata
2317 4431 2506 4487 docet.
2537 4433 2604 4486 In
2637 4448 2765 4487 eam
2790 4434 3145 4489 sententiam
3176 4435 3496 4491 adductum
3529 4453 3592 4491 se
3620 4437 3698 4491 si-

2050 4521 2292 4594 gniﬁcat
2321 4538 2392 4576 ex
2422 4521 2524 4575 illo
2546 4522 2810 4593 generali
2843 4524 3039 4593 eﬁ‘ato,
3073 4548 3256 4581 unum
3303 4535 3488 4582 solum
3518 4550 3553 4584 a
3580 4550 3702 4597 pec.

274 4585 539 4658 theologi
569 4582 883 4639 sententia.
933 4583 1346 4654 Hieronymus,
1390 4584 1494 4640 lib.
1547 4601 1610 4639 ιιι
1642 4583 1706 4632 in
1743 4587 1924 4638 Galat.

2035 4610 2173 4660 catis
2203 4609 2446 4660 liberum
2465 4625 2595 4668 esse,
2619 4612 2721 4674 qui
2751 4619 2943 4660 nostra
2955 4621 3200 4674 peccata,
3216 4622 3452 4676 purgat,
3473 4616 3671 4664 Jesum
3687 4645 3698 4657 ο

277 4675 463 4737 Epist.
496 4672 573 4730 ad
599 4689 726 4744 cap.
759 4687 835 4736 v1,
865 4687 1013 4726 vers.
1049 4675 1100 4741 1,
1129 4672 1244 4727 ait:
1279 4675 1474 4725 Sciens
1505 4673 1746 4730 Paulus,
1777 4689 1935 4724 exce-

271 4773 372 4828 pta
435 4762 733 4818 Trinitate,
779 4775 996 4810 omnem
1045 4771 1369 4826 creaturan,
1423 4763 1551 4812 licet
1601 4782 1702 4815 non
1725 4775 1928 4834 peccet,

281 4864 466 4903 tamen
490 4865 655 4914 posse
669 4865 918 4912 peccare.
940 4853 1160 4907 Auctor
1180 4863 1551 4925 Dialogorum
1573 4865 1636 4914 de
1656 4866 1939 4915 Trinitate

281 4944 391 4999 sub
420 4941 731 4997 Athanasii
774 4940 1041 5007 nomine,
1077 4943 1300 5015 Dialog.
1346 4948 1395 5012 1,
1429 4962 1486 4999 n.
1523 4948 1611 5013 24,
1647 4963 1778 5019 pag.
1811 4949 1937 5015 487,

281 5049 418 5088 cum
443 5031 557 5086 sibi
583 5029 992 5101 proposuisset
1013 5032 1404 5100 quaestionem
1428 5050 1572 5089 num
1592 5035 1785 5108 angeli
1813 5051 1943 5106 pec-

285 5147 421 5185 care
453 5127 708 5200 possint,
739 5126 1061 5198 respondet
1110 5130 1494 5202 posse;idque
1542 5131 1754 5203 probat
1801 5133 1940 5204 quia

287 5217 568 5275 nonnulli
586 5233 660 5272 ex
673 5216 760 5272 eis
779 5215 921 5270 olim
943 5233 1276 5288 peccavere.
1294 5221 1620 5289 Nemesius,
1642 5231 1720 5278 De
1739 5238 1945 5278 natura

288 5316 552 5377 hominis,
583 5322 713 5378 cap.
746 5306 836 5371 41,
871 5304 1254 5364 Bibliotheca
1285 5310 1525 5365 Patrum
1559 5311 1941 5378 Graeco-Lat,

291 5405 434 5456 tom.
472 5399 546 5464 ll,
576 5410 708 5468 pag.
744 5397 1123 5462 547,naturas
1145 5397 1570 5454 immateriales
1598 5400 1658 5454 in
1681 5400 1828 5456 duos
1851 5417 1948 5455 or-

292 5489 464 5546 dines
496 5481 855 5557 distinguit:
889 5489 948 5539 et
978 5500 1077 5541 eas
1108 5486 1370 5558 quidem,
1403 5506 1534 5560 quas
1583 5490 1698 5545 Deo
1723 5507 1828 5562 per
1850 5507 1950 5545 na-

293 5579 441 5630 tura
485 5571 902 5646 prmstantiam
950 5573 1410 5646 propinquiores
1459 5583 1620 5639 sunt.
1670 5579 1948 5635 immotas

299 5680 542 5721 manere
572 5661 662 5719 ait
684 5676 1029 5732 quanquam
1051 5661 1254 5718 libera:
1280 5668 1590 5738 potestatis
1614 5685 1627 5734 ;
1661 5686 1791 5740 quae
1816 5687 1948 5725 vero

641 5779 909 5841 PATIOL.
955 5782 1069 5842 Gn.
1113 5782 1386 5845 XXXIII.

2049 4691 2513 4747 Innumerabilia
2534 4697 2768 4765 patrum
2794 4694 3135 4749 testimonia
3163 4695 3408 4766 produci
3432 4701 3701 4768 possunt,

2048 4783 2148 4852 qui
2181 4783 2375 4836 solum
2405 4783 2590 4838 Deum
2620 4782 2710 4836 vel
2732 4783 3030 4838 Christum
3075 4791 3315 4855 peccato
3339 4802 3541 4841 carere
3563 4786 3704 4841 deﬁ-

2049 4872 2240 4926 niunt.
2273 4871 2545 4926 Clemens
2582 4871 2926 4941 Alexandr.,
2958 4873 3062 4928 lib.
3098 4891 3112 4928 ι
3144 4875 3398 4947 Psedag.,
3425 4879 3622 4947 cap.2,
3648 4882 3708 4930 et

2050 4961 2404 5031 lib.III,cap.
2439 4961 2672 5026 ultimo,
2709 4961 2902 5016 solum
2935 4963 3232 5019 Christum
3264 4971 3430 5021 vocat
3471 4965 3713 5040 ἀναμάρ-

2049 5049 2401 5119 τητον,(μιο(1
2432 5049 2713 5121 intelligit
2735 5050 2806 5105 de
2834 5053 3128 5108 vacuitate
3168 5055 3418 5125 peccati.
3444 5055 3606 5110 Idem
3627 5072 3714 5110 as-

2053 5139 2198 5194 serit
2229 5137 2502 5208 Ephraam
2543 5147 2617 5194 De
2650 5149 2889 5197 secundo
2917 5151 3184 5208 adventu,
3219 5144 3312 5197 Gr.
3367 5161 3426 5214 p.
3482 5146 3604 5213 355,
3659 5146 3716 5197 et

2053 5225 2332 5297 Origenes
2378 5223 2538 5279 hom.
2573 5228 2602 5278 3
2633 5226 2695 5281 in
2731 5227 2979 5297 Cantic.,
3013 5246 3142 5302 pag.
3185 5232 3326 5298 616;
3362 5232 3713 5288 Theodoret.

2056 5316 2272 5379 Quaest.
2304 5316 2336 5367 9
2367 5317 2426 5368 in
2459 5316 2642 5384 Num,
2668 5333 2799 5389 pag.
2831 5318 2948 5373 144.
2977 5319 3252 5392 Plerique
3277 5336 3346 5374 ex
3370 5321 3492 5376 illis
3519 5321 3590 5376 de
3611 5322 3716 5377 bo-

2058 5401 2321 5458 minibus
2354 5401 2545 5457 solum
2592 5403 2773 5459 locuti
2800 5407 3234 5474 videntur;cum
3290 5415 3488 5465 tamen
3537 5427 3719 5483 gene-

2061 5491 2168 5547 rali
2201 5495 2444 5546 utantur
2461 5494 2774 5562 sententia,
2796 5496 2940 5567 quid
2961 5498 3236 5568 prohibet
3267 5499 3586 5571 quominus
3610 5499 3718 5556 ali-

2059 5582 2185 5652 qui,
2217 5585 2283 5636 ut
2311 5582 2589 5654 Cyrillus,
2615 5601 2744 5642 eam
2770 5588 2844 5644 ad
2873 5589 3114 5663 angelos
3147 5590 3326 5645 etiam
3377 5589 3718 5646 extendisse

2062 5673 2469 5728 censeantur?
2497 5673 2608 5730 Sed
2633 5677 3014 5748 producenda
3042 5679 3386 5735 testimonia
3431 5695 3561 5749 quae
3595 5691 3718 5730 rem

3365 5799 3400 5852 7
