4108 6270
407 365 527 425 203

1694 348 1797 408 DE
1843 343 2026 404 VITA
2067 342 2139 416 ,S.
2187 338 2520 401 GYRILLI.

3701 337 3819 399 204

411 505 677 558 nostram
714 494 1030 570 specialius
1065 492 1378 564 attingant.
1406 490 1495 545 Ita
1524 485 1709 558 aliqui
1740 486 1927 540 Deum
1957 496 2050 536 so-
2082 477 2136 546 Α
2164 476 2366 570 Solum
2388 474 2702 549 praesentis
2727 478 2787 531 et
2803 474 3010 570 futuri,
3035 473 3139 570 sed
3175 473 3359 570 etiam
3385 471 3826 570 prasteritorum

411 593 538 650 lum
570 589 801 664 peccati
831 588 1139 657 expertem
1170 597 1300 637 esse
1330 578 1740 653 pronuntiant,
1763 577 1831 631 ut
1858 572 1918 628 id
1938 575 2062 626 tan-

417 698 598 757 quam
626 679 744 752 ipsi
771 678 1082 751 proprium
1114 682 1173 733 et
1217 675 1388 732 nulla
1427 689 1565 731 cum
1607 671 1879 725 creatura
1904 677 2062 719 com-

416 768 779 830 municabile
831 774 1098 840 spectare
1147 771 1481 827 videantur.
1529 760 1950 831 Tertullianus,
1982 772 2062 820 De

415 874 630 931 anima,
668 877 796 932 cap.
828 862 917 923 41,
962 865 1131 915 Solus
1178 864 1328 911 Deus
1369 857 1494 907 sine
1523 860 1763 917 peccato,
1811 859 1862 899 et
1907 851 2062 900 solus

416 963 575 1012 homo
602 960 727 1009 sine
748 963 971 1020 peccato
993 953 1269 1008 Christus,
1312 947 1453 1013 quia
1497 953 1548 993 et
1595 943 1739 991 Deus
1782 940 2061 991 Christus.

417 1042 777 1100 Prudentius
807 1039 869 1093 in
900 1042 1209 1106 Apotheosi,
1241 1047 1368 1102 cap.
1401 1032 1454 1097 5,
1488 1025 1560 1081 de
1588 1029 1803 1080 natura
1822 1024 2060 1092 animae,

416 1151 567 1191 vers.
603 1131 731 1198 108,
753 1135 993 1186 Miraris
1035 1145 1266 1195 peccare
1315 1129 1590 1182 animam,
1630 1136 1759 1172 cum
1783 1128 1968 1184 peccet
2014 1128 2063 1169 et

421 1234 538 1295 ipse
567 1226 880 1292 Angelus...
918 1223 1081 1273 Solus
1111 1219 1233 1270 labe
1259 1224 1407 1267 caret
1427 1212 1643 1278 peccati
1688 1210 1953 1261 Conditor
1980 1226 2065 1258 or-

426 1323 510 1373 bis
540 1311 829 1380 Ambros,
883 1314 948 1363 in
968 1327 1062 1374 ps.
1107 1302 1511 1375 cxvm,ser.22,
1542 1314 1713 1355 num.
1758 1295 1822 1348 27
1849 1310 1863 1349 :
1896 1299 2067 1346 Nemo

420 1415 548 1464 εἰπε
566 1423 790 1477 Ρσοσαεο
817 1418 897 1460 εει
917 1431 935 1463 ;
974 1424 1178 1475 negare
1224 1405 1322 1455 hoc
1368 1400 1736 1463 sacrilegium
1782 1401 1877 1449 est,
1914 1388 2066 1479 solus

417 1475 746 1558 enim—Deus
764 1504 890 1553 sine
899 1510 1139 1565 peccato.
1157 1493 1342 1556 Quam
1365 1482 1722 1542 sententiam
1741 1475 2069 1565 generatim

422 1588 498 1645 ad
526 1603 703 1643 omne
725 1585 884 1657 quod
904 1564 1058 1640 l)eus
1078 1598 1199 1637 non
1232 1582 1322 1635 est
1341 1569 1793 1634 extendendam,
1815 1564 2069 1620 demon-

422 1685 571 1736 strat
597 1679 728 1751 ejus
768 1673 1202 1750 argumentatio
1239 1670 1344 1726 lib.
1377 1685 1437 1724 III
1472 1677 1552 1724 De
1603 1668 1830 1732 Spiritu
1879 1669 2070 1751 sancto

423 1787 553 1843 cap.
589 1746 675 1837 iS,
718 1746 885 1825 num.
921 1768 1045 1835 133,
1090 1769 1151 1821 et
1200 1779 1349 1834 seq.,
1390 1774 1511 1830 qua
1560 1752 1772 1827 probat
1818 1746 2071 1843 Spiritus

2173 565 2551 634 saaculorum,
2583 570 2642 621 et
2673 582 2795 621 non
2828 565 3016 621 solum
3046 565 3310 619 humano
3332 563 3471 619 huic
3497 563 3693 618 ordini
3716 564 3821 619 sed

2172 656 2351 711 etiam
2409 654 2748 712 ccelestibus
2796 654 3114 710 virtutibus
3177 653 3477 725 proﬁciat.
3530 654 3821 709 Caeterum

2171 744 2330 802 haud
2357 746 2512 801 clam
2531 762 2627 801 me
2660 749 2751 801 est
2778 744 3046 818 Origenis
3090 744 3266 816 stylo,
3298 743 3556 812 cmlestia,
3586 745 3819 799 calestes

2172 839 2424 907 virtutes,
2473 851 2595 890 non
2657 834 2851 890 solum
2909 834 3150 907 angelos
3206 833 3416 901 bonos,
3473 834 3581 889 sed
3637 834 3815 889 etiam

2175 925 2477 981 daemones
2499 924 2852 997 significare.
2879 925 3094 980 Verum
3116 923 3267 978 nihil
3289 940 3398 978 nos
3410 922 3685 995 prohibet
3704 939 3822 977 am-

2173 1015 2457 1087 biguitate
2487 1014 2814 1073 testimonii
2839 1014 2947 1082 uti,
2977 1030 3111 1069 cum
3144 1013 3368 1084 alioqui
3402 1012 3662 1069 sciamus
3684 1030 3818 1067 eum

2174 1104 2237 1159 in
2259 1103 2488 1176 angelis
2509 1104 2686 1159 etiam
2716 1104 2890 1159 bonis
2912 1102 3247 1160 admittere.

2245 1211 2333 1266 35.
2366 1208 2653 1281 Didymus
2705 1209 2975 1281 Origenis
3027 1208 3256 1264 assecla
3284 1207 3356 1263 ab
3389 1209 3499 1263 hac
3555 1209 3821 1280 magistri

2176 1298 2447 1354 doctrina
2462 1314 2583 1352 non
2608 1297 2873 1352 recessit.
2889 1297 2993 1353 lnI
3014 1297 3170 1352 Petri
3196 1297 3403 1368 Epist.,
3427 1313 3556 1368 cap.
3588 1313 3675 1365 ιιι,
3698 1298 3824 1352 hinc

2177 1388 2392 1445 habet;
2426 1386 2590 1436 Sicut
2608 1401 2717 1448 per
2762 1386 2981 1435 Filium
3010 1386 3113 1434 Dei
3155 1386 3455 1436 essentiam
3499 1393 3703 1435 cuncta
3730 1402 3823 1435 ra-

2178 1475 2477 1527 tionabilia
2504 1474 2845 1536 habuerunt,-
2877 1475 2958 1525 sic
2982 1490 3091 1537 per
3104 1490 3232 1525 eum
3252 1475 3509 1525 omnium
3528 1491 3723 1525 eorum
3740 1491 3827 1525 sa-

2177 1567 2268 1616 lus
2299 1568 2493 1632 e/fecta
2520 1564 2773 1618 est.Quia
2802 1565 2956 1614 enim
2984 1580 3096 1613 non
3115 1565 3568 1614 substantialiter
3595 1566 3691 1613 sed
3736 1579 3823 1614 ac-

2177 1655 2445 1720 quisitive
2470 1656 2825 1705 sanctitatem
2842 1654 3193 1718 habent,cum
3222 1663 3494 1704 creatura
3524 1654 3659 1717 sint,
3684 1655 3828 1716 jure

2170 1745 2444 1809 purgatio
2475 1747 2629 1806 facta
2675 1753 2755 1793 est
2798 1745 2953 1795 circa
2983 1752 3185 1794 cuncta
3234 1744 3332 1794 hoc
3383 1744 3541 1794 modo
3569 1744 3828 1794 habentia

427 1834 618 1914 sancti
644 1834 1012 1913 divinitatem
1033 1834 1105 1910 ex
1121 1869 1188 1907 eo
1213 1847 1372 1922 quod
1404 1847 1531 1903 sine
1553 1844 1794 1915 peccato
1822 1839 1917 1908 sit,
1936 1856 2074 1897 nam
2103 1854 2154 1923 Β
2182 1834 2500 1894 bonitatem,
2532 1835 2680 1884 unde
2708 1835 2879 1885 etiam
2906 1834 3245 1884 sublimiora
3272 1836 3665 1885 correctionem
3687 1834 3830 1886 reci-

426 1947 555 2002 sine
607 1951 848 2017 peccato
911 1942 1215 2000 neminem
1265 1954 1394 1995 esse
1460 1932 1575 1990 nisi
1626 1945 1812 1985 unum
1861 1930 2066 1988 Deum.

430 2035 708 2108 [CLXVII]
732 2035 1145 2105 Hieronymus,
1169 2031 1232 2085 in
1253 2027 1493 2099 Dialogo
1519 2028 1549 2080 3
1580 2036 1773 2084 contra
1807 2030 2071 2094 Pelagia-

427 2161 546 2203 nos,
570 2127 885 2201 superbam
908 2125 1123 2179 horum
1152 2118 1544 2176 assertionem
1565 2116 1724 2189 quod
1745 2117 1920 2172 homo
1942 2114 2071 2170 sine

427 2228 669 2302 peccato
700 2233 834 2275 esse
857 2213 1066 2288 possit,
1089 2211 1199 2302 hoc
1228 2210 1575 2302 argumento
1600 2208 1901 2302 retundit:
1925 2214 1991 2267 Si
2018 2214 2073 2265 et

403 2292 528 2377 ille,
579 2312 650 2368 de
690 2311 809 2365 Deo
841 2304 1115 2375 loquens,
1149 2292 1549 2370 ἀναμάρτητος,
1596 2301 1647 2351 et
1684 2314 1781 2368 ego
1828 2299 2070 2377 ἀναμάρ-

416 2427 602 2480 τητος,
635 2428 761 2477 qua:
791 2411 941 2460 inter
969 2419 1057 2455 me
1094 2413 1145 2453 et
1178 2400 1357 2449 Deum
1403 2397 1512 2445 erit
1559 2400 1836 2452 ἀίεεαηιία
1855 2404 1879 2452 y
1925 2392 2069 2450 san-

415 2505 545 2555 ctus
573 2493 959 2559 Athanasius,
1007 2493 1155 2547 orat.
1182 2491 1217 2543 2
1246 2502 1443 2545 contra
1475 2492 1738 2552 Arianos,
1762 2501 1823 2540 ιι.
1844 2485 1899 2554 6,
1929 2483 2068 2540 inde

415 2587 627 2660 probat
647 2583 816 2640 Verbi
840 2581 1230 2647 divinitatem,
1248 2575 1406 2647 quod
1429 2574 1627 2630 omnis
1644 2578 1913 2629 creatura
1934 2579 2069 2629 ante

423 2676 928 2746 Deiconspectum
950 2664 1277 2741 judicanda
1298 2663 1498 2730 stabit,
1514 2663 1698 2718 Filius
1718 2667 1917 2717 autem
1948 2680 2069 2718 non

414 2762 779 2838 iudicandus
809 2759 915 2816 sed
945 2756 1323 2829 judicaturus
1366 2751 1576 2807 aderit.
1630 2751 1849 2806 Eodem
1899 2768 2069 2821 argu-

411 2857 616 2910 mento
647 2850 833 2907 utitur
877 2843 1247 2910 Ambrosius,
1295 2841 1397 2897 lib.
1448 2858 1479 2894 v
1532 2851 1608 2900 De
1666 2848 1793 2914 ﬁde,
1845 2841 2066 2913 cap”,

421 2960 590 3001 num.
633 2943 755 3006 142,
780 2944 840 2995 et
887 2935 1141 3010 Cyrillus
1173 2931 1630 3000 Alexandrinus,
1671 2941 1945 2996 Thesauri
1976 2949 2069 2988 as.

433 3036 575 3091 sert.
608 3034 696 3099 2i,
725 3044 856 3101 pag.
887 3027 1016 3087 213.
1048 3022 1214 3090 Quod
1257 3027 1673 3094 argumentum
1707 3022 1831 3081 leve
1877 3034 1985 3096 est,
2023 3032 2073 3086 si

416 3119 730 3195 judicandi
762 3132 899 3174 cum
924 3111 1268 3170 hominibus
1297 3128 1417 3166 non
1441 3110 1685 3167 stabunt
1701 3116 1914 3187 angeli.
1957 3121 2070 3176 Sed

415 3215 547 3267 uta
574 3205 952 3296 generalibus
1002 3201 1315 3296 sententiis
1363 3199 1437 3255 ad
1487 3202 1768 3296 specialia
1814 3209 2066 3282 veniam,
2098 3225 2146 3296 (ς

419 3297 593 3356 multi
615 3312 726 3352 nec
752 3295 913 3367 ipsos
933 3292 1122 3347 bonos
1143 3290 1386 3362 angelos
1407 3290 1633 3361 peccati
1657 3299 1926 3364 expertes
1944 3315 2075 3361 esse

417 3386 731 3446 deﬁniunt.
765 3381 1032 3454 Origenis
1054 3378 1351 3435 sententia
1376 3378 1485 3433 fuit
1507 3379 1804 3437 Christum
1823 3400 1942 3442 non
1964 3407 2073 3463 pro

415 3474 756 3536 hominibus
787 3476 1038 3538 tantum,
1063 3468 1166 3526 sed
1189 3473 1247 3523 et
1291 3483 1397 3540 pro
1437 3468 1712 3525 omnibus
1748 3473 2073 3536 rationabi-

417 3567 575 3624 libus
598 3561 949 3620 substantiis
977 3574 1242 3633 passum,
1274 3563 1342 3613 ut
1371 3557 1640 3613 omnium
1669 3568 1911 3631 peccata
1929 3585 2074 3639 pur.

417 3663 625 3732 garet:
658 3660 804 3711 tom.
835 3671 855 3709 ι
909 3656 972 3704 in
1000 3661 1186 3714 Joano,
1237 3648 1463 3723 13613.38:
1496 3657 1819 3713 Absurdum
1849 3675 1929 3715 est
1964 3684 2074 3732 pro

429 3755 725 3807 hominum
741 3750 984 3814 peccatis
1014 3750 1203 3811 ipsum
1220 3756 1476 3810 gustasse
1493 3757 1745 3810 mortem,
1777 3762 1827 3802 et
1848 3770 1954 3807 non
1965 3773 2074 3821 pro

423 3847 620 3914 quovis
665 3845 780 3894 alio
821 3849 1035 3905 praeter
1076 3838 1327 3889 homines
1387 3837 1453 3887 in
1473 3841 1714 3899 peccatis
1738 3846 2071 3912 exsistente;

428 3937 573 3986 velut
591 3950 702 3997 pro
722 3932 913 3994 astris,
944 3943 1070 3994 qua?
1091 3943 1203 3977 non
1241 3935 1375 3976 sunt
1394 3942 1633 3988 prorsus
1680 3943 1839 3990 pura
1888 3949 2073 3987 coram

418 4018 552 4069 Deo.
586 4014 704 4065 le.
748 4026 843 4062 vm
892 4019 1086 4060 contra
1138 4008 1378 4065 Celsum,
1438 4021 1557 4071 pag.
1614 4006 1707 4055 417
1758 4012 2071 4065 εσήνίειυδ

421 4120 634 4170 magna
654 4102 912 4167 potentia
937 4098 1239 4150 seminavit
1273 4103 1380 4145 toto
1414 4095 1539 4145 orbe
1582 4096 1810 4148 verbum
1838 4103 2073 4163 pietatis

418 4194 805 4260 purissimum
837 4205 947 4239 non
979 4188 1163 4238 solum
1192 4186 1534 4246 hominibus,
1570 4187 1663 4238 sed
1694 4192 1883 4255 etiam,
1929 4195 2076 4244 citra

424 4285 781 4338 mendacium
805 4282 944 4338 dico,
973 4280 1109 4329 aliis
1144 4278 1423 4327 creaturis
1452 4280 1830 4333 rationalibus
1849 4287 2075 4348 quibus-

421 4389 643 4440 cunque
681 4388 820 4435 opus
851 4377 931 4420 est
984 4366 1335 4424 correctione,
1379 4368 1689 4428 sanatione,
1734 4374 2071 4424 mutatione-

416 4481 525 4531 que
582 4480 618 4514 a
647 4462 809 4514 vitiis
829 4461 901 4510 ad
944 4459 1224 4509 virtutem.
1257 4454 1401 4510 Vide
1430 4457 1637 4525 homil,
1669 4460 1983 4532 ejusdeml
2018 4469 2074 4517 in

430 4547 629 4603 Levit.,
663 4560 714 4610 p.
766 4541 874 4599 115,
918 4540 1106 4590 homil.
1150 4541 1213 4592 29
1267 4543 1457 4606 Num.,
1507 4560 1558 4609 p.
1607 4546 1735 4598 293:
1779 4549 2071 4614 Indigent,

2171 1927 2366 1989 piunt.
2401 1945 2429 1972 «
2456 1925 2784 1990 Paciﬁcavit
2823 1924 2975 1978 enim
3021 1927 3185 1976 Jesus
3200 1940 3308 1987 per
3335 1926 3676 1988 sanguinem
3700 1941 3830 1974 cru-

2179 2018 2260 2067 cis
2287 2031 2424 2077 suae,
2453 2016 2571 2065 sive
2598 2030 2723 2079 quce
2751 2015 2815 2065 in
2846 2017 3014 2065 terris
3042 2016 3160 2066 sive
3187 2030 3313 2081 qua:
3326 2016 3388 2064 in
3417 2016 3572 2065 ccelis
3589 2016 3825 2065 suntm.»

2179 2107 2434 2168 Subjecti
2461 2113 2597 2155 sunt
2642 2107 2694 2155 ei
2721 2107 2974 2170 angeli...
3004 2107 3153 2156 sicut
3172 2107 3325 2155 enim
3358 2107 3610 2156 homines
3655 2106 3829 2155 absti-

2180 2205 2372 2247 nentes
2399 2212 2436 2246 a
2476 2196 2722 2258 peccatis
2748 2197 2988 2258 subjecti
3013 2204 3151 2246 sunt
3181 2195 3418 2258 Christo,
3454 2197 3535 2245 ita
3562 2203 3613 2244 et
3662 2209 3832 2257 supe-

2180 2287 2334 2336 riora
2363 2286 2693 2345 rationalia,
2725 2294 2975 2336 correcta
3001 2287 3325 2347 spontaneis
3351 2286 3535 2348 culpis
3549 2300 3690 2350 quas
3711 2289 3832 2346 for-

2177 2375 2331 2425 sitan
2359 2375 2618 2433 habuere,
2649 2377 2701 2425 ei
2746 2374 2999 2435 subiecta
3038 2383 3192 2433 sunt,
3226 2376 3497 2437 completa
3538 2376 3830 2437 dispensa-

2179 2466 2330 2515 tione
2348 2463 2539 2515 habita
2557 2480 2666 2527 pro
2693 2465 2877 2514 salute
2897 2472 3239 2514 cunctorum.
3254 2466 3649 2538 Hieronymus
3665 2481 3827 2522 eam-

2179 2555 2315 2611 dem
2346 2555 2680 2611 doctrinam
2713 2555 2982 2626 sequitur
2995 2559 3054 2610 et
3072 2553 3147 2609 ad
3169 2554 3524 2626 Didymique
3546 2559 3605 2611 et
3623 2555 3828 2626 Orige-

2178 2646 2273 2701 nis
2304 2644 2610 2719 [CLXVIII]
2642 2645 3197 2717 interpretationem
3229 2661 3339 2699 nos
3363 2645 3531 2717 juvat
3550 2645 3613 2700 in
3642 2645 3829 2716 Epist.

2180 2733 2254 2791 ad
2271 2735 2482 2806 Ephes.
2511 2751 2639 2806 cap.
2674 2751 2713 2803 ι,
2737 2750 2887 2789 vers.
2912 2736 3003 2788 22:
3031 2733 3362 2794 Curautem,
3382 2734 3594 2805 inquit,
3618 2733 3832 2791 omnia.

2180 2823 2240 2872 id
2258 2830 2340 2871 est
2359 2822 2569 2885 angeli,
2592 2822 2802 2883 throni,
2825 2822 3254 2883 dominationes,
3268 2831 3638 2884 potestates,et
3658 2824 3836 2872 virtu-

2179 2918 2257 2959 tes
2295 2919 2522 2974 coeteroe,
2580 2926 2701 2974 qua:
2730 2926 3030 2975 nunquam
3052 2916 3294 2973 fuerunt
3346 2912 3645 2961 contraria
3695 2913 3831 2972 Deo,

2176 3000 2305 3060 eius
2327 2999 2556 3061 pedibus
2597 2999 3001 3061 subjiciuntur,
3045 3001 3269 3050 videtur
3299 3002 3613 3050 obscurum.
3644 3001 3835 3050 Potest

2180 3090 2370 3154 itaque
2401 3090 2742 3151 responderi,
2769 3090 2917 3153 quod
2941 3090 3148 3155 absque
3166 3100 3387 3151 peccato
3422 3091 3622 3141 nullus
3650 3091 3744 3150 sit,
3781 3099 3835 3140 et

2180 3180 2366 3228 sidera
2414 3180 2539 3241 ipsa
2574 3194 2686 3227 non
2718 3180 2838 3229 sint
2891 3181 3107 3229 munda
3162 3196 3348 3230 coram
3380 3182 3509 3241 Deo,
3538 3180 3836 3245 omnisque

2182 3277 2446 3319 creatura
2477 3277 2681 3331 paveat
2739 3271 3018 3320 Creatoris
3047 3272 3365 3321 adventum.
3431 3271 3583 3320 Unde
3615 3279 3667 3320 et
3695 3285 3835 3321 crux

2178 3359 2513 3418 Saluatoris,
2545 3374 2655 3408 non
2685 3361 2871 3409 solum
2900 3375 2963 3409 ea
2990 3375 3116 3424 qua,
3148 3361 3210 3409 in
3246 3369 3415 3418 terra,
3447 3360 3542 3409 sed
3566 3361 3738 3409 etiam
3770 3375 3837 3411 ea

2178 3463 2305 3514 qua!
2334 3449 2397 3499 in
2431 3450 2584 3499 cwlis
2617 3459 2780 3499 erant
2800 3465 3080 3515 purgasse
3098 3450 3446 3512 perhibetur.
3475 3450 3618 3506 Vide
3662 3468 3837 3508 eum—

2182 3539 2392 3595 demin
2412 3557 2539 3613 cap.
2566 3559 2623 3610 ιι,
2646 3557 2796 3597 vers.
2824 3544 2908 3597 16.
2924 3541 3380 3614 Olympiodorus
3402 3546 3625 3597 catena:
3648 3540 3707 3596 in
3727 3543 3832 3597 Job

2179 3645 2309 3701 pag.
2338 3632 2461 3695 149,
2487 3633 2607 3697 150,
2635 3630 2707 3686 ad
2752 3630 2902 3686 illud
2922 3630 3049 3699 Job,
3071 3647 3144 3698 1v,
3186 3633 3268 3699 18,
3294 3630 3622 3686 secundum
3653 3630 3827 3686 LXX:

2179 3717 2247 3767 Si
2266 3718 2468 3779 pueris
2495 3719 2620 3766 suis
2649 3734 2763 3768 non
2785 3720 2975 3778 credit,
3005 3727 3057 3769 et
3077 3728 3271 3769 contra
3291 3719 3517 3782 angelos
3544 3735 3673 3768 suos
3696 3718 3833 3769 obli-

2179 3811 2356 3861 quum
2383 3798 2525 3860 quid
2556 3805 2608 3846 et
2635 3799 2855 3848 malum
2884 3799 3185 3862 cogitavit;
3215 3800 3340 3855 haec
3369 3799 3585 3855 habet:
3619 3800 3702 3848 An
3710 3800 3803 3861 gel
3812 3802 3831 3848 i

2176 3885 2603 3947 reprehensione
2622 3902 2729 3938 non
2759 3894 2968 3946 carent,
2995 3904 3127 3938 nam
3153 3898 3203 3937 et
3224 3889 3338 3950 ipsi
3346 3888 3645 3937 mutabilis
3667 3895 3834 3936 natu-

2180 3991 2279 4025 rw.
2314 3976 2377 4028 Oi
2407 3973 2671 4050 ἄγγελλοι
2732 3980 2809 4050 μὴ
2870 3977 3173 4053 ἄμεμπτοι,
3221 3984 3461 4054 τρεπτῆς
3487 3978 3587 4053 γὰρ
3616 3978 3829 4055 φύσεως

2177 4063 2269 4119 καὶ
2299 4063 2474 4119 αὐτοί.
2509 4073 2586 4121 Ac
2618 4069 2827 4121 divina:
2846 4070 3073 4134 quidem
3096 4068 3465 4131 perfectionis
3486 4078 3833 4129 respectu,ne

2179 4162 2292 4223 ipsi
2325 4161 2547 4225 quidem
2570 4160 2690 4209 veri
2738 4175 2803 4208 ac
2829 4158 3039 4208 sinceri
3068 4159 3195 4219 ejus
3218 4159 3366 4206 servi
3394 4165 3445 4205 et
3474 4157 3731 4207 ministri
3762 4157 3827 4205 in

2181 4251 2427 4301 omnibus
2462 4250 2789 4315 ﬁdelitatem
2840 4264 2904 4297 ac
2932 4248 3264 4313 ﬁrmitatem
3315 4246 3535 4296 habent.
3588 4248 3651 4296 Et
3677 4246 3831 4297 hunc

2179 4342 2394 4406 quidem
2412 4356 2639 4390 sensum
2661 4339 3025 4404 Symmachus
3046 4338 3336 4399 expressit,
3360 4352 3486 4386 cum
3498 4338 3684 4395 vertit;
3707 4358 3733 4382 «ι
3755 4338 3829 4386 In

2179 4432 2355 4480 servis
2385 4432 2510 4493 ejus
2565 4430 2964 4486 inconstantia,
2995 4436 3047 4476 et
3081 4429 3143 4477 in
3173 4427 3388 4490 angelis
3436 4428 3560 4476 suis
3591 4428 3832 4489 reperiet

2180 4520 2505 4571 vanitatem.
2528 4538 2554 4565 »
2576 4520 3107 4591 Finitimapeccato
3122 4518 3829 4592 ignorantiaest.Patrum

419 4622 623 4690 inquit,
651 4604 1058 4688 puriﬁcatione
1100 4636 1207 4670 non
1247 4604 1450 4673 solum-
1478 4604 1595 4689 q-uae
1626 4628 1692 4676 in
1726 4637 1878 4679 terra
1914 4604 2069 4690 sunt;
2105 4604 2153 4669 D
2184 4627 2318 4666 vero
2350 4610 2628 4683 permulti
2662 4610 2905 4684 angelos
2926 4626 3114 4680 usque
3145 4608 3219 4664 ad
3250 4607 3568 4664 adventum
3592 4609 3829 4663 Domini

419 4719 513 4769 sed
531 4726 583 4767 et
610 4729 735 4778 quae
758 4713 818 4762 in
838 4712 1011 4771 caelis,
1034 4713 1291 4761 imminet
1308 4729 1549 4779 namque
1566 4724 1616 4765 et
1638 4719 1762 4767 caeli
1796 4722 2062 4781 perditio.

422 4803 519 4860 Ait
545 4796 754 4856 homil.
790 4798 853 4848 10
897 4795 958 4842 in
985 4799 1119 4849 Luc.
1152 4797 1531 4866 prmsentiam
1563 4799 1795 4855 Domini
1827 4804 1963 4858 Jesu
2007 4810 2066 4860 et

421 4885 929 4964 dispensationem
944 4883 1124 4950 illius,
1141 4902 1260 4940 non
1280 4886 1474 4943 solum
1492 4892 1747 4961 terrena,
1765 4892 1869 4947 sed
1886 4894 2065 4949 etiam

421 4978 684 5038 ccelestia
695 4973 939 5047 juvisse,
966 4989 1215 5045 eamque
1238 4980 1298 5030 et
1319 4977 1380 5032 in
1403 4977 1566 5033 cmlis
1588 4983 1646 5033 et
1667 4979 1729 5034 in
1752 4984 1910 5037 terra
1929 4999 2063 5054 pro-

416 5071 622 5127 fuisse.
645 5066 767 5123 Lib.
810 5081 841 5116 ν
870 5075 935 5123 in
964 5073 1219 5138 Epist.ad
1233 5076 1412 5133 Rom.,
1436 5067 1510 5122 ad
1531 5084 1658 5140 cap.
1685 5085 1762 5137 v1,
1784 5070 2065 5127 refellens

419 5178 520 5218 eos
542 5161 643 5232 qui
664 5159 904 5217 aiebant
923 5174 1165 5214 necesse
1188 5173 1317 5213 esse
1339 5161 1405 5212 ut
1443 5157 1711 5215 Christus
1752 5159 1815 5215 in
1848 5160 2065 5218 futuris

416 5251 649 5309 swculis
671 5250 879 5307 eadem
896 5249 985 5305 vel
1007 5247 1228 5304 similia
1246 5252 1564 5318 pateretur,
1586 5253 1651 5303 ut
1670 5248 2067 5307 liberarentur

415 5342 594 5398 etiam
624 5340 683 5396 hi
709 5356 857 5412 quos
889 5340 951 5395 in
980 5337 1259 5409 praisenti
1298 5336 1416 5392 vita
1443 5336 1905 5407 dispensationis
1931 5342 2063 5411 ejus

413 5428 713 5485 medicina
743 5444 953 5484 sanare
991 5442 1112 5482 non
1143 5426 1369 5496 potuit:
1404 5425 1490 5481 ait
1510 5429 1733 5480 tantam
1773 5444 1903 5483 esse
1940 5430 2056 5485 vim

411 5520 605 5576 crucis
633 5517 871 5587 Christi,
892 5521 957 5573 ut
996 5515 1070 5572 ad
1099 5515 1409 5572 sanitatem
1443 5520 1501 5569 et
1546 5515 1878 5572 remedium
1941 5537 2059 5577 non

481 5670 529 5706 ²⁰
557 5669 781 5726 Coloss.
814 5686 854 5740 ι,
884 5672 973 5738 20,

2177 4705 2235 4755 et
2264 4700 2746 4772 praedicationem
2779 4699 3273 4771 evangelicam,in
3305 4698 3701 4754 maximarum
3736 4715 3826 4752 re-

2176 4806 2306 4844 rum
2338 4790 2707 4862 ignoratione
2736 4794 2995 4845 versatos
3025 4787 3295 4843 arbitrati
3326 4793 3500 4853 sunt;
3536 4805 3684 4857 quas
3709 4788 3828 4841 sive

2174 4896 2209 4935 a
2237 4879 2467 4933 Christo
2491 4878 2609 4934 sive
2633 4878 2702 4934 ab
2730 4879 3071 4934 hominibus
3096 4876 3559 4950 praedicantibus
3584 4877 3824 4931 tandem

2175 4967 2513 5024 didicerint.
2548 4969 2613 5023 In
2645 4968 2718 5024 iis
2738 4969 2915 5023 rebus
2937 4974 3077 5023 sunt
3105 4967 3458 5033 incarnatio,
3489 4966 3581 5022 vel
3614 4967 3827 5022 saltem

2176 5057 2303 5129 ejus
2334 5058 2565 5127 modus,
2600 5046 2798 5130 passio
2831 5062 2889 5113 et
2916 5058 3272 5113 resurrectio
3292 5056 3537 5126 Christi,
3558 5055 3828 5127 ejusdem

2172 5148 2466 5215 ascensio,
2516 5150 2741 5203 vocatio
2793 5147 3099 5220 gentium;
3134 5148 3258 5201 haec
3309 5145 3510 5201 indico
3572 5149 3827 5211 tantum,

2174 5237 2315 5309 quia
2346 5236 2594 5291 eruditis
2624 5237 2768 5292 satis
2797 5241 2959 5291 nota.

2235 5345 2321 5397 36.
2356 5344 2438 5398 Ex
2467 5342 2560 5397 his
2592 5342 2867 5398 omnibus
2894 5359 3025 5413 qua)
3057 5342 3357 5413 disputata
3382 5341 3827 5412 sunt,qumdam

2171 5431 2469 5488 corollarii
2504 5449 2666 5487 more
2697 5431 3050 5504 colligenda.
3088 5432 3303 5499 Primo,
3338 5431 3493 5486 hanc
3526 5431 3599 5485 de
3632 5432 3824 5486 bono-

2171 5538 2303 5578 rum
2319 5522 2492 5577 etiam
2521 5521 2869 5595 angelorum
2899 5522 3176 5595 peccatis,
3192 5520 3415 5577 multos
3439 5520 3598 5593 apud
3622 5522 3829 5577 Patres
