4134 6264
272 347 395 410 205

1627 343 2136 408 DISSERTATIO
2182 345 2293 407 Ῑῐῐ.

3561 352 3681 413 206

274 482 691 553 suffragatores
720 480 1024 537 habuisse.
1055 482 1347 549 Secundo,
1395 484 1547 539 hanc
1596 499 1666 537 ex
1716 480 1921 536 multis
1951 484 2002 548 Α
2034 483 2093 532 et
2114 480 2277 550 regni
2300 478 2583 533 cwlorum
2606 484 2869 535 extorres
2892 479 3115 552 absque
3136 481 3261 538 ulla
3284 498 3406 554 spe.
3426 484 3682 556 Haacqui

273 568 590 640 Scriptura
621 568 941 625 sententiis
970 569 1350 626 informatam
1382 571 1565 626 fuisse
1595 588 1610 637 ;
1642 570 1704 624 in
1726 567 1939 641 primis

275 678 346 716 ex
362 661 469 716 illo
490 660 666 716 modo
687 667 1022 716 memorato
1041 661 1170 717 Jobi
1193 662 1533 718 testimonio
1554 678 1566 715 :
1586 662 1931 730 iterumque

277 768 344 806 ex
363 750 483 805 alio
505 766 633 821 cap.
658 767 750 820 xv,
775 766 930 806 vers.
970 754 1059 819 l5,
1081 753 1183 822 qui
1217 751 1301 807 sic
1324 751 1539 823 legitur
1565 751 1627 805 in
1660 750 1804 805 LXX
1832 764 1845 804 :
1879 735 1942 803 Si

276 842 479 895 sanctis
500 856 612 894 non
659 839 854 907 credit,
888 840 1192 911 caelumque
1213 858 1424 911 purum
1462 856 1576 895 non
1608 846 1687 895 est
1717 840 1778 893 in
1808 853 1940 893 con-

277 936 463 1000 spectu
491 930 613 1000 ejus
632 946 651 985 :
683 929 845 1000 quod
872 929 1261 1001 Symmachus
1292 930 1465 986 vertit
1492 946 1503 986 :
1542 930 1683 985 Ecce
1711 930 1772 982 in
1818 943 1944 982 san-

278 1023 377 1075 ctis
405 1020 527 1089 ejus
558 1019 746 1075 nullus
794 1019 1179 1089 immutabilis,
1230 1035 1406 1090 neque
1459 1019 1651 1075 caelum
1709 1016 1939 1073 macula

276 1124 475 1179 expers
494 1114 742 1179 ;quanto
763 1110 943 1178 magis
964 1108 1142 1165 homo.
1159 1109 1225 1164 In
1247 1109 1449 1165 codice
1471 1114 1669 1164 autem
1691 1107 1940 1163 Alexan-

274 1196 454 1253 drino
512 1198 598 1252 sic
641 1197 825 1254 habet
852 1202 1159 1268 postrema
1204 1215 1342 1270 pars
1383 1198 1697 1253 versiculi:
1735 1195 1941 1253 Caelum

278 1296 469 1344 autem
485 1304 700 1359 purum
742 1304 855 1343 non
893 1295 972 1344 est
1000 1291 1059 1343 in
1089 1296 1378 1360 conspectu
1406 1290 1545 1359 ejus,
1572 1295 1623 1344 et
1652 1293 1802 1343 astra
1828 1302 1940 1341 non

272 1376 717 1449 reprehensionis
756 1380 1026 1449 expertia.
1076 1379 1282 1449 Quam,
1307 1379 1397 1435 vel
1418 1379 1471 1434 ei
1494 1377 1740 1433 omnino
1762 1376 1942 1432 ﬁniti-

274 1485 441 1524 mam
472 1468 796 1523 lectionem
819 1468 1009 1524 secuti
1032 1473 1170 1524 sunt
1191 1468 1494 1541 Origenes,
1520 1467 1937 1538 Hieronymus,

272 1558 503 1629 aliique
522 1556 701 1613 multi
722 1559 949 1613 Patres.
967 1558 1036 1613 In
1058 1557 1328 1614 eamdem
1354 1557 1713 1613 sententiam
1739 1554 1812 1611 de
1836 1571 1937 1611 an-

270 1647 553 1720 gelorum
576 1646 839 1702 hominis
856 1646 1141 1702 custodia)
1176 1646 1631 1719 praepositorum
1654 1645 1934 1717 peccatis,

273 1738 458 1794 modo
473 1736 702 1793 laudati
726 1737 1008 1810 Origenes
1030 1744 1089 1793 et
1107 1738 1501 1810 Hieronymus
1518 1735 1933 1809 reprehensio-

271 1825 458 1881 nibus
488 1824 840 1897 angelorum
870 1825 934 1880 in
950 1825 1302 1897 Apocalypsi
1326 1824 1622 1880 contentis
1645 1823 1932 1879 adductos
1966 1845 2011 1911 Β

274 1932 338 1970 se
370 1931 500 1970 non
529 1914 781 1970 obscure
808 1914 1153 1971 insinuant:
1185 1920 1368 1986 utque
1390 1914 1453 1969 in
1479 1913 1757 1970 omnibus
1774 1929 1934 1969 crea-

275 2005 431 2061 turis
462 2009 707 2076 peccata
737 2009 1128 2076 agnoscerent
1152 2020 1205 2079 al
1229 2003 1461 2059 Christo
1493 2002 1818 2075 purganda,
1845 2002 1933 2059 fe-

274 2112 414 2152 cere
446 2093 745 2149 nonnulla
770 2093 1039 2166 Apostoli
1068 2092 1245 2149 verba
1280 2110 1412 2164 quae
1460 2092 1935 2164 redemptionem

272 2184 499 2239 Christi
517 2187 581 2239 et
598 2182 988 2255 apostolicam
1009 2183 1493 2255 praedicationem
1515 2183 1661 2238 caelo
1683 2186 1742 2236 et
1759 2181 1937 2236 terris

271 2273 578 2346 profuisse
635 2272 976 2344 significant
1024 2288 1038 2327 :
1096 2272 1381 2327 nimirum
1437 2271 1659 2326 Coloss.
1720 2288 1759 2339 ι,
1817 2273 1934 2338 20;

273 2362 495 2434 Ephes.
529 2378 614 2430 ιιι,
648 2363 738 2429 10,
770 2366 886 2417 eto.
922 2360 1225 2417 Generalis
1256 2377 1492 2433 quoque
1525 2360 1819 2416 sententia
1865 2359 1937 2413 de

278 2452 575 2508 creaturis
597 2451 878 2507 omnibus
900 2451 961 2506 in
972 2450 1201 2522 judicio
1223 2451 1452 2505 Christo
1481 2449 1784 2516 sistendis,
1799 2447 1943 2503 fecit

278 2546 346 2597 ut
365 2542 613 2615 angelos
632 2541 814 2597 etiam
821 2540 1054 2613 judicio
1074 2537 1938 2613 comprehenderent.Tandem

285 2633 546 2689 maxime
576 2629 1057 2704 valuitgenerale
1080 2629 1232 2686 illud
1249 2631 1513 2697 effatum,
1538 2628 1730 2684 solum
1754 2629 1940 2683 Deum

287 2740 353 2779 ac
384 2721 688 2777 Christum
717 2719 924 2775 delicti
973 2725 1293 2791 expertem.
1326 2719 1556 2774 Tertio:
1604 2716 1744 2772 Huic
1794 2733 1942 2789 quo-

292 2811 614 2870 dammodo
663 2810 963 2866 tolerabili
996 2809 1068 2866 de
1098 2810 1325 2866 levibus
1355 2827 1424 2865 ac
1470 2808 1802 2865 venialibus
1835 2824 1942 2863 an-

289 2903 558 2977 gelorum
581 2900 854 2955 ﬁdelium
884 2900 1142 2972 peccatis
1169 2905 1227 2955 et
1250 2898 1447 2968 malis,
1478 2897 1737 2955 absurda
1758 2896 1946 2953 multa

289 2993 595 3065 Origenes,
642 2990 869 3060 aliique
918 2989 1114 3061 ipsum
1160 2989 1457 3046 incautius
1504 2988 1691 3045 secuti
1738 3003 1944 3060 super-

293 3088 561 3139 struxere
586 3099 600 3149 ;
635 3097 769 3152 quas
792 3079 1050 3151 Cyrillus
1068 3084 1273 3135 noster
1287 3079 1753 3151 prudentissime
1775 3078 1949 3134 evita-

288 3173 404 3239 vit;
434 3176 507 3228 ut
534 3170 887 3244 opinionem
918 3168 1084 3224 illam
1115 3168 1376 3240 [CLXIX]
1403 3186 1534 3241 quas
1563 3184 1723 3224 nunc
1765 3182 1944 3240 gene-

290 3262 465 3317 ratim
483 3260 640 3318 falsa
658 3258 1053 3326 existimatur,
1076 3258 1233 3315 intra
1251 3259 1702 3332 angustissimos
1722 3258 1945 3313 limites

290 3350 679 3416 continuerit,
711 3349 785 3405 ab
812 3347 1089 3404 omnibus
1119 3365 1272 3420 pene
1303 3354 1512 3404 contra
1556 3348 1945 3420 Scripturam,

290 3441 702 3509 traditionem,
735 3443 794 3495 et
823 3442 1047 3495 rectam
1084 3438 1380 3493 rationem
1439 3437 1741 3493 erroribus
1796 3436 1942 3492 libe~

289 3548 442 3587 ram.

941 3617 1170 3675 CAPUT
1211 3617 1301 3670 VI.

787 3706 871 3754 .De
890 3713 1115 3766 peccato
1142 3702 1441 3766 originali.

360 3791 453 3847 37.
490 3789 689 3844 Unum
719 3802 792 3842 ex
819 3785 1136 3858 praecipuis
1177 3784 1527 3841 Christiana;
1576 3783 1717 3839 ﬁdei
1765 3782 1947 3839 docu-

293 3879 517 3936 mentis
546 3876 838 3948 originale
868 3879 1179 3948 peccatum
1210 3879 1317 3943 est,
1342 3874 1501 3946 quod
1525 3872 1764 3929 disertis
1795 3872 1947 3928 Scri-

290 3978 611 4043 pturarum
642 3964 1000 4022 testimoniis
1029 3970 1345 4033 assertum,
1376 3963 1811 4035 antiquissimis
1840 3964 1945 4017 Ec-

287 4061 491 4117 clesim
528 4055 906 4113 caeremoniis
936 4056 1370 4127 consignatum,
1404 4054 1822 4125 constantique
1846 4055 1948 4109 Pa-

288 4156 447 4204 trum
476 4144 799 4202 traditione
820 4143 1158 4216 praaditum,
1181 4142 1332 4199 nulli
1354 4160 1619 4215 unquam
1648 4143 1945 4199 Catholico

287 4239 377 4294 vel
417 4240 485 4293 in
516 4234 956 4292 dubitationem
987 4233 1302 4301 adducere,
1335 4232 1426 4287 vel
1456 4233 1633 4290 etiam
1674 4234 1945 4306 ignorare

286 4327 459 4382 licuit
482 4343 496 4393 ;
533 4340 691 4388 cum,
722 4327 791 4378 ut
818 4321 1092 4378 observat
1119 4321 1504 4394 Augustinus,
1539 4322 1640 4378 lib.
1668 4325 1742 4379 De
1754 4339 1948 4394 pecca-

300 4424 355 4472 to
381 4413 679 4486 originali,
712 4412 773 4467 in
801 4428 980 4469 causa
1014 4411 1267 4468 duorum
1306 4411 1640 4479 hominum,
1691 4428 1945 4483 quorum

290 4524 394 4579 per
424 4504 687 4561 alterum
717 4501 956 4574 perditi,
989 4517 1095 4572 per
1138 4500 1392 4556 alterum
1431 4499 1666 4555 liberati
1714 4517 1939 4569 sumus,

2050 566 2337 636 docuerit,
2368 567 2419 622 is
2439 568 2672 623 etiamsi
2700 568 2987 641 originale
3009 576 3319 641 peccatum
3350 589 3470 630 non
3498 577 3693 632 nomi-

2050 660 2172 722 net,
2197 672 2324 711 rem
2354 661 2563 711 tamen
2593 661 2776 713 totam
2807 658 3114 731 originalis
3144 662 3370 731 peccati
3404 667 3606 733 tenet;
3640 672 3701 722 et

2052 745 2100 800 si
2123 751 2431 817 peccatum
2460 745 2645 801 libera
2668 763 2735 803 ac
2758 747 3088 804 voluntaria
3110 753 3579 823 transgressione
3602 755 3700 811 de-

2050 834 2290 902 ﬁniens,
2306 836 2584 892 homines
2606 838 2733 893 sine
2756 844 2997 911 peccato
3012 840 3176 895 nasci
3190 843 3559 912 pronuntiet,
3580 850 3700 901 tota

2049 924 2314 980 nominis
2343 943 2410 981 ac
2442 926 2709 982 vocabuli
2741 930 2990 999 quaestio
3020 928 3220 985 futura
3250 935 3359 985 est.
3391 933 3472 987 Ea
3520 950 3697 1004 porro

2050 1014 2244 1085 capita
2260 1015 2461 1071 omnia
2480 1017 2824 1088 gravissime
2847 1019 3160 1090 etcopiose
3184 1023 3575 1093 propugnavit
3594 1024 3699 1094 Cy-

2049 1103 2242 1171 rillus,
2266 1105 2538 1161 homines
2570 1106 2749 1166 etiam
2779 1124 2988 1162 omnes
3019 1107 3257 1164 nemine
3292 1116 3532 1181 excepto
3567 1128 3702 1182 pec-

2052 1195 2189 1249 catis
2218 1201 2461 1250 mortuos
2491 1196 2807 1252 deﬁniens.

2122 1283 2209 1337 38.
2243 1284 2438 1339 Primo
2470 1285 2631 1340 enim
2663 1286 2744 1342 ita
2774 1286 3031 1358 explicat
3057 1288 3294 1355 ruinam
3325 1289 3570 1345 humani
3593 1307 3700 1362 ge-

2048 1373 2211 1428 neris
2241 1378 2483 1445 propter
2510 1380 2817 1446 peccatum
2849 1376 3009 1443 Adae,
3042 1381 3109 1431 ut
3145 1394 3213 1433 eo
3257 1394 3367 1433 nos
3422 1378 3702 1450 deceptos

2051 1462 2322 1533 periisse,
2338 1462 2644 1531 cecidisse,
2666 1472 2988 1521 excaecatos
3003 1483 3155 1534 esse,
3171 1467 3416 1522 claudos
3435 1469 3697 1537 effectos,

2050 1552 2111 1606 in
2144 1567 2377 1607 summa
2406 1558 2672 1609 mortuos
2707 1569 2836 1610 esse
2867 1554 3044 1611 dicat.
3100 1558 3244 1612 Nam
3304 1561 3418 1611 cat.
3452 1560 3504 1624 2,
3566 1574 3701 1613 cum

2050 1647 2594 1710 commemorasset,
2619 1659 2677 1697 ιι.
2702 1645 2756 1710 4,
2785 1644 2963 1714 primi
2994 1645 3258 1716 parentis
3289 1644 3522 1717 lapsum
3546 1647 3700 1717 ejus-

2050 1747 2163 1804 que
2185 1732 2540 1804 ejectionem
2564 1750 2633 1788 ex
2647 1734 2940 1805 paradiso,
2959 1737 3239 1791 continuo
3264 1736 3521 1808 subjicit.
3540 1754 3599 1791 ιι.
3630 1739 3660 1790 5
3684 1754 3697 1791 :

2050 1843 2077 1873 ι(
2090 1822 2240 1888 Quid
2253 1822 3157 1897 igitur,dixeritaliquis,decepti
3171 1826 3702 1898 perivimus;nulla-

2041 1933 2069 1962 ‹‹
2085 1927 2160 1967 ne
2173 1911 2455 1984 deinceps
2468 1913 3012 1969 salus?Cecidimus
3028 1932 3041 1982 ;
3058 1931 3201 1970 num
3214 1932 3335 1972 non
3348 1916 3689 1972 licetresur-

2042 2017 2220 2075 «gere
2232 2002 2259 2057 *ἲ
2270 2003 2554 2058 Excaecati
2568 2019 2773 2059 sumus
2793 2020 2806 2071 ;
2822 2004 2910 2060 fas
2923 2021 3043 2060 non
3062 2011 3152 2060 est
3168 2005 3356 2061 visum
3371 2022 3659 2079 recupera
3674 2037 3693 2048 -

2044 2112 2072 2142 «
2085 2091 2403 2147 re?Claudi
2418 2109 2623 2148 sumus
2635 2094 2828 2150 elfecti
2848 2111 2860 2161 ;
2877 2111 3010 2166 spes
3022 2110 3142 2150 non
3162 2096 3583 2167 estaliquando
3598 2113 3692 2151 re-

2042 2187 2133 2236 cte
2147 2180 2577 2237 incedendi?ln
2600 2200 2833 2240 summa
2854 2183 3069 2250 dicam,
3086 2185 3305 2240 mortui
3320 2202 3524 2241 sumus
3540 2203 3554 2252 ;
3569 2202 3695 2240 non

2045 2292 2073 2320 ‹‹
2090 2271 2304 2325 licetut
2316 2272 2723 2343 resurgamus‘?
2738 2294 2767 2322 ››
2781 2275 3019 2329 Fatetur
3029 2274 3137 2329 hos
3152 2291 3360 2330 omnes
3374 2275 3550 2346 primi
3564 2292 3697 2347 pec-

2046 2359 2162 2415 cati
2192 2360 2457 2429 eﬂ‘ectus,
2491 2364 2722 2415 tantum
2752 2369 2927 2434 negat
2981 2363 3416 2420 immedicabile
3473 2363 3700 2419 malum
3760 2356 3764 2361 ”

2048 2464 2198 2503 esse.
2216 2447 2348 2503 Alio
2365 2448 2426 2503 in
2451 2448 2581 2504 loco
2599 2466 2807 2505 omnes
2827 2451 2890 2505 in
2921 2452 3146 2508 mundo
3170 2452 3444 2509 homines
3475 2470 3701 2525 reprae-

2049 2542 2263 2605 sentat,
2295 2539 2381 2593 uti
2412 2539 2669 2609 peccatis
2696 2545 2986 2609 mortuos,
3015 2541 3363 2614 ignorantiae
3395 2542 3551 2598 fame
3597 2559 3706 2615 per

2048 2627 2392 2683 universum
2415 2627 2619 2683 orbem
2638 2629 3029 2697 tabescentes,
3044 2637 3423 2702 peccatorum
3447 2631 3701 2688 vinculis

2049 2717 2423 2783 constrictos,
2440 2723 2678 2789 peccato
2693 2718 2985 2775 detentos.
3005 2719 3308 2777 Catechesi
3323 2721 3702 2778 videlicett3.

2050 2823 2111 2862 ιι.
2146 2810 2170 2860 1
2198 2823 2210 2860 :
2239 2804 2307 2861 Ti
2335 2802 2392 2859 δὲ
2421 2805 2559 2881 πρὸς
2584 2803 2711 2867 τοὺς
2743 2804 2795 2860 ἐν
2823 2809 2892 2880 τῇ
2924 2806 3219 2883 οἰκουμένῃ
3246 2814 3365 2871 ταῖς
3413 2808 3706 2886 ἁμαρτίαις

2050 2892 2481 2967 νενεκρωμένους
2514 2911 2528 2963 ;
2559 2893 2686 2958 τοὺς
2712 2893 3094 2966 λιμώσσοντοις
3133 2895 3186 2951 ἐν
3244 2898 3487 2972 ἆγνωσίᾳ
3546 2923 3702 2957 κατι-

2052 2983 2229 3052 noiqu
2262 2982 2361 3050 τὴν
2393 2980 2721 3054 οἰκουμένην
2759 3001 2845 3050 ς...
2879 2984 2945 3039 Τί
2977 2985 3115 3058 πρὸς
3147 2987 3296 3058 ἡμᾶς
3326 2987 3549 3060 πάντας,
3579 2992 3709 3055 τοὺς

2053 3076 2172 3133 ταῖς
2216 3075 2421 3146 σειραῖς
2480 3074 2591 3125 τῶν
2640 3072 2920 3147 ἁμαρτιῶν
2978 3074 3141 3146 ἡμῶν
3197 3074 3704 3151 καταδεδεμένουςς

2063 3165 2165 3221 Nos
2186 3178 2382 3218 ommes
2396 3162 2480 3218 ait
2498 3166 2877 3234 peccatorum
2908 3169 3246 3222 nostrorum
3278 3168 3527 3227 vinculis
3556 3189 3701 3228 con-

2060 3252 2298 3308 strictos
2322 3269 2335 3307 :
2360 3250 2518 3323 quod
2541 3252 2759 3307 iterum
2782 3254 3017 3325 repetit,
3036 3260 3103 3309 ut
3122 3256 3426 3314 neminem
3461 3276 3702 3332 prorsus

2057 3340 2363 3408 excludat;
2384 3340 2467 3396 ait
2484 3341 2645 3396 enim
2662 3341 2962 3398 Christum
2983 3345 3347 3417 expedivisse
3362 3365 3569 3407 omnes
3592 3352 3700 3406 sub

2054 3434 2298 3503 peccato
2329 3428 2621 3497 detentos,
2672 3435 2731 3485 et
2760 3432 3103 3487 universum
3133 3436 3424 3492 mundum
3470 3439 3698 3513 [CLXX]

2055 3519 2389 3586 hominum,
2405 3535 2510 3573 seu
2529 3518 2837 3574 universos
2860 3520 3133 3577 homines
3150 3523 3211 3578 in
3239 3526 3463 3581 mundo
3485 3527 3701 3601 degen-

2056 3612 2146 3663 tes
2174 3606 2537 3663 liberavisse.
2573 3630 2603 3659 »
2627 3603 2827 3663 Ἑλυσε
2856 3606 3060 3674 πάντας
3088 3610 3215 3673 τοὺς
3250 3612 3352 3668 ὑπὸ
3398 3620 3499 3684 τῆς
3528 3617 3706 3690 ἁμαρ-

2053 3694 2172 3759 τίας
2199 3694 2621 3768 κατεχομένους,
2653 3694 2742 3750 καὶ
2772 3695 2975 3771 κόσμον
3030 3696 3160 3754 ὅλον
3213 3700 3513 3772 ἀνθρώπων
3568 3702 3700 3758 ἐλυ-

2056 3785 2292 3859 ρώσατο.
2316 3785 2524 3841 Fateor
2552 3785 2649 3842 hic
2697 3789 3074 3859 potissimum
3125 3794 3382 3849 actualia
3431 3800 3489 3849 et
3533 3812 3701 3851 com-

2056 3876 2358 3932 missionis
2389 3881 2631 3948 peccata
2659 3878 2894 3949 respici.
2930 3881 3010 3934 Ne
3040 3885 3239 3936 autem
3272 3885 3588 3955 quisquam
3632 3904 3699 3943 ex

2055 3968 2230 4024 ruina
2258 3983 2436 4039 quam
2467 3967 2738 4039 deplorat
2758 3968 2966 4024 ductor
2987 3971 3333 4042 excipiatur,
3357 3975 3698 4032 universum

2056 4074 2212 4128 saepe
2242 4074 2428 4129 genus
2457 4058 2707 4129 periisse
2738 4057 2899 4112 dicit.
2935 4059 3058 4114 Cat.
3098 4061 3183 4129 12,
3217 4078 3277 4117 ιι.
3310 4066 3361 4131 5,
3397 4064 3699 4121 diabolum

2056 4146 2294 4202 exhibet
2321 4152 2457 4219 post
2480 4145 2689 4202 Adami
2720 4147 2954 4220 lapsum
2984 4149 3212 4206 homini
3250 4152 3480 4225 dejecto
3510 4155 3699 4211 insul-

2056 4240 2303 4305 tantem,
2335 4235 2663 4310 Ἐπέχαιρεν
2709 4236 2737 4290 ὁ
2797 4233 2996 4312 ἐχθρὸς
3020 4234 3328 4294 πεπτωκότι
3386 4245 3465 4313 τῷ
3494 4254 3698 4320 φθονη-

2056 4322 2217 4386 θέντι·
2254 4325 2411 4397 quod
2442 4341 2517 4380 ne
2545 4325 2617 4381 de
2644 4325 2768 4381 solo
2800 4326 3024 4383 Adamo
3048 4328 3434 4403 intelligatur,
3454 4333 3701 4405 subjun-

2054 4414 2156 4486 git,
2189 4430 2429 4485 aequum
2459 4431 2581 4470 non
2609 4415 2814 4481 fuisse,
2846 4420 2912 4470 ut
2937 4417 3178 4474 homine
3201 4419 3261 4474 in
3283 4420 3393 4475 hac
3412 4423 3589 4478 ruina
3604 4423 3705 4478 de-

2055 4501 2285 4570 relicto,
2309 4502 2580 4559 diabolus
2611 4504 2819 4559 eadem
2851 4521 3089 4577 semper
3116 4507 3372 4579 gaudere
3395 4512 3702 4582 permitte-

295 4596 457 4651 salus
487 4599 695 4650 nostra
723 4591 1028 4648 consistat.
1070 4589 1184 4646 Sed
1243 4589 1402 4661 quod
1448 4590 1773 4662 Augustino
1831 4589 1943 4661 ipsi

2055 4595 2237 4645 retur.
2266 4594 2402 4665 Ἀρα
2431 4584 2670 4645 ἐϐούλου
2705 4611 2877 4663 μενειν
2902 4592 3165 4669 χαίροντα
3193 4595 3285 4649 τὸν
3320 4595 3516 4674 ἐχθρόν
3552 4618 3565 4669 ;
3590 4603 3701 4659 Ea-

295 4686 581 4741 adversus
610 4681 966 4737 Manichaeos
996 4679 1344 4752 disputanti,
1378 4679 1537 4734 idem
1564 4679 1780 4750 Cyrillo
1815 4696 1945 4735 eos-

296 4774 427 4829 dem
463 4771 834 4826 adversarios
856 4769 1220 4843 oppugnanti
1252 4768 1518 4842 contigit,
1550 4773 1617 4823 ut
1656 4769 1948 4825 nonnulla

296 4870 505 4918 contra
526 4860 863 4917 doctrinam
886 4859 1190 4932 originalis
1213 4859 1438 4931 peccati
1462 4859 1741 4915 effudisse
1764 4859 1955 4915 videa-

298 4957 411 5009 tur.
435 4954 775 5022 Antequam
800 4965 899 5004 eas
921 4947 1301 5003 difficultates
1333 4947 1745 5016 discutiamus,
1768 4952 1953 5004 totam

297 5044 426 5115 ejus
459 5042 531 5096 de
551 5042 663 5096 hoc
687 5044 1036 5112 argumento
1060 5038 1393 5093 doctrinam
1417 5046 1845 5109 repraesentare
1864 5039 1957 5110 ju-

298 5136 410 5187 vat.
447 5128 613 5197 Quod
647 5146 716 5184 ea
739 5130 810 5183 de
839 5145 900 5182 re
928 5128 1101 5183 docet
1120 5127 1400 5197 Ecclesia,
1426 5128 1576 5183 illud
1603 5133 1712 5195 est,
1745 5144 1957 5182 omnes

298 5221 576 5277 homines
605 5218 772 5275 nasci
800 5217 997 5288 quoad
1019 5218 1232 5274 anima:
1255 5218 1432 5273 vitam
1455 5223 1741 5285 mortuos,
1764 5223 1824 5272 et
1852 5235 1960 5272 no-

298 5329 378 5366 vae
438 5309 719 5365 nativitas
786 5311 1067 5379 egentes;
1126 5307 1245 5361 Deo
1312 5312 1557 5378 propter
1625 5311 1956 5378 peccatum,

301 5417 485 5457 unam
518 5399 734 5454 divinas
766 5396 869 5450 iraa
899 5412 1161 5464 causam,
1195 5412 1404 5451 exesos
1436 5402 1494 5451 et
1532 5396 1809 5450 inimicos
1847 5415 1861 5462 ;
1894 5414 1962 5451 ac

301 5488 757 5545 reconciliatore
779 5502 848 5541 ac
867 5484 1189 5540 liberatore
1213 5502 1360 5557 opus
1382 5485 1701 5552 habentes;
1720 5485 1829 5539 sub
1845 5485 1963 5541 dia-

308 5577 431 5634 boli
462 5580 763 5651 potestate
794 5578 968 5646 atque
1000 5573 1252 5646 imperio
1284 5573 1606 5648 degentes;
1658 5574 1887 5631 alienos
1931 5593 1965 5630 a

303 5669 513 5737 salute,
554 5673 615 5722 et
660 5665 779 5721 nisi
809 5663 1086 5735 baptismi
1117 5665 1449 5721 remedium
1482 5671 1808 5734 succurrat,
1837 5667 1965 5722 vita)

2063 4681 2199 4736 dem
2229 4682 2477 4749 catech.,
2512 4698 2676 4737 num.
2712 4685 2797 4750 15,
2826 4684 3171 4740 universum
3189 4686 3499 4745 hominum
3519 4709 3706 4765 genus

2062 4775 2303 4843 peccato
2355 4770 2678 4843 obligatum
2732 4772 2896 4840 dicit,
2946 4774 2981 4841 ἡ
3039 4774 3393 4848 ἀνθρωπότης
3449 4781 3705 4854 ἁμαρτω.

2064 4856 2184 4927 λός,
2210 4862 2499 4931 peccatrix
2527 4860 2864 4915 humanitas.
2898 4863 3212 4919 Peccatum
3241 4864 3404 4937 dicit,
3436 4884 3601 4924 num.
3654 4874 3707 4938 7,

2064 4951 2365 5003 marinam];
2394 4949 2620 5003 humani
2664 4951 2875 5017 generis
2934 4952 3151 5021 vulnus,
3216 4955 3470 5027 μέγιστον
3528 4957 3594 5025 ἦν
3647 4960 3709 5013 τὸ

2063 5039 2345 5109 τραῦμα...
2397 5036 2463 5088 τὰ
2518 5042 2619 5101 τῆς
2678 5035 3098 5110 ὰνθρωπότητος
3154 5043 3455 5115 τραύματα,
3515 5050 3710 5104 Genus

2067 5130 2337 5180 nostrum
2369 5125 2425 5179 in
2460 5125 2765 5178 interitum
2799 5132 3125 5183 extremum
3155 5130 3359 5187 abiens
3401 5151 3434 5187 a
3484 5134 3713 5192 Christo

2069 5232 2189 5270 non
2219 5215 2565 5285 despectum
2596 5218 2771 5283 atque
2804 5215 3047 5288 insuper
3077 5219 3344 5276 habitum
3366 5226 3715 5296 gratulatur,

2071 5320 2304 5360 numer.
2341 5305 2394 5369 8,
2429 5299 2536 5375 οὐχ
2572 5301 2846 5375 ὑπερεῖδεν
2876 5304 2941 5358 τὸ
2988 5305 3137 5379 γὲνος
3195 5310 3355 5382 ἡμῶν
3397 5310 3718 5388 ἀπολλύμε-

2070 5416 2180 5451 νον.
2216 5394 2472 5449 Vulnera
2501 5410 2677 5464 porro
2710 5395 2956 5451 humani
2988 5401 3222 5470 generis
3254 5402 3404 5459 nihil
3434 5405 3592 5461 aliud
3618 5425 3722 5478 po-

2074 5486 2372 5541 tissimum
2404 5489 2542 5537 sunt
2570 5488 2786 5553 praeter
2816 5493 3142 5557 peccatum,
3177 5492 3335 5561 quod
3369 5493 3511 5549 satis
3534 5494 3596 5550 in
3625 5513 3721 5551 su-

2074 5573 2407 5648 perioribus
2456 5572 2816 5630 testimoniis
2849 5578 3177 5648 expressit;
3211 5595 3278 5635 ac
3308 5580 3554 5638 definite
3594 5600 3733 5653 pro-

2054 5666 2320 5742 .nuntiat
2351 5671 2463 5720 cat.
2499 5666 2553 5732 2,
2586 5678 2647 5718 ιι.
2682 5666 2735 5733 1,
2770 5681 2886 5736 qua
2908 5666 2992 5722 ait
3020 5683 3033 5722 :
3060 5669 3197 5721 Dira
3219 5685 3302 5723 res
3327 5676 3406 5724 est
3425 5676 3733 5737 peccatum,
