4108 6270
434 387 550 446 207

1717 376 1819 437 DE
1864 375 2047 437 VITA
2092 377 2157 437 S.
2203 374 2542 437 CYBILLI.

3724 379 3836 440 208

434 526 486 568 et
513 517 742 567 morbus
771 519 981 565 anima:
1009 512 1417 569 atrocissimus,
1446 510 1755 574 iniquitas;
1799 524 1926 574 quae
1954 509 2087 573 qui-
2115 512 2171 581 Α
2202 516 2280 557 tes
2309 508 2373 558 in
2401 508 2602 572 fugam
2633 516 2785 572 agat.
2826 511 2923 565 Em
2978 507 3354 564 caremonim
3412 511 3531 564 tam
3588 511 3837 581 parvulis

434 608 557 656 dem
585 614 636 655 et
656 619 852 654 nervos
887 603 1054 654 illius
1082 601 1338 665 succidit,
1371 609 1422 649 et
1451 607 1728 649 wternum
1767 598 1957 661 ignem
1978 597 2094 659 ipsi

438 698 722 749 conciliat.

511 794 599 847 39.
635 787 929 856 Secundo,
962 790 1075 844 cat.
1126 784 1213 852 13,
1240 803 1300 842 ιι.
1336 786 1426 851 33,
1456 782 1781 840 universim
1826 798 2092 855 pronun-

440 885 549 937 tlat
576 895 785 935 omnes
840 877 1115 933 homines
1159 875 1438 931 inimicos
1486 874 1606 929 Deo
1636 872 1821 928 fuisse
1852 877 2095 944 propter

440 973 839 1043 peccatum,et
869 966 1090 1023 idcirco
1122 964 1299 1021 morti
1321 980 1356 1019 a
1386 965 1504 1019 Deo
1534 961 1822 1018 addictos.
1866 956 2093 1034 'Elﬂpoi

439 1058 581 1131 ἦμεν
615 1060 748 1113 Θεοῦ
780 1053 852 1112 δι’
892 1055 1185 1130 ἁμαρτίας,
1215 1053 1307 1109 καὶ
1340 1053 1532 1129 ὥρισεν
1568 1052 1595 1106 ὁ
1628 1050 1755 1112 Θεὸς
1794 1049 1885 1104 τὸν
1916 1050 2094 1122 ἀμαρ-

440 1146 1086 1217 τάνονταάπυονήσκειν.
1119 1146 1266 1201 Cum
1298 1145 1477 1218 igitur
1506 1142 1708 1199 nullus
1734 1158 1769 1197 a
1805 1145 1996 1197 morte
2019 1139 2096 1195 sit

449 1237 1005 1307 immunis,nullum
1039 1252 1276 1309 quoque
1306 1251 1341 1290 a
1370 1237 1609 1306 peccato
1642 1233 1938 1287 insontem
1972 1230 2097 1285 exi-

444 1328 722 1385 stimavit.
757 1326 979 1393 Quaerit
1006 1324 1221 1381 deinde
1253 1323 1396 1396 quid
1427 1324 1544 1379 Deo
1574 1319 1915 1377 faciendum
1947 1324 2093 1386 erat;

445 1434 543 1485 an,
575 1420 643 1471 ut
670 1414 891 1471 decreti
921 1415 1011 1470 sui
1036 1412 1376 1469 firmitatem
1411 1414 1688 1478 servaret,
1731 1423 1940 1464 omnes
1988 1407 2097 1462 ho-

445 1505 638 1563 mines
668 1504 937 1559 funditus
984 1502 1270 1559 tolleret?
1298 1501 1371 1557 Ἦ
1411 1497 1751 1570 ἀληθεύοντα
1799 1495 1926 1551 Θεὸν
1959 1491 2099 1549 niv-

441 1614 535 1656 τας
577 1590 781 1648 ἀνελεῖν
814 1612 828 1661 ;
861 1609 940 1649 an
968 1592 1333 1665 benignitate
1364 1607 1472 1646 sua
1520 1588 1879 1645 sententiam
1927 1603 2096 1643 com-

443 1683 745 1741 mutaret?
770 1683 869 1738 Ait
897 1699 1034 1738 eum
1074 1681 1370 1737 invenisse
1419 1681 1595 1747 viam,
1630 1695 1768 1750 qua,
1821 1681 2099 1733 manente

441 1774 652 1830 mortis
673 1772 991 1842 sententia,
1017 1771 1290 1827 homines
1313 1769 1458 1825 salvi
1493 1767 1874 1825 efficerentur
1896 1783 1908 1820 :
1933 1765 2100 1822 Chri-

444 1868 603 1920 stum
630 1877 844 1931 nempe
876 1860 1101 1933 peccati
1130 1853 1784 1931 supplicium,mortem
1814 1855 2100 1911 nimirum

443 1953 509 2010 in
533 1970 593 2010 se
625 1953 970 2026 sumpsisse,
1026 1956 1271 2022 tumque
1311 1954 1554 2021 propter
1601 1946 2097 2019 superabundan-

447 2051 590 2112 tem,
627 2049 684 2099 et
711 2041 970 2115 peccatis
1001 2040 1315 2096 hominum
1345 2038 1635 2109 majorem
1668 2035 2094 2108 suijustitiam,

448 2136 634 2190 Deum
664 2130 1008 2201 placavisse.
1054 2116 1141 2184 En
1172 2144 1381 2184 omnes
1411 2126 1689 2181 homines
1741 2125 1957 2179 Christi
1988 2141 2096 2197 pro

447 2223 707 2297 peccatis
737 2220 1049 2277 hominum
1065 2217 1380 2274 morientis
1420 2214 1711 2271 beneflcio
1741 2214 2096 2270 reconcilia-

448 2313 692 2369 tos.Non
706 2311 973 2382 loquitur
984 2308 1080 2364 hic
1095 2308 1165 2364 de
1178 2311 1367 2363 morte
1381 2305 1666 2378 corporis,
1693 2321 1810 2377 qua
1829 2305 2096 2359 Christus

444 2402 751 2460 neminem
778 2399 1073 2466 liberavit,
1106 2397 1209 2453 sed
1239 2397 1311 2452 de
1343 2401 1534 2452 morte
1590 2395 1853 2450 extrema
1911 2399 1968 2450 et
1995 2411 2098 2464 ge-

443 2495 657 2549 hennaa
690 2489 1019 2562 suppliciis.
1052 2489 1268 2553 Tertio,
1291 2486 1591 2542 Christum
1613 2502 1823 2541 omnes
1852 2502 2096 2557 prorsus

444 2583 717 2639 homines
747 2578 1092 2635 liberavisse
1119 2583 1179 2633 et
1206 2577 1531 2633 redemisse
1555 2581 1839 2632 constans
1871 2581 1961 2631 est
1988 2576 2096 2646 Cy-

442 2672 564 2727 rilli
595 2668 913 2727 sententia.
946 2667 1067 2722 Cat.
1114 2667 1201 2733 13,
1252 2683 1312 2721 ιι.
1350 2667 1399 2733 1,
1438 2665 1772 2713 Universum
1800 2663 2097 2713 hominum

444 2760 725 2809 mundum
753 2755 1024 2814 redemit;
1055 2771 1114 2809 η,
1147 2757 1198 2822 4,
1259 2754 1474 2803 Passus
1519 2762 1600 2802 est
1633 2754 1801 2802 Jesus
1847 2768 1971 2801 vere
1989 2767 2099 2814 pro

444 2848 708 2899 omnibus
736 2845 1102 2905 hominibus;
1132 2861 1298 2900 num,
1332 2846 1385 2911 6,
1419 2843 1596 2901 Nosti,
1627 2841 1985 2907 quamobrem
2013 2841 2099 2890 be-

448 2940 664 3002 nignus
696 2936 975 2987 Dominus
1002 2942 1237 2982 mortem
1252 2948 1365 2982 non
1378 2933 1709 2983 dec!inariti
1747 2934 1815 2981 Ut
1836 2948 1905 2981 ne
1934 2940 2097 2989 totus,

445 3031 562 3097 vel,
592 3037 653 3077 tn
685 3036 862 3077 totum
885 3024 1129 3087 peccatis
1151 3025 1411 3074 interiret
1432 3023 1700 3073 mundus.
1722 3024 1840 3079 Ἵνα
1866 3023 1940 3096 μή
1966 3021 2099 3084 ὅλος

447 3120 574 3192 (alii
606 3118 744 3173 libri
770 3115 941 3187 ὅλως)
991 3118 1112 3175 ταῖς
1145 3111 1437 3187 ἁμαρτίαις
1473 3109 1749 3184 ἀπόληται
1809 3112 1838 3167 ὁ
1893 3110 2100 3186 κόσμος

447 3211 535 3265 En
565 3208 863 3264 Christum
889 3209 947 3260 et
972 3221 1076 3275 pro
1093 3202 1370 3258 omnibus
1392 3207 1716 3271 mortuum,
1740 3209 1799 3258 et
1822 3219 1928 3275 pro
1960 3218 2099 3273 pec-

446 3298 595 3354 catis
624 3297 818 3352 solum
869 3298 1209 3358 mortuum;
1254 3308 1464 3347 omnes
1505 3291 1686 3364 igitur
1713 3297 1955 3364 peccato
1988 3290 2090 3346 ob-

445 3385 626 3442 noxii.
662 3381 941 3457 Ejusdem
986 3380 1312 3437 catechesis
1355 3397 1519 3438 num.
1552 3384 1585 3435 2
1612 3381 1775 3449 dicit,
1832 3382 2090 3454 primum

445 3475 752 3531 hominem
785 3471 1180 3527 universalem
1210 3474 1464 3525 mortem
1496 3471 1787 3539 attulisse,
1823 3470 1851 3523 ὁ
1879 3468 2091 3544 πρωτόο

445 3561 688 3623 πλαστος
732 3560 955 3635 ἤνεγκεν
1032 3557 1409 3630 οἶκουμενικὸν
1488 3557 1734 3613 θάνατον’
1793 3560 2090 3615 Christum

445 3671 582 3710 vero
614 3668 748 3709 cum
780 3667 910 3707 sese
939 3651 1001 3706 in
1040 3650 1297 3721 pretium
1326 3666 1430 3721 pro
1452 3650 1798 3705 hominibus
1814 3649 2091 3705 tradidis-

449 3749 560 3813 set,
592 3739 778 3796 ἑαυτὸν
821 3735 1137 3813 ἀντίλυτρον
1199 3733 1493 3807 παραδούς,
1528 3740 1629 3794 Dei
1688 3740 1837 3795 iram
1867 3738 2091 3794 dissol-

452 3833 782 3889 visse.Mors
804 3830 930 3886 base
949 3827 1306 3884 universalis
1328 3844 1447 3882 non
1476 3833 1564 3884 est
1585 3827 1771 3883 solius
1783 3828 2047 3901 corporis
2078 3844 2091 3883 :

451 3922 755 3979 neminem
785 3919 946 3975 enim
977 3917 1049 3973 ab
1080 3934 1151 3973 ea
1177 3916 1451 3973 liberavit
1479 3918 1745 3973 Christus
1771 3934 1782 3973 :
1816 3935 1977 3974 mors
2008 3923 2098 3974 est

452 4012 633 4070 totius
661 4009 946 4075 hominis,
981 4025 1138 4063 mors
1183 4007 1405 4079 absque
1438 4008 1562 4064 ulla
1618 4027 1741 4082 spe,
1774 4026 1892 4081 qua
1919 4012 2097 4065 homo

449 4101 720 4158 funditus
749 4097 1002 4172 [CLXXI]
1045 4097 1267 4153 interit.
1303 4099 1453 4152 Mors
1494 4114 1602 4170 per
1639 4099 1789 4154 iram
1831 4100 1933 4155 Dei
1965 4117 2100 4172 pro-

451 4195 585 4264 pter
615 4193 924 4262 peccatum
954 4186 1203 4252 inflicta,
1244 4191 1309 4241 ut
1337 4187 1400 4241 in
1446 4187 1707 4244 secundo
1753 4194 2101 4263 argumento

452 4277 912 4336 observavimus.

520 4372 611 4426 40.
644 4370 885 4434 Quarto,
945 4363 1221 4419 homines
1279 4380 1488 4419 omnes
1546 4371 1682 4421 ante
1740 4367 2105 4440 baptismum

454 4459 563 4518 sub
594 4459 825 4514 Satanas
858 4457 1150 4527 potestate
1183 4468 1334 4520 esse,
1370 4453 1641 4511 doctrina
1679 4462 1771 4513 est
1800 4442 1979 4514 totius
2010 4460 2110 4514 Ec-

454 4548 673 4615 clesiae,
706 4541 1074 4609 exorcismis,
1108 4541 1636 4611 insufflationibus,
1654 4545 1904 4617 aliisque
1926 4564 2109 4603 caere—

2195 615 2373 670 quam
2396 599 2723 671 majoribus
2747 598 3208 655 adhibebantur.
3237 599 3311 654 At
3342 598 3595 669 Cyrillus
3616 600 3838 657 nullum

2195 689 2379 745 alium
2397 689 2707 745 exorcismi
2720 688 3089 745 etunctionis
3113 689 3388 744 effectum
3403 695 3837 760 commemorat,

2196 796 2375 851 quam
2405 785 2472 834 ut
2494 784 2736 850 peccata
2764 782 3179 852 purgarentur,
3199 778 3691 852 abigerenturque
3724 780 3833 836 daa-

2197 885 2408 925 mones
2434 886 2448 935 ;
2471 868 2680 925 eadem
2711 873 2849 935 cat.,
2871 885 2931 924 n.
2965 871 3018 934 2,
3052 868 3136 924 ait
3164 867 3533 924 auditoribus
3555 870 3838 939 suis,ante

2200 974 2405 1013 eorum
2436 957 2797 1030 baptismum
2843 958 2904 1012 in
2937 973 3144 1014 eorum
3188 957 3474 1013 membris
3520 958 3838 1015 stabulasse

2196 1048 2520 1104 daemones.
2553 1049 2679 1110 Τοῖς
2707 1044 2894 1119 μέλεσι
2924 1050 3040 1107 τοῖς
3087 1044 3371 1121 ὑμετέροις
3402 1043 3725 1123 ἐνεφώλευον
3778 1049 3833 1101 αἱ

2199 1135 2561 1209 αντικείμεναι
2593 1133 2870 1208 δυνάμεις.
2898 1139 2973 1191 At
3000 1136 3242 1191 nonnisi
3275 1153 3380 1207 per
3409 1142 3712 1208 peccatum
3741 1137 3839 1193 ho-

2198 1242 2296 1281 mo
2327 1243 2361 1281 a
2392 1227 2508 1282 Deo
2539 1226 2664 1281 suis
2695 1226 2955 1281 inimicis
2987 1225 3262 1294 deditur;
3293 1226 3352 1281 id
3393 1226 3687 1299 significat
3732 1232 3839 1282 cat.

2199 1316 2253 1382 2,
2278 1332 2338 1372 n.
2365 1319 2451 1384 11,
2478 1316 2619 1371 dum
2667 1316 2945 1371 Davidem
2976 1316 3121 1371 dicit
3143 1331 3250 1371 sua
3271 1316 3688 1387 priusjustitia
3708 1333 3843 1387 pro-

2202 1411 2443 1477 tectum,
2474 1413 2609 1480 post
2629 1413 2935 1479 peccatum
2953 1408 3155 1463 hostes
3172 1406 3456 1463 habuisse
3479 1407 3555 1463 ad
3576 1407 3844 1463 invaden-

2203 1496 2344 1552 dum
2376 1513 2512 1553 eum
2542 1497 2921 1569 paratos,nisi
2953 1497 3014 1553 id
3042 1497 3844 1570 pmnitentiaantevertisset;

2203 1586 2510 1659 speciatim
2539 1604 2674 1643 vero
2706 1587 2981 1642 homines
3013 1603 3073 1642 se
3105 1585 3343 1643 diabolo
3365 1587 3608 1658 propria
3636 1586 3835 1642 volun-

2206 1681 2326 1732 tate
2357 1677 2731 1749 mancipasse
2789 1677 2971 1732 tradit
3026 1681 3138 1733 cat.
3190 1680 3241 1747 7,
3276 1694 3442 1733 num.
3476 1680 3563 1733 12.
3622 1676 3848 1744 Quinto,

2203 1767 2508 1823 neminem
2536 1767 2713 1822 etiam
2745 1766 2919 1822 bonis
2949 1766 3228 1838 operibus
3253 1767 3613 1822 instructum
3634 1766 3849 1837 absque

2211 1856 2506 1929 baptismo
2536 1857 2714 1912 vitam
2744 1862 3030 1912 aeternam
3061 1861 3120 1911 et
3146 1872 3395 1929 regnum
3419 1857 3706 1913 ccelorum
3732 1856 3851 1911 adi-

2212 1946 2361 2018 pisci
2389 1946 2581 2013 docet,
2615 1946 2875 2017 exceptis
2905 1946 3264 2017 martyribus
3297 1946 3465 2015 solis,
3491 1947 3592 2018 qui
3624 1945 3849 2019 proprio

2208 2036 2495 2109 sanguine
2524 2035 2914 2107 baptizantur.
2946 2036 3091 2090 Cum
3117 2051 3252 2090 vero
3282 2035 3543 2107 Cyrillus
3591 2035 3848 2091 medium

2206 2126 2439 2181 nullum
2469 2126 2626 2181 inter
2649 2125 2983 2198 gehennam
3002 2130 3061 2180 et
3082 2125 3364 2182 caelorum
3389 2142 3641 2199 regnum
3666 2124 3844 2182 admi-

2206 2216 2348 2272 serit
2377 2214 2596 2287 locum,
2630 2215 2788 2287 quod
2835 2220 2997 2288 patet
3028 2232 3099 2271 ex
3127 2221 3239 2271 cat.
3275 2217 3325 2284 1,
3358 2232 3418 2271 ιι.
3453 2219 3510 2282 2,
3546 2217 3604 2272 in
3636 2233 3748 2288 qua
3775 2218 3843 2273 ad

2205 2305 2509 2360 sinistram
2540 2305 2711 2377 ponit
2739 2320 2874 2360 cum
2905 2304 3211 2361 haedorum
3242 2321 3414 2378 grege
3445 2324 3458 2374 ;
3493 2323 3696 2362 omnes
3745 2306 3842 2378 qui

2203 2395 2418 2451 lavacri
2448 2396 2915 2470 regenerationis
2945 2400 3215 2467 expertes
3247 2396 3737 2463 fuerint,necesse
3758 2400 3843 2452 est

2205 2491 2271 2540 ut
2299 2501 2401 2541 eos
2429 2486 2529 2557 qui
2561 2485 2855 2558 baptismo
2884 2485 3054 2541 nulla
3092 2502 3199 2541 sua
3240 2486 3418 2559 culpa
3468 2487 3717 2543 fraudati
3745 2485 3843 2541 de-

2205 2575 2515 2643 cesserint,
2546 2575 2814 2648 gehenne
2853 2575 3105 2630 addicat.
3158 2576 3334 2648 Atqui
3382 2577 3782 2632 exclusionem
3810 2593 3841 2630 a

2205 2682 2388 2739 regno
2411 2664 3237 2733 cmlorum,etdamnationem
3268 2665 3329 2719 in
3351 2666 3687 2738 gehennam
3708 2664 3841 2720 solis

2207 2759 2328 2814 illis
2361 2755 2628 2813 decernit
2657 2761 2768 2810 cat.
2806 2756 2891 2823 18,
2927 2771 2986 2809 ιι.
3020 2757 3109 2823 20,
3139 2760 3197 2809 et
3216 2760 3326 2810 cat.
3364 2755 3458 2825 15,
3489 2773 3548 2812 n.
3581 2757 3646 2810 23
3677 2761 3732 2810 et
3757 2756 3840 2820 24,

2209 2850 2309 2923 qui
2340 2852 2719 2921 peccatorum
2750 2851 2921 2901 notas
2950 2846 3012 2900 in
3042 2846 3242 2901 anima
3264 2850 3323 2901 et
3352 2863 3603 2919 corpore
3624 2847 3684 2902 in
3699 2845 3844 2918 judi-

2208 2941 2298 2996 cio
2356 2936 2731 3011 gestaverint.
2787 2937 2989 2991 Restat
3044 2935 3243 3008 igitur,
3274 2940 3340 2991 ut
3378 2953 3592 2993 omnes
3618 2952 3847 3009 prorsus

2209 3030 2309 3101 qui
2341 3028 2468 3083 sine
2518 3025 2813 3097 baptismo
2870 3024 3186 3095 decedunt,
3219 3042 3291 3081 ex
3347 3027 3557 3099 Cyrilli
3588 3025 3843 3083 doctrina

2209 3121 2589 3190 peccatorum
2620 3113 2777 3169 notis
2808 3112 3105 3170 deformes
3137 3114 3274 3171 sint.

2278 3209 2368 3260 41.
2401 3205 2572 3260 Sexto
2600 3202 3156 3274 demum,baptismi
3188 3205 3439 3261 effectus
3463 3220 3616 3277 saepe
3638 3204 3849 3259 descri-

2206 3295 2314 3361 bit,
2349 3300 2408 3349 et
2428 3293 2489 3348 in
2519 3292 2796 3348 omnibus
2826 3292 2973 3347 locis
2994 3292 3113 3348 illis
3139 3293 3562 3350 remissionem
3591 3297 3850 3366 peccato-

2200 3400 2337 3440 rum
2367 3382 2459 3439 vel
2489 3388 2557 3438 ut
2585 3382 2802 3447 solum,
2832 3382 2925 3437 vel
2982 3388 3047 3437 ut
3077 3382 3337 3454 primum
3366 3398 3441 3440 ac
3497 3384 3849 3457 praecipuum

2197 3473 2476 3545 baptismi
2493 3471 2741 3549 fructum
2768 3476 3055 3528 recenset.
3073 3472 3418 3529 Procatech.
3440 3470 3850 3538 num.16,mul-

2201 3569 2261 3619 ta
2286 3562 2551 3618 cumulat
2570 3561 2850 3633 baptismi
2871 3560 3115 3617 nomina
3143 3561 3234 3615 vel
3255 3561 3472 3635 elogia,
3500 3579 3628 3634 qua:
3663 3558 3855 3617 omnia

2201 3669 2351 3724 pene
2382 3651 2793 3706 remissionem
2818 3654 3194 3721 peccatorum
3213 3651 3387 3706 unice
3417 3656 3656 3707 sonant:
3681 3674 3706 3700 ιι
3725 3651 3857 3719 Bap-

2204 3762 2232 3791 «
2265 3741 2499 3807 tismus,
2523 3740 2738 3810 inquit,
2770 3738 3014 3811 captivis
3036 3739 3315 3810 pretium,
3347 3745 3725 3812 peccatorum
3764 3754 3853 3792 re-

2204 3851 2232 3882 «
2256 3828 2483 3897 missio,
2501 3844 2662 3883 mors
2684 3827 2930 3899 peccati,
2950 3827 3165 3883 animai
3188 3828 3578 3902 regeneratio,
3609 3826 3853 3883 lumino-

2208 3939 2234 3972 ι
2257 3936 2385 3975 sum
2402 3916 3224 3989 indumentum,signaculum
3241 3924 3515 3975 sanctum
3548 3916 3855 3973 indissolu-

2210 4032 2239 4061 (ι
2270 4008 2411 4076 bile,
2445 4006 2783 4063 vehiculum
2798 4004 2870 4061 ad
2886 4006 3122 4074 ccelum,
3146 4007 3677 4078 paradisidelicim,
3700 4003 3857 4077 regni

2212 4124 2237 4151 ‹‹
2263 4098 2570 4155 obtinendi
2584 4097 3123 4169 causa,ad0ptionis
3138 4097 3383 4154 donum.
3402 4097 3855 4170 )lQuatuorprio-

2217 4212 2310 4249 res
2327 4192 2760 4265 appellationes
2774 4190 2846 4246 ad
2861 4190 3276 4247 remissionem
3293 4197 3672 4263 peccatorum
3689 4190 3858 4245 direc-

2217 4289 2273 4339 te
2288 4282 2607 4355 pertinent.
2632 4279 2851 4336 Eodem
2868 4281 3045 4336 etiam
3059 4285 3303 4337 casteras
3328 4288 3595 4353 spectare
3621 4279 3783 4335 facile
3798 4293 3860 4331 ex

2217 4371 2419 4444 Cyrilli
2437 4369 2707 4425 doctrina
2718 4368 3020 4441 probatur.
3050 4368 3384 4441 Baptismus
3408 4370 3777 4425 indumentum
3793 4369 3862 4419 est

2223 4458 2710 4529 luminosum,novi
2726 4458 3009 4513 nimirum
3023 4458 3283 4513 hominis
3320 4459 3649 4527 nduti,loco
3662 4453 3862 4511 veteris

2225 4549 2552 4605 secundum
2586 4547 2801 4602 erroris
2836 4545 3129 4602 desideria
3158 4549 3445 4620 corrupti,
3495 4548 3560 4603 in
3591 4543 3859 4621 [CLXXII]

455 4634 923 4706 moniis,quibus
954 4631 1193 4687 daimon
1227 4648 1257 4686 e
1288 4631 1655 4704 baptizandis
1675 4637 1879 4692 anima
1907 4642 1967 4693 et
1997 4655 2115 4694 cor-
2153 4637 2194 4701 D
2228 4656 2344 4712 quo
2372 4636 2751 4692 stabulabant
2778 4652 2845 4691 ac
2876 4635 3303 4691 nidulabantur
3329 4637 3590 4693 inimica:
3616 4638 3859 4708 potesta-

457 4741 599 4799 pore
633 4723 910 4796 abigitur,
946 4725 1182 4775 testata.
1221 4722 1404 4778 Nemo
1436 4723 1648 4780 harum
1697 4742 1942 4798 precum
1975 4730 2121 4784 eﬂ‘e-

460 4820 592 4870 ctus
620 4810 839 4885 Cyrillo
865 4809 1151 4865 disertius
1174 4812 1485 4883 expressit.
1513 4815 1740 4870 Procat.
1783 4832 1841 4869 ιι.
1864 4820 1917 4885 9,
1949 4834 2120 4874 exor-

464 4902 636 4960 cismi
668 4898 1013 4957 describens
1044 4905 1423 4970 potestatem,
1457 4902 1596 4959 dum
1629 4905 1806 4961 homo
1840 4910 2126 4965 exorciza-

465 4999 562 5047 tur
587 5008 601 5046 ς
634 4988 825 5051 Fugit,
858 4989 1074 5061 inquit,
1107 4990 1370 5042 inimicus
1391 4992 1626 5051 daemon,
1652 5002 1703 5042 et
1722 4996 1919 5047 anima
1943 5013 2127 5059 apec-

463 5080 605 5129 catis
632 5087 943 5142 repurgata
972 5084 1216 5132 salutem
1249 5083 1641 5146 consequitur;
1680 5090 1738 5139 et,
1768 5103 1946 5157 supra
1977 5087 2125 5143 den-

462 5170 573 5224 nit,
605 5168 816 5232 absque
846 5171 1179 5220 exorcismis
1208 5172 1463 5221 animam
1522 5175 1767 5236 purgari
1811 5191 1921 5225 non
1944 5192 2123 5237 posse.

463 5256 628 5312 Idem
660 5256 732 5312 de
764 5256 897 5313 oleo
923 5261 1269 5325 exorcizato,
1295 5278 1411 5332 quo
1428 5261 2124 5338 baptizandipriusquam

467 5350 955 5421 demergerentur
1006 5351 1068 5406 in
1122 5353 1371 5420 fontem,
1402 5359 1524 5409 toto
1575 5372 1822 5427 corpore
1874 5358 2123 5431 inunge-

467 5438 709 5502 bantur,
742 5438 826 5491 ait
856 5443 968 5493 cat.
1002 5442 1091 5510 20,
1124 5457 1184 5497 n.
1219 5442 1288 5496 3:
1325 5441 1519 5491 Oleum
1570 5442 1669 5492 hoc
1720 5445 2123 5507 exorcizatum,

472 5541 577 5588 per
629 5525 1035 5576 invocationem
1102 5530 1207 5579 Dei
1262 5539 1311 5580 et
1354 5532 1683 5583 orationem.
1735 5543 1949 5585 tantam
2010 5539 2123 5588 vim

466 5618 724 5675 assumit,
759 5625 823 5666 ut
854 5632 965 5667 non
996 5619 1180 5670 solum
1238 5623 1450 5672 urendo
1510 5624 1746 5686 vestigia
1771 5635 2123 5687 peccatorum

468 5716 760 5772 cacpurget,
820 5708 917 5757 sed
964 5718 1017 5760 et
1061 5725 1253 5762 omnes
1308 5715 1625 5765 invisibiles
1686 5718 1829 5766 mali
1879 5728 2124 5781 potesta-

2236 4738 2343 4798 tes,
2364 4735 2475 4785 cat.
2513 4731 2602 4795 20,
2634 4744 2691 4782 ιι.
2713 4727 3130 4797 2,εῑ9ηαοιλιωη
3160 4733 3410 4783 sanctum
3432 4735 3539 4794 est;
3572 4725 3725 4798 quod
3748 4722 3859 4779 ovi-

2234 4821 2344 4876 bus
2375 4819 2446 4874 ad
2478 4818 2778 4873 dexteram
2810 4816 2872 4871 in
2920 4815 3148 4888 judicio
3180 4816 3461 4873 sistendis
3506 4814 3859 4875 conceditur,

2235 4919 2302 4970 ut
2327 4930 2408 4967 eae
2440 4911 2511 4967 ab
2540 4909 2728 4965 haedis
2758 4913 3133 4981 peccatorum
3181 4909 3503 4980 asperitate
3547 4906 3764 4962 villosis
3809 4904 3863 4956 et

2235 5001 2511 5069 horridis,
2545 4999 2644 5071 qui
2676 4999 2738 5053 in
2770 4999 3011 5054 sinistra
3058 5002 3223 5070 parte
3267 4996 3666 5054 constituendi
3714 4996 3860 5057 sunt,

2235 5092 2683 5154 discernantur;
2711 5092 2823 5142 cat.
2852 5091 2900 5152 1,
2935 5104 2991 5141 ιι.
3025 5087 3079 5153 2,
3111 5087 3423 5142 vehiculum
3454 5095 3532 5143 est
3563 5086 3637 5142 ad
3664 5083 3860 5145 calum,

2234 5179 2597 5255 paradisum,
2633 5183 2689 5231 et
2714 5192 2998 5247 regnum;
3033 5192 3163 5246 quas
3214 5175 3343 5231 loca
3373 5175 3546 5230 nobis
3586 5173 3707 5229 solo
3736 5185 3862 5242 pec-

2236 5276 2363 5327 cato
2388 5269 2645 5335 occlusa,
2669 5272 2779 5323 cat.
2808 5270 2858 5330 1,
2880 5282 2940 5319 ιι.
2960 5265 3023 5332 2;
3049 5269 3160 5320 cat.
3180 5268 3232 5333 2,
3262 5281 3321 5319 ιι.
3345 5267 3406 5320 4ε
3442 5270 3554 5320 cat.
3576 5268 3660 5329 17,
3693 5278 3750 5316 ιι.
3786 5260 3864 5312 15.

2236 5359 2629 5432 Adoptionem
2662 5355 2900 5411 tandem
2949 5353 3248 5422 conciliat,
3301 5369 3419 5425 qua
3463 5371 3533 5409 ex
3583 5351 3719 5407 filiis
3748 5346 3867 5402 dia-

2235 5448 2355 5504 boli
2389 5448 2682 5503 efficimur
2737 5444 2834 5499 Dei
2871 5442 2999 5510 filii,
3051 5448 3163 5497 cat.
3197 5446 3249 5509 7,
3287 5460 3345 5497 n.
3396 5444 3459 5496 13
3492 5449 3551 5496 et
3601 5442 3681 5495 14.
3734 5436 3868 5490 Hinc

2235 5555 2442 5594 omnes
2465 5533 2742 5607 baptismi
2774 5531 3159 5588 caeremonias
3190 5531 3275 5586 sic
3308 5531 3553 5602 exponit
3582 5526 3747 5600 quasi
3789 5521 3868 5578 uti

2234 5628 2307 5685 ad
2331 5626 2744 5683 remissionem
2760 5625 3139 5695 peccatorum
3156 5612 3868 5693 pertineant.Exorcismis

2232 5716 2495 5771 animam
2522 5729 2556 5769 a
2586 5712 2854 5768 daemone
2871 5708 3111 5765 liberari
3144 5713 3201 5764 et
3230 5725 3265 5765 ει
3293 5708 3555 5780 peccatis
3576 5697 3864 5778 regurgari
