2054 3135
135 178 197 209 209

821 175 1082 207 DISSERTATIO
1104 177 1145 207 Ill
1152 199 1159 207 .

1787 180 1847 210 210

141 245 349 281 docetprocat.
363 254 394 273 n.
409 247 436 273 9.
449 245 730 274 Abrenuntiationes
742 245 964 280 interpretatur,
979 241 1008 276 Α
1023 244 1132 272 mirum
1147 244 1277 280 primum
1293 243 1368 272 illud
1393 244 1462 272 Adae
1485 246 1638 280 peccatum
1669 247 1845 272 caaterorum

142 290 223 326 quasi
239 290 352 318 diaboli
369 291 560 327 tyrannidem
578 291 769 324 deseramus;
787 290 833 318 cui
859 291 964 326 sponte

143 344 254 363 eramus
270 335 412 371 subjecti,
429 339 484 364 cat.
503 338 545 370 19,
562 345 591 364 n.
608 337 632 372 8,
651 337 705 364 sub
722 344 812 364 onere
827 337 963 371 peccato-

146 389 209 408 rum
223 380 406 415 laborantes,
437 389 467 408 n.
484 382 519 414 3;
536 382 630 417 pactis
655 390 723 409 cum
753 381 860 409 Satana
876 382 904 407 et
919 379 966 406 in-

146 425 225 453 ferno
237 425 408 459 foederibus,
427 434 458 454 n.
474 428 510 460 9;
527 426 759 454 denudationem
784 426 965 461 baptismum

149 470 368 498 antecedentem
375 473 492 506 spectat
499 471 539 498 uti
549 471 716 507 symbolum
722 471 830 499 veteris
837 469 967 497 hominis

146 524 208 543 cum
225 516 288 543 suis
304 516 422 543 actibus
435 517 525 549 exuti,
551 519 607 544 cat.
620 518 664 551 20,
676 524 704 543 n.
718 518 753 550 2;
779 516 829 551 qui
845 515 966 551 quidem

145 564 224 588 vetus
231 560 322 588 homo
333 560 410 588 nihil
421 560 503 588 aliud
516 563 560 588 est
569 560 792 589 nisidominans
802 560 966 596 cupiditas:

145 605 244 640 quain
259 613 291 632 re
311 605 378 641 ipsa
406 605 503 633 forma
532 608 560 633 et
575 606 648 633 ratio
679 606 792 641 peccati
821 605 967 633 consistit.

143 650 351 678 qunctionem
379 659 416 678 ex
443 651 507 678 oleo
536 651 699 679 exercitato
715 651 753 678 ad
778 650 969 686 expurganda

142 699 329 731 peccatorum
339 696 464 731 vestigia
475 698 504 723 et
518 695 680 732 abigendos
691 696 841 723 daamones
853 694 916 722 dari
928 695 969 723 ait

140 739 223 772 ibid.,
240 748 327 767 num.
342 742 368 775 3,
380 740 603 768 immersionem
612 743 641 768 et
654 741 852 768 emersionem
861 740 969 767 trinam

143 785 175 812 de
187 787 286 813 morte
300 788 330 813 et
340 793 416 813 nova
428 785 485 813 vita
500 785 713 821 interpretatur
722 794 807 813 num.
820 786 846 818 4,
870 785 970 820 aitque

142 832 263 864 cat.3,n.
270 830 500 863 l2,descendere
509 839 563 858 nos
571 830 601 857 in
608 830 753 866 piscinam
760 830 889 866 peccatis
896 838 972 857 mor-

142 877 218 910 tuos,
230 878 263 902 et
277 875 441 902 ascendere
457 875 617 902 viviﬁcatos
632 875 662 902 in
675 875 802 910 justitia.
812 875 902 902 Porro
918 875 970 901 ba-

141 920 272 955 ptismus
288 928 350 947 non
358 919 467 947 adultis
480 919 733 952 solummodo,sed
742 922 771 946 et
781 919 911 955 parvulis
922 919 975 949 da_

141 966 239 999 batur,
257 974 315 993 nec
331 965 362 992 in
375 965 419 992 eis
434 965 616 1001 baptizandis
633 965 795 1000 quidquam
813 965 849 992 de
874 964 970 992 solitis

140 1010 333 1039 caeremoniis
342 1010 557 1038 remittebatur.
568 1010 626 1046 Ipsi
638 1010 728 1046 igitur
736 1010 849 1046 parvuli
862 1010 970 1038 remis-

141 1057 261 1083 sionem
272 1063 394 1091 quoque
405 1055 516 1091 peccati
532 1055 884 1091 consequebantur,quod
895 1064 972 1092 prae-

144 1104 188 1129 ter
203 1100 354 1137 originale
369 1100 486 1128 nullum
503 1100 584 1128 aliud
599 1103 672 1128 erat.

181 1156 226 1182 42.
245 1154 321 1181 Huic
335 1154 477 1181 doctrina:
506 1154 653 1181 nonnulla
669 1162 704 1181 ex
732 1154 840 1190 Cyrillo
864 1154 974 1190 opponi

147 1202 284 1235 possunt.
297 1199 510 1234 Primum,ejus
519 1199 653 1226 definitio
665 1200 777 1234 peccati
789 1208 878 1235 quam
889 1200 976 1227 atTert

150 1247 205 1272 cat.
220 1246 249 1276 2,
267 1244 310 1271 Ibi
328 1244 408 1271 enim
423 1243 460 1270 de
476 1243 546 1271 mali
563 1244 676 1280 origine
692 1243 894 1279 disputans,ac
904 1244 976 1280 quid

151 1289 189 1316 sit
204 1291 360 1324 peccatum
375 1288 542 1324 inquirens,
552 1291 707 1324 peccatum
720 1289 752 1316 in
766 1289 862 1316 libera
872 1289 977 1316 volun-

154 1334 223 1361 tatis
232 1333 479 1370 transgressione,
491 1342 523 1361 ac
537 1342 626 1369 prava
637 1333 802 1361 delectione
814 1333 978 1361 constituit.

154 1391 167 1403 α
178 1378 296 1412 Malum,
311 1378 410 1413 inquit
421 1387 451 1406 n.
463 1380 488 1412 I,
511 1387 545 1406 ex
556 1378 650 1405 libero
662 1378 790 1412 delectu,
806 1378 978 1405 voluntaria;

155 1435 167 1447 ει
176 1423 269 1451 animi
276 1423 458 1451 inductionis
465 1423 672 1459 germen.Nam
679 1423 758 1458 quod
765 1423 885 1458 propria
892 1431 979 1458 spon-

159 1471 201 1496 -te
208 1468 392 1503 arbitrioque
399 1476 563 1503 peccemus,
570 1467 668 1503 palam
676 1467 981 1503 dicitpropheta,etc.;

159 1514 234 1545 «n.2,
248 1512 397 1545 Quidnam
404 1512 525 1540 tandem
533 1515 736 1547 estpeccatum
748 1512 762 1539 ?
769 1511 919 1539 animalne
927 1515 981 1545 est,

159 1568 170 1582 ι
179 1565 216 1585 an
223 1556 360 1593 angelus,
370 1556 414 1584 vel
421 1556 553 1583 daemon?
560 1564 625 1591 qua)
633 1564 680 1583 res
690 1555 830 1592 esthujus
838 1555 984 1583 effectrix?

1023 290 1156 317 omnium
1172 289 1283 317 fontem
1300 292 1329 317 et
1342 289 1483 322 radicem,
1494 288 1530 316 de
1546 297 1603 324 quo
1620 289 1682 316 solo
1697 290 1845 326 agendum

1023 335 1138 368 fuisset,
1155 343 1222 362 cum
1250 335 1314 370 ipsa
1342 334 1455 370 peccati
1484 334 1569 367 ratio,
1587 342 1685 368 causa,
1711 337 1741 361 et
1764 335 1845 370 origo

1024 383 1223 416 quaereretur:
1238 380 1294 408 hoc
1308 383 1406 408 autem
1422 388 1481 415 quo
1491 388 1594 407 omnes
1608 382 1711 415 postea
1725 380 1846 415 obligati

1024 425 1134 453 fuimus
1149 425 1236 461 primi
1254 425 1385 460 parentis
1396 427 1561 460 peccatum,
1576 424 1665 460 plane
1676 424 1848 458 liberum,et

1024 471 1108 498 nulla
1123 471 1299 498 necessitate
1311 470 1503 498 commissum
1514 469 1615 497 fuisse.
1629 469 1694 496 Haec
1706 470 1846 505 Augusti-

1025 517 1122 544 nianm
1139 516 1341 552 responsionis
1357 524 1553 551 summa,quaa
1565 515 1659 543 fusius
1673 514 1849 551 exprimitur

1025 562 1077 589 lib.
1096 571 1105 589 ι
1121 562 1215 596 Operis
1230 563 1354 596 impcrf.,
1369 569 1432 596 cap.
1449 562 1499 588 104
1512 563 1540 588 et
1557 569 1653 596 seqq.,
1666 563 1695 587 et
1710 561 1850 588 Retracta—

1027 609 1133 635 tionum
1148 606 1199 633 lib.
1218 615 1235 640 ι,
1252 615 1316 642 cap.
1335 606 1378 639 13,
1395 607 1470 639 n.5;
1486 605 1582 641 capite
1593 606 1637 638 45,
1653 613 1683 632 n.
1700 606 1727 639 2,
1744 606 1770 639 3,
1783 606 1809 639 4,
1821 606 1847 639 6,

1027 655 1056 680 et
1070 661 1134 687 cap.
1152 653 1195 685 17,
1212 660 1242 678 n.
1258 653 1285 684 2,
1302 653 1331 678 et
1345 651 1412 678 aliis
1427 651 1458 677 in
1474 650 1557 678 locis.
1574 651 1643 682 Qua:
1673 652 1774 677 autem
1789 650 1849 676 Au-

1026 697 1147 734 gustini,
1164 696 1266 724 eadem
1283 698 1311 723 et
1326 695 1426 731 Cyrilli
1442 703 1540 723 causa.
1554 696 1681 730 Uterque
1693 694 1849 722 adversum

1027 742 1203 769 Manichzeos
1220 741 1367 776 disputat;
1384 743 1509 775 uterque
1538 739 1573 767 de
1602 740 1666 775 ipso
1687 739 1800 775 peccati
1816 747 1849 766 ac

1027 787 1098 814 mali
1115 785 1276 822 primordio
1293 785 1436 820 inquirit,
1453 787 1577 820 uterque
1594 787 1663 812 ante
1676 787 1777 811 natam
1793 783 1850 811 hae-

1028 832 1119 860 resim
1135 831 1324 867 Pelagianam
1341 829 1473 857 securius
1485 830 1740 865 loquitur.Vereor
1750 832 1849 856 tamen

1028 878 1129 905 uthmc
1144 875 1297 911 responsio
1309 874 1417 911 Cyrillo
1427 875 1466 902 sit
1489 874 1685 910 applicanda;
1698 876 1759 901 tota
1770 873 1850 900 enim

1029 923 1108 950 inter
1122 922 1220 957 ipsum
1230 920 1443 948 etManichaeos
1454 919 1490 946 de
1503 921 1623 955 peccato
1640 919 1720 954 quod
1735 918 1849 946 actuale

1025 969 1151 998 dicimus
1163 966 1323 1002 disputatio
1335 965 1392 992 fuit
1403 963 1555 991 Manichmi
1572 963 1738 991 doctrinam
1749 963 1851 991 Eccle—

1027 1015 1078 1043 siae
1094 1014 1129 1041 de
1142 1014 1262 1048 peccato
1278 1009 1414 1046 originali
1429 1008 1562 1036 funditus
1581 1008 1732 1045 ignorasse
1748 1007 1849 1035 viden-

1026 1063 1091 1093 tur;
1107 1064 1255 1092 nusquam
1272 1055 1352 1082 enim
1367 1054 1465 1082 videas
1482 1061 1547 1081 eam
1563 1053 1598 1081 ab
1623 1053 1683 1081 illis
1696 1052 1849 1081 catholicae

1026 1103 1164 1132 Ecclesiae
1180 1101 1338 1136 objectam,
1350 1099 1429 1134 quod
1445 1107 1506 1126 non
1517 1098 1654 1126 videntur
1669 1097 1850 1134 praetermis-

1028 1149 1089 1177 suri
1105 1148 1207 1180 fuisse,
1219 1145 1244 1173 si
1260 1145 1420 1172 novissent.
1437 1144 1509 1171 Cum
1526 1143 1625 1178 itaque
1642 1143 1753 1170 malum
1769 1142 1850 1170 dice—

1028 1196 1097 1222 rent
1111 1190 1323 1222 necessarium,
1339 1198 1399 1217 non
1411 1191 1564 1225 peccatum
1575 1188 1698 1224 originis
1709 1187 1848 1223 respicie-

1029 1241 1119 1273 bant;
1137 1237 1188 1266 sed
1203 1236 1370 1265 voluntaria
1384 1236 1437 1263 illa
1464 1235 1554 1270 mala,
1583 1235 1691 1270 quibus
1720 1235 1851 1262 humana

1030 1289 1137 1314 natura
1148 1283 1523 1317 deformatur,peccataque
1535 1280 1586 1308 illa
1597 1289 1662 1316 qua)
1671 1280 1707 1307 ab
1720 1278 1851 1307 hominis

1030 1331 1180 1359 voluntate
1196 1326 1344 1364 proﬁcisci
1359 1334 1414 1354 nec
1443 1325 1499 1361 ipsi
1519 1325 1677 1361 negabant.
1704 1326 1742 1352 At
1756 1324 1853 1360 ipsam

1033 1376 1213 1404 voluntatem
1220 1380 1377 1409 pravorum
1383 1371 1540 1399 hominum
1550 1370 1587 1399 ad
1594 1370 1778 1406 peccandum
1789 1369 1854 1405 cogi

1033 1418 1209 1453 aiebant,vel
1216 1418 1310 1454 ipsius
1324 1419 1437 1445 naturae
1445 1424 1461 1444 a
1470 1415 1655 1452 principibus
1663 1414 1854 1443 tenebrarum

1033 1467 1167 1494 formatae
1182 1464 1263 1495 vitio,
1279 1462 1324 1490 vel
1348 1461 1480 1489 siderum
1504 1460 1719 1493 natalitiorum,
1738 1462 1789 1487 aut
1803 1460 1856 1487 fati

1036 1511 1110 1538 dura
1121 1506 1339 1536 etineluctabili
1351 1506 1537 1533 necessitate.
1554 1504 1728 1540 Nihiligitur
1735 1504 1856 1539 mirum,

1038 1556 1062 1583 si
1078 1555 1097 1582 ii
1114 1554 1165 1589 qui
1181 1561 1230 1580 eos
1246 1551 1386 1579 refellunt
1399 1551 1501 1577 Patres
1518 1549 1553 1577 de
1565 1549 1633 1577 unis
1649 1549 1709 1576 illis
1717 1548 1857 1584 peccatis,

161 1612 171 1625 ι
184 1603 247 1629 Non
260 1604 306 1629 est
316 1601 420 1633 hostis,
429 1610 444 1628 ο
453 1601 611 1636 homo,qui
624 1603 651 1628 te
664 1600 981 1633 exteriusinvadat,sed
998 1613 1019 1647 ρ
1039 1600 1117 1627 circa
1128 1607 1192 1634 quas
1208 1600 1269 1625 tota
1279 1595 1450 1623 versabatur
1460 1594 1766 1628 controversia,locuti
1777 1595 1858 1626 sunt;

159 1647 256 1675 «mala
263 1646 381 1674 soboles
388 1654 405 1673 a
412 1648 440 1673 te
447 1646 510 1681 ipso
518 1653 719 1681 procrescens.
729 1645 981 1680 »Secundo,cat.4,

162 1700 243 1719 num.
263 1692 306 1725 16,
322 1691 453 1718 animam
465 1699 533 1718 cum
544 1690 575 1717 in
586 1699 693 1726 corpus
704 1690 794 1723 venit,
804 1690 916 1725 peccati
933 1698 984 1717 cx-

163 1740 278 1773 pertem
289 1744 355 1764 esse
366 1735 548 1772 pronuntiat.
558 1747 568 1759 ι
579 1736 638 1762 Hoc
647 1743 764 1770 quoque
772 1734 986 1770 addisce,quod

164 1793 176 1806 α
190 1781 366 1816 priusquam
377 1780 478 1807 anima
488 1779 518 1806 in
529 1779 608 1806 hunc
619 1778 765 1806 mundum
775 1778 899 1811 veniret,
911 1778 986 1805 nihil

166 1837 176 1851 ο
182 1825 379 1862 peccavit;sed
386 1833 454 1852 cum
461 1824 571 1860 absque
578 1826 698 1859 peccato
706 1822 891 1859 ἀναμάρτητοι
899 1831 985 1850 vene-

168 1884 176 1896 ι
193 1872 298 1903 rimus,
312 1879 389 1897 nunc
403 1879 436 1897 ex
446 1870 536 1896 libera
549 1869 697 1896 voluntate
709 1876 873 1903 peccamus.
890 1880 902 1892 ››
916 1867 986 1894 Ani-

164 1925 244 1944 mam
253 1919 413 1950 antequam
422 1923 475 1941 usu
484 1914 583 1941 libera:
592 1914 748 1940 voluntatis
757 1915 868 1948 peccet,
883 1911 987 1947 ἀναμέλ-

166 1970 276 1997 ρτητον,
290 1962 435 1995 apeccato
448 1959 570 1985 liberam
581 1958 689 1985 diserte
700 1958 922 1990 statuit.Tertio,
941 1965 987 1983 cas

166 2007 242 2034 tecli.
255 2005 434 2038 2,n.4,docet
445 2004 624 2034 diabolumw
639 2012 698 2030 non
711 2012 744 2030 ex
756 2002 987 2038 natura,peccati

167 2065 179 2077 (ι
193 2051 323 2087 quadam
332 2050 505 2077 necessitate
514 2048 865 2083 obligatum,peccavisse;
876 2048 987 2082 alioqui
1000 2058 1001 2061 π

170 2098 216 2124 «in
225 2095 351 2130 eumqui
364 2094 541 2122 talemillum
550 2093 990 2128 fecisset,ipsapeccandicausa

169 2142 364 2169 «recurreret.
378 2151 391 2164 υ
404 2140 492 2166 Porro
501 2138 611 2174 peccati
621 2137 772 2172 originalis
781 2146 813 2164 ea
822 2141 864 2164 est
872 2139 988 2170 natura,

172 2190 202 2214 ut
218 2186 255 2213 ab
271 2185 336 2220 ipsa
351 2184 502 2211 nativitate
532 2186 560 2209 et
575 2183 778 2217 conceptione,
809 2182 920 2217 peccati
938 2190 991 2208 ne-

170 2231 309 2259 cessitate
325 2228 445 2264 obligati
462 2230 489 2255 et
505 2227 617 2255 astricti
636 2227 813 2253 siinus.llaec
824 2226 911 2262 igitur
928 2226 992 2253 cul—

170 2284 216 2312 pa,
234 2274 345 2311 Cyrillo
358 2273 469 2309 judice.
488 2273 517 2300 in
533 2273 625 2299 Deum
642 2272 738 2307 ipsum
755 2280 771 2298 a
788 2271 873 2297 nobis
890 2274 990 2297 trans-

170 2320 294 2348 ferenda
311 2321 398 2346 esset.

206 2375 251 2401 43.
268 2374 331 2400 Non
349 2375 447 2400 tamen
464 2371 547 2398 deest
571 2371 616 2397 ΜΞ
647 2369 870 2396 difﬁcultatibus
888 2369 995 2396 idonea

172 2418 337 2454 responsio.
355 2417 398 2444 Ad
423 2417 548 2452 primam
567 2415 645 2442 enim
675 2415 777 2442 eadem
794 2414 994 2441 confutationc

172 2464 213 2491 uti
231 2471 398 2500 possumus,
416 2470 473 2496 qua
489 2460 661 2496 Pelagianos
678 2460 857 2495 Augustinus
875 2458 994 2491 refellit,

174 2517 240 2537 cum
252 2509 308 2536 sibi
321 2507 462 2534 adversus
482 2508 635 2541 peccatum
656 2505 777 2540 originis
794 2504 943 2539 [CLXXIII]
959 2503 995 2529 i1-

174 2554 219 2582 las
229 2553 341 2590 peccati
354 2552 545 2580 definitiones
558 2550 730 2584 objicereut,
745 2550 885 2584 quosipse
898 2549 927 2575 in
935 2548 996 2575 suis

175 2602 278 2626 contra
290 2597 465 2625 Manichaeos
477 2595 561 2622 libris
573 2594 729 2622 attulerat:
742 2605 755 2618 (ι
769 2595 925 2621 Peccatum
937 2601 996 2619 non

175 2643 301 2672 «estnisi
309 2642 443 2670 voluntas
451 2639 599 2667 retinendi
608 2643 635 2665 et
642 2638 718 2665 admi
725 2638 814 2665 ttendi
824 2637 997 2673 quodjusti-

177 2701 187 2714 4
202 2690 336 2721 tiavetat,
350 2689 379 2714 et
388 2686 466 2713 unde
476 2685 603 2712 liberum
616 2687 660 2710 est
670 2683 828 2710 abstinere.
843 2684 875 2709 Et
886 2691 892 2710 :
903 2690 997 2717 usque

175 2746 188 2759 κ
205 2734 279 2762 adeo
287 2734 440 2769 peccatum
452 2729 662 2761 voluntarium,
679 2727 790 2754 malum
806 2730 857 2759 est,
872 2730 903 2753 ut
915 2726 997 2753 nullo

176 2779 281 2807 «modo
290 2778 328 2805 sit
336 2779 490 2812 peccatum
497 2775 553 2801 nisi
562 2772 813 2801 sitvoluntarium.
821 2784 831 2797 ι)
838 2772 999 2807 llcspondit

176 2823 357 2861 Augustinus
366 2820 522 2848 deﬁnitum
530 2828 545 2847 a
554 2827 583 2846 se
593 2827 656 2845 esse
668 2820 831 2854 peccatum,
845 2817 922 2852 quod
935 2820 998 2843 tau-

175 2868 330 2898 tummodo
342 2868 498 2903 peccatum
507 2865 615 2901 sit,non
623 2866 721 2891 autem
728 2871 813 2898 poena
821 2862 943 2897 peccati;
954 2861 982 2887 ni
989 2876 999 2882 -

1038 1653 1094 1672 nec
1109 1644 1196 1671 aliter
1211 1650 1244 1670 ac
1258 1640 1384 1677 Cyrillus
1404 1639 1546 1667 adversus
1570 1648 1621 1667 eos
1636 1639 1715 1666 ullus
1739 1639 1860 1666 Patrum

1038 1688 1208 1725 disputavit.
1224 1685 1394 1714 Secundum
1410 1684 1596 1712 difﬁcultatis
1610 1686 1698 1720 caput
1708 1692 1767 1711 non
1783 1690 1859 1719 aegre

1039 1741 1156 1769 quoque
1171 1730 1352 1759 dissolvitur.
1378 1730 1481 1766 Agitur
1495 1728 1532 1756 de
1547 1728 1599 1756 illa
1627 1728 1860 1760 Platonicorum,

1040 1786 1129 1814 quam
1149 1776 1288 1812 Origenes
1305 1777 1423 1802 secutus
1435 1773 1788 1809 existimatur,opinione,
1804 1780 1863 1808 qua.

1039 1822 1184 1859 putabant
1198 1821 1324 1854 animas,
1341 1827 1409 1847 cum
1419 1819 1542 1853 dudum,
1552 1822 1713 1854 antequam
1728 1818 1863 1853 corpori-

1040 1867 1096 1895 bus
1111 1866 1307 1902 illigarentur,
1318 1864 1511 1897 exstitissent,
1522 1864 1554 1891 in
1566 1863 1732 1891 voluntaria
1743 1864 1864 1898 peccata

1042 1911 1195 1944 cecidisse,
1207 1910 1314 1945 quibus
1324 1910 1398 1936 iram
1411 1908 1460 1936 Dei
1472 1908 1862 1943 commeruissent,quorum

1041 1954 1073 1984 in
1093 1963 1209 1992 pmnam
1225 1955 1256 1982 in
1266 1955 1329 1982 haec
1345 1954 1497 1981 terrestria
1507 1961 1632 1988 corpora
1645 1951 1773 1979 fuissent
1787 1951 1865 1978 rele-

1042 2004 1126 2038 gatae.
1156 2000 1257 2028 Merito
1288 1998 1394 2027 asserit
1422 1998 1549 2033 Cyrillus
1578 1997 1710 2024 animam
1739 1996 1770 2023 in
1785 1996 1865 2024 hunc

1042 2045 1187 2074 mundum
1203 2043 1360 2077 venire,ab
1378 2042 1458 2070 omni
1468 2044 1588 2077 peccato
1604 2048 1699 2077 prava;
1710 2040 1866 2069 electionis

1043 2090 1168 2118 liberam
1184 2098 1190 2116 :
1206 2097 1239 2117 ac
1256 2092 1317 2116 tum
1328 2087 1460 2123 primum
1475 2086 1583 2114 divinae
1599 2085 1672 2122 iegis
1683 2087 1788 2122 sponte
1805 2085 1866 2112 vio-

1045 2132 1110 2158 latae
1126 2139 1208 2158 ream
1225 2129 1300 2163 ﬁeri,
1312 2137 1379 2156 cum
1394 2127 1487 2155 libere
1499 2127 1680 2155 voluntatem
1689 2134 1773 2154 suam
1784 2125 1863 2153 malo

1045 2176 1184 2213 applicat,
1211 2183 1244 2202 ac
1268 2181 1390 2209 corpore
1420 2172 1476 2200 sibi
1497 2172 1534 2200 ad
1562 2172 1709 2199 bonorum
1739 2178 1863 2207 operum

1045 2220 1218 2250 exercitium
1233 2219 1301 2247 dato
1316 2218 1392 2246 fmde
1408 2217 1444 2246 ad
1459 2217 1640 2253 voluptatem
1656 2219 1685 2244 et
1708 2217 1864 2252 peccatum

1046 2267 1186 2300 abutitur,
1204 2267 1260 2293 cat.
1277 2265 1304 2298 4,
1320 2272 1403 2292 num.
1432 2264 1475 2290 23.
1492 2262 1632 2296 Tandem,
1658 2260 1737 2297 quod
1753 2260 1791 2288 ad
1806 2262 1865 2288 ter-

1007 2302 1030 2333 Β
1047 2313 1120 2340 tium
1135 2309 1312 2347 objectionis
1337 2310 1426 2344 caput
1449 2307 1589 2344 pertinet,
1610 2306 1698 2342 longe
1713 2305 1868 2334 dissimilis

1049 2356 1170 2390 diaboli,
1187 2355 1212 2383 si
1227 2354 1325 2383 malus
1340 2356 1447 2381 natura
1461 2361 1478 2380 a
1493 2353 1552 2380 Deo
1578 2353 1695 2379 creatus
1710 2350 1826 2384 fuisset,
1843 2352 1873 2378 et

1048 2401 1179 2429 hominis
1194 2399 1283 2436 primi
1298 2398 1432 2435 parentis
1448 2399 1568 2434 peccato
1583 2396 1679 2424 vitiati
1695 2398 1725 2424 et
1739 2394 1871 2431 corrupti

1050 2445 1295 2475 causa.Diabolus
1311 2445 1334 2472 si
1346 2443 1443 2472 malus
1454 2442 1591 2471 conditus
1607 2441 1811 2476 esset,nullius
1821 2440 1874 2467 illa

1050 2494 1248 2528 praeterquam
1264 2490 1394 2518 auctoris
1406 2497 1439 2517 ac
1452 2488 1594 2516 creatoris
1605 2487 1701 2523 culpa;
1718 2487 1807 2514 homo
1822 2494 1874 2513 ve-

1050 2545 1083 2564 ro
1100 2544 1154 2564 sua
1169 2536 1232 2571 ipse
1256 2534 1311 2562 sibi
1338 2534 1431 2561 ruinas
1448 2533 1563 2567 artifex,
1594 2541 1662 2560 cum
1692 2532 1824 2564 nolente,
1840 2538 1875 2558 ac

1052 2581 1160 2609 severis
1176 2579 1324 2607 mandatis
1339 2578 1524 2615 prohibente,
1537 2578 1693 2613 minasque
1709 2576 1875 2604 intentante

1053 2627 1122 2660 Deo,
1139 2626 1169 2652 in
1185 2624 1417 2660 praenuntiatum
1434 2622 1489 2651 sibi
1505 2623 1628 2650 exitium
1644 2622 1714 2649 ruit.

1280 2682 1431 2718 [CLXXIV]
1451 2682 1566 2710 CAPUT
1586 2681 1645 2709 VII.

1053 2741 1093 2766 De
1106 2740 1209 2766 divine
1216 2740 1318 2771 gratia:
1326 2740 1458 2768 auxiliis,
1472 2747 1568 2764 eorum
1577 2738 1745 2763 necessitate.
1749 2736 1876 2769 gratuita

1084 2781 1108 2801 et
1119 2776 1305 2808 pracenienti
1320 2776 1477 2807 largitione,
1500 2776 1667 2808 efﬁcacitate
1681 2781 1713 2798 ac
1739 2772 1877 2797 distribu—

1085 2814 1160 2838 tione
1177 2813 1219 2836 vel
1234 2812 1434 2836 subtractione.

1091 2860 1135 2886 44.
1154 2858 1293 2886 Nonnulli
1311 2858 1480 2894 scriptores,
1500 2864 1566 2885 cum
1591 2853 1740 2891 prioribus
1762 2850 1877 2888 paginis
