4134 6264
261 384 383 445 213

1628 369 2153 440 DISSERTATIO
2195 369 2304 432 Ill.

3550 369 3671 431 214

261 517 393 583 quis
419 529 586 565 suam
616 514 803 576 ipsius
836 513 1011 563 vitam
1028 527 1138 575 pro
1164 513 1301 561 Jesu
1330 513 1568 562 daturus
1596 518 1676 559 est
1711 509 1828 559 nisi
1855 509 1917 557 in
1951 505 2005 573 Α
2033 518 2249 566 semper
2274 509 2526 552 sanctam
2556 501 2901 559 Trinitatem,
2934 505 3044 556 etc.
3096 502 3308 557 Preces
3328 492 3331 495 I
3353 500 3472 556 illm
3512 505 3677 557 tanto

264 598 494 661 Spiritu
516 597 831 667 [CLXXVI]
848 603 1033 645 sancto
1051 594 1071 643 ἵ
1092 596 1302 650 Totum
1327 600 1598 650 nostrum
1640 592 1920 648 adversus

268 689 629 745 tentationes
654 686 999 757 prmsidium
1030 686 1091 740 in
1115 685 1365 757 Spiritus
1389 684 1576 740 sancti
1599 681 1819 738 auxilio
1836 696 1927 735 re-

268 779 438 851 ponit
464 782 580 833 cat.
615 778 703 845 16,
737 792 798 830 n.
833 777 897 830 19
924 792 936 831 :
972 776 1239 837 Magnum
1269 789 1305 823 a
1331 776 1445 823 Deo
1470 772 1736 823 habemus
1760 770 1924 819 auari-

268 870 528 918 liatorem
556 881 623 913 ac
643 873 1011 926 protectorem
1045 879 1310 927 magnum
1338 863 1601 913 Ecclesia;
1651 862 1923 911 doctorem

270 967 318 1007 et
334 972 443 1019 pro
470 955 630 1004 nobis
656 962 1151 1016 propugnatorem.
1207 956 1290 1004 Ne
1314 952 1687 1015 formidemus
1720 951 1925 1000 daemo-

270 1065 364 1098 nes
392 1063 572 1112 neque
599 1046 927 1107 diabolum;
974 1046 1163 1109 major
1191 1054 1269 1095 est
1318 1045 1472 1095 enim
1504 1044 1605 1109 qui
1626 1057 1734 1106 pro
1766 1041 1924 1092 nobis

271 1141 523 1189 decertat.

343 1223 434 1275 46.
468 1218 762 1275 Creditam
794 1224 853 1274 et
880 1218 1213 1275 confessam
1244 1234 1279 1275 a
1306 1217 1526 1290 Cyrillu
1551 1215 1735 1271 divini
1756 1213 1922 1270 auxi-

269 1311 335 1367 lii
364 1310 808 1379 necessitatem,
839 1314 906 1364 ut
934 1309 1133 1366 divina
1161 1307 1446 1364 mandata
1475 1323 1611 1363 cum
1650 1304 1926 1361 observe-

268 1405 558 1469 mus,tum
570 1399 884 1455 observare
898 1396 1781 1472 perseveremus,efﬁcacissime
1798 1411 1928 1468 pro-

269 1490 411 1546 bant
422 1490 555 1561 ejus
567 1489 961 1545 catecheseon
975 1486 1639 1559 conclusiones,quibus
1652 1502 1764 1557 app
1772 1500 1928 1541 reca-

270 1585 365 1635 tur
374 1577 752 1635 auditoribus
764 1581 1101 1636 uteosDeus
1112 1580 1176 1635 in
1189 1578 1351 1634 omni
1364 1577 1521 1633 bono
1534 1574 1860 1631 constituat
1871 1577 1930 1628 et

272 1672 602 1725 conservet.
628 1669 750 1723 Cat.
775 1671 828 1737 1,
853 1685 914 1726 n.
938 1672 991 1737 6,
1017 1670 1168 1717 Deus
1190 1683 1281 1716 vos
1300 1680 1491 1715 omnes
1517 1663 1630 1713 sibi
1647 1663 1927 1726 placentes

276 1758 574 1817 σαειοάεαε;
593 1756 706 1814 hoc
728 1762 840 1826 est,
861 1758 1040 1814 faciat
1059 1776 1160 1814 vos
1181 1758 1293 1814 sibi
1315 1758 1642 1830 placentes,
1660 1759 1717 1810 et
1738 1754 1802 1809 in
1826 1752 1928 1808 tali

2031 594 2338 666 amplioris
2362 592 2650 649 momenti
2674 598 2831 659 sunt,
2855 591 3015 663 quod
3037 606 3107 647 ex
3125 591 3404 647 Ecclesia)
3424 608 3674 647 consue-

2031 684 2235 740 tudine
2266 689 2326 739 et
2354 684 2506 755 stle
2543 688 2815 755 sumpta),
2838 698 2961 739 non
2982 681 3184 754 Cyrilli
3211 680 3418 748 solius,
3452 681 3555 737 sed
3587 685 3674 736 to-

2031 774 2149 830 tius
2170 774 2448 830 Ecclesiae
2472 778 2733 830 mentem
2756 779 2814 828 et
2834 772 3194 828 sententiam
3217 770 3290 826 de
3311 770 3496 826 divini
3515 771 3681 827 auxi-

2031 860 2093 918 lii
2127 864 2480 920 necessitate
2513 863 2863 919 efllcacitate
2924 864 3396 934 repraesentant;
3446 861 3676 916 inanis-

2032 968 2146 1024 que
2178 958 2238 1007 et
2266 952 2554 1009 derisoria
2583 952 2780 1023 potius
2821 966 2999 1023 quam
3053 966 3191 1006 vera
3241 955 3299 1005 et
3328 949 3581 1019 sincera,
3613 953 3679 1005 ut

2031 1042 2303 1099 observat
2337 1043 2723 1117 Augustinus,
2755 1041 3084 1114 [CLXXVII]
3115 1039 3303 1097 oratio
3352 1045 3559 1096 nostra
3586 1039 3679 1097 fu-

2032 1136 2164 1188 tura
2194 1137 2302 1201 est,
2337 1133 2385 1189 si
2416 1133 2478 1189 id
2509 1149 2542 1188 a
2572 1133 2690 1188 Deo
2738 1132 3018 1204 petimus,
3069 1129 3229 1202 quod
3258 1131 3386 1203 ipse
3415 1128 3479 1185 in
3503 1127 3680 1185 liberi

2035 1223 2226 1278 nostri
2257 1222 2488 1278 arbitrii
2521 1226 2811 1294 potestate
2860 1220 3191 1290 reliquerit.
3225 1219 3330 1276 llic
3384 1219 3564 1275 etiam
3594 1218 3684 1274 lo-

2034 1328 2170 1368 cum
2202 1311 2422 1367 habere
2450 1316 2699 1383 possunt
2728 1310 2997 1379 diversas,
3031 1326 3284 1381 quarum
3309 1309 3425 1365 vim
3446 1325 3513 1365 ac
3545 1324 3682 1365 sen-

2033 1417 2165 1456 sum
2191 1400 2446 1472 Cyrillus
2469 1401 2709 1472 exponit
2729 1406 2840 1456 cat-
2863 1402 2953 1467 23,
2977 1416 3038 1454 n.
3064 1399 3123 1455 11
3155 1404 3214 1455 et
3233 1415 3424 1471 seqq.,
3457 1397 3681 1454 oratio-

2035 1490 2130 1545 nis
2152 1489 2472 1546 Dominicaa
2488 1490 2827 1561 petitiones.
2851 1488 2950 1544 Ait
2969 1487 3152 1555 enim,
3171 1505 3232 1545 n.
3260 1489 3347 1558 12,
3365 1504 3401 1543 a
3421 1488 3538 1544 Deo
3558 1486 3683 1561 peti

2037 1586 2101 1635 ut
2127 1580 2513 1643 sanctiﬁcetur
2536 1579 2600 1628 in
2626 1579 2783 1628 nobis
2806 1577 2933 1638 ejus
2957 1578 3178 1627 nomen:
3203 1577 3360 1649 quod
3391 1581 3518 1633 tum
3539 1593 3686 1634 con-

2035 1672 2209 1743 tingit
2238 1686 2363 1720 cum
2392 1686 2492 1720 nos
2520 1670 2964 1734 sanctiﬁcamur,
3018 1676 3071 1717 et
3124 1668 3568 1731 sanctiﬁcatione
3603 1668 3664 1718 di
3704 1693 3725 1707 -

2032 1776 2148 1823 gna
2168 1776 2332 1822 opera
2350 1761 2622 1823 facimus;
2652 1776 2817 1816 num.
2853 1761 2937 1830 14,
2968 1764 3036 1814 ut
3064 1759 3219 1815 sicut
3245 1757 3309 1808 in
3332 1758 3553 1821 angelis
3577 1759 3683 1808 Dei

276 1851 484 1907 habitu
505 1855 817 1909 conservet
832 1866 900 1906 ac
922 1854 1176 1905 tueatur.
1208 1849 1331 1905 Cat.
1361 1848 1416 1916 6,
1440 1863 1501 1902 n.
1535 1847 1622 1914 35,
1647 1845 1721 1900 de
1743 1842 1925 1899 Mani-
1961 1875 2010 1943 Β
2039 1850 2353 1899 voluntates
2379 1851 2720 1913 facientibus
2749 1852 2815 1914 ﬁt
2840 1850 3101 1898 voluntas
3129 1848 3250 1905 Dei.
3274 1848 3357 1905 ita
3372 1865 3551 1922 super
3568 1853 3684 1904 ter-

270 1942 577 1997 chaeornm
591 1957 791 1998 errore
812 1956 882 1996 ac
903 1938 1225 1995 seducendi
1240 1943 1364 1994 arte
1380 1937 1657 2008 loquens:
1681 1934 1791 1984 Nos
1820 1932 1931 1981 Dm

264 2032 463 2080 minus
486 2046 524 2079 a
557 2038 716 2079 tanto
747 2029 1009 2091 defendat
1040 2042 1262 2087 errore;
1290 2041 1457 2090 eaque
1482 2025 1633 2075 vobis
1657 2024 1927 2074 adversus

262 2121 563 2170 draconem
578 2119 884 2169 inimicitia
904 2118 1290 2175 tribuatur,ut
1309 2132 1417 2181 quo
1432 2116 1590 2165 modo
1610 2114 1723 2177 ipsi
1757 2115 1925 2164 calca-

263 2226 431 2260 neum
444 2219 697 2260 vestrum
708 2208 1107 2267 observant,ita
1115 2217 1166 2257 et
1181 2223 1273 2257 vos
1284 2215 1448 2270 caput
1460 2207 1698 2257 illorum
1711 2204 1929 2256 concul-

261 2301 413 2350 eetis.
446 2301 572 2357 Cat,
608 2302 697 2370 14,
723 2317 784 2356 n.
820 2300 907 2369 16,
939 2302 1045 2355 30:
1080 2301 1232 2348 Deus
1271 2298 1545 2348 custodiat
1577 2298 1803 2348 animas
1837 2310 1926 2345 ve-

259 2399 407 2439 stras
436 2404 451 2451 ;
484 2390 879 2439 inconcussam
905 2389 1429 2454 immutabilemque
1449 2397 1691 2438 vestram
1717 2388 1775 2437 in
1797 2401 1927 2437 eum

262 2480 365 2543 qui
393 2481 716 2528 resurrexit
744 2494 898 2541 spem
920 2487 1201 2528 conservet
1219 2495 1239 2539 ;
1257 2479 1429 2528 simul
1447 2478 1743 2528 exsuscitet
1759 2493 1846 2526 vos
1859 2492 1927 2525 ex

266 2568 510 2617 mortuis
560 2568 807 2629 peccatis
849 2568 1049 2617 vestris
1102 2568 1174 2617 ad
1219 2567 1429 2617 donum
1474 2581 1646 2616 suum
1680 2566 1927 2627 caeleste;

272 2657 475 2719 dignos
504 2673 597 2706 vos
608 2658 821 2722 efﬁciat
849 2658 1285 2721 quirapiamini
1314 2657 1377 2706 in
1390 2655 1635 2706 nubibus
1658 2655 1720 2706 in
1738 2670 1926 2705 occur-

273 2754 402 2786 sum
435 2738 687 2788 Domini.
720 2741 807 2793 En
837 2739 1061 2795 donum
1094 2738 1642 2812 perseverantiae,et
1669 2739 1926 2810 optima-

274 2845 406 2883 rum
438 2828 514 2883 ad
542 2828 842 2901 baptisma
868 2828 1348 2901 dispositionum,
1381 2845 1450 2884 ac
1478 2828 1771 2884 bonorum
1794 2844 1928 2900 ope-

280 2934 410 2973 rum
442 2917 662 2989 quibus
693 2917 947 2973 salutem
980 2934 1281 2974 meremur
1309 2923 1632 2974 auctorem.
1663 2917 1785 2974 Cat.
1840 2920 1926 2985 15,

276 3024 336 3062 n.
368 3009 474 3062 33:
541 3006 949 3056 Unicersorum
991 3008 1143 3056 Deus
1172 3024 1262 3056 vos
1290 3022 1478 3056 omnes
1521 3007 1814 3066 custodiat,
1846 3008 1928 3056 si-

269 3111 517 3158 gnorum
547 3097 1051 3146 consummationis
1080 3104 1422 3156 memores,et
1446 3096 1682 3148 invictos
1722 3100 1790 3149 ab
1811 3097 1929 3147 An-

271 3186 528 3237 tichristo
583 3194 892 3236 manentes.
943 3188 1067 3244 Cat.
1100 3193 1188 3258 l7,
1220 3206 1279 3245 n.
1314 3191 1404 3259 38,
1433 3190 1584 3239 Deus
1640 3188 1927 3251 Spiritum

2038 1958 2165 1998 ram
2197 1943 2259 1997 in
2289 1942 2463 1998 nobis
2495 1942 2692 2011 ﬁat;n.
2723 1944 2809 2009 17,
2840 1946 2960 1998 uta
2990 1941 3313 1998 tentatione
3336 1957 3459 1997 non
3477 1940 3684 1997 obrua-

2035 2050 2189 2102 mur,
2223 2033 2326 2089 sed
2355 2049 2638 2106 generose
2670 2038 2730 2088 et
2755 2032 2990 2089 fortiter
3019 2031 3372 2100 evadamus;
3405 2048 3465 2088 n.
3488 2032 3577 2101 18,
3607 2035 3674 2087 ut

2032 2122 2357 2179 liberemur
2377 2140 2411 2179 a
2432 2122 2691 2180 diabolo.
2710 2122 2931 2179 Eodem
2957 2122 3164 2178 referri
3188 2126 3439 2195 possunt
3456 2121 3674 2195 gratia-

2033 2228 2165 2268 rum
2197 2213 2480 2269 actiones.
2513 2214 2611 2269 Ait
2637 2217 2749 2269 cat.
2781 2214 2874 2281 23,
2904 2229 2966 2268 n.
2999 2216 3051 2280 5,
3093 2213 3230 2261 Vere
3255 2211 3475 2274 gratias
3513 2225 3677 2274 agere

2033 2300 2305 2360 debemus,
2333 2302 2480 2365 quod
2525 2316 2654 2350 cum
2702 2301 2932 2364 inpigni
2962 2315 3223 2363 essemus,
3270 2300 3343 2349 ad
3371 2305 3581 2349 tantam
3615 2312 3680 2347 ac

2034 2391 2202 2441 talem
2233 2406 2334 2440 nos
2364 2391 2573 2440 vocavit
2602 2391 2850 2452 gratiam
2872 2407 2890 2440 :
2933 2388 3083 2454 quod
3125 2404 3252 2439 cum
3280 2388 3510 2438 inimici
3542 2401 3679 2436 esse-

2033 2498 2180 2543 mus,
2216 2497 2316 2531 nos
2350 2481 2770 2542 reconciliavit,-
2802 2481 2948 2545 quod
2981 2481 3208 2542 Spiritu
3261 2478 3573 2541 adoptionis
3601 2484 3683 2527 est

2033 2573 2412 2635 dignatusEn
2426 2571 2790 2628 vocationem
2814 2568 3678 2638 nostram,reconciliationem,

2035 2660 2601 2734 adoptionem,dona
2621 2660 2723 2716 Dei
2745 2659 2999 2734 gratuito
3021 2663 3082 2715 et
3099 2657 3555 2714 immerentibus
3568 2673 3681 2714 con

2036 2768 2223 2821 cessa,
2243 2751 2348 2808 sed
2365 2752 2508 2824 quid
2523 2768 2744 2821 moror,
2767 2750 3001 2823 singula
3015 2749 3365 2805 Christianae
3387 2748 3518 2803 vitae
3545 2747 3677 2804 ofﬂ-

2036 2842 2128 2899 cia
2161 2842 2562 2915 particulatim
2587 2841 2847 2914 probans
2869 2856 2940 2896 ex
2967 2839 3206 2912 Cyrillo,
3242 2839 3454 2894 divinat
3475 2838 3680 2912 gratim

2036 2931 2398 2988 adminiculo
2436 2930 2692 3003 perﬁci?
2719 2930 2811 2986 Sic
2840 2929 2942 2984 ille
2973 2930 3177 2985 omnia
3205 2938 3534 2997 enumerat,
3562 2934 3676 2983 cat.

2039 3023 2126 3089 16,
2184 3037 2243 3076 n.
2304 3022 2392 3089 12,
2454 3019 2664 3067 Anima
2733 3018 3042 3080 peccatrix,
3108 3030 3216 3078 per
3277 3017 3680 3078 paenitentiam

2036 3109 2289 3171 Spiritus
2318 3107 2501 3157 sancti
2529 3106 2670 3155 dono
2699 3105 2942 3170 dignata,
2983 3105 3239 3166 justitice
3277 3119 3518 3154 racemos
3541 3119 3683 3167 por-

2039 3207 2138 3250 tat.
2174 3201 2422 3264 Cumque
2449 3199 2549 3248 ille
2582 3199 2760 3248 unius
2809 3204 2861 3247 et
2887 3197 3138 3258 ejusdem
3182 3196 3335 3246 modi
3359 3196 3452 3257 sit,
3480 3196 3689 3247 multi-

266 3286 527 3326 sanctum
551 3274 625 3325 ad
653 3291 746 3325 vos
775 3278 1011 3336 emittat,
1033 3293 1248 3342 perque
1266 3248 1416 3328 hunc
1443 3288 1491 3328 et
1511 3295 1611 3328 nos
1631 3278 1925 3335 custodiat,

2039 3290 2211 3353 plices
2242 3299 2426 3339 tamen
2457 3289 2665 3338 virtute
2688 3296 2971 3351 operatur.
3002 3287 3148 3338 Nam
3176 3286 3417 3337 alterius
3460 3285 3688 3351 quidem
3748 3334 3749 3337 η

265 3381 618 3416 communem
642 3366 907 3417 omnibus
940 3367 1097 3420 nobis
1136 3368 1556 3433 beneﬁcentiam
1586 3369 1935 3432 impertiens,

264 3466 326 3507 ut
351 3460 519 3507 omni
556 3466 800 3520 tempore
827 3459 1011 3507 sancti
1053 3458 1311 3519 Spiritus
1348 3461 1574 3520 fructus
1600 3460 1902 3510 reddamus
1919 3477 1937 3511 :

270 3548 625 3607 charitatem,
673 3547 971 3613 gaudium,
1002 3563 1217 3610 pacem,
1272 3548 1576 3607 lenitatem,
1614 3550 1937 3613 benignita-

272 3646 402 3695 tem,
426 3639 750 3697 bonitatem,
770 3639 955 3703 ﬁdem,
976 3639 1490 3698 mansuetudinem,
1512 3640 1934 3693 continentiam.

285 3733 374 3787 En
401 3749 613 3788 omnes
641 3731 781 3788 illas
802 3732 1300 3801 virtutes,fructus
1330 3737 1390 3788 et
1419 3732 1663 3788 effectus
1684 3732 1936 3804 Spiritus

279 3822 469 3877 sancti
502 3822 565 3877 in
596 3820 772 3876 nobis
801 3822 1048 3894 agentis.
1082 3823 1203 3878 Cat.
1241 3824 1326 3890 18,
1359 3838 1523 3878 num.
1558 3824 1645 3892 20,
1702 3820 1936 3871 zEterno

278 3927 454 3975 regno
486 3927 578 3958 vos
607 3926 794 3959 omnes
840 3926 947 3959 sua
1003 3910 1185 3972 ipsius
1213 3911 1405 3973 gratia
1450 3912 1650 3974 dignos
1679 3912 1829 3960 Deus
1859 3916 1938 3974 ef-

274 4001 465 4066 ﬁciat;
495 4017 557 4055 ι).
606 4000 839 4066 31,νίια
866 4009 1075 4049 (eterna
1118 4002 1335 4050 utinam
1366 4016 1465 4049 uos
1517 4016 1726 4064 omnes,
1757 4010 1807 4050 et
1835 4003 1936 4066 qui

276 4090 537 4141 docemus
566 4097 617 4138 et
645 4089 748 4153 qui
776 4088 1012 4149 auditis,
1038 4090 1142 4139 Dei
1174 4091 1366 4152 gratia
1394 4091 1570 4151 potiri
1606 4091 1934 4153 contingat;

278 4185 336 4235 et
358 4197 423 4238 n.
458 4182 547 4235 35,
579 4179 729 4227 Deus
777 4177 863 4227 det
892 4178 1043 4245 vgbis
1092 4178 1355 4241 spiritum
1388 4179 1677 4242 sapientia
1705 4187 1757 4229 et
1783 4195 1937 4229 reve-

280 4269 519 4320 lationis
544 4269 610 4318 in
641 4269 932 4332 agnitione
954 4269 1066 4327 sui,
1118 4269 1476 4318 illuminatos
1524 4271 1701 4320 oculos
1732 4272 1938 4322 mentis

280 4370 329 4410 et
359 4360 635 4410 custodiat
668 4374 760 4410 vos
780 4360 889 4422 per
916 4375 1078 4409 omne
1113 4367 1330 4422 tempus
1362 4360 1424 4409 in
1457 4362 1792 4423 operibus,et
1819 4378 1936 4413 ser-

284 4453 570 4513 monibus,
598 4460 650 4500 et
670 4452 926 4515 cogitatis
959 4450 1131 4501 bonis.
1165 4453 1321 4507 Nihil
1352 4454 1736 4524 pratermisit
1779 4455 1937 4528 quod

287 4543 405 4598 Deo
457 4558 583 4597 non
617 4540 886 4610 referret,
919 4541 1322 4615 cognitionem
1354 4543 1479 4613 Dei,
1525 4559 1727 4614 opera,
1760 4544 1936 4614 dicta,

2038 3382 2227 3432 utitur
2255 3381 2462 3445 lingua
2489 3380 2561 3430 ad
2609 3380 2969 3442 sapientiam,
3025 3379 3266 3429 alterius
3293 3386 3536 3429 mentem
3550 3392 3690 3441 pro-

2028 3471 2227 3535 phetia
2242 3472 2521 3527 illustrat,
2537 3468 2672 3519 huic
2684 3468 3081 3532 fugandorum
3112 3470 3430 3519 dmmonum
3451 3475 3689 3532 potesta-

2039 3566 2147 3607 tem
2179 3558 2451 3620 impertit,
2468 3557 2563 3607 illi
2584 3556 2809 3606 divinas
2837 3557 3168 3619 Scripturas
3189 3555 3560 3618 interpretari
3578 3556 3691 3606 lar-

2036 3648 2215 3711 gitur.
2244 3647 2497 3697 Alterius
2554 3646 2983 3709 temperantiam
3035 3646 3136 3706 (vel
3166 3644 3326 3696 aliter
3354 3647 3687 3709 castitatem)

2039 3736 2365 3795 corroborat,
2409 3737 2594 3787 alium
2639 3752 2765 3802 qum
2793 3737 2866 3786 ad
2919 3736 3384 3796 misericordiam,
3408 3738 3501 3793 vel
3530 3737 3689 3793 elee.

2039 3843 2350 3901 mosynam
2362 3829 2691 3890 pertineant
2707 3828 2874 3889 doc-et;
2887 3829 3071 3879 alium
3086 3827 3354 3889 jejunare
3372 3835 3423 3875 et
3442 3826 3686 3875 asceticae

2039 3919 2169 3968 vitae
2227 3918 2649 3968 exercitationes
2684 3919 2919 3967 tolerare
2973 3917 3136 3979 docet,
3188 3916 3372 3967 alium
3407 3916 3689 3966 commoda

2040 4010 2287 4071 corporis
2307 4009 2691 4073 contemnere}
2711 4009 2895 4058 alium
2916 4008 2990 4058 ad
3012 4008 3363 4072 martyrium
3374 4017 3687 4069 praeparat.

2041 4090 2190 4157 Quid
2208 4092 2269 4147 in
2292 4092 2557 4147 animam
2579 4090 2840 4146 hominis
2859 4091 3102 4145 veniens
3125 4087 3301 4146 faciat
3320 4088 3573 4160 Spiritus
3597 4104 3690 4145 ex-

2039 4180 2211 4253 ponit
2238 4199 2297 4237 ιι,
2331 4183 2419 4247 16,
2455 4180 2619 4229 Venit
2674 4180 2911 4237 salvare,
2944 4190 3170 4244 sanare,
3209 4177 3415 4236 docere,
3445 4191 3688 4236 monere,

2041 4272 2317 4333 roborare,
2348 4269 2646 4327 consolari,
2683 4269 2982 4319 illustrare
3009 4276 3248 4318 mentem
3268 4268 3529 4331 primum
3563 4268 3691 4328 eius

2042 4377 2077 4412 a
2104 4376 2213 4426 quo
2244 4360 2576 4423 suscipitur,
2607 4358 2806 4411 dehinc
2832 4366 2884 4408 et
2919 4360 3169 4410 aliorum
3202 4359 3381 4421 hujus
3409 4373 3607 4421 opera;
3636 4361 3692 4407 et

2043 4468 2096 4502 n.
2126 4451 2205 4511 22,
2242 4450 2505 4513 Conspice
2530 4450 2809 4514 cujusque
2839 4451 3022 4514 gentis
3077 4451 3353 4512 episcopos
3400 4451 3690 4514 presbyte-

2042 4559 2153 4607 ros,
2184 4542 2459 4601 diaeonos,
2492 4541 2789 4593 monachos
2812 4541 3082 4605 virgines,
3115 4550 3165 4590 et
3209 4539 3457 4605 reliquos
3478 4539 3686 4594 laicos:

289 4637 346 4688 et
364 4631 759 4704 cogitationes
788 4630 994 4686 bonas.
1027 4631 1260 4687 Catech.
1293 4631 1383 4699 20,
1415 4648 1473 4687 n.
1500 4633 1531 4685 8
1556 4647 1570 4687 :
1610 4631 1814 4681 Potens
1860 4641 1939 4682 est
1967 4620 2016 4687 Β
2045 4643 2097 4684 et
2124 4635 2247 4684 vide
2277 4648 2551 4698 magnum
2580 4640 2841 4683 rectorem
2877 4646 2943 4681 ac
2976 4631 3269 4695 praesidem
3306 4631 3690 4697 donorumque

292 4722 456 4779 Deus,
489 4721 593 4785 qui
621 4736 713 4769 vos
732 4728 1004 4785 tanquam
1033 4735 1102 4769 ex
1128 4721 1370 4771 mortuis
1394 4722 1547 4770 vicos
1579 4731 1939 4784 representa-

291 4812 389 4873 vit,
422 4810 571 4862 vobis
600 4812 735 4861 dare
759 4819 823 4859 ut
852 4812 915 4860 in
936 4810 1181 4860 novitate
1210 4812 1339 4861 vitae
1359 4810 1678 4876 ambuletis,
1701 4814 1823 4872 Cat,
1846 4817 1913 4870 23
1920 4861 1936 4887 ,

290 4922 350 4960 η,
384 4907 486 4959 23:
526 4905 675 4953 Deus
696 4904 860 4965 pacis
889 4903 1199 4968 sancti/lcet
1250 4918 1342 4953 vos
1374 4912 1527 4967 totos,
1583 4912 1633 4954 et
1664 4905 1940 4969 integrum

287 5001 537 5041 vestrum
574 5007 784 5055 corpus,
819 5001 869 5041 et
893 4992 1091 5041 anima
1118 4998 1170 5041 et
1188 4992 1432 5054 spiritus
1458 4992 1521 5042 in
1540 4993 1783 5043 adventu
1802 4995 1940 5044 Jesu

289 5083 500 5134 Christi
525 5091 802 5132 servetur.
835 5081 1099 5155 Epistola
1128 5081 1202 5138 ad
1218 5082 1547 5151 Constant,
1578 5100 1638 5139 n.
1661 5087 1692 5137 7
1717 5100 1729 5139 :
1755 5082 1941 5145 Hujus

282 5186 333 5226 te
355 5177 551 5240 gratia
581 5191 647 5225 ac
660 5174 921 5237 potentia
947 5177 1252 5237 protectum
1282 5181 1448 5238 atque
1464 5174 1763 5235 (stantem,
1798 5177 1941 5228 illu-

283 5264 697 5329 strioribusque
725 5278 792 5314 ac
845 5262 1161 5324 majoribus
1202 5263 1428 5325 pietatis
1461 5265 1669 5329 ofﬁciis
1698 5266 1946 5317 condeco-

288 5364 541 5406 ratum...
578 5357 732 5405 Deus
767 5355 939 5403 totius
998 5354 1128 5403 boni
1183 5353 1428 5417 largitor
1454 5363 1769 5417 conservet;
1797 5373 1857 5415 ῃ,
1889 5359 1944 5429 8,

303 5446 591 5497 Valentem
622 5454 674 5495 te
702 5453 753 5494 et
783 5444 940 5494 omni
967 5450 1235 5494 ornatum
1271 5444 1495 5507 virtute,
1522 5453 1948 5513 comuetainque

296 5552 424 5589 cum
437 5536 694 5589 Romani
712 5535 942 5599 imperii
963 5542 1084 5585 tum
1102 5542 1431 5585 sanctarum
1449 5534 1835 5587 Ecclesiarum
1853 5552 1948 5588 cu-

298 5644 424 5681 ram
445 5636 756 5695 gerentem,
788 5635 841 5678 et
890 5626 1265 5691 amplioribus
1316 5624 1543 5690 pietatis
1562 5628 1824 5689 prcemiis
1852 5644 1949 5679 es:-

293 5722 744 5788 splendentem...
803 5721 954 5770 Deus
983 5718 1142 5769 nobis
1199 5716 1491 5779 concedat;
1539 5719 1945 5785 gloriﬁcantem

2047 4727 2396 4791 largitorem,
2428 4725 2693 4790 quomodo
2744 4725 2808 4773 in
2861 4721 2989 4772 orbe
3032 4730 3141 4771 toto
3196 4722 3292 4773 illi
3342 4723 3688 4785 pudicitiam

2045 4817 2146 4867 isti
2164 4825 2498 4879 perpetuam
2525 4813 3065 4878 cirginitatem,huic
3095 4812 3560 4874 misericordiam,
3580 4813 3691 4866 alii

2038 4904 2396 4966 paupertatis
2419 4902 2667 4953 studium
2695 4901 2978 4952 attribuit.
3010 4903 3201 4973 Atque
3220 4901 3347 4958 hac
3375 4901 3554 4975 plane
3575 4901 3692 4958 suf.

2049 4996 2279 5065 ﬁciunt,
2298 4998 2367 5050 ut
2383 4993 2751 5067 intelligatur
2769 4992 2972 5065 Cyrilli
2994 4990 3291 5047 sententia
3309 4990 3534 5048 bonum
3555 4990 3693 5049 nul—

2048 5084 2175 5140 lum
2206 5100 2357 5155 esse,
2415 5082 2575 5154 quod
2606 5100 2641 5139 a
2670 5082 2774 5138 Dei
2830 5081 3052 5138 auxilio
3107 5098 3228 5137 non
3258 5081 3692 5154 proficiscatur.

2051 5174 2190 5239 Quae
2221 5171 2463 5245 quidem
2506 5171 2784 5244 pluribus
2811 5171 2945 5226 aliis
2994 5170 3352 5227 testimoniis
3385 5170 3507 5227 sive
3537 5187 3571 5226 a
3599 5186 3694 5227 me

2053 5262 2302 5318 inferius
2332 5260 2720 5329 adducendis,
2755 5261 2872 5316 sive
2905 5259 2978 5316 ob
3010 5260 3259 5317 nimiam
3291 5260 3522 5333 copiam
3553 5278 3699 5332 prae-

2054 5350 2347 5409 termissis
2375 5350 2552 5422 plane
2583 5350 3036 5407 conﬁrmantur.

2167 5451 2248 5501 De
2272 5451 2531 5515 gratuita
2559 5466 2626 5501 ac
2649 5449 3018 5513 prmenienti
3037 5450 3240 5514 gratiae
3269 5446 3594 5514 largitione.

2125 5535 2215 5589 47.
2250 5533 2555 5605 Ρνωοὶριιει
2582 5534 2784 5605 gratim
2837 5533 2942 5588 dos
2999 5537 3107 5599 est,
3142 5549 3273 5604 quas
3330 5533 3460 5604 ejus
3516 5532 3697 5588 etiam

2056 5622 2299 5681 nomine
2330 5624 2687 5692 continetur,
2718 5627 2784 5678 ut
2810 5622 3067 5696 gratuita
3096 5623 3192 5691 sit,
3220 5627 3279 5677 et
3322 5620 3694 5675 immerenti-

2055 5715 2165 5772 bus
2196 5714 2322 5771 sola
2344 5714 2445 5770 Dei
2474 5713 2837 5785 benignitate
2858 5726 3180 5770 concessa:
3208 5715 3272 5766 ut
3299 5706 3529 5766 meritis
3558 5706 3693 5761 nul-
