4108 6270
400 332 522 395 215

1694 330 1797 393 DE
1839 331 2028 397 VITA
2069 326 2133 395 S.
2178 332 2512 405 CYRILLI.

3695 348 3809 410 316

403 467 482 523 lis
510 466 583 523 ab
613 465 858 523 homine
874 471 1270 560 comparetur,
1286 467 1393 560 sed
1413 468 1548 560 ipsa
1562 466 1926 560 voluntatem
1946 466 2055 523 hu-
2078 465 2135 534 Α
2165 478 2397 531 mentes
2418 475 2766 535 inductione
2797 483 2895 536 :at
2922 496 3028 553 ego
3049 484 3109 535 te
3128 477 3524 536 nihilominus
3543 478 3808 560 admitto,

409 573 649 612 manam
670 557 1008 629 praeveniat:
1024 557 1310 630 nullaque
1323 557 1586 613 hominis
1600 558 2058 629 prasparatione,

410 646 626 715 studio,
651 652 753 702 aut
773 646 868 719 pio
896 646 1190 703 desiderio
1213 646 1606 719 prmveniatur
1626 663 1642 713 ;
1665 647 1748 703 ita
1766 652 1833 702 ut
1866 646 1914 701 si
1947 663 2053 718 po~

411 737 690 793 steriores
708 740 767 792 et
785 736 1105 809 ampliores
1123 737 1342 810 gratias
1364 737 1602 809 pietatis
1627 736 1895 808 profectu
1919 752 2057 807 pro—

407 831 707 883 mereatur
737 831 795 881 et
823 826 1091 898 acquirat
1121 826 1320 894 homo,
1359 826 1637 882 meritum
1667 825 1819 881 illud
1840 826 2056 898 priori-

407 917 517 973 bus
541 915 746 990 gratiis
774 915 946 971 nobis
977 915 1350 982 donatum,et
1370 917 1431 971 in
1460 915 1634 972 nobis
1656 917 1935 972 effectum
1958 915 2053 972 sit.

407 1008 530 1073 Quo
562 1007 650 1070 fit,
679 1010 748 1061 ut
776 1010 958 1061 totum
990 1005 1200 1061 salutis
1230 1010 1450 1061 nostra:
1473 1022 1622 1077 opus
1644 1004 1856 1060 divinas
1884 1004 2057 1060 mise-

406 1095 677 1152 ricordiae
710 1095 1015 1162 debeatur,
1045 1100 1103 1149 et
1131 1094 1250 1151 vita
1277 1099 1520 1162 aeterna,
1547 1111 1890 1166 quanquam
1912 1095 2055 1149 solis

402 1185 701 1242 bonorum
732 1201 979 1257 operum
1010 1185 1239 1242 meritis
1261 1185 1513 1257 justitiaa
1545 1184 1716 1240 titulo
1748 1201 2054 1252 concessa,

404 1275 537 1348 ipsa
593 1275 772 1331 etiam
810 1275 999 1348 gratia
1056 1276 1171 1344 sit;
1226 1276 1511 1346 quoniam
1572 1275 1785 1331 merita
1839 1274 2057 1347 quibus

404 1362 760 1436 [CLXXVIII]
800 1369 1196 1437 comparatur,
1229 1364 1484 1438 gratuita
1542 1369 1682 1420 sunt
1744 1363 1843 1420 Dei
1874 1363 2053 1421 dona.

406 1454 542 1509 Haec
565 1453 767 1510 omnia
785 1453 1039 1525 Cyrillus
1060 1458 1265 1510 noster
1284 1459 1343 1509 et
1361 1454 1595 1527 agnovit
1615 1458 1675 1509 et
1693 1453 2054 1525 praedicavit.

409 1543 609 1599 Primo
641 1544 801 1600 enim
832 1544 881 1599 si
914 1543 988 1599 ad
1019 1560 1196 1600 omne
1224 1560 1374 1617 opus
1405 1544 1631 1600 bonum
1675 1543 2058 1601 efﬁciendum

409 1632 741 1688 necesssria
771 1632 850 1687 sit
878 1632 1087 1705 gratia,
1118 1637 1185 1688 ut
1212 1633 1388 1689 modo
1422 1649 1492 1688 ex
1518 1633 1737 1705 Cyrillo
1786 1634 2057 1706 probavi-

409 1723 841 1794 mus,sequitur
859 1723 1110 1794 gratiam
1130 1722 1313 1779 nullis
1334 1723 1507 1779 bonis
1528 1724 1807 1796 Operibus
1828 1741 2057 1797 praeve-

2166 575 2414 633 sperans
2444 572 2648 624 nostro
2678 568 2881 624 labore
2916 575 2976 625 et
3003 569 3221 625 Christi
3250 570 3458 643 gratia,
3482 586 3663 642 pravo
3680 571 3809 626 ani-

2163 652 2245 706 mi
2275 653 2479 711 habitu
2511 657 2765 730 abjecto,
2803 665 2857 714 te
2888 658 2963 715 ad
3008 659 3256 715 meliora
3311 676 3660 716 conversum
3688 660 3807 729 iri.)

2162 741 2285 796 Cat.
2324 746 2409 813 16,
2441 763 2606 803 num.
2642 751 2727 817 19,
2752 749 2941 805 multa
2958 748 3374 821 praevenientis
3393 748 3596 822 gratim
3618 765 3805 806 exem-

2162 830 2264 902 pla
2285 843 2731 893 commemorat:
2759 838 2828 888 Si
2856 839 3081 903 quando
3103 838 3317 890 sedenti
3347 838 3449 888 tibi
3466 839 3532 888 de
3560 839 3806 888 castitate

2159 939 2252 978 aut
2279 931 2612 995 virginitate
2642 938 2929 987 succurrit
2951 938 3226 1002 cogitatio,
3254 937 3701 1000 Spiritussancti
3718 939 3810 988 do-

2164 1024 2347 1073 ctrina
2381 1033 2474 1076 est.
2509 1028 2708 1077 Nonne
2730 1031 3016 1080 multoties
3036 1030 3237 1091 puella
3255 1028 3386 1090 jam
3429 1030 3502 1079 ad
3530 1029 3810 1092 nuptiates

2163 1111 2433 1163 thalamos
2464 1119 2766 1168 constituta
2795 1120 3045 1182 aufugit,
3079 1120 3181 1170 illo
3210 1120 3274 1168 de
3306 1120 3644 1183 virginitate
3690 1135 3807 1170 eru-

2162 1202 2387 1255 diente?
2416 1207 2597 1256 nonﬁe
2623 1224 2867 1273 persaepe
2895 1210 3053 1260 homo
3083 1211 3147 1260 in
3168 1211 3410 1273 palatiis
3458 1210 3805 1272 conspicuus,

2163 1306 2287 1353 opes
2318 1299 2371 1342 et
2399 1294 2734 1357 dignitatem
2761 1299 3022 1361 conspuit
3042 1314 3078 1348 a
3109 1299 3337 1361 Spiritu
3355 1306 3548 1348 sancto
3574 1299 3814 1348 edoctus?

2163 1397 2348 1433 nonne
2370 1384 2711 1451 plerumque
2729 1388 3059 1449 adolescens,
3092 1390 3390 1453 speciosam
3416 1394 3667 1452 formam
3687 1404 3814 1438 con-

2162 1466 2424 1532 spiciens,
2453 1470 2640 1519 oculos
2669 1474 3008 1535 compressit,
3031 1482 3082 1523 et
3106 1474 3294 1524 videre
3321 1473 3717 1532 declinavit,et
3735 1473 3815 1522 in-

2161 1556 2591 1619 Quinomentum
2612 1562 2837 1625 επαρίιῖ
2850 1564 2998 1614 unde
3016 1563 3168 1614 illud
3183 1566 3421 1625 factum,
3439 1562 3818 1627 rogasISpiri-

2165 1652 2256 1692 tus
2275 1655 2505 1696 sanctus
2548 1648 2911 1702 adolescentis
2933 1660 3169 1703 mentem
3189 1653 3419 1703 edocuit.
3433 1653 3525 1703 Tot
3537 1659 3672 1702 sunt
3699 1665 3820 1702 ava-

2164 1734 2320 1784 ritia:
2335 1737 2670 1798 cupiditates
2704 1742 2768 1790 in
2799 1743 3027 1802 mundo,
3056 1750 3108 1791 et
3141 1751 3540 1805 paupertatem
3568 1742 3817 1791 volunta-

411 1811 550 1879 niri,
584 1815 643 1866 et
672 1810 779 1868 sub
833 1812 1113 1867 meritum
1153 1829 1269 1868 non
1303 1812 1539 1880 cadere,
1597 1813 1879 1885 quoniam
1906 1814 2059 1871 nihil
2091 1842 2138 1909 Β
2176 1825 2328 1874 riam
2369 1830 2981 1883 ectanturChristiani:
3003 1833 3376 1897 quamobrem?
3395 1841 3631 1895 propter
3645 1828 3820 1881 sancti

410 1900 573 1958 aliud
594 1917 725 1957 eam
746 1901 862 1958 nisi
883 1901 1042 1958 bona
1062 1919 1243 1974 opera
1263 1903 1590 1974 promereri
1612 1908 1884 1975 possunt.
1908 1906 2062 1960 Pras-

411 1996 574 2047 terea
602 1991 880 2046 meritum
912 2008 1089 2048 omne
1121 1991 1238 2048 ﬂde
1264 1996 1321 2047 et
1352 1991 1618 2048 oratione
1648 1999 2055 2065 comparatur;

407 2080 684 2152 donaque
721 2096 828 2136 sua
857 2082 1060 2137 omnia
1089 2082 1243 2136 Deus
1269 2081 1340 2136 ab
1373 2082 1640 2138 oratione
1672 2082 2056 2154 suspendisse

408 2170 662 2237 videtur,
695 2174 762 2225 ut
793 2174 851 2225 et
879 2169 1132 2241 Cyrillus
1164 2170 1291 2242 ipse
1321 2170 1528 2226 homil.
1558 2172 1617 2225 in
1659 2171 2054 2242 paralyticum,

410 2274 577 2316 num.
609 2259 665 2328 4,
697 2260 905 2316 docet:
938 2266 999 2316 at
1030 2259 1207 2315 ﬁdem
1240 2265 1298 2315 et
1326 2260 1658 2316 orationem
1688 2261 1878 2333 ipsius
1917 2277 2057 2318 sen-

410 2348 597 2403 tentia
625 2349 827 2422 gratiae
850 2348 1076 2405 fructus
1098 2364 1226 2404 esse
1248 2348 1627 2421 probavimus
1648 2350 1826 2422 hujus
1848 2350 2059 2423 capitis

413 2453 576 2494 num.
620 2440 687 2493 44
710 2442 767 2493 et
787 2440 876 2494 45.
907 2438 1016 2494 Sed
1040 2438 1170 2509 jam
1201 2437 1423 2494 diserta
1451 2438 1654 2512 Cyrilli
1686 2439 1757 2494 de
1805 2439 2060 2511 gratuita

414 2543 481 2584 ac
510 2528 725 2584 merita
744 2527 1129 2600 prmvenienti
1159 2529 1361 2601 gratiae
1382 2528 1693 2602 largitione
1716 2529 2060 2585 testimonia

412 2615 771 2689 proferenda
798 2621 957 2672 sunt.
987 2618 1115 2672 Jam
1146 2616 1453 2672 attulimus
1485 2616 1681 2673 locum
1711 2635 1784 2673 ex
1822 2623 1934 2675 cat.
1967 2620 2055 2687 23,

414 2722 474 2762 n.
509 2708 561 2771 ὅ,
596 2720 713 2777 quo
744 2705 1049 2778 explicans
1079 2704 1257 2761 verba
1277 2706 1549 2779 Liturgiaa
1575 2706 1792 2756 Gratias
1821 2722 2059 2770 agamus

413 2795 667 2853 Domina.
701 2794 786 2851 ait
824 2811 935 2851 nos
991 2795 1208 2868 gratias
1267 2812 1438 2869 agere
1495 2795 1709 2852 debere
1757 2795 1904 2860 quod
1932 2810 2059 2845 cum

410 2884 642 2949 indigni
704 2900 965 2945 essemus,
996 2887 1068 2936 ad
1103 2894 1317 2937 tantam
1375 2901 1472 2935 nos
1526 2893 1739 2936 vocavit
1774 2886 2058 2949 gratiam,-

408 2989 535 3025 cum
566 2975 787 3029 inimici
817 2989 1060 3027 essemus
1095 2993 1194 3027 nos
1238 2976 1624 3029 reconciliavit
1653 2985 1705 3026 et
1744 2978 2060 3041 adoptionis

405 3066 631 3129 Spiritu
664 3068 866 3132 dignos
898 3070 1099 3134 efecit,
1134 3069 1316 3124 simili
1365 3069 1541 3126 modo
1580 3069 1783 3142 populi
1813 3086 2057 3142 respon-

409 3156 662 3226 sionem,
711 3157 957 3219 Dignum
991 3164 1038 3205 et
1067 3156 1291 3218 iustum
1318 3166 1414 3217 est,
1457 3158 1780 3231 explicans,
1814 3160 2060 3232 ejusque

410 3246 529 3302 vim
578 3248 891 3320 aperiens:
924 3247 1068 3297 Dum
1126 3249 1346 3310 gratias
1394 3262 1640 3315 agimus,
1698 3249 1913 3321 inquit,
1944 3264 2063 3299 rem

414 3333 647 3400 dignam
679 3337 905 3399 agimus
935 3345 984 3385 et
1012 3333 1269 3398 iustam;
1304 3338 1422 3399 ipse
1454 3346 1643 3388 autem
1671 3352 1783 3388 non
1793 3339 1956 3400 juste
1973 3339 2068 3388 sed

417 3435 631 3490 prteter
646 3422 882 3488 justum
911 3438 1080 3490 agens
1111 3422 1269 3476 nobis
1298 3424 1580 3489 benefecit,
1612 3429 1890 3492 tantisque
1911 3428 2068 3479 bonis

416 3514 615 3578 dignos
643 3514 844 3580 effecit.
878 3516 1295 3572 Misericordiae
1319 3517 1496 3590 igitur
1515 3518 1699 3574 solius
1721 3534 1869 3591 opus
1892 3524 1984 3576 est
2012 3524 2071 3576 et

420 3600 874 3662 immerentibus
927 3618 1302 3673 concessum,
1356 3606 1417 3662 id
1446 3612 1636 3663 totum
1667 3608 1827 3680 quod
1855 3625 1966 3665 nos
1996 3608 2070 3665 ad

411 3692 712 3767 justitiam
737 3699 796 3751 et
816 3695 1069 3751 salutem
1091 3694 1354 3752 deduxit.
1379 3697 1747 3770 Quapropter
1770 3698 1830 3753 in
1859 3699 2067 3755 lauda-

418 3786 494 3840 tis
507 3785 660 3858 jam.
683 3800 850 3841 num.
876 3787 966 3856 46,
991 3784 1222 3842 duobus
1245 3802 1315 3842 ex
1337 3791 1449 3842 cat.
1476 3787 1563 3855 18,
1596 3787 1764 3859 locis,
1798 3805 1904 3845 sua
1931 3806 2070 3862 gra-

419 3872 501 3931 tia
531 3876 718 3932 Deum
744 3891 852 3931 nos
884 3875 958 3932 ad
988 3875 1166 3932 vitam
1194 3881 1479 3933 cateruam
1510 3878 1836 3950 perducere
1888 3880 2072 3935 conti-

415 3970 593 4021 tetur.
627 3968 820 4037 Atque
847 3970 916 4021 ut
944 3964 1016 4022 ab
1048 3962 1193 4039 ipsis
1227 3966 1436 4023 salutis
1467 3967 1654 4024 initiis
1676 3967 2071 4040 incipiam,ad

415 4068 599 4111 unam
633 4054 879 4112 viventis
932 4060 990 4111 et
1019 4056 1444 4128 triumphantis
1498 4057 1766 4114 cruciﬁxi
1796 4058 2072 4114 virtutem

415 4145 619 4215 refert,
643 4144 801 4216 quod
834 4142 1195 4216 baptismum
1229 4146 1575 4217 requisituri
1600 4146 1674 4202 ad
1715 4147 2072 4205 catechesim

416 4232 718 4291 auditores
750 4232 841 4289 sui
873 4235 1283 4302 convenerint,
1318 4240 1429 4290 cat.
1469 4236 1557 4302 13,
1586 4253 1646 4291 n.
1679 4238 1750 4292 40
1781 4253 1793 4291 :
1827 4236 1933 4287 Hoc
1987 4236 2075 4299 ip-

414 4346 542 4381 sum
576 4331 724 4395 quod
755 4345 910 4382 nunc
942 4327 1089 4394 ades,
1128 4331 1404 4396 Cruciﬁxi
1419 4331 1691 4384 virtutem
1710 4334 1816 4384 tibi
1833 4350 2077 4398 persua-

413 4421 555 4472 deat.
593 4418 731 4475 Quis
780 4420 933 4472 enim
966 4429 1018 4470 te
1047 4436 1203 4471 nunc
1230 4421 1303 4471 ad
1356 4422 1510 4473 hunc
1548 4432 1741 4474 coetum
1797 4401 2075 4475 adduxit?

414 4513 517 4577 qui
543 4512 757 4564 milites
776 4514 800 4561 1
826 4513 1032 4577 quibus
1065 4527 1121 4562 es
1155 4511 1402 4563 vinculis
1423 4523 1641 4564 coactus
1661 4515 1682 4565 ἰ
1700 4531 1826 4579 quae
1847 4523 1897 4565 te
1921 4532 2077 4567 nunc

413 4603 638 4652 adursit
656 4599 880 4664 judicis
908 4602 1225 4652 sententia!
1281 4616 1473 4653 verum
1509 4603 1764 4654 salutare
1794 4606 1931 4655 Jesu
1962 4614 2075 4656 tro-
2103 4588 2152 4654 Π

406 4703 620 4755 parum,
652 4705 812 4751 crux,
849 4706 1035 4741 omnes
1065 4690 1177 4740 huc
1214 4692 1407 4755 coegit.
1440 4694 1616 4750 Notat
1658 4700 1882 4766 procat.
1924 4711 1984 4752 n.
2016 4700 2068 4769 5,

415 4780 623 4838 multos
647 4780 749 4852 qui
782 4780 916 4836 ﬁcte
943 4785 1003 4836 et
1030 4780 1308 4837 simulate
1334 4783 1650 4855 pravisque
1672 4783 2074 4842 voluntatibus

425 4873 501 4930 ad
530 4868 893 4943 baptismum
949 4871 1322 4942 accederent,
1357 4873 1575 4929 Christi
1635 4873 1811 4932 hamo
1852 4881 2074 4948 captos,

420 4962 643 5035 Spiritu
701 4960 952 5017 salutem
1006 4969 1374 5019 consecutos.
1436 4963 1615 5021 Humi,
1643 4963 1858 5036 inquit,
1890 4964 2079 5015 illece-

422 5054 585 5110 bram
617 5073 799 5117 sumo,
829 5074 896 5108 ac
921 5058 1131 5120 recipio
1165 5069 1216 5110 te
1243 5060 1387 5110 malo
1416 5062 1641 5125 quidem
1670 5064 1959 5126 proposito
1989 5079 2079 5113 ve-

420 5151 687 5209 nientem,
718 5156 777 5199 at
809 5163 906 5211 spe
961 5150 1103 5200 bona
1149 5150 1506 5202 salvandum.
1546 5152 1662 5207 Quo
1716 5154 1948 5215 venires,
1979 5170 2079 5205 cu-

407 5236 668 5305 jusmodi
705 5249 756 5290 te
791 5248 907 5289 rete
962 5241 1254 5302 exciperet,
1285 5243 1433 5303 forte
1466 5243 1761 5295 nesciebas.
1820 5246 2079 5296 Incidisti

416 5332 482 5382 in
511 5334 658 5383 retia
683 5330 1071 5389 ecclesiastica,
1108 5330 1271 5380 vivus
1301 5333 1538 5394 capiare,
1572 5349 1642 5385 ne
1668 5336 1885 5400 fugias.
1914 5337 2079 5399 Capit

415 5422 571 5473 enim
604 5430 653 5471 te
674 5422 840 5473 hamo
866 5422 1056 5475 Jesuc.
1086 5423 1103 5494 (
1135 5423 1223 5478 Ita
1251 5422 1493 5494 quidem
1534 5424 1733 5483 locum
1783 5428 2074 5498 intelligo,

420 5512 521 5586 qui
552 5515 755 5569 tamen
782 5512 940 5569 hunc
972 5525 1215 5567 sensum
1237 5511 1359 5584 pati
1383 5519 1583 5586 potest
1607 5531 1621 5571 :
1650 5516 1873 5572 Venisti
1898 5533 2077 5591 prava

491 5666 536 5707 ⁸¹
566 5666 731 5726 Rom.
766 5680 881 5723 vui.
912 5665 1003 5738 28,
1077 5662 1124 5699 ³³
1154 5663 1301 5725 ibid.

2170 1915 2484 1989 [CLXXIX]
2537 1918 2782 1981 Spiritus
2811 1922 3078 1973 intimam
3098 1925 3556 1986 praeceptionem.
3599 1923 3677 1978 De
3727 1921 3818 1994 pio

2171 2003 2424 2076 latrone,
2450 2012 2560 2063 cat.
2599 2011 2685 2078 13,
2718 2027 2779 2068 n.
2813 2014 2901 2079 31,
2934 2018 3070 2085 post
3099 2013 3463 2070 recensitam
3494 2016 3553 2068 et
3593 2009 3821 2083 exposi-

2170 2096 2292 2148 tam
2323 2093 2705 2154 domissionis
2727 2115 2793 2155 ac
2821 2101 3186 2171 poenitentia.»
3208 2102 3456 2174 plenam
3478 2101 3560 2173 pii
3582 2097 3820 2156 latronis

2170 2182 2501 2239 orationem
2554 2185 2629 2241 ad
2659 2188 2979 2259 Christum,
3040 2192 3101 2246 in
3131 2192 3260 2247 haec
3284 2191 3471 2247 verba
3499 2190 3818 2247 exclamat:

2171 2272 2305 2323 Quae
2326 2281 2391 2330 te,
2423 2288 2454 2322 o
2476 2273 2641 2334 latro,
2672 2278 3033 2331 illuminavit
3051 2288 3295 2344 potestas
3316 2282 3342 2330 ἒ
3369 2281 3505 2345 quis
3544 2279 3726 2329 docuit
3760 2283 3821 2326 ut

2172 2368 2547 2424 contemptum
2576 2374 2628 2414 et
2657 2375 2837 2419 tecum
2868 2385 2987 2419 una
3027 2372 3368 2436 cruciﬁxmn
3396 2370 3697 2420 adoraresi
3729 2384 3811 2423 re-

2170 2451 2462 2523 spondet:
2495 2456 2536 2506 0
2565 2456 2744 2507 lucem
2766 2466 3029 2508 aeterna'm
3059 2475 3184 2524 quas
3208 2459 3459 2519 iacentes
3488 2460 3552 2509 in
3594 2459 3819 2507 tenebris

2169 2549 2469 2601 illuminat
2491 2552 2512 2598 Ι
2537 2548 2762 2606 Deinde
2783 2550 3079 2606 Christum
3101 2550 3551 2622 sicloquentem
3573 2550 3812 2605 inducit:

2174 2638 2311 2689 Veni
2363 2647 2429 2688 ut
2446 2654 2680 2701 pascam
2737 2639 2799 2688 in
2827 2638 3023 2699 hortis,
3078 2655 3229 2689 ovem
3275 2639 3569 2702 perditam
3618 2637 3816 2695 inveni,

2168 2744 2291 2779 eam
2326 2730 2389 2779 in
2417 2728 2680 2780 humeros
2710 2744 2858 2779 meos
2881 2731 3131 2793 accipio;
3158 2731 3333 2780 credit
3359 2732 3539 2781 enim.

2241 2841 2330 2897 48.
2364 2841 2503 2907 Quae
2535 2855 2605 2896 ex
2639 2840 2856 2913 Cyrillo
2882 2840 3164 2898 adversus
3192 2843 3658 2915 praevenientem
3695 2856 3819 2914 gra-

2173 2931 2270 2985 tiae
2300 2930 2419 2985 vim
2451 2930 2543 2986 vel
2573 2930 2808 3002 objecta
2837 2937 2995 3001 sunt,
3028 2932 3118 2988 vel
3148 2938 3404 3004 possunt
3428 2933 3626 3007 objici,
3657 2930 3821 2987 facile

2171 3018 2504 3075 diluuntur.
2535 3020 2733 3075 Primo
2763 3019 2848 3076 ait
2874 3027 3098 3093 procat.
3131 3038 3297 3078 num.
3330 3026 3353 3076 1
3384 3039 3400 3078 :
3442 3045 3471 3074 ‹‹
3518 3019 3822 3084 Diligenti-

2171 3109 2272 3157 bus
2303 3109 2482 3157 Deum
2519 3110 2711 3159 omnia
2741 3120 3109 3171 cooperantur
3138 3111 3201 3160 in
3234 3112 3448 3162 bonum
3471 3112 3532 3162 ²¹.
3561 3132 3588 3158 ι
3616 3112 3825 3161 Libera-

2094 3217 2138 3285 ρ
2179 3197 2254 3246 lis
2282 3205 2361 3246 est
2392 3200 2540 3247 Deus
2587 3199 2660 3248 ad
2687 3200 3144 3262 benefaciendum
3173 3218 3191 3261 ,-
3240 3210 3511 3253 caeterum
3564 3206 3824 3263 exspectat

2174 3287 2452 3351 cujusque
2486 3288 2766 3339 sinceram
2817 3290 3159 3340 voluntatem
3181 3307 3200 3341 :
3244 3301 3554 3353 propterea
3600 3289 3822 3353 subjecit

2174 3379 2489 3444 Apostolus,
2524 3400 2550 3426 «
2591 3380 2680 3430 his
2727 3382 2840 3443 pui
2883 3383 3191 3431 secundum
3239 3384 3602 3446 propositum
3656 3381 3824 3431 vocati

2174 3478 2307 3520 sunt
2328 3472 2388 3529 η,
2410 3490 2436 3517 π
2458 3472 2763 3522 Since’rum
2774 3476 3131 3536 propositum
3158 3490 3285 3523 cum
3306 3474 3582 3538 adfuerit,
3599 3474 3735 3538 facit
3762 3480 3822 3521 ut

2175 3569 2397 3611 vocatus
2440 3562 2558 3623 sis;
2589 3581 2753 3620 num,
2782 3566 2850 3620 8:
2882 3563 3047 3614 Nihil
3093 3564 3257 3614 aliud
3308 3581 3343 3615 a
3377 3565 3543 3616 nobis
3588 3562 3820 3630 requirit

2174 3654 2324 3702 Deus
2345 3661 2557 3715 praeter
2586 3654 2962 3705 inductionem
2982 3654 3170 3705 animi
3199 3656 3419 3706 bonam.
3456 3658 3576 3713 Cat.
3602 3659 3651 3722 1,
3672 3672 3731 3712 n.
3754 3656 3783 3708 3
3807 3670 3818 3708 :

2184 3743 2253 3792 Ut
2310 3743 2356 3792 ii
2415 3744 2516 3808 qui
2544 3744 2757 3794 milites
2808 3745 3189 3806 conscripturi
3214 3753 3369 3803 sunt,
3405 3745 3821 3810 allegendorum

2176 3840 2365 3882 aetates
2394 3841 2445 3881 et
2487 3848 2717 3896 corpora
2746 3834 3079 3896 explorant;
3110 3835 3193 3885 ita
3248 3836 3535 3886 Dominus
3563 3834 3824 3884 delectum

2176 3923 2393 3986 faciens
2414 3925 3083 3984 animarum,voluntates
3110 3927 3359 3991 inquirit
3379 3940 3392 3976 :
3432 3929 3487 3977 ei
3514 3927 3567 3976 si
3584 3926 3710 3992 quis
3728 3923 3826 3989 hy—

2170 4014 2453 4075 pocrisim
2486 4015 2733 4064 abditam
2762 4023 2940 4078 gerat,
2976 4015 3127 4065 hunc
3151 4016 3327 4065 veluti
3356 4017 3436 4066 ad
3458 4031 3643 4066 veram
3674 4013 3826 4064 mili-

2180 4105 2320 4153 tiam
2352 4104 2607 4166 ineptum
2636 4105 2865 4165 reiicit;
2893 4106 2946 4157 si
2976 4120 3102 4156 vero
3126 4107 3366 4170 dignum
3392 4105 3824 4171 deprehenderit,

2180 4183 2313 4233 huic
2358 4185 2779 4247 promptissime
2825 4189 3039 4249 confert
3081 4188 3349 4251 gratiam.
3391 4190 3468 4245 Et
3495 4189 3713 4245 infra...
3761 4185 3827 4233 Ut

2180 4273 2331 4322 enim
2362 4274 2577 4323 calamo
2635 4274 2933 4337 scriptorio
2989 4276 3077 4325 vel
3105 4277 3211 4326 telo
3266 4279 3584 4329 necessaria
3624 4277 3826 4327 utentis

2181 4379 2347 4426 opera
2379 4372 2476 4420 est,
2529 4365 2611 4414 ita
2639 4375 2688 4416 et
2716 4366 2910 4429 gratia
2960 4367 3308 4418 credentibus
3351 4384 3493 4431 opus
3526 4369 3698 4419 habet.
3731 4368 3824 4422 Se-

2183 4454 2399 4523 cundo,
2431 4454 2502 4511 de
2534 4456 2722 4529 gratia
2761 4456 3013 4529 Spiritus
3043 4459 3254 4528 sancti,
3287 4459 3370 4515 ait
3399 4476 3531 4518 eam
3562 4462 3823 4533 paratam

2182 4545 2457 4601 omnibus
2488 4562 2550 4601 se
2582 4545 2721 4602 dare
2753 4546 2801 4601 si
2833 4547 3099 4619 recipere
3142 4547 3347 4619 velint,
3401 4550 3641 4622 pulsare
3672 4552 3729 4604 et
3756 4563 3821 4603 ex

2184 4640 2449 4707 spectare
2473 4634 2615 4690 dum
2637 4634 2725 4690 illi
2748 4636 2900 4692 ostia
2919 4636 3276 4708 aperiamus.
3301 4639 3424 4695 Cat.
3460 4643 3548 4708 16,
3566 4639 3820 4706 num.19,

2183 4725 2264 4779 De
2289 4724 2508 4796 Spiritu
2530 4729 2734 4781 sancto
2758 4726 2859 4781 ait:
2893 4725 3141 4776 Tantum
3176 4728 3273 4777 illi
3292 4728 3437 4779 ostia
3469 4727 3822 4791 aperiamus;

2186 4812 2450 4864 circumit
2477 4814 2630 4864 enim
2681 4830 2939 4879 quaerens
2963 4816 3181 4880 dignos,
3226 4827 3275 4868 et
3304 4821 3601 4884 requirens
3642 4832 3822 4883 quem-

2186 4916 2319 4950 nam
2347 4901 2679 4950 muneribus
2695 4902 3020 4964 impertiat;
3050 4909 3109 4959 et
3137 4921 3196 4959 n°
3228 4908 3295 4960 22
3319 4922 3333 4961 :
3361 4902 3823 4958 Quemadmodum

2186 4991 2291 5039 lux
2319 5005 2432 5039 uno
2461 4989 2613 5039 radii
2641 4991 2891 5053 ccnjectu
2931 4993 3124 5043 omnia
3175 4994 3473 5044 collustrat
3499 4995 3582 5044 sic
3634 5002 3684 5044 et
3711 4991 3827 5055 Spi-

2184 5080 2336 5129 ritus
2364 5088 2595 5130 sanctus
2628 5096 2715 5130 eos
2765 5081 2867 5145 qui
2896 5082 3082 5130 oculos
3113 5081 3314 5133 habent
3343 5084 3661 5134 illuminat.
3690 5083 3827 5132 Nam

2184 5169 2237 5219 si
2264 5170 2395 5234 quis
2429 5170 2726 5219 ccecutiens
2750 5171 2939 5232 gratia
2972 5173 3211 5222 minime
3253 5174 3514 5233 donatur,
3563 5188 3632 5223 ne
3662 5170 3833 5234 Spiri-

2186 5267 2308 5309 tum
2360 5259 2475 5318 ille,
2507 5259 2601 5308 sed
2653 5274 2817 5309 suam
2876 5260 3061 5323 ipsius
3090 5262 3545 5313 incredulitatem
3601 5267 3827 5313 accuset.

2185 5351 2306 5405 Cat.
2335 5350 2421 5420 17,
2445 5366 2610 5405 num.
2638 5352 2700 5404 l9
2725 5365 2739 5405 :
2770 5350 3030 5411 Spiritus
3057 5360 3288 5402 sanctus
3316 5368 3591 5416 personas
3618 5365 3727 5402 non
3754 5363 3831 5399 re-

2182 5438 2388 5501 spicit;
2417 5453 2529 5487 non
2559 5438 2715 5488 enim
2745 5438 3045 5501 dignitates
3094 5443 3320 5506 quaerit,
3351 5443 3447 5492 sed
3481 5443 3689 5493 animw
3707 5441 3829 5502 pie-
3871 5435 3874 5438 ’

2184 5534 2371 5578 tatem.
2398 5563 2410 5579 .
2468 5535 2692 5579 tantum
2750 5529 3145 5596 unusquisque
3173 5547 3230 5582 se
3276 5539 3501 5596 apparet
3529 5531 3603 5582 ad
3654 5526 3826 5579 susci-
