4134 6264
342 324 470 392 217

1712 333 2230 405 DISSERTATIO
2274 343 2380 407 Ill.

3641 355 3762 417 218

334 472 611 561 piendum
661 473 959 561 calcamur
997 473 1266 561 gratiam.
1336 467 1550 561 Tertio,
1605 469 1795 561 Deum
1823 475 1881 561 et
1929 470 2002 526 ad
2034 475 2087 541 Α
2119 483 2443 550 sanctoque
2473 481 2846 554 baptismatis
2902 487 3226 559 signaculo.
3287 487 3556 543 Secundo
3587 504 3763 561 argu—

348 553 777 609 conferendam
814 555 1063 626 gratiam
1111 555 1283 611 initia
1308 555 1578 628 quasdam
1637 575 1670 612 a
1701 557 1870 614 nobis
1902 577 2003 614 ex-

350 649 642 716 spectare,
677 649 736 698 et
771 645 1020 717 gratiam
1053 645 1238 700 semel
1269 645 1466 702 datam
1497 647 1741 702 arbitrio
1800 656 2002 704 nostro

351 733 426 788 ad
455 735 930 789 conservandum
958 735 1293 806 reliquisse,
1327 736 1418 791 his
1452 738 1806 794 testimoniis
1853 739 2001 794 forte

349 822 647 878 videbitur
661 824 1052 880 existimasse.
1073 825 1302 881 Procat.
1327 843 1489 882 num.
1519 831 1580 881 17
1603 845 1617 883 ;
1646 849 1672 880 ι
1695 829 1884 883 Meum
1916 835 2005 884 est

358 912 782 982 «dicere,tuum
801 930 934 968 vero
953 915 1188 986 aggredi
1203 915 1276 970 ad
1293 917 1615 986 opus,nhoc
1633 924 1722 972 est
1741 917 2003 974 volunta-

350 1008 467 1056 tem
501 1007 558 1056 et
589 1001 969 1057 sedulitatem
1011 1003 1083 1058 ad
1143 1005 1433 1076 imperata
1487 1005 1759 1062 facienda
1788 1006 2001 1079 adjun~

342 1107 532 1163 gere,«
546 1091 646 1145 Dei
663 1109 801 1147 vero
817 1093 1236 1164 perﬁcere.»Et
1251 1094 1998 1167 infra,aiensDeum«posse

346 1206 377 1232 ‹‹
403 1198 473 1234 ex
495 1181 720 1237 inﬁdeli
754 1182 993 1238 ﬁdelem
1011 1183 1226 1251 facere,
1255 1183 1581 1257 subjungit:
1615 1185 1662 1239 si
1693 1185 1868 1240 modo
1901 1203 2002 1240 cor

346 1296 375 1323 ‹‹
403 1272 494 1327 illi
514 1273 853 1344 praebuerit.
882 1294 910 1322 »
933 1273 1054 1329 Cat.
1085 1277 1134 1342 1,
1158 1290 1322 1329 num.
1347 1276 1414 1330 4:
1439 1274 1625 1346 «Ejus
1648 1274 1888 1346 quidem
1912 1281 2001 1330 est

346 1383 379 1414 cc
411 1362 559 1432 (Dei)
591 1361 856 1434 plantrre
887 1367 944 1416 et
973 1361 1183 1434 rigore,
1217 1367 1381 1417 tuum
1415 1380 1548 1418 vero
1593 1363 1851 1419 fructum
1881 1364 1997 1418 fer-

347 1473 378 1502 α
412 1468 472 1506 re
501 1468 514 1504 :
548 1451 650 1506 Dei
679 1456 769 1506 est
799 1451 1046 1524 gratiam
1080 1451 1368 1518 conferre,
1405 1457 1570 1507 tuum
1605 1469 1736 1508 vero
1768 1453 2000 1525 accipe-

343 1561 369 1590 α
405 1558 467 1595 re
498 1547 559 1596 et
589 1541 908 1596 custodire.
940 1545 1060 1596 Cat.
1098 1545 1184 1610 17,
1217 1559 1277 1596 n.
1312 1544 1378 1596 34
1405 1559 1418 1598 :
1445 1545 1718 1598 Nostrum
1747 1548 1836 1598 est
1867 1561 1999 1599 cou-

337 1655 364 1680 ‹‹
404 1631 634 1694 testari,
681 1637 843 1686 tuum
904 1648 1037 1686 vero
1097 1648 1338 1700 cavere;
1373 1637 1429 1688 et
1462 1649 1626 1689 num.
1661 1635 1762 1688 37:
1819 1634 1999 1699 Quid-

339 1744 369 1772 ‹‹
405 1738 548 1776 nam
581 1721 763 1793 igitur
793 1726 902 1789 est,
963 1721 1186 1789 dilecti,
1243 1723 1492 1794 gratiam
1552 1723 1752 1778 tueri?
1779 1745 1806 1773 »
1839 1724 1997 1794 quod

333 1812 421 1866 ita
453 1811 660 1866 malim
690 1816 915 1866 vertere
954 1827 1060 1882 per
1107 1811 1586 1878 admirationem,
1647 1835 1673 1862 «
1708 1818 1997 1884 quantum

337 1908 527 1969 «est,»
558 1919 738 1972 quam
761 1901 926 1956 utilis
949 1908 1007 1956 et
1023 1903 1289 1973 proﬁcua
1306 1919 1398 1958 res
1419 1903 1667 1975 gratiam
1692 1904 1840 1958 tueri
1867 1903 1878 1958 Ξ
1901 1921 1996 1959 cu-

331 1992 438 2063 jus
457 1991 830 2046 conservatio
859 1997 1022 2047 tanta
1036 1991 1301 2060 nobis,ut
1322 1992 1498 2048 modo
1516 1992 1813 2065 descripta
1834 1999 1992 2062 sunt,

340 2081 503 2136 bona
525 2081 826 2137 conciliat.
863 2105 889 2130 ‹‹
924 2082 1117 2137 Parati
1179 2088 1365 2138 estote
1423 2083 1492 2138 ad
1553 2083 1994 2156 suscipiendam

334 2194 363 2221 «
403 2171 678 2244 gratiam,
709 2171 1012 2242 semelque
1039 2178 1374 2243 susceptam
1398 2189 1470 2228 ne
1489 2173 1808 2245 abjiciatis.
1829 2197 1848 2223 ι
1881 2174 1991 2228 Ho-

330 2278 467 2316 rum
496 2260 974 2316 testimoniarum
991 2278 1202 2317 sensus
1219 2261 1453 2333 penitus
1467 2262 1593 2334 jam
1613 2261 1990 2335 aperiendus.

413 2426 500 2481 49.
533 2429 612 2481 Ac
645 2425 840 2496 primo
874 2424 1136 2496 quidem,
1168 2425 1334 2481 nulla
1362 2431 1450 2480 est
1503 2426 1562 2481 in
1621 2443 1992 2482 commemo-

337 2514 485 2568 ratis
517 2514 699 2584 priori
733 2518 1081 2585 argumento
1110 2513 1467 2569 testimoniis
1495 2513 1835 2569 difﬁcultas.
1868 2517 1993 2570 Non

339 2604 440 2658 hic
466 2605 656 2676 agitur
687 2603 760 2660 de
793 2605 985 2675 prima
1017 2621 1147 2676 quae
1177 2605 1405 2659 homini
1438 2605 1677 2660 advenit
1710 2605 1992 2678 [CLXXX]

337 2691 544 2762 gratia,
579 2690 682 2746 sed
716 2690 787 2745 de
819 2692 1007 2763 gratia
1036 2691 1401 2763 baptismali,
1444 2710 1574 2763 qua)
1602 2694 1840 2748 nonnisi
1873 2695 1997 2750 sin-

340 2800 474 2838 cere
508 2783 826 2853 conversis,
879 2799 945 2838 ac
1003 2783 1405 2853 credentibus,
1459 2785 1906 2856 paenitentibus,
1941 2792 1999 2841 et

339 2873 517 2942 longo
550 2873 842 2928 bonorum
875 2890 1121 2945 operum
1145 2874 1424 2930 exercitio
1449 2874 1620 2946 digne
1653 2877 1997 2947 praeparatis

340 2981 374 3018 a
407 2966 523 3018 Deo
556 2963 924 3020 conceditur.
960 2964 1022 3018 Id
1054 2966 1522 3036 procatecbesim
1554 2970 1612 3019 et
1641 2966 1996 3020 catechesim

337 3054 597 3124 primam
632 3052 720 3108 vel
753 3054 1153 3125 perfunctorie
1186 3053 1426 3125 legenti,
1468 3072 1535 3110 ac
1590 3055 1776 3110 sancti
1810 3056 2000 3110 Patris

337 3143 400 3197 in
434 3149 685 3214 utraque
721 3143 986 3198 oratione
1027 3145 1398 3216 propositum
1458 3145 1860 3200 consideranti
1894 3162 1999 3217 per

2116 573 2317 622 mento
2341 570 2548 627 eadem
2573 591 2722 644 pene
2744 576 3248 632 accommodanda
3269 578 3596 650 responsio.
3622 580 3761 632 Ter-

2112 655 2261 719 qium
2289 659 2444 713 enim
2471 661 2528 715 in
2552 679 2620 716 eo
2652 672 3180 720 commemoratum
3207 683 3274 719 ex
3307 672 3414 720 cat.
3457 671 3540 734 ΓΙ,
3574 683 3630 720 n.
3671 671 3758 733 19,

2116 745 2545 818 testimonium,
2607 754 2914 824 perspicue
2971 756 3091 826 agit
3144 755 3214 810 de
3271 755 3444 809 donis
3506 756 3756 825 Spiritus

2115 837 2323 902 sancti,
2351 837 2725 910 baptismatis
2744 843 2832 897 vel
2850 845 3325 899 conﬁrmationis
3341 850 3603 914 tempore
3627 862 3758 898 sus-

2113 924 2426 996 cipiendis,
2456 930 2733 1002 idemque
2765 933 3016 989 duorum
3075 936 3341 1006 priorum
3385 951 3595 990 sensus
3627 952 3754 989 esse

2111 1021 2324 1084 potest.
2355 1020 2428 1072 At
2457 1021 2689 1076 etiamsi
2723 1022 2794 1077 de
2827 1024 3092 1096 simplice
3123 1025 3374 1095 Spiritus
3404 1026 3594 1079 sancti
3624 1041 3757 1096 gra-

2114 1113 2194 1168 tia
2222 1122 2448 1187 agatur,
2484 1119 2542 1174 in
2573 1121 2666 1175 bis
2697 1123 2909 1178 veritas
2967 1124 3303 1178 continetur
3333 1141 3366 1178 a
3421 1123 3658 1179 nemine
3692 1125 3752 1178 in

2111 1203 2355 1260 dubium
2377 1211 2738 1278 revocanda;
2787 1213 3186 1268 Christianum
3217 1230 3431 1286 nempe
3461 1214 3753 1279 adultum,

2112 1294 2213 1363 qui
2247 1295 2334 1350 vel
2356 1295 2681 1368 baptizatus
2705 1301 2800 1368 sit,
2820 1301 2909 1356 vel
2934 1302 3069 1357 ﬁdei
3098 1308 3314 1358 nostra:
3336 1304 3619 1376 mysteria
3649 1321 3753 1359 no-

2110 1384 2277 1454 verit,
2311 1385 2558 1457 Spiritus
2589 1392 2773 1445 sancti
2807 1394 2993 1463 gratia
3014 1410 3133 1448 non
3156 1410 3356 1448 carere
3387 1393 3500 1448 nisi
3525 1393 3598 1448 ob
3629 1393 3756 1448 cul-

2110 1491 2244 1546 pam
2274 1480 2331 1529 et
2356 1475 2770 1535 inﬁdelitatem
2803 1498 2990 1536 suam.
3055 1483 3108 1537 Si
3155 1483 3314 1538 enim
3343 1500 3413 1537 ex
3445 1483 3581 1553 ﬁde,
3615 1500 3754 1554 sup-

2109 1565 2248 1636 plici
2280 1568 2545 1625 aratione
2579 1572 2830 1642 Spiritus
2861 1574 3046 1628 sancti
3105 1574 3261 1628 dona
3293 1575 3639 1644 postularet,
3696 1580 3754 1629 et

2109 1672 2229 1712 non
2261 1666 2637 1729 negarentur.
2664 1664 2737 1716 At
2754 1663 3166 1732 prmvenientis
3185 1670 3274 1718 est
3293 1663 3542 1734 Spiritus
3567 1665 3752 1718 sancti

2107 1747 2310 1820 gratiae
2341 1755 2406 1802 ut
2435 1766 2603 1806 orare
2636 1769 2744 1806 nos
2776 1751 3004 1820 doceat,
3039 1753 3334 1824 quomodo
3358 1752 3644 1807 orandum
3679 1754 3756 1808 sit

2032 1848 2078 1912 B
2109 1838 2366 1911 ignaros,
2399 1845 2465 1894 ut
2495 1841 2621 1913 ipse
2651 1843 2862 1898 asserit
2891 1843 3143 1916 Cyrillus
3175 1848 3268 1899 cat
3350 1846 3433 1910 16,
3465 1861 3628 1900 num.
3662 1846 3750 1898 45.

2104 1938 2208 2010 Agi
2241 1942 2440 1992 autem
2473 1938 2545 1993 de
2579 1940 2856 1995 ﬁdelibus
2892 1941 3270 2012 perspicuum
3295 1946 3420 1995 est:
3453 1942 3562 1996 hos
3593 1941 3752 1997 solos

2102 2027 2358 2082 habebat
2388 2027 2447 2082 in
2507 2029 2821 2087 auditorio.
2883 2032 2998 2085 Hos
3029 2030 3076 2084 si
3115 2030 3364 2101 Spiritus
3414 2031 3601 2103 gratia
3631 2031 3754 2103 pri-

2102 2123 2330 2188 vantur,
2362 2118 2777 2174 inﬁdelitatem
2817 2137 2983 2175 suam
3017 2137 3294 2176 accusare
3341 2120 3547 2192 jubet:
3580 2122 3750 2192 cujus

2102 2209 2585 2278 reprehensionis
2617 2211 2902 2266 immunis
2929 2217 3016 2266 est
3061 2211 3132 2281 is,
3169 2210 3268 2282 qui
3301 2211 3452 2265 nihil
3480 2227 3746 2282 unquam

2101 2297 2325 2352 audivit
2356 2297 2425 2353 de
2458 2300 2594 2354 Deo.
2631 2302 2756 2355 Non
2789 2316 2923 2373 ergo
2949 2301 3043 2355 hic
3074 2301 3266 2372 agitur
3292 2299 3363 2354 de
3392 2300 3586 2371 prima
3614 2316 3747 2372 gra-

2103 2388 2184 2441 tia
2214 2404 2320 2458 per
2349 2404 2526 2458 quam
2560 2396 2876 2460 sequentes
2897 2407 3216 2458 meremur,
3243 2390 3344 2445 sed
3365 2389 3436 2444 de
3469 2389 3588 2444 illis
3612 2407 3756 2444 con-

2103 2477 2490 2547 sequentibus
2521 2495 2666 2549 quas
2707 2481 2860 2534 Deus
2916 2480 3077 2547 ﬁdei,
3111 2479 3398 2535 orationis
3455 2485 3512 2534 et
3569 2479 3757 2534 bono-

2104 2582 2233 2620 rum
2261 2584 2507 2639 operum
2527 2569 2737 2623 merito
2762 2569 3041 2641 illigavit:
3075 2569 3233 2640 quod
3257 2570 3450 2640 ipsum
3476 2569 3756 2625 meritum

2105 2663 2328 2735 alioqui
2361 2681 2394 2719 a
2419 2667 2533 2721 Deo
2569 2684 2676 2720 nos
2700 2667 2913 2722 mereri
2945 2666 3199 2721 faciente
3222 2666 3755 2737 proﬁciscitur.Ni-

2104 2753 2227 2808 hilo
2261 2754 2394 2825 plus
2427 2761 2515 2809 est
2538 2756 2597 2810 in
2632 2756 2802 2811 tertio
2836 2761 3184 2828 argumento
3241 2755 3492 2810 roboris.
3543 2757 3606 2809 In
3639 2754 3753 2810 ad-

2106 2843 2298 2899 ductis
2328 2844 2408 2899 ibi
2440 2845 2819 2914 testimoniis,
2845 2847 2987 2918 quid
3020 2846 3209 2901 nostri
3227 2846 3404 2900 ofﬁcii
3436 2845 3510 2899 sit
3533 2845 3754 2899 descri-

2104 2932 2192 2986 bit
2221 2933 2494 3003 Cyrillus,
2528 2951 2646 2989 non
2680 2935 2837 3006 quod
2870 2935 2931 2989 in
2963 2941 3164 2991 nostra
3195 2939 3486 3006 potestate
3522 2935 3648 2987 sine
3673 2934 3756 2987 di-

2108 3031 2243 3085 vino
2277 3031 2495 3087 auxilio
2516 3049 2644 3087 esse
2660 3033 3124 3104 putet.0fﬁcium
3147 3033 3604 3105 praedicatorum
3623 3048 3752 3087 esse

2107 3121 2189 3175 ait
2219 3127 2375 3176 recte
2430 3139 2712 3189 monere;
2773 3123 3130 3194 auditorum,
3192 3123 3479 3194 imperata
3536 3122 3749 3177 facere.

337 3249 400 3288 se
434 3211 616 3304 patet.
680 3233 961 3288 Homines
1020 3211 1232 3288 novum
1289 3239 1508 3289 statum
1568 3211 1912 3307 ingressos;
1938 3239 1997 3289 et
2026 3225 2069 3291 C
2108 3211 2416 3307 [CLXXXU
2446 3214 2961 3307 ΑξίῙΨΠξΨυῙῩ-ίδ
2991 3214 3140 3307 locis
3162 3232 3292 3286 sup'
3314 3215 3571 3276 "um'ﬂ'
3599 3230 3753 3268 com‘

338 3323 707 3394 baptismum
741 3327 1012 3393 petentes
1059 3322 1402 3394 alloquitur,
1437 3323 1537 3394 qui
1570 3339 1640 3378 ex
1692 3340 1856 3378 more
1889 3325 1997 3378 Ec-

337 3412 542 3467 clesia:
577 3411 742 3467 duris
769 3428 875 3483 per
906 3416 1091 3467 totam
1145 3412 1665 3486 quadragesimum
1697 3413 2000 3468 laboribus

335 3501 635 3574 purgandi
672 3507 729 3556 et
758 3501 832 3556 ad
864 3501 1224 3574 baptismum
1254 3502 1630 3574 praeparandi
1669 3508 1872 3557 erant:
1909 3503 2000 3556 his

334 3593 520 3664 hujus
585 3591 1037 3664 prazparationis
1099 3592 1516 3647 necessitatem
1574 3593 1835 3663 exponit,
1870 3608 2000 3662 qua)

337 3687 508 3738 tanta
539 3680 707 3750 sit,ut
737 3697 872 3735 cum
905 3680 1080 3753 digne
1107 3682 1421 3753 praeparati
1463 3681 1636 3736 bonis
1668 3681 2001 3735 innumeris

334 3771 747 3839 cumulentur,
783 3770 882 3842 qui
917 3771 1072 3826 male
1105 3771 1380 3843 dispositi
1415 3773 1535 3828 sint
1567 3771 1998 3826 inemendabili

337 3861 503 3917 malo
539 3876 602 3915 se
634 3859 900 3932 obligent
946 3861 1026 3915 Eo
1057 3861 1317 3932 pertinet
1346 3861 1636 3933 quidquid
1669 3861 1729 3916 in
1751 3867 2001 3932 utraque

333 3952 610 4008 oratione
634 3948 706 4004 de
724 3950 1156 4021 praeparatione
1181 3950 1255 4006 ad
1271 3951 1520 4024 gratiam
1541 3952 1843 4008 aﬁerenda
1867 3969 2002 4008 con-

335 4043 580 4096 tinetur.
618 4039 696 4094 De
728 4039 916 4112 gratia
950 4055 1084 4094 vero
1118 4057 1296 4110 quam
1323 4041 1617 4097 actualem
1646 4048 2000 4110 vocant,nec

332 4148 535 4187 sermo
561 4134 672 4196 est,
698 4146 808 4186 nec
832 4129 1067 4186 dicendi
1092 4131 1258 4186 locus
1284 4137 1428 4187 erat.
1457 4133 1622 4188 Hunc
1638 4133 1814 4205 primi
1840 4133 2001 4187 testi-

331 4220 521 4277 monii
557 4236 800 4275 sensum
835 4235 965 4275 esse
998 4220 1254 4292 probant
1285 4227 1343 4276 et
1365 4222 1782 4278 antecedentia
1804 4221 2000 4290 verba,

333 4328 466 4383 qua:
503 4307 576 4364 de
608 4310 913 4366 vocatione
947 4309 1020 4365 ad
1065 4309 1428 4381 baptismum
1465 4317 1523 4366 et
1553 4312 1705 4367 datis
1737 4313 2000 4368 nomini-

334 4401 444 4456 bus
475 4405 680 4472 agunt,
715 4403 773 4454 et
807 4398 1256 4470 subsequentia,
1317 4417 1448 4472 qua:
1489 4402 1745 4457 Simonis
1778 4408 1998 4457 sortem

335 4509 584 4566 corpore
614 4490 856 4562 quidem
889 4491 1094 4559 abluti,
1129 4492 1330 4548 anima
1387 4511 1522 4550 vero
1556 4511 1677 4549 non
1724 4493 1999 4566 baptizati

2108 3303 2452 3357 memoratis
2484 3303 2651 3360 dixit.
2685 3303 2896 3359 divina:
2955 3306 3156 3378 gratias
3216 3322 3362 3376 opus
3418 3321 3569 3374 esse,
3605 3309 3661 3360 et
3691 3309 3756 3358 ut

2106 3409 2299 3463 praeco
2331 3410 2498 3448 sacer
2555 3399 2713 3449 recte
2767 3395 2993 3463 doceat,
3029 3401 3088 3450 et
3116 3400 3182 3450 ut
3211 3395 3444 3450 auditor
3473 3400 3630 3450 recte
3662 3393 3758 3448 in-

2109 3481 2352 3553 telligat,
2371 3488 2429 3536 et
2451 3483 2771 3538 intellectis
2797 3484 3186 3540 assentiatur?
3211 3485 3265 3539 Si
3286 3490 3502 3540 nostra;
3522 3489 3610 3540 est
3628 3484 3755 3538 sine

2107 3580 2294 3652 gratia
2324 3582 2653 3652 potestatis,
2715 3583 3087 3655 etimperata
3136 3584 3350 3640 facere.
3411 3590 3468 3639 et
3495 3585 3755 3640 fructum

2107 3669 2281 3740 ferre,
2315 3674 2373 3724 et
2401 3677 2703 3742 acceptam
2761 3674 3011 3744 gratiam
3071 3691 3440 3741 conservare,
3469 3691 3753 3745 quorsum

2108 3758 2167 3812 in
2201 3761 2318 3814 ﬁne
2348 3761 2735 3817 catecheseon
2768 3780 2918 3834 pene
2965 3764 3233 3818 omnium
3284 3781 3318 3818 a
3349 3765 3464 3818 Deo
3504 3764 3752 3834 gratiam

2108 3847 2260 3904 hanc
2288 3850 2409 3904 suis
2441 3850 2809 3906 auditoribus
2867 3858 3240 3924 apprecatur,
3273 3857 3339 3907 ut
3396 3868 3495 3906 eos
3525 3851 3752 3906 audita-

2105 3955 2238 3994 rum
2270 3956 2469 3995 rerum
2502 3957 2816 4006 memores,
2849 3941 3041 4012 iisque
3069 3941 3291 3996 dociles
3321 3941 3517 4008 faciat,
3552 3947 3663 3997 cat.
3698 3943 3750 4006 6,

2106 4055 2165 4092 n.
2202 4041 2289 4106 33,
2323 4043 2381 4093 et
2411 4043 2523 4095 cat.
2560 4042 2645 4109 15,
2679 4056 2738 4094 n.
2772 4041 2859 4104 33,
2894 4044 2959 4093 ut
3005 4040 3192 4094 sancti
3247 4039 3497 4111 Spiritus
3529 4039 3754 4094 fructus

2105 4127 2377 4196 reddant,
2413 4135 2521 4184 cat.
2560 4132 2648 4200 17,
2705 4145 2763 4183 n.
2798 4131 2886 4196 38,
2919 4134 2986 4184 ut
3033 4146 3238 4185 eorum
3295 4130 3525 4184 animas
3556 4135 3750 4184 custo-

2105 4218 2248 4282 diat,
2283 4224 2341 4273 et
2368 4218 2610 4275 virtutes
2641 4221 2992 4275 conservet?
3029 4225 3140 4276 cat.
3179 4223 3262 4287 14,
3295 4237 3461 4276 num.
3491 4221 3578 4274 30.
3613 4221 3750 4284 Qum

2106 4308 2306 4362 omnia
2336 4309 2678 4364 testimonia
2710 4326 2777 4364 ex
2801 4309 3029 4383 integro
3050 4309 3249 4380 retuli,
3273 4326 3438 4364 num.
3471 4311 3559 4364 46.
3587 4307 3752 4373 Quod

2105 4396 2166 4450 in
2200 4396 2390 4468 primo
2425 4398 2762 4454 testimonio
2793 4399 3126 4472 argumenti
3169 4399 3325 4455 tertii
3385 4397 3621 4465 dicitur,
3655 4398 3754 4451 Dei

2104 4503 2211 4542 esse
2241 4495 2300 4542 ut
2324 4491 2600 4558 perﬁciat,
2650 4488 2710 4544 id
2746 4506 2867 4544 non
2899 4490 2971 4544 de
3030 4490 3224 4562 prima
3279 4487 3486 4561 gratia,
3546 4485 3649 4541 sed
3680 4485 3752 4540 de

338 4583 788 4641 comminantur
818 4582 894 4650 ei,
953 4583 1052 4654 qui
1081 4583 1359 4640 similiter
1414 4591 1480 4640 ut
1509 4585 1608 4641 ille
1657 4602 1763 4657 per
1791 4587 1995 4642 dolum
2026 4582 2072 4646 D
2105 4585 2292 4658 gratia
2346 4585 2625 4658 baptismi
2659 4586 3111 4658 intelligendum
3144 4592 3249 4641 est.
3302 4587 3448 4640 Item
3504 4584 3662 4656 quod
3688 4584 3751 4638 in

339 4672 681 4730 accesserit.
717 4671 955 4726 Vocatio
987 4671 1092 4726 illa
1141 4672 1215 4727 ad
1245 4673 1608 4746 baptismum
1668 4675 1760 4731 cui
1794 4675 1997 4731 omnia

340 4767 741 4835 cooperantur
767 4765 826 4816 et
883 4760 1210 4816 succedunt
1247 4762 1307 4817 in
1339 4762 1586 4834 bonum,
1647 4781 1717 4820 ex
1748 4765 1904 4821 bono
1939 4771 1998 4822 et

340 4854 694 4910 conﬁrmato
726 4849 1064 4906 accedentis
1093 4852 1394 4924 preposito
1423 4855 1686 4922 veniens,
1739 4854 1995 4912 maxime

339 4941 760 5016 distinguenda
791 4941 861 4998 ab
894 4941 1015 5011 illa,
1050 4959 1165 5013 qua
1210 4961 1317 4998 nos
1375 4944 1760 5002 immerentes
1794 4953 1850 5002 et
1879 4947 1996 5002 ini-

341 5035 527 5090 mices
556 5033 631 5088 ad
682 5031 861 5086 ﬁdem
893 5037 952 5086 et
1009 5040 1443 5104 consequentes
1494 5036 1711 5107 gratias
1758 5042 1993 5092 vocatos

341 5141 468 5180 esse
501 5124 584 5180 ait
613 5122 869 5194 Cyrillus
897 5121 957 5176 in
990 5121 1329 5178 testimodio
1363 5141 1432 5179 ex
1464 5131 1574 5181 cat.
1607 5127 1696 5181 23.
1740 5143 1905 5182 num.
1938 5131 1992 5198 5,

339 5220 394 5270 et
422 5213 559 5269 aliis
592 5229 723 5284 qua;
758 5211 1051 5283 superiori
1084 5229 1333 5268 numero
1364 5229 1398 5268 a
1426 5215 1598 5270 nobis
1640 5231 1994 5272 commemo-

336 5310 459 5360 rata
488 5308 649 5360 sunt.
679 5300 940 5357 Secundi
975 5317 1043 5356 ex
1102 5319 1266 5357 num.
1303 5306 1333 5357 5
1367 5304 1695 5360 testimonii
1737 5305 1894 5362 idem
1925 5323 1993 5363 ac

333 5391 729 5466 prmcedentis
752 5406 965 5446 sensus
989 5395 1098 5458 est;
1124 5392 1435 5464 perspicue
1463 5395 1620 5449 enim
1639 5395 1710 5449 de
1738 5395 1989 5467 lavacro,

335 5491 389 5540 et
418 5482 778 5539 remissione
833 5485 1209 5551 peccatorum
1244 5499 1349 5554 per
1406 5482 1554 5538 illud
1613 5483 1750 5541 data
1778 5486 1991 5558 agitur.

334 5573 496 5631 Idem
529 5570 712 5627 dicito
745 5567 819 5624 de
877 5568 1048 5624 tertio
1097 5587 1168 5626 ex
1193 5577 1304 5626 cat.
1340 5572 1391 5639 1,
1451 5589 1616 5632 num.
1677 5575 1729 5644 3,
1781 5577 1841 5630 in
1875 5593 1991 5647 quo

338 5680 530 5724 sermo
559 5666 652 5720 est
668 5660 743 5717 de
767 5659 982 5716 animae
1001 5677 1108 5737 per
1131 5660 1496 5738 baptismum
1518 5667 1988 5742 regeneratione,

2106 4673 2367 4729 secundo
2401 4673 2636 4743 dicitur,
2671 4677 2769 4730 Dei
2797 4691 2904 4730 esse
2920 4677 3181 4746 plantare
3210 4681 3261 4730 et
3283 4676 3488 4744 rigare,
3519 4680 3571 4729 et
3621 4691 3750 4744 gra-

2105 4765 2239 4819 tiam
2268 4767 2534 4833 conferre,
2597 4781 2806 4820 sensus
2863 4769 2953 4820 est
3007 4767 3194 4820 Deum
3246 4764 3434 4819 multa
3491 4762 3753 4819 nobisin

2104 4852 2399 4926 baptismo
2433 4859 2489 4909 et
2518 4860 2656 4910 ante
2709 4854 3072 4926 baptismum
3121 4853 3508 4928 praevenienti
3564 4858 3754 4925 gratia

2105 4942 2395 5008 conferre,
2430 4960 2560 5015 qua)
2591 4948 2796 4999 nostra
2832 4943 3140 5015 ﬁdelitate,
3201 4946 3318 5000 Deo
3353 4949 3550 5000 tamen
3579 4942 3753 5016 adju-

2104 5050 2300 5111 vante,
2333 5060 2681 5099 conservare
2715 5049 2771 5098 et
2821 5060 3034 5117 augere
3093 5045 3429 5102 debeamus.
3489 5047 3638 5100 Dum
3671 5043 3753 5098 ait

2103 5133 2357 5205 Cyrillus
2390 5135 2573 5188 Deum
2606 5151 2676 5189 ex
2703 5134 2931 5190 inﬁdeli
2962 5134 3201 5190 ﬁdelem
3233 5137 3466 5192 efﬁcere
3499 5131 3749 5207 posse,si

2105 5223 2280 5279 modo
2311 5240 2411 5278 cor
2441 5223 2527 5278 illi
2560 5223 2900 5296 praebuerit,
2934 5242 3056 5281 non
3101 5226 3212 5281 hoc
3269 5226 3410 5281 vult.
3444 5224 3750 5280 hominem

2102 5313 2267 5386 prius
2299 5330 2400 5368 cor
2457 5311 2645 5368 docile
2706 5315 2917 5369 oﬁerre
2978 5314 3193 5371 debere
3250 5322 3572 5386 antequam
3599 5316 3751 5370 Deus

2102 5409 2267 5474 agat:
2301 5403 2595 5474 quomodo
2629 5404 2790 5458 enim
2823 5407 2938 5462 Deo
2959 5425 3060 5463 cor
3090 5425 3262 5465 suum
3287 5411 3463 5465 homo
3486 5408 3747 5465 commit-

2103 5499 2187 5550 tat
2217 5494 2330 5549 nisi
2355 5510 2425 5548 ex
2447 5493 2700 5565 quodam
2725 5493 2893 5550 initio
2929 5497 3110 5552 ﬁdei?
3139 5500 3242 5554 sed
3275 5500 3391 5554 Deo
3422 5499 3482 5553 in
3516 5516 3577 5554 se
3607 5515 3747 5570 ope-

2100 5583 2257 5639 ranti
2289 5582 2592 5639 hominem
2651 5585 2927 5641 resistere
2984 5603 3105 5643 non
3137 5587 3374 5658 debere,
3409 5592 3468 5640 et
3495 5587 3751 5641 liberum

2103 5691 2274 5732 suum
2310 5690 2688 5747 consensum,
2725 5675 2852 5733 sine
2879 5693 2996 5753 quo
3027 5677 3178 5732 nihil
3211 5678 3338 5733 ﬁeri
3370 5674 3577 5747 possit,
3611 5673 3748 5727 obe-
