4108 6270
400 363 517 425 219

1685 361 1789 421 DE
1829 358 2018 422 VITA
2064 357 2129 420 S.
2175 358 2511 424 CYRILLI.

3686 363 3802 423 πο

412 497 647 551 dienter
686 492 1172 561 accommodare;
1207 494 1307 565 qui
1338 499 1538 550 tamen
1569 510 1899 550 consensus
1931 493 2060 566 ipse
2085 492 2141 561 Α
2171 494 2363 549 solum
2395 494 2676 551 suadetur
2704 508 2879 549 omne
2909 492 3067 564 quod
3117 509 3319 549 verum
3352 498 3411 548 et
3430 495 3659 566 justum
3692 502 3797 567 est,

401 601 637 657 quoque
668 584 878 639 divinae
900 584 1100 656 gratim
1114 584 1268 639 fetus
1282 589 1462 648 est,ut
1481 584 1658 640 modo
1676 583 2043 656 probrbitur.

757 674 829 728 De
858 675 1058 728 divina
1086 676 1290 746 gratia:
1315 676 1663 743 efﬁcacitate.

470 766 555 817 50·
592 764 738 818 Cum
772 764 1074 833 theologos
1107 765 1263 818 inter
1294 781 1500 819 omnes
1551 764 1883 831 conveniat,
1915 779 2050 836 gra-

402 853 519 919 tiae,
552 858 617 907 ut
647 852 855 908 efficax
876 853 1087 919 sit,nec
1117 870 1299 909 vacua
1323 859 1382 908 et
1411 854 1781 909 infructuosa
1805 853 1879 909 ad
1902 869 2049 924 opus

404 942 627 997 bonum
658 942 1014 998 excitatione
1063 943 1192 1014 ejus
1235 943 1589 998 terminatur
1644 944 1910 1012 effectus,
1962 940 2048 995 uti

405 1036 523 1088 tam
558 1049 711 1103 smpe
744 1032 1051 1105 contingit,
1084 1033 1407 1088 humanam
1438 1032 1915 1104 cooperationem
1946 1030 2052 1086 ad-

394 1121 566 1193 jungi
600 1126 892 1193 oportere,
925 1122 998 1177 ab
1028 1121 1286 1178 liberum
1316 1122 1660 1187 voluntatis,
1693 1136 1870 1192 quem
1897 1135 2051 1174 nun-

405 1227 581 1281 quam
612 1227 731 1265 non
763 1217 979 1287 potest,
1013 1212 1062 1266 si
1090 1212 1251 1280 velit,
1284 1211 1576 1284 denegare
1607 1227 1675 1266 ac
1718 1209 2053 1282 supprime-

402 1316 489 1368 re,
518 1318 876 1357 consensum
902 1319 915 1357 :
972 1302 1120 1357 illud
1151 1302 1405 1358 ulterius
1447 1302 1754 1373 quaeritur,
1785 1299 2052 1373 gratiane

401 1388 565 1445 illam
598 1392 1079 1463 c00perationem
1111 1409 1177 1448 ac
1229 1407 1588 1448 consensum
1621 1393 1942 1463 exspectet,
1975 1404 2054 1443 an

405 1479 535 1551 ipsa
567 1480 617 1534 vi
646 1497 752 1535 sua
772 1480 1124 1552 praapotenti
1147 1482 1443 1552 exprimat
1471 1486 1529 1536 et
1557 1483 1890 1552 expugnet;
1915 1476 2054 1533 idne

410 1569 603 1624 solum
636 1570 698 1624 in
729 1569 900 1624 nobis
941 1575 1182 1641 praestet
1208 1577 1275 1625 ut
1303 1587 1474 1643 agere
1518 1571 1835 1642 possimus,
1885 1585 1961 1623 an
1991 1572 2057 1622 ut

409 1658 587 1713 etiam
618 1658 706 1713 vel
740 1658 988 1714 velimus
1018 1676 1192 1733 agere
1222 1666 1281 1715 et
1308 1676 1513 1715 revera
1567 1674 1810 1732 agamus
1838 1657 2011 1713 faciat
2040 1673 2054 1723 ;

408 1753 607 1803 utrum
638 1764 858 1803 munus
889 1749 1019 1821 ejus
1050 1748 1307 1820 simplici
1337 1749 1691 1805 excitatione
1722 1765 1790 1803 ac
1818 1763 2056 1819 permo-

408 1837 569 1893 tione
593 1838 955 1906 ﬁniatur,cui
987 1837 1201 1894 deinde
1223 1838 1496 1895 voluntas
1519 1838 1591 1893 de
1622 1855 1728 1894 suo
1747 1853 2058 1894 assensum

406 1927 668 1999 adjiciat,
701 1945 777 1984 an
808 1928 938 2000 ipsa
966 1929 1271 1985 nolentem
1304 1933 1364 1983 et
1391 1933 1821 2001 repugnantem
1860 1926 2061 1982 flectat

404 2021 471 2071 ut
498 2017 640 2072 velit
669 2023 729 2073 et
757 2018 1136 2085 assentiatur;
1168 2035 1288 2073 uno
1318 2017 1518 2085 verbo,
1549 2016 1983 2073 determinetne
2002 2020 2062 2070 et

408 2106 670 2177 applicet
698 2106 973 2163 voluntas
1013 2108 1286 2180 gratiam,
1318 2123 1396 2163 an
1426 2107 1616 2180 gratia
1644 2107 2005 2162 voluntatem
2031 2103 2060 2158 τ

411 2195 549 2249 Mihi
584 2213 818 2268 semper
877 2196 1123 2252 definita
1177 2196 1300 2252 visa
1353 2212 1448 2252 res
1478 2201 1569 2251 est
1616 2212 1686 2251 ex
1717 2194 2056 2266 Scripturis,

413 2301 544 2357 qum
569 2287 897 2343 humanum
929 2304 1030 2343 cor
1054 2304 1088 2343 a
1106 2290 1221 2343 Deo
1241 2304 1598 2359 quocunque
1630 2285 2062 2341 volueritincli-

412 2376 543 2433 nari
576 2376 831 2445 docent;
865 2379 1050 2433 Deum
1074 2378 1136 2433 in
1167 2378 1340 2433 nobis
1364 2378 1595 2449 cperari
1618 2376 1765 2433 velle
1795 2382 1854 2431 et
1882 2375 2060 2447 perﬁ-

409 2482 564 2533 cere,
599 2467 859 2523 scribere
885 2467 1045 2540 leges
1077 2484 1213 2523 suas
1268 2468 1330 2522 in
1363 2467 1641 2523 cordibus
1699 2466 1939 2532 nostris,
1970 2464 2058 2520 fa-

411 2571 544 2611 cere
571 2560 638 2609 ut
666 2556 726 2610 in
755 2557 1066 2627 praeceptis
1118 2557 1240 2611 suis
1289 2556 1687 2624 ambulemus,
1719 2554 1860 2611 dare
1889 2553 2060 2609 nobis

412 2660 512 2699 cor
538 2643 979 2711 novum,facere
997 2646 1057 2699 in
1079 2644 1252 2699 nobis
1272 2644 1433 2715 quod
1454 2644 1687 2716 placeat
1720 2660 1919 2699 coram
1957 2658 2017 2697 se
2043 2658 2057 2709 ;

412 2749 483 2786 ex
513 2732 790 2788 Ecclesia:
823 2750 1059 2805 quoque
1089 2733 1385 2805 precibus,
1421 2750 1456 2789 a
1477 2735 1593 2789 Deo
1622 2732 1977 2804 postulantis
1995 2734 2062 2785 ut

413 2820 513 2875 det
542 2826 601 2876 et
627 2822 806 2877 faciat
830 2838 940 2877 nos
966 2828 1025 2877 et
1051 2839 1225 2894 posse
1259 2828 1316 2877 et
1344 2839 1545 2878 amare
1580 2840 1710 2894 qua)
1766 2820 2056 2894 praacipit,

413 2909 670 2966 rebelles
698 2916 930 2967 nostras
961 2912 1283 2983 compellat
1312 2912 1665 2980 voluntates,
1699 2912 1789 2967 sui
1838 2910 2061 2967 amoris

411 2998 689 3056 affectum
719 3000 1286 3072 infundat,amorem
1318 3002 1407 3057 sui
1429 3001 1691 3057 nominis
1721 3000 2061 3073 pectoribus

409 3089 631 3144 nostris
662 3090 904 3157 inserat,
941 3090 1216 3162 spiritum
1247 3090 1543 3164 cogitandi
1577 3095 1634 3146 et
1671 3089 1882 3163 agendi
1928 3105 2060 3159 quae

2152 599 2355 639 verum
2374 588 2431 639 et
2445 581 2922 655 persuaderetur;
2942 598 3072 653 qum
3089 598 3210 637 non
3229 582 3418 638 solam
3442 584 3799 654 possibilita-

2152 678 2294 740 tem,
2326 673 2429 729 sed
2457 674 2645 745 ipsam
2677 689 2912 744 quoque
2967 672 3330 729 voluntatem
3389 678 3450 729 et
3477 675 3794 741 actionem,

2152 762 2211 816 id
2242 767 2332 817 est
2358 769 2424 817 ut
2452 763 2604 817 bene
2634 761 2883 817 velimus
2914 766 2973 817 et
3024 778 3290 836 agamus,
3344 779 3476 833 qum
3506 779 3631 819 non
3662 769 3798 818 sunt

2155 852 2215 906 in
2247 852 2487 907 homine
2518 852 2632 907 nisi
2653 851 2890 923 quando
2911 851 3063 908 bene
3088 852 3212 908 vult
3243 858 3302 907 et
3320 852 3471 908 bene
3502 852 3796 927 agit,dono

2155 957 2260 997 suo
2293 942 2738 1014 complectatur.
2769 941 2973 996 Divina
2994 942 3120 996 haac
3146 940 3437 1010 doctrina,
3459 942 3641 998 totius
3671 960 3798 998 ora-

2156 1030 2336 1086 tionis
2366 1036 2425 1086 et
2455 1031 2600 1103 spei,
2633 1036 2809 1102 atque
2832 1030 3187 1087 humilitatis
3209 1031 3562 1087 Christiana)
3592 1031 3807 1088 funda-

2157 1120 2716 1189 mentum,mirabor
2739 1119 2786 1175 si
2817 1120 2888 1176 ab
2948 1122 3211 1193 antiquis
3244 1122 3516 1177 Patribus
3545 1138 3613 1178 ac
3645 1123 3794 1178 (ἴτω-

2158 1211 2242 1266 cis
2274 1211 2624 1282 praesertim,
2656 1216 2721 1264 ut
2748 1209 2981 1282 vulgata
3008 1210 3124 1266 fert
3151 1210 3374 1284 opinio,
3408 1212 3679 1285 ignorata
3707 1216 3812 1267 aut

2159 1305 2499 1372 oppugnata
2522 1299 2748 1356 fuisset.
2804 1301 2965 1356 Hanc
2995 1306 3153 1356 certe
3198 1301 3260 1356 in
3317 1301 3537 1373 Cyrillo
3569 1318 3664 1357 me
3696 1299 3804 1357 de-

2160 1388 2548 1461 prehendisse
2575 1406 2747 1461 spero
2780 1406 2901 1444 non
2933 1389 3201 1445 obscuris
3232 1391 3621 1463 argumentis.

2233 1483 2319 1533 51.
2357 1479 2417 1534 Id
2475 1479 2758 1535 nimirum
2818 1480 3073 1552 probant
3107 1480 3299 1552 primo
3359 1497 3427 1537 ea
3475 1481 3812 1537 testimonia

2163 1585 2295 1640 quas
2327 1585 2506 1641 supra
2536 1586 2699 1626 num.
2733 1571 2822 1637 47,
2851 1569 3032 1625 allata
3062 1570 3444 1641 sunt,quibus
3495 1570 3672 1642 jubet
3702 1571 3808 1643 Cy-

2162 1658 2335 1714 rillus
2365 1675 2853 1731 unumquemque
2884 1660 3001 1715 Deo
3023 1660 3240 1731 gratias
3261 1675 3454 1732 agere,
3475 1659 3637 1731 quod
3661 1658 3813 1715 indi-

2164 1764 2313 1822 gnus
2344 1753 2403 1803 et
2433 1748 2714 1804 inimicus
2743 1765 2879 1803 cum
2911 1754 3088 1816 esset,
3117 1751 3234 1805 Deo
3267 1749 3693 1805 reconciliatus
3740 1749 3816 1804 sit

2089 1870 2135 1935 B
2166 1842 2226 1935 et
2253 1836 2590 1935 adoptionis
2619 1837 2807 1909 gratia
2834 1837 3132 1911 dignatus.
3163 1842 3311 1895 Cum
3342 1839 3533 1910 enim,
3564 1846 3632 1894 ut
3674 1839 3814 1895 fides

2168 1926 2358 1997 docet,
2386 1926 2651 1998 priorum
2678 1928 3002 1999 gratiarum
3050 1945 3163 1984 usu
3219 1928 3659 2001 subsequentes
3688 1947 3817 2002 pro-

2165 2032 2522 2085 mereamur,
2556 2033 2844 2089 suamque
2868 2018 3368 2090 justiflcationem
3400 2018 3595 2074 adulti
3638 2018 3821 2092 preci-

2164 2107 2296 2173 bus,
2330 2106 2634 2163 laboribus
2674 2113 2734 2163 et
2788 2109 3067 2180 operibus
3125 2109 3299 2165 bonis
3357 2116 3744 2183 comparent;
3775 2109 3822 2165 si

2168 2214 2313 2253 usus
2344 2197 2446 2252 ille
2462 2198 2787 2270 gratiarum
2805 2197 2997 2253 bonus
3029 2215 3063 2254 a
3078 2198 3198 2255 Deo
3220 2215 3341 2255 non
3372 2199 3684 2267 detur,sed
3705 2216 3823 2272 gra-

2166 2286 2263 2341 tiae
2295 2302 2400 2358 per
2427 2286 2683 2343 liberum
2704 2287 3015 2347 arbitrium
3041 2289 3550 2361 superadjiciatur
3579 2307 3592 2357 ;
3615 2290 3823 2361 primo,

2168 2393 2290 2432 non
2320 2378 2607 2433 veraciter
2664 2379 2782 2434 Deo
2821 2378 2893 2434 de
2924 2384 3047 2435 toto
3106 2385 3325 2435 nostra)
3375 2381 3824 2453 justiflcationis

2168 2483 2345 2539 Opere
2375 2468 2577 2540 gratim
2600 2467 3398 2541 redduntur,dimidiatazque
3421 2470 3713 2527 duntaxat
3730 2469 3830 2525 de-

2169 2556 2422 2625 bentur;
2457 2557 2717 2613 secundo
2746 2557 2963 2613 falsum
2995 2563 3086 2614 est
3114 2560 3299 2614 Deum
3321 2576 3432 2615 nos
3463 2560 3741 2617 inimicos
3770 2564 3825 2615 et

2170 2645 2450 2719 indignos
2475 2646 2586 2701 sibi
2618 2664 2723 2718 per
2751 2646 3090 2719 adoptionis
3120 2649 3371 2721 gratiam
3402 2650 3819 2718 reconciliare;

2167 2734 2404 2803 falsum,
2434 2751 2567 2790 cum
2599 2735 2772 2791 nobis
2809 2735 3129 2805 benefacit,
3170 2745 3389 2811 praeter
3426 2740 3669 2812 justum
3699 2755 3829 2812 age-

2169 2841 2272 2891 re;
2308 2830 2533 2892 contra,
2567 2826 2628 2880 in
2660 2826 3017 2882 remissione
3048 2834 3428 2899 peccatorum
3447 2828 3827 2886 concedenda

2171 2913 2354 2985 digna
2382 2931 2478 2970 res
2511 2918 2571 2969 et
2591 2914 2757 2986 justa
2785 2914 2857 2971 ab
2889 2914 3018 2988 ipso
3078 2917 3267 2973 fieret.
3325 2918 3479 2973 Cum
3516 2920 3689 2976 etiam
3719 2918 3832 2973 vita

2175 3008 2400 3060 aeterna
2427 3022 2535 3077 per
2564 3006 2811 3077 gratiam
2846 3006 2949 3062 Dei
2981 3023 3090 3063 nos
3122 3008 3299 3080 potiri
3359 3008 3575 3067 doceat
3628 3014 3824 3067 auctor

2172 3100 2285 3150 cat.
2321 3096 2406 3158 18,
2442 3111 2501 3151 n.
2535 3097 2603 3149 20
2635 3100 2694 3150 et
2722 3097 2783 3149 31
2814 3113 2827 3152 :
2893 3113 3023 3167 quas
3058 3102 3256 3153 tamen
3301 3097 3553 3156 diversis
3583 3115 3819 3173 operum

407 3182 573 3233 recta
603 3182 744 3233 sunt
772 3178 1077 3251 largiatur,
1111 3179 1288 3234 faciat
1316 3196 1426 3234 nos
1457 3195 1588 3250 quas
1621 3178 1743 3234 sint
1771 3178 1883 3233 sibi
1932 3176 2061 3248 pla-
2091 3228 2134 3295 α
2172 3183 2398 3239 meritis
2422 3183 2597 3238 datur
2622 3202 2635 3252 ;
2661 3185 2791 3256 ipsa
2812 3191 3046 3257 oportet
3074 3187 3306 3256 merita,
3326 3204 3462 3259 quae
3480 3189 3552 3246 ab
3582 3202 3819 3245 assensu

411 3268 520 3295 ηειη
556 3267 855 3295 ..Αριε-ιη-,ι
913 3267 1176 3295 Ᾱηυηιη...
1242 3268 1348 3295 ..ἒῑιζ
1402 3284 1611 3295 ηΑυιΛ-ιι
1672 3267 2031 3295 ..ΑΙ-...ιηιιιση
2176 3279 2371 3295 Α--ιέ-
2437 3274 2896 3295 ....-Ω-ῗ----ᾲι--η
2984 3294 3006 3295 η
3036 3294 3045 3295 ,
3154 3294 3159 3295 ,
3216 3278 3311 3295 _.-,
3463 3279 3480 3295 ιι
3559 3280 3570 3291 ο
3630 3280 3664 3295 Α
3740 3277 3774 3295 ι·

408 3268 527 3323 cita
556 3267 879 3338 postulare,
910 3267 1181 3324 devotam
1241 3268 1353 3323 sibi
1399 3284 1613 3341 genere
1672 3267 2057 3335 voluntatem,

412 3358 660 3429 ejusque
693 3357 989 3429 majestati
1034 3358 1268 3413 sincero
1327 3358 1503 3413 corde
1558 3357 1809 3425 servire;
1846 3356 2064 3428 quibus

410 3448 689 3504 omnibus
710 3465 833 3504 non
850 3465 912 3503 so
923 3448 1046 3504 lum
1060 3449 1425 3520 possibilitas
1437 3450 1709 3516 actionis,
1724 3448 2062 3521 [CLXXXII]

414 3539 518 3593 sed
549 3538 678 3610 ipsa
707 3538 979 3594 voluntas
1011 3544 1070 3616 et
1097 3539 1250 3594 actio
1281 3544 1523 3612 rogatur
1552 3556 1586 3595 a
1608 3540 1723 3593 Deo
1754 3556 1765 3592 :
1810 3537 1961 3593 addo
1994 3554 2065 3592 ex

410 3627 699 3697 conciliis,
734 3627 951 3698 quibus
1010 3628 1372 3697 decernitur,
1419 3646 1526 3701 per
1581 3627 1832 3702 gratiam
1890 3626 2062 3682 nobis

405 3717 698 3790 praestari,
730 3722 797 3773 ut
826 3716 984 3789 quod
1014 3716 1354 3773 faciendum
1395 3718 1471 3773 sit
1520 3718 1713 3773 facere
1746 3716 2061 3790 diligamus

407 3812 586 3879 atque
617 3808 956 3877 valeamus;
992 3810 1177 3864 Deum
1202 3807 1414 3881 jubere
1440 3809 1667 3864 homini
1698 3814 1764 3863 ut
1790 3807 2062 3876 velit,sed

405 3898 635 3970 operari
666 3897 918 3967 etvelle;
945 3898 1159 3971 jubere
1189 3904 1256 3954 ut
1284 3899 1480 3967 faciat,
1515 3898 1618 3954 sed
1640 3898 1870 3970 operari
1895 3903 1953 3954 et
1974 3897 2061 3953 fa-

409 4002 561 4054 cere;
592 3987 779 4043 Deum
809 3994 878 4043 ut
905 4005 940 4045 a
961 3993 1201 4060 peccato
1232 4004 1552 4062 purgamur
1573 3988 1931 4043 voluntatem
1955 4003 2063 4041 no-

410 4080 593 4133 stram
626 4096 747 4134 non
780 4085 1143 4151 exspectare,
1169 4078 1273 4134 sed
1302 4078 1495 4135 facere
1520 4080 1698 4135 etiam
1732 4084 1796 4132 ut
1824 4077 2061 4150 purgari

408 4167 696 4238 velimus;
733 4168 947 4224 merita
979 4174 1183 4224 nostra
1214 4185 1342 4224 esse
1378 4168 1533 4224 dona
1564 4167 1667 4223 Dei
1699 4184 1833 4223 cum
1882 4167 2061 4223 meri-

412 4261 537 4312 tum
570 4275 745 4313 omne
776 4274 883 4330 per
901 4257 1155 4314 liberum
1177 4259 1377 4331 gratia:
1402 4257 1679 4314 excitanti
1703 4272 2059 4313 consensum

408 4356 821 4423 comparetur:
855 4368 925 4406 ex
955 4350 1235 4406 Romanis
1268 4349 1445 4405 etiam
1488 4349 1890 4422 pontificibus,
1942 4355 2060 4405 sta-

407 4439 711 4497 tuentibus
755 4442 940 4497 Deum
998 4440 1060 4495 in
1088 4438 1366 4495 cordibus
1423 4439 1733 4495 hominum
1789 4444 1966 4512 atque
1995 4438 2058 4494 in

410 4527 539 4600 ipso
571 4527 758 4585 libero
791 4528 1036 4586 arbitrio
1068 4528 1323 4601 operari,
1380 4534 1448 4584 ut
1503 4535 1707 4585 sancta
1759 4528 2054 4601 cogitatio,

2174 3279 2378 3330 nostro
2437 3274 2919 3348 proficiscuntur,
2981 3294 3090 3349 per
3140 3278 3388 3351 gratiam
3445 3279 3594 3336 dari.
3626 3277 3821 3335 Gratim

2174 3381 2409 3436 quoque
2440 3365 2577 3435 vim,
2600 3382 2730 3437 quas
2765 3382 2874 3421 nos
2905 3367 3168 3423 volentes
3203 3385 3271 3423 ex
3301 3368 3647 3427 nolentibus
3666 3367 3818 3436 facit,

2171 3453 2383 3526 probat
2412 3454 2624 3510 hamus
2654 3454 2756 3511 ille
2787 3472 2857 3511 ex
2884 3462 3109 3529 procat.
3134 3474 3301 3513 num.
3336 3460 3389 3529 5,
3412 3459 3635 3515 ibidem
3663 3471 3818 3514 com-

2172 3549 2558 3613 memoratus,
2590 3560 2706 3616 quo
2737 3545 2888 3600 nihil
2921 3546 3036 3602 tale
3068 3547 3486 3620 cogitantes,et
3513 3546 3815 3605 contrariis

2172 3632 2354 3688 animi
2384 3633 2831 3690 inductionibus
2862 3635 3106 3691 affectos
3136 3636 3297 3709 capit
3321 3638 3493 3694 Iesus
3521 3638 3593 3694 ad
3619 3637 3809 3692 vitam.

2171 3721 2453 3777 Eamdem
2481 3723 2597 3778 vim
2630 3722 2852 3778 habent
2880 3722 2984 3779 illa
3014 3741 3083 3779 ex
3114 3731 3226 3781 cat.
3262 3727 3349 3795 13,
3380 3743 3550 3783 num.
3583 3729 3669 3795 40,
3692 3740 3814 3780 ver-

2171 3809 2267 3879 ba,
2300 3810 2515 3881 quibus
2546 3810 2620 3867 ad
2651 3810 2921 3867 Crucifici
2953 3813 3229 3870 virtutem
3261 3821 3503 3872 revocat
3548 3815 3814 3888 Cyrillus,

2172 3899 2330 3971 quod
2361 3901 2450 3955 sui
2482 3901 2783 3957 auditores
2815 3902 2888 3957 ad
2928 3902 3291 3959 audiendum
3347 3906 3452 3960 Dei
3481 3905 3721 3962 verbum
3752 3919 3817 3959 ac

2172 3989 2494 4061 petendum
2525 3990 2821 4062 baptisma
2849 3993 3258 4060 convenerint,
3292 3993 3657 4067 [CLXXXIII]
3689 3992 3814 4048 nul-

2173 4078 2245 4134 lis
2275 4079 2527 4134 vinculis
2584 4081 2889 4151 protracti,
2948 4082 3115 4139 nulla
3174 4082 3227 4136 vi
3286 4084 3603 4157 compulsi,
3658 4082 3816 4139 seda

2172 4167 2402 4223 Christo
2433 4168 2504 4223 de
2537 4168 2683 4223 cmlo
2712 4170 2773 4224 in
2808 4186 3010 4226 eorum
3038 4170 3317 4228 cordibus
3343 4178 3553 4245 agente
3585 4169 3812 4229 adducti

2172 4263 2230 4313 et
2259 4257 2319 4313 in
2350 4275 2528 4314 unum
2561 4257 2815 4315 collecti.
2874 4260 3118 4326 Quando
3179 4265 3290 4317 cat.
3327 4264 3414 4330 16,
3471 4279 3532 4319 n.
3566 4263 3628 4317 19
3660 4259 3813 4317 subi-

2169 4351 2288 4403 tam
2313 4353 2517 4405 narrat
2549 4349 2737 4405 sancti
2770 4350 3020 4422 Spiritus
3053 4350 3313 4423 impulsu
3344 4352 3686 4424 nuptiarum
3716 4366 3813 4421 pa-

2165 4444 2430 4498 ratarum
2459 4438 3185 4511 fugam,autrepentinum
3203 4440 3467 4497 hominis
3500 4441 3559 4497 in
3588 4439 3814 4514 palatiis

2166 4529 2449 4601 dignitate
2480 4534 2538 4584 et
2568 4527 2777 4600 opibus
2826 4529 3130 4601 conspicui
3164 4546 3490 4599 secessum,
3524 4536 3625 4587 aut
3679 4528 3815 4584 ado-

408 4618 577 4690 pium
608 4619 1280 4691 consilium,omnisque
1298 4617 1489 4674 bonus
1516 4617 1835 4673 voluntatis
1863 4622 2062 4673 motus
2093 4604 2139 4670 D
2168 4617 2450 4674 lescentis
2479 4616 2552 4673 ad
2573 4616 2854 4689 speciosae
2870 4618 3076 4676 forma)
3100 4625 3486 4691 conspectum
3512 4619 3815 4676 oculorum

410 4724 447 4763 a
478 4709 594 4763 Deo
626 4710 738 4776 sit;
772 4708 942 4765 illum
973 4726 1144 4783 agere
1202 4708 1265 4763 in
1315 4708 1510 4776 nobis,
1566 4712 1635 4764 ut
1664 4708 1820 4779 quod
1850 4707 1974 4762 vult
2004 4712 2061 4762 et

408 4796 662 4854 velimus
696 4802 753 4852 et
797 4815 1038 4871 agamus
1067 4814 1081 4865 ;
1140 4797 1341 4873 gratim
1374 4796 1616 4854 domum
1649 4814 1800 4869 esse,
1831 4802 1897 4852 ut
1927 4797 2062 4869 [ipsi

411 4886 636 4959 gratias]
671 4885 1017 4943 obedientes
1052 4894 1111 4943 et
1138 4887 1396 4944 humiles
1426 4887 1634 4943 simus:
1668 4903 1737 4943 ex
1759 4887 2069 4961 Augustini

412 4974 654 5030 tandem
687 4976 1004 5043 sententia,
1046 4994 1176 5048 quaa
1236 4978 1417 5033 totius
1469 4976 1761 5033 Africana;
1792 4977 2068 5033 Ecclesia:

412 5063 685 5120 doctrina
714 5063 844 5135 fuit,
881 5070 939 5121 et
968 5083 1003 5122 a
1031 5068 1298 5123 Romana
1342 5072 1400 5121 et
1456 5066 1735 5122 omnibus
1791 5065 2071 5122 Ecclesiis

412 5154 792 5227 comprobata
818 5173 832 5222 ;
867 5155 968 5226 qui
989 5155 1278 5210 nimirum
1310 5171 1345 5211 a
1370 5155 1604 5229 Pelagio
1630 5161 1698 5213 ut
1723 5155 2064 5216 Catholicus

414 5246 654 5302 demum
685 5244 1008 5301 haberetur
1040 5245 1248 5317 exegit,
1280 5250 1347 5300 ut
1376 5262 1504 5301 eam
1536 5247 1785 5320 gratiam
1816 5246 2065 5302 confite-

408 5343 596 5406 retur,
627 5354 745 5410 qua
800 5338 1014 5392 futuras
1060 5337 1261 5409 glorias
1317 5337 1662 5407 magnitudo
1720 5355 1840 5393 non
1871 5337 2065 5393 solum

407 5428 799 5501 promittitur,
847 5443 1055 5482 verum
1112 5426 1293 5481 etiam
1323 5427 1586 5483 creditur
1641 5434 1700 5483 et
1752 5433 2061 5500 speratur;

415 5535 528 5576 nec
558 5518 749 5574 solum
782 5517 1076 5573 revelatur
1100 5516 1412 5587 sapientia,
1436 5516 1541 5573 sed
1572 5522 1631 5572 et
1655 5523 1925 5587 amatur;
1955 5534 2065 5574 nec

488 5672 536 5710 ³³
566 5675 733 5730 Rom.
766 5688 884 5742 vm,
917 5674 1005 5728 26.

2173 4707 3145 4780 compressionem,periculosique
3161 4709 3319 4765 visus
3338 4709 3813 4775 declinationem,

2181 4804 2283 4856 aut
2311 4798 2781 4854 Christianorum
2808 4804 2896 4854 tot
2926 4799 3213 4872 exemplis
3266 4801 3523 4857 avaritiae
3566 4800 3811 4856 circum-

2180 4892 2481 4961 septorum
2511 4887 2904 4944 voluntariam
2930 4894 3339 4961 paupertatem
3364 4908 3377 4959 ;
3403 4906 3606 4946 nonne
3641 4885 3812 4961 Spiri-

2179 4984 2303 5034 tum
2322 4982 2591 5034 sanctum
2608 4983 2997 5050 repraesentat
3016 4995 3135 5034 non
3163 4979 3471 5035 docentem
3491 4985 3551 5036 et
3565 4978 3811 5035 excitan-

2177 5072 2297 5124 tem
2329 5067 2635 5136 duntaxat,
2668 5067 2770 5124 sed
2801 5067 2915 5139 ipsi
2972 5067 3137 5140 operi
3194 5068 3613 5141 applicantem,
3646 5067 3808 5122 home

2176 5158 2494 5213 voluntatis
2523 5162 2847 5228 auctorem,
2880 5162 2941 5212 et
2971 5162 3089 5213 tam
3121 5159 3451 5216 contrarios
3479 5163 3700 5213 natura:
3728 5151 3810 5211 af-

2176 5248 2364 5305 fectus
2395 5248 2746 5322 largientem
2777 5254 2836 5304 et
2859 5248 3144 5304 dantem?
3170 5249 3332 5305 Idem
3363 5250 3541 5306 dicito
3577 5248 3647 5304 de
3688 5258 3811 5300 ora-

2176 5339 2359 5406 tione,
2388 5356 2517 5410 quaa
2549 5337 2695 5394 adeo
2727 5343 2850 5394 tota
2890 5338 3141 5410 Spiritus
3198 5340 3387 5395 sancti
3439 5340 3678 5395 effectus
3708 5336 3812 5398 est,

2174 5429 2347 5485 nobis
2379 5428 2522 5499 quid
2553 5433 2653 5484 aut
2706 5427 3001 5501 quomodo
3033 5446 3203 5485 orare
3255 5433 3525 5501 oporteat
3579 5438 3811 5500 prorsus

2172 5517 2563 5574 inscientibus
2584 5516 2651 5589 ’3,
2680 5524 2748 5573 ut
2802 5517 2928 5589 ipse
2959 5518 3200 5591 spiritus
3250 5518 3613 5575 intercedere
3656 5512 3809 5569 dica-
