  <div class='ocr_page' id='page_1' title='image "/cluster/home/n/w/nwhite01/storage/ocr_20150623/33/mdp.39015078384412/118.png"; bbox 0 0 4134 6264; ppageno 0'>
   <div class='ocr_carea' id='block_1_1' title="bbox 272 374 387 437">
    <p class='ocr_par' dir='ltr' id='par_1_1' title="bbox 272 374 387 437">
     <span class='ocr_line' id='line_1_1' title="bbox 272 374 387 437; baseline 0.009 -1"><span class='ocrx_word' id='word_1_1' title='bbox 272 374 387 437; x_wconf 76' lang='grc'>221</span> 
     </span>
    </p>
   </div>
   <div class='ocr_carea' id='block_1_2' title="bbox 1643 362 2311 428">
    <p class='ocr_par' dir='ltr' id='par_1_2' title="bbox 1643 362 2311 428">
     <span class='ocr_line' id='line_1_2' title="bbox 1643 362 2311 428; baseline -0.003 -1"><span class='ocrx_word' id='word_1_2' title='bbox 1643 362 2163 428; x_wconf 79' lang='lat' dir='ltr'>DISSERTATIU</span> <span class='ocrx_word' id='word_1_3' title='bbox 2206 365 2311 427; x_wconf 89' lang='lat' dir='ltr'>IlI.</span> 
     </span>
    </p>
   </div>
   <div class='ocr_carea' id='block_1_3' title="bbox 3574 379 3695 437">
    <p class='ocr_par' dir='ltr' id='par_1_3' title="bbox 3574 379 3695 437">
     <span class='ocr_line' id='line_1_3' title="bbox 3574 379 3695 437; baseline 0.008 -1"><span class='ocrx_word' id='word_1_4' title='bbox 3574 379 3695 437; x_wconf 88' lang='lat'>222</span> 
     </span>
    </p>
   </div>
   <div class='ocr_carea' id='block_1_4' title="bbox 273 498 3699 577">
    <p class='ocr_par' dir='ltr' id='par_1_4' title="bbox 273 498 3699 577">
     <span class='ocr_line' id='line_1_4' title="bbox 273 498 3699 577; baseline -0.001 -12"><span class='ocrx_word' id='word_1_5' title='bbox 273 514 395 577; x_wconf 83' lang='lat' dir='ltr'>tur,</span> <span class='ocrx_word' id='word_1_6' title='bbox 425 513 536 564; x_wconf 79' lang='lat' dir='ltr'>cat.</span> <span class='ocrx_word' id='word_1_7' title='bbox 572 510 663 576; x_wconf 84' lang='grc'><strong>16,</strong></span> <span class='ocrx_word' id='word_1_8' title='bbox 699 524 762 564; x_wconf 90' lang='lat' dir='ltr'>n.</span> <span class='ocrx_word' id='word_1_9' title='bbox 795 510 886 564; x_wconf 75' lang='lat'>20.</span> <span class='ocrx_word' id='word_1_10' title='bbox 918 506 1083 563; x_wconf 87' lang='lat' dir='ltr'>Idem</span> <span class='ocrx_word' id='word_1_11' title='bbox 1114 504 1187 561; x_wconf 89' lang='lat' dir='ltr'>de</span> <span class='ocrx_word' id='word_1_12' title='bbox 1218 503 1482 577; x_wconf 82' lang='lat' dir='ltr'>praestita</span> <span class='ocrx_word' id='word_1_13' title='bbox 1502 515 1536 557; x_wconf 89' lang='lat' dir='ltr'>a</span> <span class='ocrx_word' id='word_1_14' title='bbox 1556 499 1777 572; x_wconf 79' lang='lat' dir='ltr'>Spiritu</span> <span class='ocrx_word' id='word_1_15' title='bbox 1808 515 1938 555; x_wconf 84' lang='lat' dir='ltr'>san—</span> <span class='ocrx_word' id='word_1_16' title='bbox 1967 498 2021 566; x_wconf 70' lang='grc' dir='ltr'><strong>Α</strong></span> <span class='ocrx_word' id='word_1_17' title='bbox 2052 500 2413 558; x_wconf 75' lang='lat' dir='ltr'>emerserunt,</span> <span class='ocrx_word' id='word_1_18' title='bbox 2444 499 2674 549; x_wconf 69' lang='lat' dir='ltr'>excitati</span> <span class='ocrx_word' id='word_1_19' title='bbox 2705 500 2914 550; x_wconf 85' lang='lat' dir='ltr'>virtute</span> <span class='ocrx_word' id='word_1_20' title='bbox 2937 501 3263 562; x_wconf 83' lang='lat' dir='ltr'>Salvatoris,</span> <span class='ocrx_word' id='word_1_21' title='bbox 3281 507 3385 569; x_wconf 85' lang='lat' dir='ltr'>qui</span> <span class='ocrx_word' id='word_1_22' title='bbox 3402 523 3513 558; x_wconf 85' lang='lat' dir='ltr'>non</span> <span class='ocrx_word' id='word_1_23' title='bbox 3541 513 3699 561; x_wconf 87' lang='lat' dir='ltr'>modo</span> 
     </span>
    </p>
   </div>
   <div class='ocr_carea' id='block_1_5' title="bbox 279 588 1947 670">
    <p class='ocr_par' dir='ltr' id='par_1_5' title="bbox 279 588 1947 670">
     <span class='ocr_line' id='line_1_5' title="bbox 279 588 1947 670; baseline -0.008 -16"><span class='ocrx_word' id='word_1_24' title='bbox 279 604 374 654; x_wconf 87' lang='lat' dir='ltr'>cto</span> <span class='ocrx_word' id='word_1_25' title='bbox 405 596 775 670; x_wconf 77' lang='lat' dir='ltr'>martyribus</span> <span class='ocrx_word' id='word_1_26' title='bbox 795 597 1027 668; x_wconf 89' lang='lat' dir='ltr'>vi,quos</span> <span class='ocrx_word' id='word_1_27' title='bbox 1052 596 1195 650; x_wconf 89' lang='lat' dir='ltr'>licet</span> <span class='ocrx_word' id='word_1_28' title='bbox 1223 595 1285 648; x_wconf 93' lang='lat' dir='ltr'>in</span> <span class='ocrx_word' id='word_1_29' title='bbox 1320 592 1494 648; x_wconf 88' lang='lat' dir='ltr'>terris</span> <span class='ocrx_word' id='word_1_30' title='bbox 1523 590 1805 663; x_wconf 83' lang='lat' dir='ltr'>degentes</span> <span class='ocrx_word' id='word_1_31' title='bbox 1837 588 1947 641; x_wconf 87' lang='lat' dir='ltr'>vir-</span> 
     </span>
    </p>
   </div>
   <div class='ocr_carea' id='block_1_6' title="bbox 285 678 1950 760">
    <p class='ocr_par' dir='ltr' id='par_1_6' title="bbox 285 678 1950 760">
     <span class='ocr_line' id='line_1_6' title="bbox 285 678 1950 760; baseline -0.007 -18"><span class='ocrx_word' id='word_1_32' title='bbox 285 692 409 743; x_wconf 86' lang='lat' dir='ltr'>tute</span> <span class='ocrx_word' id='word_1_33' title='bbox 436 692 495 742; x_wconf 91' lang='lat' dir='ltr'>et</span> <span class='ocrx_word' id='word_1_34' title='bbox 512 687 786 760; x_wconf 89' lang='lat' dir='ltr'>potentia</span> <span class='ocrx_word' id='word_1_35' title='bbox 806 687 934 758; x_wconf 88' lang='lat' dir='ltr'>jam</span> <span class='ocrx_word' id='word_1_36' title='bbox 952 686 1014 740; x_wconf 86' lang='lat' dir='ltr'>in</span> <span class='ocrx_word' id='word_1_37' title='bbox 1044 683 1320 759; x_wconf 79' lang='lat' dir='ltr'>paradiso</span> <span class='ocrx_word' id='word_1_38' title='bbox 1342 681 1704 739; x_wconf 78' lang='lat' dir='ltr'>constituere</span> <span class='ocrx_word' id='word_1_39' title='bbox 1728 678 1950 733; x_wconf 89' lang='lat' dir='ltr'>dicitur</span> 
     </span>
    </p>
   </div>
   <div class='ocr_carea' id='block_1_7' title="bbox 287 769 1945 848">
    <p class='ocr_par' dir='ltr' id='par_1_7' title="bbox 287 769 1945 848">
     <span class='ocr_line' id='line_1_7' title="bbox 287 769 1945 848; baseline -0.007 -15"><span class='ocrx_word' id='word_1_40' title='bbox 287 777 493 833; x_wconf 89' lang='lat' dir='ltr'>eodem</span> <span class='ocrx_word' id='word_1_41' title='bbox 525 776 699 843; x_wconf 88' lang='lat' dir='ltr'>loco;</span> <span class='ocrx_word' id='word_1_42' title='bbox 732 792 865 848; x_wconf 65' lang='lat' dir='ltr'>quia</span> <span class='ocrx_word' id='word_1_43' title='bbox 897 775 1013 831; x_wconf 91' lang='lat' dir='ltr'>duo</span> <span class='ocrx_word' id='word_1_44' title='bbox 1043 772 1392 830; x_wconf 87' lang='lat' dir='ltr'>testimonia</span> <span class='ocrx_word' id='word_1_45' title='bbox 1420 785 1599 843; x_wconf 81' lang='lat' dir='ltr'><strong>supra</strong></span> <span class='ocrx_word' id='word_1_46' title='bbox 1647 784 1817 824; x_wconf 90' lang='lat' dir='ltr'>num.</span> <span class='ocrx_word' id='word_1_47' title='bbox 1857 769 1945 848; x_wconf 64' lang='grc'><strong>45,</strong></span> 
     </span>
    </p>
   </div>
   <div class='ocr_carea' id='block_1_8' title="bbox 287 840 1947 934">
    <p class='ocr_par' dir='ltr' id='par_1_8' title="bbox 287 840 1947 934">
     <span class='ocr_line' id='line_1_8' title="bbox 287 840 1947 934; baseline -0.008 -12"><span class='ocrx_word' id='word_1_48' title='bbox 287 885 320 923; x_wconf 85' lang='lat' dir='ltr'>a</span> <span class='ocrx_word' id='word_1_49' title='bbox 343 866 518 922; x_wconf 91' lang='lat' dir='ltr'>nobis</span> <span class='ocrx_word' id='word_1_50' title='bbox 549 840 735 921; x_wconf 80' lang='lat' dir='ltr'>allata</span> <span class='ocrx_word' id='word_1_51' title='bbox 750 840 924 920; x_wconf 65' lang='lat' dir='ltr'>sunt.</span> <span class='ocrx_word' id='word_1_52' title='bbox 961 865 1137 920; x_wconf 89' lang='lat' dir='ltr'>deum</span> <span class='ocrx_word' id='word_1_53' title='bbox 1169 880 1291 919; x_wconf 91' lang='lat' dir='ltr'>non</span> <span class='ocrx_word' id='word_1_54' title='bbox 1312 840 1512 934; x_wconf 76' lang='lat' dir='ltr'>ipsam</span> <span class='ocrx_word' id='word_1_55' title='bbox 1544 862 1773 914; x_wconf 89' lang='lat' dir='ltr'>tantum</span> <span class='ocrx_word' id='word_1_56' title='bbox 1804 840 1947 910; x_wconf 89' lang='lat' dir='ltr'>boni</span> 
     </span>
    </p>
   </div>
   <div class='ocr_carea' id='block_1_9' title="bbox 288 948 1949 1029">
    <p class='ocr_par' dir='ltr' id='par_1_9' title="bbox 288 948 1949 1029">
     <span class='ocr_line' id='line_1_9' title="bbox 288 948 1949 1029; baseline -0.008 -17"><span class='ocrx_word' id='word_1_57' title='bbox 288 956 479 1029; x_wconf 86' lang='lat' dir='ltr'>operis</span> <span class='ocrx_word' id='word_1_58' title='bbox 513 955 1008 1027; x_wconf 77' lang='lat' dir='ltr'>possibilitatem,</span> <span class='ocrx_word' id='word_1_59' title='bbox 1038 953 1141 1009; x_wconf 91' lang='lat' dir='ltr'>sed</span> <span class='ocrx_word' id='word_1_60' title='bbox 1171 957 1230 1008; x_wconf 88' lang='lat' dir='ltr'>et</span> <span class='ocrx_word' id='word_1_61' title='bbox 1254 952 1443 1024; x_wconf 87' lang='lat' dir='ltr'>ipsam</span> <span class='ocrx_word' id='word_1_62' title='bbox 1493 948 1857 1004; x_wconf 87' lang='lat' dir='ltr'>voluntatem</span> <span class='ocrx_word' id='word_1_63' title='bbox 1892 949 1949 999; x_wconf 91' lang='lat' dir='ltr'>et</span> 
     </span>
    </p>
   </div>
   <div class='ocr_carea' id='block_1_10' title="bbox 288 1040 1946 1118">
    <p class='ocr_par' dir='ltr' id='par_1_10' title="bbox 288 1040 1946 1118">
     <span class='ocr_line' id='line_1_10' title="bbox 288 1040 1946 1118; baseline -0.008 -15"><span class='ocrx_word' id='word_1_64' title='bbox 288 1048 578 1103; x_wconf 77' lang='lat' dir='ltr'>actionem</span> <span class='ocrx_word' id='word_1_65' title='bbox 612 1050 899 1118; x_wconf 58' lang='lat' dir='ltr'>praestare</span> <span class='ocrx_word' id='word_1_66' title='bbox 932 1062 1001 1101; x_wconf 93' lang='lat' dir='ltr'>eo</span> <span class='ocrx_word' id='word_1_67' title='bbox 1034 1043 1239 1115; x_wconf 80' lang='lat' dir='ltr'>Cyrilli</span> <span class='ocrx_word' id='word_1_68' title='bbox 1272 1040 1946 1111; x_wconf 87' lang='lat' dir='ltr'>sententia,argumento</span> 
     </span>
    </p>
   </div>
   <div class='ocr_carea' id='block_1_11' title="bbox 296 1130 1945 1208">
    <p class='ocr_par' dir='ltr' id='par_1_11' title="bbox 296 1130 1945 1208">
     <span class='ocr_line' id='line_1_11' title="bbox 296 1130 1945 1208; baseline -0.007 -16"><span class='ocrx_word' id='word_1_69' title='bbox 296 1142 441 1192; x_wconf 89' lang='lat' dir='ltr'>sunt</span> <span class='ocrx_word' id='word_1_70' title='bbox 467 1151 673 1208; x_wconf 84' lang='lat' dir='ltr'>preces</span> <span class='ocrx_word' id='word_1_71' title='bbox 705 1135 857 1207; x_wconf 88' lang='lat' dir='ltr'>ejus,</span> <span class='ocrx_word' id='word_1_72' title='bbox 890 1134 1106 1207; x_wconf 86' lang='lat' dir='ltr'>quibus</span> <span class='ocrx_word' id='word_1_73' title='bbox 1163 1130 1534 1189; x_wconf 86' lang='lat' dir='ltr'>auditoribus</span> <span class='ocrx_word' id='word_1_74' title='bbox 1572 1131 1945 1201; x_wconf 76' lang='lat' dir='ltr'>apprecatur,</span> 
     </span>
    </p>
   </div>
   <div class='ocr_carea' id='block_1_12' title="bbox 290 1220 1936 1295">
    <p class='ocr_par' dir='ltr' id='par_1_12' title="bbox 290 1220 1936 1295">
     <span class='ocr_line' id='line_1_12' title="bbox 290 1220 1936 1295; baseline -0.008 -15"><span class='ocrx_word' id='word_1_75' title='bbox 290 1230 361 1280; x_wconf 90' lang='lat' dir='ltr'>ut</span> <span class='ocrx_word' id='word_1_76' title='bbox 390 1226 540 1279; x_wconf 88' lang='lat' dir='ltr'>Deus</span> <span class='ocrx_word' id='word_1_77' title='bbox 564 1230 794 1295; x_wconf 70' lang='lat' dir='ltr'>praestet</span> <span class='ocrx_word' id='word_1_78' title='bbox 824 1223 939 1279; x_wconf 84' lang='lat' dir='ltr'>illis</span> <span class='ocrx_word' id='word_1_79' title='bbox 968 1222 1184 1277; x_wconf 77' lang='lat' dir='ltr'>credere</span> <span class='ocrx_word' id='word_1_80' title='bbox 1204 1224 1264 1276; x_wconf 87' lang='lat' dir='ltr'>in</span> <span class='ocrx_word' id='word_1_81' title='bbox 1323 1220 1617 1284; x_wconf 79' lang='lat' dir='ltr'>Christum,</span> <span class='ocrx_word' id='word_1_82' title='bbox 1675 1229 1936 1285; x_wconf 89' lang='lat' dir='ltr'>eumque</span> 
     </span>
    </p>
   </div>
   <div class='ocr_carea' id='block_1_13' title="bbox 293 1305 1941 1384">
    <p class='ocr_par' dir='ltr' id='par_1_13' title="bbox 293 1305 1941 1384">
     <span class='ocr_line' id='line_1_13' title="bbox 293 1305 1941 1384; baseline -0.007 -14"><span class='ocrx_word' id='word_1_83' title='bbox 293 1316 511 1369; x_wconf 85' lang='lat' dir='ltr'>iterum</span> <span class='ocrx_word' id='word_1_84' title='bbox 540 1318 862 1369; x_wconf 86' lang='lat' dir='ltr'>venturum</span> <span class='ocrx_word' id='word_1_85' title='bbox 895 1316 1234 1384; x_wconf 86' lang='lat' dir='ltr'>exspectare</span> <span class='ocrx_word' id='word_1_86' title='bbox 1260 1314 1373 1365; x_wconf 88' lang='lat' dir='ltr'>cat.</span> <span class='ocrx_word' id='word_1_87' title='bbox 1407 1309 1494 1376; x_wconf 87' lang='grc'><strong>13,</strong></span> <span class='ocrx_word' id='word_1_88' title='bbox 1518 1324 1578 1362; x_wconf 93' lang='lat' dir='ltr'>n.</span> <span class='ocrx_word' id='word_1_89' title='bbox 1614 1306 1682 1373; x_wconf 89' lang='lat'>8;</span> <span class='ocrx_word' id='word_1_90' title='bbox 1712 1309 1825 1359; x_wconf 89' lang='lat' dir='ltr'>cat.</span> <span class='ocrx_word' id='word_1_91' title='bbox 1856 1305 1941 1358; x_wconf 97' lang='grc'>14.</span> 
     </span>
    </p>
   </div>
   <div class='ocr_carea' id='block_1_14' title="bbox 284 1393 1945 1460">
    <p class='ocr_par' dir='ltr' id='par_1_14' title="bbox 284 1393 1945 1460">
     <span class='ocr_line' id='line_1_14' title="bbox 284 1393 1945 1460; baseline -0.007 -2"><span class='ocrx_word' id='word_1_92' title='bbox 284 1420 450 1459; x_wconf 88' lang='lat' dir='ltr'>num.</span> <span class='ocrx_word' id='word_1_93' title='bbox 486 1406 576 1460; x_wconf 85' lang='lat'>30.</span> <span class='ocrx_word' id='word_1_94' title='bbox 607 1403 818 1459; x_wconf 84' lang='lat' dir='ltr'>Relata</span> <span class='ocrx_word' id='word_1_95' title='bbox 876 1407 1015 1457; x_wconf 90' lang='lat' dir='ltr'>sunt</span> <span class='ocrx_word' id='word_1_96' title='bbox 1069 1402 1197 1456; x_wconf 68' lang='lat' dir='ltr'>haec</span> <span class='ocrx_word' id='word_1_97' title='bbox 1255 1396 1600 1455; x_wconf 89' lang='lat' dir='ltr'>testimonia</span> <span class='ocrx_word' id='word_1_98' title='bbox 1654 1410 1717 1449; x_wconf 93' lang='lat' dir='ltr'>n.</span> <span class='ocrx_word' id='word_1_99' title='bbox 1749 1394 1841 1457; x_wconf 84' lang='grc'>44,</span> <span class='ocrx_word' id='word_1_100' title='bbox 1877 1393 1945 1448; x_wconf 93' lang='lat' dir='ltr'>Ut</span> 
     </span>
    </p>
   </div>
   <div class='ocr_carea' id='block_1_15' title="bbox 283 1482 1942 1564">
    <p class='ocr_par' dir='ltr' id='par_1_15' title="bbox 283 1482 1942 1564">
     <span class='ocr_line' id='line_1_15' title="bbox 283 1482 1942 1564; baseline -0.009 -15"><span class='ocrx_word' id='word_1_101' title='bbox 283 1495 421 1549; x_wconf 83' lang='lat' dir='ltr'>Deus</span> <span class='ocrx_word' id='word_1_102' title='bbox 452 1509 541 1549; x_wconf 87' lang='lat' dir='ltr'>eos</span> <span class='ocrx_word' id='word_1_103' title='bbox 568 1495 677 1548; x_wconf 84' lang='lat' dir='ltr'>sibi</span> <span class='ocrx_word' id='word_1_104' title='bbox 727 1493 1010 1564; x_wconf 80' lang='lat' dir='ltr'>placentes</span> <span class='ocrx_word' id='word_1_105' title='bbox 1065 1489 1365 1556; x_wconf 78' lang='lat' dir='ltr'>custodiat,</span> <span class='ocrx_word' id='word_1_106' title='bbox 1424 1486 1511 1542; x_wconf 89' lang='lat' dir='ltr'>eis</span> <span class='ocrx_word' id='word_1_107' title='bbox 1568 1482 1942 1539; x_wconf 77' lang='lat' dir='ltr'>inimicitiam</span> 
     </span>
    </p>
   </div>
   <div class='ocr_carea' id='block_1_16' title="bbox 284 1570 1943 1652">
    <p class='ocr_par' dir='ltr' id='par_1_16' title="bbox 284 1570 1943 1652">
     <span class='ocr_line' id='line_1_16' title="bbox 284 1570 1943 1652; baseline -0.008 -14"><span class='ocrx_word' id='word_1_108' title='bbox 284 1588 495 1638; x_wconf 90' lang='lat' dir='ltr'>contra</span> <span class='ocrx_word' id='word_1_109' title='bbox 525 1581 833 1638; x_wconf 87' lang='lat' dir='ltr'>diabolum</span> <span class='ocrx_word' id='word_1_110' title='bbox 867 1580 1321 1652; x_wconf 89' lang='lat' dir='ltr'>tribuat,dignos</span> <span class='ocrx_word' id='word_1_111' title='bbox 1352 1575 1517 1648; x_wconf 83' lang='lat' dir='ltr'>regni</span> <span class='ocrx_word' id='word_1_112' title='bbox 1571 1571 1829 1629; x_wconf 85' lang='lat' dir='ltr'>ccelestis</span> <span class='ocrx_word' id='word_1_113' title='bbox 1861 1570 1943 1625; x_wconf 87' lang='lat' dir='ltr'>ef-</span> 
     </span>
    </p>
   </div>
   <div class='ocr_carea' id='block_1_17' title="bbox 287 1661 1943 1741">
    <p class='ocr_par' dir='ltr' id='par_1_17' title="bbox 287 1661 1943 1741">
     <span class='ocr_line' id='line_1_17' title="bbox 287 1661 1943 1741; baseline -0.009 -13"><span class='ocrx_word' id='word_1_114' title='bbox 287 1672 729 1741; x_wconf 84' lang='lat' dir='ltr'>ﬁciat,invictos</span> <span class='ocrx_word' id='word_1_115' title='bbox 761 1688 796 1727; x_wconf 89' lang='lat' dir='ltr'>a</span> <span class='ocrx_word' id='word_1_116' title='bbox 822 1669 1254 1727; x_wconf 88' lang='lat' dir='ltr'>tentationibus</span> <span class='ocrx_word' id='word_1_117' title='bbox 1285 1668 1612 1735; x_wconf 79' lang='lat' dir='ltr'>conservet,</span> <span class='ocrx_word' id='word_1_118' title='bbox 1658 1661 1943 1734; x_wconf 88' lang='lat' dir='ltr'>Spiritum</span> 
     </span>
    </p>
   </div>
   <div class='ocr_carea' id='block_1_18' title="bbox 283 1747 1941 1828">
    <p class='ocr_par' dir='ltr' id='par_1_18' title="bbox 283 1747 1941 1828">
     <span class='ocr_line' id='line_1_18' title="bbox 283 1747 1941 1828; baseline -0.008 -11"><span class='ocrx_word' id='word_1_119' title='bbox 283 1766 562 1817; x_wconf 90' lang='lat' dir='ltr'>sanctum</span> <span class='ocrx_word' id='word_1_120' title='bbox 620 1761 853 1816; x_wconf 86' lang='lat' dir='ltr'>emittat</span> <span class='ocrx_word' id='word_1_121' title='bbox 876 1764 942 1815; x_wconf 91' lang='lat' dir='ltr'>ut</span> <span class='ocrx_word' id='word_1_122' title='bbox 993 1758 1184 1814; x_wconf 87' lang='lat' dir='ltr'>sancti</span> <span class='ocrx_word' id='word_1_123' title='bbox 1242 1756 1495 1828; x_wconf 87' lang='lat' dir='ltr'>Spiritus</span> <span class='ocrx_word' id='word_1_124' title='bbox 1533 1752 1759 1807; x_wconf 88' lang='lat' dir='ltr'>fructus</span> <span class='ocrx_word' id='word_1_125' title='bbox 1806 1747 1941 1804; x_wconf 88' lang='lat' dir='ltr'>red-</span> 
     </span>
    </p>
   </div>
   <div class='ocr_carea' id='block_1_19' title="bbox 283 1837 1937 1918">
    <p class='ocr_par' dir='ltr' id='par_1_19' title="bbox 283 1837 1937 1918">
     <span class='ocr_line' id='line_1_19' title="bbox 283 1837 1937 1918; baseline -0.01 -11"><span class='ocrx_word' id='word_1_126' title='bbox 283 1852 449 1918; x_wconf 86' lang='lat' dir='ltr'>dant,</span> <span class='ocrx_word' id='word_1_127' title='bbox 478 1857 547 1906; x_wconf 89' lang='lat' dir='ltr'>ut</span> <span class='ocrx_word' id='word_1_128' title='bbox 575 1851 640 1906; x_wconf 91' lang='lat' dir='ltr'>in</span> <span class='ocrx_word' id='word_1_129' title='bbox 668 1850 928 1906; x_wconf 88' lang='lat' dir='ltr'>novitate</span> <span class='ocrx_word' id='word_1_130' title='bbox 958 1848 1088 1903; x_wconf 63' lang='lat' dir='ltr'>vitaz</span> <span class='ocrx_word' id='word_1_131' title='bbox 1146 1844 1473 1909; x_wconf 84' lang='lat' dir='ltr'>ambulent,</span> <span class='ocrx_word' id='word_1_132' title='bbox 1504 1841 1683 1914; x_wconf 88' lang='lat' dir='ltr'>hujus</span> <span class='ocrx_word' id='word_1_133' title='bbox 1712 1837 1800 1894; x_wconf 85' lang='lat' dir='ltr'>rei</span> <span class='ocrx_word' id='word_1_134' title='bbox 1853 1842 1937 1892; x_wconf 90' lang='lat' dir='ltr'>te-</span> 
     </span>
    </p>
   </div>
   <div class='ocr_carea' id='block_1_20' title="bbox 282 1927 1942 2014">
    <p class='ocr_par' dir='ltr' id='par_1_20' title="bbox 282 1927 1942 2014">
     <span class='ocr_line' id='line_1_20' title="bbox 282 1927 1942 2014; baseline -0.01 -15"><span class='ocrx_word' id='word_1_135' title='bbox 282 1943 574 1999; x_wconf 88' lang='lat' dir='ltr'>stimonia</span> <span class='ocrx_word' id='word_1_136' title='bbox 603 1958 674 1997; x_wconf 84' lang='lat' dir='ltr'>ex</span> <span class='ocrx_word' id='word_1_137' title='bbox 703 1942 934 2014; x_wconf 88' lang='lat' dir='ltr'>integro</span> <span class='ocrx_word' id='word_1_138' title='bbox 967 1939 1266 2010; x_wconf 89' lang='lat' dir='ltr'>descripta</span> <span class='ocrx_word' id='word_1_139' title='bbox 1297 1938 1437 1991; x_wconf 90' lang='lat' dir='ltr'>sunt</span> <span class='ocrx_word' id='word_1_140' title='bbox 1467 1949 1630 1989; x_wconf 90' lang='lat' dir='ltr'>num.</span> <span class='ocrx_word' id='word_1_141' title='bbox 1658 1934 1747 1986; x_wconf 83' lang='grc'>46.</span> <span class='ocrx_word' id='word_1_142' title='bbox 1781 1927 1942 1985; x_wconf 89' lang='lat' dir='ltr'>Nihil</span> 
     </span>
    </p>
   </div>
   <div class='ocr_carea' id='block_1_21' title="bbox 282 2022 1945 2094">
    <p class='ocr_par' dir='ltr' id='par_1_21' title="bbox 282 2022 1945 2094">
     <span class='ocr_line' id='line_1_21' title="bbox 282 2022 1945 2094; baseline -0.01 -6"><span class='ocrx_word' id='word_1_143' title='bbox 282 2034 503 2088; x_wconf 89' lang='lat' dir='ltr'>horum</span> <span class='ocrx_word' id='word_1_144' title='bbox 538 2031 667 2087; x_wconf 90' lang='lat' dir='ltr'>sine</span> <span class='ocrx_word' id='word_1_145' title='bbox 697 2030 1019 2087; x_wconf 83' lang='lat' dir='ltr'>voluntatis</span> <span class='ocrx_word' id='word_1_146' title='bbox 1077 2042 1375 2085; x_wconf 88' lang='lat' dir='ltr'>consensu</span> <span class='ocrx_word' id='word_1_147' title='bbox 1407 2022 1537 2079; x_wconf 88' lang='lat' dir='ltr'>ﬁeri</span> <span class='ocrx_word' id='word_1_148' title='bbox 1588 2024 1804 2094; x_wconf 90' lang='lat' dir='ltr'>potest,</span> <span class='ocrx_word' id='word_1_149' title='bbox 1837 2034 1945 2074; x_wconf 88' lang='lat' dir='ltr'>seu</span> 
     </span>
    </p>
   </div>
   <div class='ocr_carea' id='block_1_22' title="bbox 281 2112 1944 2195">
    <p class='ocr_par' dir='ltr' id='par_1_22' title="bbox 281 2112 1944 2195">
     <span class='ocr_line' id='line_1_22' title="bbox 281 2112 1944 2195; baseline -0.01 -17"><span class='ocrx_word' id='word_1_150' title='bbox 281 2124 485 2195; x_wconf 86' lang='lat' dir='ltr'>potius</span> <span class='ocrx_word' id='word_1_151' title='bbox 514 2122 645 2177; x_wconf 66' lang='lat' dir='ltr'>haec</span> <span class='ocrx_word' id='word_1_152' title='bbox 676 2120 880 2176; x_wconf 89' lang='lat' dir='ltr'>omnia</span> <span class='ocrx_word' id='word_1_153' title='bbox 912 2123 1050 2175; x_wconf 91' lang='lat' dir='ltr'>sunt</span> <span class='ocrx_word' id='word_1_154' title='bbox 1106 2117 1190 2190; x_wconf 89' lang='lat' dir='ltr'>pii</span> <span class='ocrx_word' id='word_1_155' title='bbox 1246 2112 1569 2171; x_wconf 85' lang='lat' dir='ltr'>voluntatis</span> <span class='ocrx_word' id='word_1_156' title='bbox 1600 2112 1847 2167; x_wconf 83' lang='lat' dir='ltr'>affectus</span> <span class='ocrx_word' id='word_1_157' title='bbox 1877 2123 1944 2163; x_wconf 88' lang='lat' dir='ltr'>ac</span> 
     </span>
    </p>
   </div>
   <div class='ocr_carea' id='block_1_23' title="bbox 284 2202 1946 2278">
    <p class='ocr_par' dir='ltr' id='par_1_23' title="bbox 284 2202 1946 2278">
     <span class='ocr_line' id='line_1_23' title="bbox 284 2202 1946 2278; baseline -0.009 -11"><span class='ocrx_word' id='word_1_158' title='bbox 284 2211 823 2267; x_wconf 88' lang='lat' dir='ltr'>determinationes</span> <span class='ocrx_word' id='word_1_159' title='bbox 845 2211 1059 2265; x_wconf 73' lang='lat' dir='ltr'>effectu</span> <span class='ocrx_word' id='word_1_160' title='bbox 1081 2203 1590 2278; x_wconf 65' lang='lat' dir='ltr'>adimpletaaCum</span> <span class='ocrx_word' id='word_1_161' title='bbox 1603 2202 1729 2256; x_wconf 62' lang='lat' dir='ltr'>haec</span> <span class='ocrx_word' id='word_1_162' title='bbox 1749 2203 1946 2271; x_wconf 87' lang='lat' dir='ltr'>postu-</span> 
     </span>
    </p>
   </div>
   <div class='ocr_carea' id='block_1_24' title="bbox 283 2290 1945 2373">
    <p class='ocr_par' dir='ltr' id='par_1_24' title="bbox 283 2290 1945 2373">
     <span class='ocr_line' id='line_1_24' title="bbox 283 2290 1945 2373; baseline -0.007 -17"><span class='ocrx_word' id='word_1_163' title='bbox 283 2302 727 2368; x_wconf 88' lang='lat' dir='ltr'>lanturaDeo,</span> <span class='ocrx_word' id='word_1_164' title='bbox 787 2299 1129 2373; x_wconf 83' lang='lat' dir='ltr'>agnoscitur</span> <span class='ocrx_word' id='word_1_165' title='bbox 1182 2297 1284 2352; x_wconf 88' lang='lat' dir='ltr'>ille</span> <span class='ocrx_word' id='word_1_166' title='bbox 1339 2295 1573 2367; x_wconf 89' lang='lat' dir='ltr'>piarum</span> <span class='ocrx_word' id='word_1_167' title='bbox 1627 2290 1945 2347; x_wconf 87' lang='lat' dir='ltr'>voluntatis</span> 
     </span>
    </p>
   </div>
   <div class='ocr_carea' id='block_1_25' title="bbox 285 2387 1479 2445">
    <p class='ocr_par' dir='ltr' id='par_1_25' title="bbox 285 2387 1479 2445">
     <span class='ocr_line' id='line_1_25' title="bbox 285 2387 1479 2445; baseline -0.005 0"><span class='ocrx_word' id='word_1_168' title='bbox 285 2390 675 2445; x_wconf 77' lang='lat' dir='ltr'>aﬁ‘ectionum</span> <span class='ocrx_word' id='word_1_169' title='bbox 706 2405 775 2444; x_wconf 90' lang='lat' dir='ltr'>ac</span> <span class='ocrx_word' id='word_1_170' title='bbox 807 2387 1222 2443; x_wconf 91' lang='lat' dir='ltr'>inductionum</span> <span class='ocrx_word' id='word_1_171' title='bbox 1253 2388 1479 2440; x_wconf 88' lang='lat' dir='ltr'>auctor.</span> 
     </span>
    </p>
   </div>
   <div class='ocr_carea' id='block_1_26' title="bbox 360 2468 1948 2549">
    <p class='ocr_par' dir='ltr' id='par_1_26' title="bbox 360 2468 1948 2549">
     <span class='ocr_line' id='line_1_26' title="bbox 360 2468 1948 2549; baseline -0.008 -15"><span class='ocrx_word' id='word_1_172' title='bbox 360 2483 453 2533; x_wconf 81' lang='lat'><strong>52.</strong></span> <span class='ocrx_word' id='word_1_173' title='bbox 485 2478 705 2533; x_wconf 86' lang='lat' dir='ltr'>Eadem</span> <span class='ocrx_word' id='word_1_174' title='bbox 737 2493 835 2533; x_wconf 89' lang='lat' dir='ltr'>res</span> <span class='ocrx_word' id='word_1_175' title='bbox 864 2480 953 2532; x_wconf 91' lang='lat' dir='ltr'>est</span> <span class='ocrx_word' id='word_1_176' title='bbox 982 2476 1141 2549; x_wconf 86' lang='lat' dir='ltr'>piam</span> <span class='ocrx_word' id='word_1_177' title='bbox 1166 2474 1532 2530; x_wconf 83' lang='lat' dir='ltr'>voluntatem</span> <span class='ocrx_word' id='word_1_178' title='bbox 1554 2468 1866 2525; x_wconf 85' lang='lat' dir='ltr'>infundere</span> <span class='ocrx_word' id='word_1_179' title='bbox 1890 2472 1948 2523; x_wconf 87' lang='lat' dir='ltr'>et</span> 
     </span>
    </p>
   </div>
   <div class='ocr_carea' id='block_1_27' title="bbox 288 2557 1944 2636">
    <p class='ocr_par' dir='ltr' id='par_1_27' title="bbox 288 2557 1944 2636">
     <span class='ocr_line' id='line_1_27' title="bbox 288 2557 1944 2636; baseline -0.008 -12"><span class='ocrx_word' id='word_1_180' title='bbox 288 2569 515 2625; x_wconf 88' lang='lat' dir='ltr'>malam</span> <span class='ocrx_word' id='word_1_181' title='bbox 546 2568 799 2636; x_wconf 84' lang='lat' dir='ltr'>auferre,</span> <span class='ocrx_word' id='word_1_182' title='bbox 842 2583 978 2622; x_wconf 89' lang='lat' dir='ltr'>cum</span> <span class='ocrx_word' id='word_1_183' title='bbox 1020 2565 1180 2621; x_wconf 90' lang='lat' dir='ltr'>mala</span> <span class='ocrx_word' id='word_1_184' title='bbox 1207 2563 1477 2619; x_wconf 87' lang='lat' dir='ltr'>voluntas</span> <span class='ocrx_word' id='word_1_185' title='bbox 1504 2559 1742 2616; x_wconf 89' lang='lat' dir='ltr'>nonnisi</span> <span class='ocrx_word' id='word_1_186' title='bbox 1775 2557 1944 2613; x_wconf 73' lang='lat' dir='ltr'>bonae</span> 
     </span>
    </p>
   </div>
   <div class='ocr_carea' id='block_1_28' title="bbox 289 2650 1948 2729">
    <p class='ocr_par' dir='ltr' id='par_1_28' title="bbox 289 2650 1948 2729">
     <span class='ocr_line' id='line_1_28' title="bbox 289 2650 1948 2729; baseline -0.008 -15"><span class='ocrx_word' id='word_1_187' title='bbox 289 2658 738 2715; x_wconf 87' lang='lat' dir='ltr'>introductione</span> <span class='ocrx_word' id='word_1_188' title='bbox 769 2654 1267 2729; x_wconf 84' lang='lat' dir='ltr'>pellatur.Malam</span> <span class='ocrx_word' id='word_1_189' title='bbox 1289 2658 1487 2709; x_wconf 88' lang='lat' dir='ltr'>autem</span> <span class='ocrx_word' id='word_1_190' title='bbox 1508 2650 1875 2705; x_wconf 85' lang='lat' dir='ltr'>voluntatem</span> <span class='ocrx_word' id='word_1_191' title='bbox 1891 2650 1948 2702; x_wconf 89' lang='lat' dir='ltr'>et</span> 
     </span>
    </p>
   </div>
   <div class='ocr_carea' id='block_1_29' title="bbox 291 2737 1943 2815">
    <p class='ocr_par' dir='ltr' id='par_1_29' title="bbox 291 2737 1943 2815">
     <span class='ocr_line' id='line_1_29' title="bbox 291 2737 1943 2815; baseline -0.007 -12"><span class='ocrx_word' id='word_1_192' title='bbox 291 2748 707 2805; x_wconf 88' lang='lat' dir='ltr'>inductionem</span> <span class='ocrx_word' id='word_1_193' title='bbox 729 2746 918 2803; x_wconf 90' lang='lat' dir='ltr'>animi</span> <span class='ocrx_word' id='word_1_194' title='bbox 941 2763 975 2801; x_wconf 89' lang='lat' dir='ltr'>a</span> <span class='ocrx_word' id='word_1_195' title='bbox 996 2746 1113 2801; x_wconf 91' lang='lat' dir='ltr'>Deo</span> <span class='ocrx_word' id='word_1_196' title='bbox 1136 2742 1357 2801; x_wconf 90' lang='lat' dir='ltr'>auferri</span> <span class='ocrx_word' id='word_1_197' title='bbox 1380 2740 1649 2815; x_wconf 80' lang='lat' dir='ltr'>agnoscit</span> <span class='ocrx_word' id='word_1_198' title='bbox 1668 2737 1943 2810; x_wconf 84' lang='lat' dir='ltr'>Cyrillus,</span> 
     </span>
    </p>
   </div>
   <div class='ocr_carea' id='block_1_30' title="bbox 294 2827 1948 2906">
    <p class='ocr_par' dir='ltr' id='par_1_30' title="bbox 294 2827 1948 2906">
     <span class='ocr_line' id='line_1_30' title="bbox 294 2827 1948 2906; baseline -0.007 -13"><span class='ocrx_word' id='word_1_199' title='bbox 294 2843 408 2893; x_wconf 86' lang='lat' dir='ltr'>cat.</span> <span class='ocrx_word' id='word_1_200' title='bbox 440 2841 493 2906; x_wconf 83' lang='lat'>6,</span> <span class='ocrx_word' id='word_1_201' title='bbox 526 2854 591 2892; x_wconf 90' lang='lat' dir='ltr'>n.</span> <span class='ocrx_word' id='word_1_202' title='bbox 622 2839 714 2892; x_wconf 92' lang='lat'>30.</span> <span class='ocrx_word' id='word_1_203' title='bbox 749 2835 917 2902; x_wconf 89' lang='lat' dir='ltr'>Quod</span> <span class='ocrx_word' id='word_1_204' title='bbox 949 2835 1021 2890; x_wconf 90' lang='lat' dir='ltr'>de</span> <span class='ocrx_word' id='word_1_205' title='bbox 1053 2836 1169 2890; x_wconf 89' lang='lat' dir='ltr'>Deo</span> <span class='ocrx_word' id='word_1_206' title='bbox 1196 2831 1472 2888; x_wconf 89' lang='lat' dir='ltr'>inﬁdeles</span> <span class='ocrx_word' id='word_1_207' title='bbox 1502 2832 1833 2885; x_wconf 67' lang='lat' dir='ltr'>excwcante</span> <span class='ocrx_word' id='word_1_208' title='bbox 1865 2827 1948 2882; x_wconf 89' lang='lat' dir='ltr'>di-</span> 
     </span>
    </p>
   </div>
   <div class='ocr_carea' id='block_1_31' title="bbox 293 2917 1946 2994">
    <p class='ocr_par' dir='ltr' id='par_1_31' title="bbox 293 2917 1946 2994">
     <span class='ocr_line' id='line_1_31' title="bbox 293 2917 1946 2994; baseline -0.007 -11"><span class='ocrx_word' id='word_1_209' title='bbox 293 2928 471 2993; x_wconf 87' lang='lat' dir='ltr'>citur,</span> <span class='ocrx_word' id='word_1_210' title='bbox 500 2944 535 2982; x_wconf 90' lang='lat' dir='ltr'>a</span> <span class='ocrx_word' id='word_1_211' title='bbox 557 2926 867 2982; x_wconf 90' lang='lat' dir='ltr'>nonnullis</span> <span class='ocrx_word' id='word_1_212' title='bbox 890 2925 1212 2981; x_wconf 89' lang='lat' dir='ltr'>refertnon</span> <span class='ocrx_word' id='word_1_213' title='bbox 1234 2923 1557 2994; x_wconf 78' lang='lat' dir='ltr'>incongrue</span> <span class='ocrx_word' id='word_1_214' title='bbox 1576 2917 1856 2991; x_wconf 86' lang='lat' dir='ltr'>explicari</span> <span class='ocrx_word' id='word_1_215' title='bbox 1885 2917 1946 2971; x_wconf 92' lang='lat' dir='ltr'>in</span> 
     </span>
    </p>
   </div>
   <div class='ocr_carea' id='block_1_32' title="bbox 294 3007 1946 3086">
    <p class='ocr_par' dir='ltr' id='par_1_32' title="bbox 294 3007 1946 3086">
     <span class='ocr_line' id='line_1_32' title="bbox 294 3007 1946 3086; baseline -0.007 -14"><span class='ocrx_word' id='word_1_216' title='bbox 294 3017 456 3072; x_wconf 88' lang='lat' dir='ltr'>hunc</span> <span class='ocrx_word' id='word_1_217' title='bbox 485 3032 751 3085; x_wconf 86' lang='lat' dir='ltr'>sensum,</span> <span class='ocrx_word' id='word_1_218' title='bbox 784 3021 853 3070; x_wconf 90' lang='lat' dir='ltr'>ut</span> <span class='ocrx_word' id='word_1_219' title='bbox 883 3016 1035 3070; x_wconf 91' lang='lat' dir='ltr'>Deus</span> <span class='ocrx_word' id='word_1_220' title='bbox 1083 3029 1293 3086; x_wconf 89' lang='lat' dir='ltr'>pravas</span> <span class='ocrx_word' id='word_1_221' title='bbox 1323 3028 1529 3068; x_wconf 89' lang='lat' dir='ltr'>eorum</span> <span class='ocrx_word' id='word_1_222' title='bbox 1560 3007 1946 3082; x_wconf 78' lang='lat' dir='ltr'>cogitationes</span> 
     </span>
    </p>
   </div>
   <div class='ocr_carea' id='block_1_33' title="bbox 290 3099 1948 3174">
    <p class='ocr_par' dir='ltr' id='par_1_33' title="bbox 290 3099 1948 3174">
     <span class='ocr_line' id='line_1_33' title="bbox 290 3099 1948 3174; baseline -0.007 -12"><span class='ocrx_word' id='word_1_223' title='bbox 290 3111 549 3162; x_wconf 64' lang='lat' dir='ltr'>excaecet</span> <span class='ocrx_word' id='word_1_224' title='bbox 574 3110 633 3161; x_wconf 89' lang='lat' dir='ltr'>et</span> <span class='ocrx_word' id='word_1_225' title='bbox 660 3104 854 3174; x_wconf 89' lang='lat' dir='ltr'>tollat,</span> <span class='ocrx_word' id='word_1_226' title='bbox 886 3107 1136 3174; x_wconf 72' lang='lat' dir='ltr'>Emcaeca,</span> <span class='ocrx_word' id='word_1_227' title='bbox 1178 3103 1395 3174; x_wconf 88' lang='lat' dir='ltr'>inquit,</span> <span class='ocrx_word' id='word_1_228' title='bbox 1452 3099 1769 3157; x_wconf 83' lang='lat' dir='ltr'>scortatoris</span> <span class='ocrx_word' id='word_1_229' title='bbox 1797 3112 1948 3153; x_wconf 87' lang='lat' dir='ltr'>scor-</span> 
     </span>
    </p>
   </div>
   <div class='ocr_carea' id='block_1_34' title="bbox 289 3187 1945 3265">
    <p class='ocr_par' dir='ltr' id='par_1_34' title="bbox 289 3187 1945 3265">
     <span class='ocr_line' id='line_1_34' title="bbox 289 3187 1945 3265; baseline -0.007 -13"><span class='ocrx_word' id='word_1_230' title='bbox 289 3197 450 3251; x_wconf 83' lang='lat' dir='ltr'>tandi</span> <span class='ocrx_word' id='word_1_231' title='bbox 504 3196 890 3265; x_wconf 82' lang='lat' dir='ltr'>cogitationes,</span> <span class='ocrx_word' id='word_1_232' title='bbox 941 3195 1312 3265; x_wconf 78' lang='lat' dir='ltr'>rapacitatem</span> <span class='ocrx_word' id='word_1_233' title='bbox 1369 3198 1422 3246; x_wconf 88' lang='lat' dir='ltr'>et</span> <span class='ocrx_word' id='word_1_234' title='bbox 1469 3187 1867 3258; x_wconf 82' lang='lat' dir='ltr'>furacitatem:</span> <span class='ocrx_word' id='word_1_235' title='bbox 1894 3191 1945 3240; x_wconf 88' lang='lat' dir='ltr'>et</span> 
     </span>
    </p>
   </div>
   <div class='ocr_carea' id='block_1_35' title="bbox 284 3277 1941 3353">
    <p class='ocr_par' dir='ltr' id='par_1_35' title="bbox 284 3277 1941 3353">
     <span class='ocr_line' id='line_1_35' title="bbox 284 3277 1941 3353; baseline -0.008 -11"><span class='ocrx_word' id='word_1_236' title='bbox 284 3293 537 3343; x_wconf 84' lang='lat' dir='ltr'>servatus</span> <span class='ocrx_word' id='word_1_237' title='bbox 584 3293 661 3342; x_wconf 87' lang='lat' dir='ltr'>est</span> <span class='ocrx_word' id='word_1_238' title='bbox 700 3286 876 3340; x_wconf 91' lang='lat' dir='ltr'>homo.</span> <span class='ocrx_word' id='word_1_239' title='bbox 941 3284 1165 3340; x_wconf 70' lang='lat' dir='ltr'>Excaeca</span> <span class='ocrx_word' id='word_1_240' title='bbox 1193 3283 1339 3352; x_wconf 83' lang='lat' dir='ltr'>furis</span> <span class='ocrx_word' id='word_1_241' title='bbox 1374 3279 1441 3334; x_wconf 73' lang='grc' dir='ltr'><strong>τὰ</strong></span> <span class='ocrx_word' id='word_1_242' title='bbox 1470 3277 1703 3353; x_wconf 72' lang='grc' dir='ltr'>πορνικὰ</span> <span class='ocrx_word' id='word_1_243' title='bbox 1729 3277 1941 3349; x_wconf 76' lang='grc' dir='ltr'>νοήμα-</span> 
     </span>
    </p>
   </div>
   <div class='ocr_carea' id='block_1_36' title="bbox 281 3368 1951 3448">
    <p class='ocr_par' dir='ltr' id='par_1_36' title="bbox 281 3368 1951 3448">
     <span class='ocr_line' id='line_1_36' title="bbox 281 3368 1951 3448; baseline -0.004 -19"><span class='ocrx_word' id='word_1_244' title='bbox 281 3395 374 3443; x_wconf 76' lang='grc' dir='ltr'>τα,</span> <span class='ocrx_word' id='word_1_245' title='bbox 408 3375 472 3429; x_wconf 84' lang='grc' dir='ltr'>τὸ</span> <span class='ocrx_word' id='word_1_246' title='bbox 494 3372 825 3448; x_wconf 79' lang='grc' dir='ltr'>ἁρπαστικὸν</span> <span class='ocrx_word' id='word_1_247' title='bbox 849 3370 939 3426; x_wconf 80' lang='grc' dir='ltr'>καὶ</span> <span class='ocrx_word' id='word_1_248' title='bbox 979 3368 1292 3447; x_wconf 83' lang='grc' dir='ltr'>λῃστρικόν,</span> <span class='ocrx_word' id='word_1_249' title='bbox 1323 3379 1376 3427; x_wconf 84' lang='lat' dir='ltr'>et</span> <span class='ocrx_word' id='word_1_250' title='bbox 1423 3370 1651 3427; x_wconf 84' lang='lat' dir='ltr'>salutem</span> <span class='ocrx_word' id='word_1_251' title='bbox 1700 3383 1951 3426; x_wconf 87' lang='lat' dir='ltr'>consecu-</span> 
     </span>
    </p>
   </div>
   <div class='ocr_carea' id='block_1_37' title="bbox 294 3460 1951 3533">
    <p class='ocr_par' dir='ltr' id='par_1_37' title="bbox 294 3460 1951 3533">
     <span class='ocr_line' id='line_1_37' title="bbox 294 3460 1951 3533; baseline -0.005 -14"><span class='ocrx_word' id='word_1_252' title='bbox 294 3472 383 3521; x_wconf 86' lang='lat' dir='ltr'>tus</span> <span class='ocrx_word' id='word_1_253' title='bbox 414 3471 493 3520; x_wconf 86' lang='lat' dir='ltr'>est</span> <span class='ocrx_word' id='word_1_254' title='bbox 520 3465 704 3521; x_wconf 89' lang='lat' dir='ltr'>homo.</span> <span class='ocrx_word' id='word_1_255' title='bbox 723 3463 930 3520; x_wconf 86' lang='lat' dir='ltr'>Latina</span> <span class='ocrx_word' id='word_1_256' title='bbox 942 3479 1061 3519; x_wconf 92' lang='lat' dir='ltr'>non</span> <span class='ocrx_word' id='word_1_257' title='bbox 1085 3462 1228 3519; x_wconf 88' lang='lat' dir='ltr'>satis</span> <span class='ocrx_word' id='word_1_258' title='bbox 1256 3460 1596 3533; x_wconf 85' lang='lat' dir='ltr'>exprimunt</span> <span class='ocrx_word' id='word_1_259' title='bbox 1615 3460 1951 3515; x_wconf 67' lang='lat' dir='ltr'>Graecarum</span> 
     </span>
    </p>
   </div>
   <div class='ocr_carea' id='block_1_38' title="bbox 288 3549 1953 3626">
    <p class='ocr_par' dir='ltr' id='par_1_38' title="bbox 288 3549 1953 3626">
     <span class='ocr_line' id='line_1_38' title="bbox 288 3549 1953 3626; baseline -0.006 -16"><span class='ocrx_word' id='word_1_260' title='bbox 288 3572 505 3612; x_wconf 86' lang='lat' dir='ltr'>vocum</span> <span class='ocrx_word' id='word_1_261' title='bbox 534 3555 651 3609; x_wconf 86' lang='lat' dir='ltr'>vim</span> <span class='ocrx_word' id='word_1_262' title='bbox 666 3559 725 3610; x_wconf 88' lang='lat' dir='ltr'>et</span> <span class='ocrx_word' id='word_1_263' title='bbox 752 3557 1105 3626; x_wconf 87' lang='lat' dir='ltr'>potestatem</span> <span class='ocrx_word' id='word_1_264' title='bbox 1132 3570 1145 3620; x_wconf 91' lang='lat'><strong>;</strong></span> <span class='ocrx_word' id='word_1_265' title='bbox 1172 3552 1265 3606; x_wconf 90' lang='lat' dir='ltr'>his</span> <span class='ocrx_word' id='word_1_266' title='bbox 1283 3550 1445 3606; x_wconf 90' lang='lat' dir='ltr'>enim</span> <span class='ocrx_word' id='word_1_267' title='bbox 1472 3549 1838 3621; x_wconf 87' lang='lat' dir='ltr'>signiﬁcatur</span> <span class='ocrx_word' id='word_1_268' title='bbox 1870 3552 1953 3601; x_wconf 88' lang='lat' dir='ltr'>to-</span> 
     </span>
    </p>
   </div>
   <div class='ocr_carea' id='block_1_39' title="bbox 289 3638 1951 3716">
    <p class='ocr_par' dir='ltr' id='par_1_39' title="bbox 289 3638 1951 3716">
     <span class='ocr_line' id='line_1_39' title="bbox 289 3638 1951 3716; baseline -0.007 -14"><span class='ocrx_word' id='word_1_269' title='bbox 289 3653 423 3702; x_wconf 85' lang='lat' dir='ltr'>tum</span> <span class='ocrx_word' id='word_1_270' title='bbox 456 3644 611 3699; x_wconf 90' lang='lat' dir='ltr'>illud</span> <span class='ocrx_word' id='word_1_271' title='bbox 643 3660 889 3716; x_wconf 88' lang='lat' dir='ltr'>pravum</span> <span class='ocrx_word' id='word_1_272' title='bbox 921 3642 1252 3716; x_wconf 87' lang='lat' dir='ltr'>ingenium,</span> <span class='ocrx_word' id='word_1_273' title='bbox 1286 3657 1353 3696; x_wconf 89' lang='lat' dir='ltr'>ac</span> <span class='ocrx_word' id='word_1_274' title='bbox 1376 3638 1703 3696; x_wconf 89' lang='lat' dir='ltr'>deliberata</span> <span class='ocrx_word' id='word_1_275' title='bbox 1734 3638 1795 3692; x_wconf 90' lang='lat' dir='ltr'>in</span> <span class='ocrx_word' id='word_1_276' title='bbox 1826 3653 1951 3692; x_wconf 87' lang='lat' dir='ltr'>ma-</span> 
     </span>
    </p>
   </div>
   <div class='ocr_carea' id='block_1_40' title="bbox 287 3727 1956 3807">
    <p class='ocr_par' dir='ltr' id='par_1_40' title="bbox 287 3727 1956 3807">
     <span class='ocr_line' id='line_1_40' title="bbox 287 3727 1956 3807; baseline -0.007 -15"><span class='ocrx_word' id='word_1_277' title='bbox 287 3737 419 3793; x_wconf 90' lang='lat' dir='ltr'>lum</span> <span class='ocrx_word' id='word_1_278' title='bbox 454 3733 779 3807; x_wconf 88' lang='lat' dir='ltr'>propensio</span> <span class='ocrx_word' id='word_1_279' title='bbox 813 3737 871 3789; x_wconf 91' lang='lat' dir='ltr'>et</span> <span class='ocrx_word' id='word_1_280' title='bbox 900 3731 1182 3800; x_wconf 69' lang='lat' dir='ltr'>adhmsio,</span> <span class='ocrx_word' id='word_1_281' title='bbox 1228 3747 1346 3803; x_wconf 91' lang='lat' dir='ltr'>qua</span> <span class='ocrx_word' id='word_1_282' title='bbox 1395 3732 1686 3786; x_wconf 87' lang='lat' dir='ltr'>scortator</span> <span class='ocrx_word' id='word_1_283' title='bbox 1710 3727 1889 3783; x_wconf 89' lang='lat' dir='ltr'>homo</span> <span class='ocrx_word' id='word_1_284' title='bbox 1921 3742 1956 3781; x_wconf 88' lang='lat' dir='ltr'>a</span> 
     </span>
    </p>
   </div>
   <div class='ocr_carea' id='block_1_41' title="bbox 285 3815 1956 3895">
    <p class='ocr_par' dir='ltr' id='par_1_41' title="bbox 285 3815 1956 3895">
     <span class='ocr_line' id='line_1_41' title="bbox 285 3815 1956 3895; baseline -0.008 -12"><span class='ocrx_word' id='word_1_285' title='bbox 285 3832 478 3893; x_wconf 87' lang='lat' dir='ltr'>casto,</span> <span class='ocrx_word' id='word_1_286' title='bbox 513 3828 576 3879; x_wconf 91' lang='lat' dir='ltr'>et</span> <span class='ocrx_word' id='word_1_287' title='bbox 603 3822 699 3880; x_wconf 81' lang='lat' dir='ltr'>fur</span> <span class='ocrx_word' id='word_1_288' title='bbox 724 3840 759 3878; x_wconf 90' lang='lat' dir='ltr'>a</span> <span class='ocrx_word' id='word_1_289' title='bbox 767 3823 933 3895; x_wconf 89' lang='lat' dir='ltr'>justo</span> <span class='ocrx_word' id='word_1_290' title='bbox 956 3821 1361 3894; x_wconf 85' lang='lat' dir='ltr'>distinguitur.</span> <span class='ocrx_word' id='word_1_291' title='bbox 1394 3819 1461 3875; x_wconf 91' lang='lat' dir='ltr'>Id</span> <span class='ocrx_word' id='word_1_292' title='bbox 1484 3836 1554 3874; x_wconf 83' lang='lat' dir='ltr'>ex</span> <span class='ocrx_word' id='word_1_293' title='bbox 1582 3818 1825 3873; x_wconf 89' lang='lat' dir='ltr'>homine</span> <span class='ocrx_word' id='word_1_294' title='bbox 1848 3815 1956 3871; x_wconf 89' lang='lat' dir='ltr'>tol-</span> 
     </span>
    </p>
   </div>
   <div class='ocr_carea' id='block_1_42' title="bbox 290 3905 1954 3981">
    <p class='ocr_par' dir='ltr' id='par_1_42' title="bbox 290 3905 1954 3981">
     <span class='ocr_line' id='line_1_42' title="bbox 290 3905 1954 3981; baseline -0.008 -10"><span class='ocrx_word' id='word_1_295' title='bbox 290 3916 417 3971; x_wconf 89' lang='lat' dir='ltr'>lere</span> <span class='ocrx_word' id='word_1_296' title='bbox 452 3911 558 3968; x_wconf 87' lang='lat' dir='ltr'>Dei</span> <span class='ocrx_word' id='word_1_297' title='bbox 592 3915 701 3967; x_wconf 88' lang='lat' dir='ltr'>est.</span> <span class='ocrx_word' id='word_1_298' title='bbox 734 3910 936 3966; x_wconf 90' lang='lat' dir='ltr'>Simile</span> <span class='ocrx_word' id='word_1_299' title='bbox 968 3909 1119 3965; x_wconf 90' lang='lat' dir='ltr'>illud</span> <span class='ocrx_word' id='word_1_300' title='bbox 1151 3914 1242 3965; x_wconf 88' lang='lat' dir='ltr'>est</span> <span class='ocrx_word' id='word_1_301' title='bbox 1265 3907 1423 3981; x_wconf 88' lang='lat' dir='ltr'>quod</span> <span class='ocrx_word' id='word_1_302' title='bbox 1445 3906 1698 3979; x_wconf 80' lang='lat' dir='ltr'>Cyrillus</span> <span class='ocrx_word' id='word_1_303' title='bbox 1724 3905 1806 3961; x_wconf 87' lang='lat' dir='ltr'>ait</span> <span class='ocrx_word' id='word_1_304' title='bbox 1826 3919 1954 3960; x_wconf 89' lang='lat' dir='ltr'>cru-</span> 
     </span>
    </p>
   </div>
   <div class='ocr_carea' id='block_1_43' title="bbox 294 3994 1954 4071">
    <p class='ocr_par' dir='ltr' id='par_1_43' title="bbox 294 3994 1954 4071">
     <span class='ocr_line' id='line_1_43' title="bbox 294 3994 1954 4071; baseline -0.008 -11"><span class='ocrx_word' id='word_1_305' title='bbox 294 4020 427 4060; x_wconf 89' lang='lat' dir='ltr'>cem</span> <span class='ocrx_word' id='word_1_306' title='bbox 462 4018 577 4057; x_wconf 90' lang='lat' dir='ltr'>seu</span> <span class='ocrx_word' id='word_1_307' title='bbox 606 3999 873 4056; x_wconf 83' lang='lat' dir='ltr'>cruciﬁxi</span> <span class='ocrx_word' id='word_1_308' title='bbox 904 4000 1203 4067; x_wconf 86' lang='lat' dir='ltr'>virtutem,</span> <span class='ocrx_word' id='word_1_309' title='bbox 1236 4014 1448 4071; x_wconf 87' lang='lat' dir='ltr'>pravos</span> <span class='ocrx_word' id='word_1_310' title='bbox 1477 4013 1511 4053; x_wconf 89' lang='lat' dir='ltr'>a</span> <span class='ocrx_word' id='word_1_311' title='bbox 1539 3994 1815 4069; x_wconf 86' lang='lat' dir='ltr'>gentibus</span> <span class='ocrx_word' id='word_1_312' title='bbox 1847 4009 1954 4049; x_wconf 91' lang='lat' dir='ltr'>su-</span> 
     </span>
    </p>
   </div>
   <div class='ocr_carea' id='block_1_44' title="bbox 292 4082 1958 4166">
    <p class='ocr_par' dir='ltr' id='par_1_44' title="bbox 292 4082 1958 4166">
     <span class='ocr_line' id='line_1_44' title="bbox 292 4082 1958 4166; baseline -0.007 -18"><span class='ocrx_word' id='word_1_313' title='bbox 292 4092 524 4166; x_wconf 89' lang='lat' dir='ltr'>perbis,</span> <span class='ocrx_word' id='word_1_314' title='bbox 552 4089 718 4157; x_wconf 87' lang='lat' dir='ltr'>feris,</span> <span class='ocrx_word' id='word_1_315' title='bbox 752 4093 813 4143; x_wconf 90' lang='lat' dir='ltr'>et</span> <span class='ocrx_word' id='word_1_316' title='bbox 840 4088 1138 4144; x_wconf 90' lang='lat' dir='ltr'>idolorum</span> <span class='ocrx_word' id='word_1_317' title='bbox 1169 4103 1371 4143; x_wconf 90' lang='lat' dir='ltr'>amore</span> <span class='ocrx_word' id='word_1_318' title='bbox 1402 4083 1838 4141; x_wconf 87' lang='lat' dir='ltr'>insanientibus</span> <span class='ocrx_word' id='word_1_319' title='bbox 1870 4082 1958 4137; x_wconf 86' lang='lat' dir='ltr'>af-</span> 
     </span>
    </p>
   </div>
   <div class='ocr_carea' id='block_1_45' title="bbox 292 4173 1959 4239">
    <p class='ocr_par' dir='ltr' id='par_1_45' title="bbox 292 4173 1959 4239">
     <span class='ocr_line' id='line_1_45' title="bbox 292 4173 1959 4239; baseline -0.008 0"><span class='ocrx_word' id='word_1_320' title='bbox 292 4185 492 4239; x_wconf 87' lang='lat' dir='ltr'>fectus</span> <span class='ocrx_word' id='word_1_321' title='bbox 523 4177 838 4234; x_wconf 87' lang='lat' dir='ltr'>sustulisse</span> <span class='ocrx_word' id='word_1_322' title='bbox 871 4183 929 4233; x_wconf 89' lang='lat' dir='ltr'>et</span> <span class='ocrx_word' id='word_1_323' title='bbox 984 4176 1314 4234; x_wconf 86' lang='lat' dir='ltr'>contrarios</span> <span class='ocrx_word' id='word_1_324' title='bbox 1363 4175 1668 4231; x_wconf 88' lang='lat' dir='ltr'>indidisse.</span> <span class='ocrx_word' id='word_1_325' title='bbox 1701 4173 1834 4231; x_wconf 84' lang='lat' dir='ltr'>Hoc,</span> <span class='ocrx_word' id='word_1_326' title='bbox 1863 4173 1959 4227; x_wconf 84' lang='lat' dir='ltr'>in-</span> 
     </span>
    </p>
   </div>
   <div class='ocr_carea' id='block_1_46' title="bbox 294 4263 1958 4345">
    <p class='ocr_par' dir='ltr' id='par_1_46' title="bbox 294 4263 1958 4345">
     <span class='ocr_line' id='line_1_46' title="bbox 294 4263 1958 4345; baseline -0.011 -18"><span class='ocrx_word' id='word_1_327' title='bbox 294 4272 424 4345; x_wconf 85' lang='lat' dir='ltr'>quit</span> <span class='ocrx_word' id='word_1_328' title='bbox 456 4274 575 4325; x_wconf 87' lang='lat' dir='ltr'>cat.</span> <span class='ocrx_word' id='word_1_329' title='bbox 612 4268 702 4336; x_wconf 85' lang='grc'>13,</span> <span class='ocrx_word' id='word_1_330' title='bbox 732 4284 792 4322; x_wconf 87' lang='lat' dir='ltr'>n.</span> <span class='ocrx_word' id='word_1_331' title='bbox 819 4268 908 4335; x_wconf 81' lang='grc'><strong>40,</strong></span> <span class='ocrx_word' id='word_1_332' title='bbox 942 4266 1127 4317; x_wconf 81' lang='lat' dir='ltr'>crucis</span> <span class='ocrx_word' id='word_1_333' title='bbox 1158 4274 1431 4327; x_wconf 65' lang='lat' dir='ltr'>tropaeum</span> <span class='ocrx_word' id='word_1_334' title='bbox 1460 4264 1659 4313; x_wconf 79' lang='lat' dir='ltr'>Persas</span> <span class='ocrx_word' id='word_1_335' title='bbox 1687 4263 1958 4326; x_wconf 65' lang='lat' dir='ltr'>subfuga-</span> 
     </span>
    </p>
   </div>
   <div class='ocr_carea' id='block_1_47' title="bbox 295 4351 1961 4421">
    <p class='ocr_par' dir='ltr' id='par_1_47' title="bbox 295 4351 1961 4421">
     <span class='ocr_line' id='line_1_47' title="bbox 295 4351 1961 4421; baseline -0.008 -11"><span class='ocrx_word' id='word_1_336' title='bbox 295 4362 375 4410; x_wconf 76' lang='lat' dir='ltr'>vit</span> <span class='ocrx_word' id='word_1_337' title='bbox 405 4367 459 4408; x_wconf 88' lang='lat' dir='ltr'>et</span> <span class='ocrx_word' id='word_1_338' title='bbox 490 4355 727 4421; x_wconf 81' lang='lat' dir='ltr'>Scythas</span> <span class='ocrx_word' id='word_1_339' title='bbox 757 4356 1052 4414; x_wconf 86' lang='lat' dir='ltr'>cicuravit,</span> <span class='ocrx_word' id='word_1_340' title='bbox 1080 4354 1175 4404; x_wconf 88' lang='lat' dir='ltr'>hoc</span> <span class='ocrx_word' id='word_1_341' title='bbox 1202 4352 1511 4418; x_wconf 65' lang='lat' dir='ltr'>Egyptiis,</span> <span class='ocrx_word' id='word_1_342' title='bbox 1558 4353 1621 4401; x_wconf 87' lang='lat' dir='ltr'>in</span> <span class='ocrx_word' id='word_1_343' title='bbox 1678 4352 1860 4400; x_wconf 86' lang='lat' dir='ltr'>locum</span> <span class='ocrx_word' id='word_1_344' title='bbox 1884 4351 1961 4410; x_wconf 84' lang='lat' dir='ltr'>fe-</span> 
     </span>
    </p>
   </div>
   <div class='ocr_carea' id='block_1_48' title="bbox 296 4438 1960 4507">
    <p class='ocr_par' dir='ltr' id='par_1_48' title="bbox 296 4438 1960 4507">
     <span class='ocr_line' id='line_1_48' title="bbox 296 4438 1960 4507; baseline -0.008 -7"><span class='ocrx_word' id='word_1_345' title='bbox 296 4452 446 4502; x_wconf 84' lang='lat' dir='ltr'>lium</span> <span class='ocrx_word' id='word_1_346' title='bbox 468 4456 521 4497; x_wconf 87' lang='lat' dir='ltr'>et</span> <span class='ocrx_word' id='word_1_347' title='bbox 554 4461 763 4497; x_wconf 81' lang='lat' dir='ltr'>canum</span> <span class='ocrx_word' id='word_1_348' title='bbox 792 4461 858 4495; x_wconf 86' lang='lat' dir='ltr'>ac</span> <span class='ocrx_word' id='word_1_349' title='bbox 911 4444 1258 4507; x_wconf 78' lang='lat' dir='ltr'>multiplicis</span> <span class='ocrx_word' id='word_1_350' title='bbox 1286 4443 1515 4505; x_wconf 81' lang='lat' dir='ltr'>erroris,</span> <span class='ocrx_word' id='word_1_351' title='bbox 1564 4441 1668 4491; x_wconf 87' lang='lat' dir='ltr'>Dei</span> <span class='ocrx_word' id='word_1_352' title='bbox 1697 4438 1960 4489; x_wconf 84' lang='lat' dir='ltr'>notitiam</span> 
     </span>
    </p>
   </div>
   <div class='ocr_carea' id='block_1_49' title="bbox 297 4531 1962 4607">
    <p class='ocr_par' dir='ltr' id='par_1_49' title="bbox 297 4531 1962 4607">
     <span class='ocr_line' id='line_1_49' title="bbox 297 4531 1962 4607; baseline -0.014 -13"><span class='ocrx_word' id='word_1_353' title='bbox 297 4542 691 4607; x_wconf 73' lang='lat' dir='ltr'>gratiﬁcatum</span> <span class='ocrx_word' id='word_1_354' title='bbox 723 4544 821 4587; x_wconf 83' lang='lat' dir='ltr'>est.</span> <span class='ocrx_word' id='word_1_355' title='bbox 846 4535 930 4586; x_wconf 81' lang='lat' dir='ltr'>Ad</span> <span class='ocrx_word' id='word_1_356' title='bbox 958 4537 1228 4586; x_wconf 78' lang='lat' dir='ltr'>virtutem</span> <span class='ocrx_word' id='word_1_357' title='bbox 1260 4534 1473 4585; x_wconf 78' lang='lat' dir='ltr'>Christi</span> <span class='ocrx_word' id='word_1_358' title='bbox 1500 4531 1773 4582; x_wconf 79' lang='lat' dir='ltr'>similiter</span> <span class='ocrx_word' id='word_1_359' title='bbox 1790 4546 1962 4586; x_wconf 72' lang='lat' dir='ltr'>rem-</span> 
     </span>
    </p>
   </div>
   <div class='ocr_carea' id='block_1_50' title="bbox 1975 3234 2017 3302">
    <p class='ocr_par' dir='ltr' id='par_1_50' title="bbox 1975 3234 2017 3302">
     <span class='ocr_line' id='line_1_50' title="bbox 1975 3234 2017 3302; baseline 0 0"><span class='ocrx_word' id='word_1_360' title='bbox 1975 3234 2017 3302; x_wconf 89' lang='lat' dir='ltr'>C</span> 
     </span>
    </p>
   </div>
   <div class='ocr_carea' id='block_1_51' title="bbox 2054 591 3701 660">
    <p class='ocr_par' dir='ltr' id='par_1_51' title="bbox 2054 591 3701 660">
     <span class='ocr_line' id='line_1_51' title="bbox 2054 591 3701 660; baseline 0.008 -22"><span class='ocrx_word' id='word_1_361' title='bbox 2054 604 2123 638; x_wconf 72' lang='lat' dir='ltr'>ea:</span> <span class='ocrx_word' id='word_1_362' title='bbox 2150 591 2385 639; x_wconf 77' lang='lat' dir='ltr'>mortuis</span> <span class='ocrx_word' id='word_1_363' title='bbox 2412 591 2663 640; x_wconf 73' lang='lat' dir='ltr'>surrexit</span> <span class='ocrx_word' id='word_1_364' title='bbox 2693 591 2828 653; x_wconf 82' lang='lat' dir='ltr'>ipse,</span> <span class='ocrx_word' id='word_1_365' title='bbox 2862 592 2957 640; x_wconf 79' lang='lat' dir='ltr'>sed</span> <span class='ocrx_word' id='word_1_366' title='bbox 2980 608 3164 642; x_wconf 80' lang='lat' dir='ltr'>secum</span> <span class='ocrx_word' id='word_1_367' title='bbox 3211 611 3428 660; x_wconf 83' lang='lat' dir='ltr'>quoque</span> <span class='ocrx_word' id='word_1_368' title='bbox 3453 610 3701 651; x_wconf 83' lang='lat' dir='ltr'>mortuos</span> 
     </span>
    </p>
   </div>
   <div class='ocr_carea' id='block_1_52' title="bbox 2054 680 3701 762">
    <p class='ocr_par' dir='ltr' id='par_1_52' title="bbox 2054 680 3701 762">
     <span class='ocr_line' id='line_1_52' title="bbox 2054 680 3701 762; baseline 0.013 -33"><span class='ocrx_word' id='word_1_369' title='bbox 2054 681 2336 731; x_wconf 73' lang='lat' dir='ltr'>excitauit.</span> <span class='ocrx_word' id='word_1_370' title='bbox 2368 680 2455 736; x_wconf 82' lang='lat' dir='ltr'>Ad</span> <span class='ocrx_word' id='word_1_371' title='bbox 2488 681 2757 739; x_wconf 89' lang='lat' dir='ltr'>eamdem</span> <span class='ocrx_word' id='word_1_372' title='bbox 2813 683 3096 739; x_wconf 88' lang='lat' dir='ltr'>nimirum</span> <span class='ocrx_word' id='word_1_373' title='bbox 3126 685 3401 744; x_wconf 86' lang='lat' dir='ltr'>virtutem</span> <span class='ocrx_word' id='word_1_374' title='bbox 3444 701 3701 762; x_wconf 87' lang='lat' dir='ltr'>revocat,</span> 
     </span>
    </p>
   </div>
   <div class='ocr_carea' id='block_1_53' title="bbox 2056 771 3698 854">
    <p class='ocr_par' dir='ltr' id='par_1_53' title="bbox 2056 771 3698 854">
     <span class='ocr_line' id='line_1_53' title="bbox 2056 771 3698 854; baseline 0.007 -26"><span class='ocrx_word' id='word_1_375' title='bbox 2056 771 2214 842; x_wconf 85' lang='lat' dir='ltr'>quod</span> <span class='ocrx_word' id='word_1_376' title='bbox 2240 776 2298 826; x_wconf 89' lang='lat' dir='ltr'>et</span> <span class='ocrx_word' id='word_1_377' title='bbox 2330 771 2584 826; x_wconf 83' lang='lat' dir='ltr'>surrexit</span> <span class='ocrx_word' id='word_1_378' title='bbox 2613 772 2760 842; x_wconf 89' lang='lat' dir='ltr'>ipse,</span> <span class='ocrx_word' id='word_1_379' title='bbox 2795 777 2853 827; x_wconf 90' lang='lat' dir='ltr'>et</span> <span class='ocrx_word' id='word_1_380' title='bbox 2882 778 3149 830; x_wconf 89' lang='lat' dir='ltr'>mortuos</span> <span class='ocrx_word' id='word_1_381' title='bbox 3171 778 3494 851; x_wconf 87' lang='lat' dir='ltr'>suscitavit,</span> <span class='ocrx_word' id='word_1_382' title='bbox 3509 787 3568 837; x_wconf 90' lang='lat' dir='ltr'>et</span> <span class='ocrx_word' id='word_1_383' title='bbox 3596 784 3698 854; x_wconf 89' lang='lat' dir='ltr'>qui</span> 
     </span>
    </p>
   </div>
   <div class='ocr_carea' id='block_1_54' title="bbox 2053 860 3702 938">
    <p class='ocr_par' dir='ltr' id='par_1_54' title="bbox 2053 860 3702 938">
     <span class='ocr_line' id='line_1_54' title="bbox 2053 860 3702 938; baseline 0.008 -24"><span class='ocrx_word' id='word_1_384' title='bbox 2053 860 2549 915; x_wconf 88' lang='lat' dir='ltr'>resurrectionem</span> <span class='ocrx_word' id='word_1_385' title='bbox 2586 876 2753 916; x_wconf 91' lang='lat' dir='ltr'>suam</span> <span class='ocrx_word' id='word_1_386' title='bbox 2785 866 2909 917; x_wconf 89' lang='lat' dir='ltr'>tum</span> <span class='ocrx_word' id='word_1_387' title='bbox 2936 863 3479 938; x_wconf 52' lang='lat' dir='ltr'>praedicarenttum</span> <span class='ocrx_word' id='word_1_388' title='bbox 3503 873 3702 928; x_wconf 88' lang='lat' dir='ltr'>crede-</span> 
     </span>
    </p>
   </div>
   <div class='ocr_carea' id='block_1_55' title="bbox 2052 950 3697 1031">
    <p class='ocr_par' dir='ltr' id='par_1_55' title="bbox 2052 950 3697 1031">
     <span class='ocr_line' id='line_1_55' title="bbox 2052 950 3697 1031; baseline 0.008 -27"><span class='ocrx_word' id='word_1_389' title='bbox 2052 954 2187 1004; x_wconf 91' lang='lat' dir='ltr'>rent</span> <span class='ocrx_word' id='word_1_390' title='bbox 2217 955 2275 1005; x_wconf 88' lang='lat' dir='ltr'>et</span> <span class='ocrx_word' id='word_1_391' title='bbox 2328 950 2758 1005; x_wconf 84' lang='lat' dir='ltr'>conﬁterentur</span> <span class='ocrx_word' id='word_1_392' title='bbox 2808 952 3096 1008; x_wconf 86' lang='lat' dir='ltr'>excitavit.</span> <span class='ocrx_word' id='word_1_393' title='bbox 3141 956 3260 1010; x_wconf 89' lang='lat' dir='ltr'>Cat.</span> <span class='ocrx_word' id='word_1_394' title='bbox 3320 959 3376 1023; x_wconf 88' lang='grc'>4,</span> <span class='ocrx_word' id='word_1_395' title='bbox 3408 975 3570 1016; x_wconf 88' lang='lat' dir='ltr'>num.</span> <span class='ocrx_word' id='word_1_396' title='bbox 3609 963 3697 1031; x_wconf 90' lang='grc'>14,</span> 
     </span>
    </p>
   </div>
   <div class='ocr_carea' id='block_1_56' title="bbox 2052 1038 3701 1106">
    <p class='ocr_par' dir='ltr' id='par_1_56' title="bbox 2052 1038 3701 1106">
     <span class='ocr_line' id='line_1_56' title="bbox 2052 1038 3701 1106; baseline 0.009 -14"><span class='ocrx_word' id='word_1_397' title='bbox 2052 1038 2352 1094; x_wconf 87' lang='lat' dir='ltr'>Christum</span> <span class='ocrx_word' id='word_1_398' title='bbox 2384 1040 2573 1095; x_wconf 88' lang='lat' dir='ltr'>vivere</span> <span class='ocrx_word' id='word_1_399' title='bbox 2607 1045 2666 1095; x_wconf 91' lang='lat' dir='ltr'>et</span> <span class='ocrx_word' id='word_1_400' title='bbox 2696 1040 2756 1095; x_wconf 92' lang='lat' dir='ltr'>in</span> <span class='ocrx_word' id='word_1_401' title='bbox 2787 1040 3000 1096; x_wconf 66' lang='lat' dir='ltr'>coelum</span> <span class='ocrx_word' id='word_1_402' title='bbox 3031 1059 3163 1099; x_wconf 90' lang='lat' dir='ltr'>vere</span> <span class='ocrx_word' id='word_1_403' title='bbox 3193 1047 3534 1104; x_wconf 86' lang='lat' dir='ltr'>ascendisse</span> <span class='ocrx_word' id='word_1_404' title='bbox 3560 1050 3701 1106; x_wconf 88' lang='lat' dir='ltr'>inde</span> 
     </span>
    </p>
   </div>
   <div class='ocr_carea' id='block_1_57' title="bbox 2053 1129 3695 1207">
    <p class='ocr_par' dir='ltr' id='par_1_57' title="bbox 2053 1129 3695 1207">
     <span class='ocr_line' id='line_1_57' title="bbox 2053 1129 3695 1207; baseline 0.008 -24"><span class='ocrx_word' id='word_1_405' title='bbox 2053 1129 2365 1199; x_wconf 85' lang='lat' dir='ltr'>convincit,</span> <span class='ocrx_word' id='word_1_406' title='bbox 2400 1129 2550 1200; x_wconf 87' lang='lat' dir='ltr'>quod</span> <span class='ocrx_word' id='word_1_407' title='bbox 2579 1145 2612 1182; x_wconf 91' lang='lat' dir='ltr'>a</span> <span class='ocrx_word' id='word_1_408' title='bbox 2643 1136 2757 1185; x_wconf 90' lang='lat' dir='ltr'>toto</span> <span class='ocrx_word' id='word_1_409' title='bbox 2787 1130 2912 1185; x_wconf 83' lang='lat' dir='ltr'>orbe</span> <span class='ocrx_word' id='word_1_410' title='bbox 2941 1132 3201 1188; x_wconf 82' lang='lat' dir='ltr'>adoretur</span> <span class='ocrx_word' id='word_1_411' title='bbox 3225 1152 3249 1199; x_wconf 82' lang='lat'><em>;</em></span> <span class='ocrx_word' id='word_1_412' title='bbox 3270 1140 3329 1190; x_wconf 89' lang='lat' dir='ltr'>et</span> <span class='ocrx_word' id='word_1_413' title='bbox 3359 1142 3470 1192; x_wconf 87' lang='lat' dir='ltr'>cat.</span> <span class='ocrx_word' id='word_1_414' title='bbox 3517 1141 3601 1207; x_wconf 85' lang='lat'>13,</span> <span class='ocrx_word' id='word_1_415' title='bbox 3634 1156 3695 1197; x_wconf 91' lang='lat' dir='ltr'>n.</span> 
     </span>
    </p>
   </div>
   <div class='ocr_carea' id='block_1_58' title="bbox 2055 1219 3697 1301">
    <p class='ocr_par' dir='ltr' id='par_1_58' title="bbox 2055 1219 3697 1301">
     <span class='ocr_line' id='line_1_58' title="bbox 2055 1219 3697 1301; baseline 0.009 -30"><span class='ocrx_word' id='word_1_416' title='bbox 2055 1220 2104 1285; x_wconf 89' lang='lat'>1,</span> <span class='ocrx_word' id='word_1_417' title='bbox 2138 1219 2297 1289; x_wconf 90' lang='lat' dir='ltr'>quod</span> <span class='ocrx_word' id='word_1_418' title='bbox 2328 1235 2470 1274; x_wconf 80' lang='lat' dir='ltr'>crux</span> <span class='ocrx_word' id='word_1_419' title='bbox 2502 1234 2717 1289; x_wconf 84' lang='lat' dir='ltr'>magna</span> <span class='ocrx_word' id='word_1_420' title='bbox 2747 1225 2804 1275; x_wconf 90' lang='lat' dir='ltr'>et</span> <span class='ocrx_word' id='word_1_421' title='bbox 2846 1238 3027 1293; x_wconf 88' lang='lat' dir='ltr'>supra</span> <span class='ocrx_word' id='word_1_422' title='bbox 3080 1230 3355 1282; x_wconf 86' lang='lat' dir='ltr'>naturam</span> <span class='ocrx_word' id='word_1_423' title='bbox 3412 1230 3599 1301; x_wconf 87' lang='lat' dir='ltr'>gratia</span> <span class='ocrx_word' id='word_1_424' title='bbox 3628 1248 3697 1286; x_wconf 89' lang='lat' dir='ltr'>ac</span> 
     </span>
    </p>
   </div>
   <div class='ocr_carea' id='block_1_59' title="bbox 2051 1308 3698 1386">
    <p class='ocr_par' dir='ltr' id='par_1_59' title="bbox 2051 1308 3698 1386">
     <span class='ocr_line' id='line_1_59' title="bbox 2051 1308 3698 1386; baseline 0.009 -25"><span class='ocrx_word' id='word_1_425' title='bbox 2051 1308 2337 1378; x_wconf 90' lang='lat' dir='ltr'>potentia,</span> <span class='ocrx_word' id='word_1_426' title='bbox 2371 1324 2457 1364; x_wconf 87' lang='lat' dir='ltr'>eos</span> <span class='ocrx_word' id='word_1_427' title='bbox 2500 1311 2598 1380; x_wconf 85' lang='lat' dir='ltr'>qui</span> <span class='ocrx_word' id='word_1_428' title='bbox 2640 1309 2701 1365; x_wconf 86' lang='lat' dir='ltr'>in</span> <span class='ocrx_word' id='word_1_429' title='bbox 2748 1310 3000 1367; x_wconf 84' lang='lat' dir='ltr'>universo</span> <span class='ocrx_word' id='word_1_430' title='bbox 3057 1315 3185 1369; x_wconf 86' lang='lat' dir='ltr'>orbe</span> <span class='ocrx_word' id='word_1_431' title='bbox 3238 1320 3474 1386; x_wconf 84' lang='lat' dir='ltr'>peccatis</span> <span class='ocrx_word' id='word_1_432' title='bbox 3520 1320 3698 1376; x_wconf 84' lang='lat' dir='ltr'>morbi</span> 
     </span>
    </p>
   </div>
   <div class='ocr_carea' id='block_1_60' title="bbox 2050 1398 3696 1482">
    <p class='ocr_par' dir='ltr' id='par_1_60' title="bbox 2050 1398 3696 1482">
     <span class='ocr_line' id='line_1_60' title="bbox 2050 1398 3696 1482; baseline 0.009 -30"><span class='ocrx_word' id='word_1_433' title='bbox 2050 1405 2219 1453; x_wconf 83' lang='lat' dir='ltr'>urant</span> <span class='ocrx_word' id='word_1_434' title='bbox 2249 1398 2529 1467; x_wconf 70' lang='lat' dir='ltr'>excitavit,</span> <span class='ocrx_word' id='word_1_435' title='bbox 2562 1400 2909 1471; x_wconf 68' lang='lat' dir='ltr'>ignorantiae</span> <span class='ocrx_word' id='word_1_436' title='bbox 2930 1402 3083 1458; x_wconf 88' lang='lat' dir='ltr'>fame</span> <span class='ocrx_word' id='word_1_437' title='bbox 3113 1404 3174 1459; x_wconf 90' lang='lat' dir='ltr'>in</span> <span class='ocrx_word' id='word_1_438' title='bbox 3203 1410 3326 1462; x_wconf 89' lang='lat' dir='ltr'>toto</span> <span class='ocrx_word' id='word_1_439' title='bbox 3353 1407 3494 1465; x_wconf 91' lang='lat' dir='ltr'>orbe</span> <span class='ocrx_word' id='word_1_440' title='bbox 3528 1427 3696 1482; x_wconf 85' lang='lat' dir='ltr'>pres-</span> 
     </span>
    </p>
   </div>
   <div class='ocr_carea' id='block_1_61' title="bbox 2052 1487 3694 1567">
    <p class='ocr_par' dir='ltr' id='par_1_61' title="bbox 2052 1487 3694 1567">
     <span class='ocr_line' id='line_1_61' title="bbox 2052 1487 3694 1567; baseline 0.008 -25"><span class='ocrx_word' id='word_1_441' title='bbox 2052 1504 2149 1544; x_wconf 90' lang='lat' dir='ltr'>sos</span> <span class='ocrx_word' id='word_1_442' title='bbox 2181 1487 2348 1555; x_wconf 85' lang='lat' dir='ltr'>aluit,</span> <span class='ocrx_word' id='word_1_443' title='bbox 2379 1492 2755 1559; x_wconf 88' lang='lat' dir='ltr'>peccatorum</span> <span class='ocrx_word' id='word_1_444' title='bbox 2786 1492 3013 1547; x_wconf 90' lang='lat' dir='ltr'>catenis</span> <span class='ocrx_word' id='word_1_445' title='bbox 3034 1495 3384 1551; x_wconf 88' lang='lat' dir='ltr'>constrictos</span> <span class='ocrx_word' id='word_1_446' title='bbox 3402 1496 3694 1567; x_wconf 88' lang='lat' dir='ltr'>liberavit,</span> 
     </span>
    </p>
   </div>
   <div class='ocr_carea' id='block_1_62' title="bbox 2052 1577 3696 1659">
    <p class='ocr_par' dir='ltr' id='par_1_62' title="bbox 2052 1577 3696 1659">
     <span class='ocr_line' id='line_1_62' title="bbox 2052 1577 3696 1659; baseline 0.009 -29"><span class='ocrx_word' id='word_1_447' title='bbox 2052 1593 2239 1631; x_wconf 67' lang='lat' dir='ltr'>cazcos</span> <span class='ocrx_word' id='word_1_448' title='bbox 2262 1593 2330 1631; x_wconf 85' lang='lat' dir='ltr'>ex</span> <span class='ocrx_word' id='word_1_449' title='bbox 2354 1577 2687 1649; x_wconf 87' lang='lat' dir='ltr'>ignorantia</span> <span class='ocrx_word' id='word_1_450' title='bbox 2707 1578 3084 1648; x_wconf 89' lang='lat' dir='ltr'>illuminavit,</span> <span class='ocrx_word' id='word_1_451' title='bbox 3112 1588 3172 1636; x_wconf 92' lang='lat' dir='ltr'>et</span> <span class='ocrx_word' id='word_1_452' title='bbox 3190 1600 3398 1640; x_wconf 92' lang='lat' dir='ltr'>omnes</span> <span class='ocrx_word' id='word_1_453' title='bbox 3420 1586 3529 1641; x_wconf 90' lang='lat' dir='ltr'>sub</span> <span class='ocrx_word' id='word_1_454' title='bbox 3559 1606 3696 1659; x_wconf 86' lang='lat' dir='ltr'>pec-</span> 
     </span>
    </p>
   </div>
   <div class='ocr_carea' id='block_1_63' title="bbox 2051 1665 3697 1732">
    <p class='ocr_par' dir='ltr' id='par_1_63' title="bbox 2051 1665 3697 1732">
     <span class='ocr_line' id='line_1_63' title="bbox 2051 1665 3697 1732; baseline 0.008 -12"><span class='ocrx_word' id='word_1_455' title='bbox 2051 1669 2179 1721; x_wconf 90' lang='lat' dir='ltr'>cato</span> <span class='ocrx_word' id='word_1_456' title='bbox 2211 1665 2483 1721; x_wconf 89' lang='lat' dir='ltr'>detentos</span> <span class='ocrx_word' id='word_1_457' title='bbox 2496 1665 2685 1721; x_wconf 89' lang='lat' dir='ltr'>solvit.</span> <span class='ocrx_word' id='word_1_458' title='bbox 2707 1668 2845 1732; x_wconf 68' lang='lat' dir='ltr'>Quis</span> <span class='ocrx_word' id='word_1_459' title='bbox 2863 1669 3064 1725; x_wconf 89' lang='lat' dir='ltr'>omnia</span> <span class='ocrx_word' id='word_1_460' title='bbox 3080 1670 3385 1729; x_wconf 87' lang='lat' dir='ltr'>efﬁcacem</span> <span class='ocrx_word' id='word_1_461' title='bbox 3407 1691 3477 1730; x_wconf 84' lang='lat' dir='ltr'>ex</span> <span class='ocrx_word' id='word_1_462' title='bbox 3499 1677 3697 1732; x_wconf 78' lang='lat' dir='ltr'>omni-</span> 
     </span>
    </p>
   </div>
   <div class='ocr_carea' id='block_1_64' title="bbox 2048 1754 3698 1835">
    <p class='ocr_par' dir='ltr' id='par_1_64' title="bbox 2048 1754 3698 1835">
     <span class='ocr_line' id='line_1_64' title="bbox 2048 1754 3698 1835; baseline 0.009 -27"><span class='ocrx_word' id='word_1_463' title='bbox 2048 1755 2316 1827; x_wconf 89' lang='lat' dir='ltr'>potentia</span> <span class='ocrx_word' id='word_1_464' title='bbox 2338 1755 2439 1810; x_wconf 91' lang='lat' dir='ltr'>Dei</span> <span class='ocrx_word' id='word_1_465' title='bbox 2465 1755 2525 1811; x_wconf 91' lang='lat' dir='ltr'>in</span> <span class='ocrx_word' id='word_1_466' title='bbox 2547 1754 2824 1812; x_wconf 88' lang='lat' dir='ltr'>cordibus</span> <span class='ocrx_word' id='word_1_467' title='bbox 2845 1757 3140 1814; x_wconf 86' lang='lat' dir='ltr'>actionem</span> <span class='ocrx_word' id='word_1_468' title='bbox 3164 1777 3487 1835; x_wconf 89' lang='lat' dir='ltr'>eorumque</span> <span class='ocrx_word' id='word_1_469' title='bbox 3509 1771 3698 1823; x_wconf 89' lang='lat' dir='ltr'>muta-</span> 
     </span>
    </p>
   </div>
   <div class='ocr_carea' id='block_1_65' title="bbox 1971 1846 3696 1929">
    <p class='ocr_par' dir='ltr' id='par_1_65' title="bbox 1971 1846 3696 1929">
     <span class='ocr_line' id='line_1_65' title="bbox 1971 1846 3696 1929; baseline 0.008 -30"><span class='ocrx_word' id='word_1_470' title='bbox 1971 1860 2020 1926; x_wconf 80' lang='grc' dir='ltr'><strong>Β</strong></span> <span class='ocrx_word' id='word_1_471' title='bbox 2050 1846 2296 1917; x_wconf 90' lang='lat' dir='ltr'>tionem,</span> <span class='ocrx_word' id='word_1_472' title='bbox 2328 1862 2458 1918; x_wconf 82' lang='lat' dir='ltr'>quae</span> <span class='ocrx_word' id='word_1_473' title='bbox 2490 1851 2613 1902; x_wconf 90' lang='lat' dir='ltr'>tota</span> <span class='ocrx_word' id='word_1_474' title='bbox 2641 1847 2713 1902; x_wconf 88' lang='lat' dir='ltr'>ad</span> <span class='ocrx_word' id='word_1_475' title='bbox 2745 1846 2994 1919; x_wconf 86' lang='lat' dir='ltr'>gloriam</span> <span class='ocrx_word' id='word_1_476' title='bbox 3024 1852 3218 1907; x_wconf 87' lang='lat' dir='ltr'>crucis</span> <span class='ocrx_word' id='word_1_477' title='bbox 3238 1854 3696 1929; x_wconf 86' lang='lat' dir='ltr'>pertineat,per-</span> 
     </span>
    </p>
   </div>
   <div class='ocr_carea' id='block_1_66' title="bbox 2053 1934 3700 2012">
    <p class='ocr_par' dir='ltr' id='par_1_66' title="bbox 2053 1934 3700 2012">
     <span class='ocr_line' id='line_1_66' title="bbox 2053 1934 3700 2012; baseline 0.002 -21"><span class='ocrx_word' id='word_1_478' title='bbox 2053 1934 2255 2007; x_wconf 90' lang='lat' dir='ltr'>spicue</span> <span class='ocrx_word' id='word_1_479' title='bbox 2286 1935 2641 2008; x_wconf 88' lang='lat' dir='ltr'>signiﬁcant.</span> <span class='ocrx_word' id='word_1_480' title='bbox 2668 1937 2764 1992; x_wconf 82' lang='lat' dir='ltr'>Ait</span> <span class='ocrx_word' id='word_1_481' title='bbox 2791 1943 2904 1993; x_wconf 88' lang='lat' dir='ltr'>cat.</span> <span class='ocrx_word' id='word_1_482' title='bbox 2931 1941 3016 2005; x_wconf 90' lang='grc'><strong>10,</strong></span> <span class='ocrx_word' id='word_1_483' title='bbox 3040 1956 3203 1996; x_wconf 91' lang='lat' dir='ltr'>num.</span> <span class='ocrx_word' id='word_1_484' title='bbox 3241 1945 3327 2012; x_wconf 86' lang='lat'>16,</span> <span class='ocrx_word' id='word_1_485' title='bbox 3362 1943 3572 1994; x_wconf 80' lang='lat' dir='ltr'>Christi</span> <span class='ocrx_word' id='word_1_486' title='bbox 3601 1961 3700 1995; x_wconf 82' lang='lat' dir='ltr'>no-</span> 
     </span>
    </p>
   </div>
   <div class='ocr_carea' id='block_1_67' title="bbox 2050 2027 3696 2108">
    <p class='ocr_par' dir='ltr' id='par_1_67' title="bbox 2050 2027 3696 2108">
     <span class='ocr_line' id='line_1_67' title="bbox 2050 2027 3696 2108; baseline 0.005 -33"><span class='ocrx_word' id='word_1_487' title='bbox 2050 2041 2180 2077; x_wconf 88' lang='lat' dir='ltr'>men</span> <span class='ocrx_word' id='word_1_488' title='bbox 2199 2027 2525 2077; x_wconf 84' lang='lat' dir='ltr'>universam</span> <span class='ocrx_word' id='word_1_489' title='bbox 2556 2034 2759 2076; x_wconf 86' lang='lat' dir='ltr'>terram</span> <span class='ocrx_word' id='word_1_490' title='bbox 2795 2029 3153 2092; x_wconf 77' lang='lat' dir='ltr'>corripuisse,</span> <span class='ocrx_word' id='word_1_491' title='bbox 3186 2028 3591 2108; x_wconf 73' lang='grc' dir='ltr'>περιεδράξατο,</span> <span class='ocrx_word' id='word_1_492' title='bbox 3643 2037 3696 2092; x_wconf 84' lang='lat' dir='ltr'>vi</span> 
     </span>
    </p>
   </div>
   <div class='ocr_carea' id='block_1_68' title="bbox 2052 2116 3694 2191">
    <p class='ocr_par' dir='ltr' id='par_1_68' title="bbox 2052 2116 3694 2191">
     <span class='ocr_line' id='line_1_68' title="bbox 2052 2116 3694 2191; baseline 0.005 -18"><span class='ocrx_word' id='word_1_493' title='bbox 2052 2118 2337 2174; x_wconf 89' lang='lat' dir='ltr'>nimirum</span> <span class='ocrx_word' id='word_1_494' title='bbox 2359 2133 2464 2190; x_wconf 87' lang='lat' dir='ltr'>pro</span> <span class='ocrx_word' id='word_1_495' title='bbox 2471 2116 2619 2189; x_wconf 90' lang='lat' dir='ltr'>pria;</span> <span class='ocrx_word' id='word_1_496' title='bbox 2644 2133 2712 2172; x_wconf 90' lang='lat' dir='ltr'>ac</span> <span class='ocrx_word' id='word_1_497' title='bbox 2734 2134 3009 2188; x_wconf 57' lang='lat' dir='ltr'>quaerens</span> <span class='ocrx_word' id='word_1_498' title='bbox 3030 2136 3298 2191; x_wconf 87' lang='lat' dir='ltr'>cur,cum</span> <span class='ocrx_word' id='word_1_499' title='bbox 3317 2123 3502 2180; x_wconf 79' lang='lat' dir='ltr'>Judaei</span> <span class='ocrx_word' id='word_1_500' title='bbox 3517 2125 3694 2181; x_wconf 90' lang='lat' dir='ltr'>unius</span> 
     </span>
    </p>
   </div>
   <div class='ocr_carea' id='block_1_69' title="bbox 2051 2206 3701 2279">
    <p class='ocr_par' dir='ltr' id='par_1_69' title="bbox 2051 2206 3701 2279">
     <span class='ocr_line' id='line_1_69' title="bbox 2051 2206 3701 2279; baseline 0.005 -17"><span class='ocrx_word' id='word_1_501' title='bbox 2051 2206 2312 2278; x_wconf 80' lang='lat' dir='ltr'>regionis</span> <span class='ocrx_word' id='word_1_502' title='bbox 2347 2207 2569 2262; x_wconf 85' lang='lat' dir='ltr'>ﬁnibus</span> <span class='ocrx_word' id='word_1_503' title='bbox 2602 2206 2981 2263; x_wconf 88' lang='lat' dir='ltr'>determinati</span> <span class='ocrx_word' id='word_1_504' title='bbox 3011 2208 3253 2279; x_wconf 89' lang='lat' dir='ltr'>fuerint,</span> <span class='ocrx_word' id='word_1_505' title='bbox 3277 2212 3595 2269; x_wconf 90' lang='lat' dir='ltr'>Christiani</span> <span class='ocrx_word' id='word_1_506' title='bbox 3626 2214 3701 2270; x_wconf 91' lang='lat' dir='ltr'>ad</span> 
     </span>
    </p>
   </div>
   <div class='ocr_carea' id='block_1_70' title="bbox 2055 2296 3700 2369">
    <p class='ocr_par' dir='ltr' id='par_1_70' title="bbox 2055 2296 3700 2369">
     <span class='ocr_line' id='line_1_70' title="bbox 2055 2296 3700 2369; baseline -0.001 -18"><span class='ocrx_word' id='word_1_507' title='bbox 2055 2297 2206 2351; x_wconf 87' lang='lat' dir='ltr'>ﬁnes</span> <span class='ocrx_word' id='word_1_508' title='bbox 2236 2300 2408 2351; x_wconf 64' lang='lat' dir='ltr'>terra:</span> <span class='ocrx_word' id='word_1_509' title='bbox 2439 2296 2744 2369; x_wconf 80' lang='lat' dir='ltr'>prOpagati</span> <span class='ocrx_word' id='word_1_510' title='bbox 2774 2297 2930 2365; x_wconf 90' lang='lat' dir='ltr'>sint;</span> <span class='ocrx_word' id='word_1_511' title='bbox 2957 2298 3250 2355; x_wconf 88' lang='lat' dir='ltr'>rationem</span> <span class='ocrx_word' id='word_1_512' title='bbox 3281 2300 3511 2357; x_wconf 90' lang='lat' dir='ltr'>subdit:</span> <span class='ocrx_word' id='word_1_513' title='bbox 3545 2302 3700 2355; x_wconf 81' lang='lat' dir='ltr'>Quod</span> 
     </span>
    </p>
   </div>
   <div class='ocr_carea' id='block_1_71' title="bbox 2052 2373 3698 2449">
    <p class='ocr_par' dir='ltr' id='par_1_71' title="bbox 2052 2373 3698 2449">
     <span class='ocr_line' id='line_1_71' title="bbox 2052 2373 3698 2449; baseline 0.005 -17"><span class='ocrx_word' id='word_1_514' title='bbox 2052 2385 2205 2434; x_wconf 86' lang='lat' dir='ltr'>enim</span> <span class='ocrx_word' id='word_1_515' title='bbox 2217 2384 2606 2434; x_wconf 83' lang='lat' dir='ltr'>annuntiatur</span> <span class='ocrx_word' id='word_1_516' title='bbox 2624 2385 2913 2447; x_wconf 80' lang='lat' dir='ltr'>unigeniti</span> <span class='ocrx_word' id='word_1_517' title='bbox 2932 2385 3078 2436; x_wconf 82' lang='lat' dir='ltr'>Filii</span> <span class='ocrx_word' id='word_1_518' title='bbox 3103 2388 3209 2437; x_wconf 87' lang='lat' dir='ltr'>Dei</span> <span class='ocrx_word' id='word_1_519' title='bbox 3229 2397 3308 2437; x_wconf 88' lang='lat' dir='ltr'>est</span> <span class='ocrx_word' id='word_1_520' title='bbox 3334 2405 3552 2440; x_wconf 85' lang='lat' dir='ltr'>nomen.</span> <span class='ocrx_word' id='word_1_521' title='bbox 3573 2373 3698 2449; x_wconf 64' lang='grc' dir='ltr'><strong>,1δῶ</strong></span> 
     </span>
    </p>
   </div>
   <div class='ocr_carea' id='block_1_72' title="bbox 2056 2473 3700 2548">
    <p class='ocr_par' dir='ltr' id='par_1_72' title="bbox 2056 2473 3700 2548">
     <span class='ocr_line' id='line_1_72' title="bbox 2056 2473 3700 2548; baseline 0.005 -19"><span class='ocrx_word' id='word_1_522' title='bbox 2056 2474 2128 2529; x_wconf 92' lang='lat' dir='ltr'>de</span> <span class='ocrx_word' id='word_1_523' title='bbox 2158 2473 2416 2529; x_wconf 88' lang='lat' dir='ltr'>universi</span> <span class='ocrx_word' id='word_1_524' title='bbox 2448 2474 2831 2529; x_wconf 88' lang='lat' dir='ltr'>conversione</span> <span class='ocrx_word' id='word_1_525' title='bbox 2862 2476 3221 2548; x_wconf 89' lang='lat' dir='ltr'>stupendum</span> <span class='ocrx_word' id='word_1_526' title='bbox 3262 2496 3381 2535; x_wconf 92' lang='lat' dir='ltr'>non</span> <span class='ocrx_word' id='word_1_527' title='bbox 3414 2487 3522 2536; x_wconf 87' lang='lat' dir='ltr'>est.</span> <span class='ocrx_word' id='word_1_528' title='bbox 3578 2484 3700 2538; x_wconf 85' lang='lat' dir='ltr'>Mu-</span> 
     </span>
    </p>
   </div>
   <div class='ocr_carea' id='block_1_73' title="bbox 2055 2562 3700 2635">
    <p class='ocr_par' dir='ltr' id='par_1_73' title="bbox 2055 2562 3700 2635">
     <span class='ocr_line' id='line_1_73' title="bbox 2055 2562 3700 2635; baseline 0.005 -17"><span class='ocrx_word' id='word_1_529' title='bbox 2055 2562 2170 2618; x_wconf 88' lang='lat' dir='ltr'>niri</span> <span class='ocrx_word' id='word_1_530' title='bbox 2230 2568 2431 2635; x_wconf 89' lang='lat' dir='ltr'>posset</span> <span class='ocrx_word' id='word_1_531' title='bbox 2485 2563 2597 2618; x_wconf 89' lang='lat' dir='ltr'>hoc</span> <span class='ocrx_word' id='word_1_532' title='bbox 2668 2569 3085 2635; x_wconf 88' lang='lat' dir='ltr'>argumentum</span> <span class='ocrx_word' id='word_1_533' title='bbox 3142 2567 3345 2623; x_wconf 90' lang='lat' dir='ltr'>multis</span> <span class='ocrx_word' id='word_1_534' title='bbox 3404 2569 3700 2627; x_wconf 88' lang='lat' dir='ltr'>similibus</span> 
     </span>
    </p>
   </div>
   <div class='ocr_carea' id='block_1_74' title="bbox 2055 2652 3526 2715">
    <p class='ocr_par' dir='ltr' id='par_1_74' title="bbox 2055 2652 3526 2715">
     <span class='ocr_line' id='line_1_74' title="bbox 2055 2652 3526 2715; baseline 0.005 -7"><span class='ocrx_word' id='word_1_535' title='bbox 2055 2654 2389 2709; x_wconf 69' lang='lat' dir='ltr'>Graecorum</span> <span class='ocrx_word' id='word_1_536' title='bbox 2421 2656 2480 2707; x_wconf 90' lang='lat' dir='ltr'>et</span> <span class='ocrx_word' id='word_1_537' title='bbox 2508 2652 2847 2708; x_wconf 86' lang='lat' dir='ltr'>Latinorum</span> <span class='ocrx_word' id='word_1_538' title='bbox 2874 2655 3117 2711; x_wconf 88' lang='lat' dir='ltr'>Patrum</span> <span class='ocrx_word' id='word_1_539' title='bbox 3148 2657 3526 2715; x_wconf 89' lang='lat' dir='ltr'>testimoniis.</span> 
     </span>
    </p>
   </div>
   <div class='ocr_carea' id='block_1_75' title="bbox 2123 2742 3701 2816">
    <p class='ocr_par' dir='ltr' id='par_1_75' title="bbox 2123 2742 3701 2816">
     <span class='ocr_line' id='line_1_75' title="bbox 2123 2742 3701 2816; baseline 0.006 -19"><span class='ocrx_word' id='word_1_540' title='bbox 2123 2742 2212 2799; x_wconf 85' lang='lat'>53.</span> <span class='ocrx_word' id='word_1_541' title='bbox 2248 2742 2499 2815; x_wconf 87' lang='lat' dir='ltr'>Spiritus</span> <span class='ocrx_word' id='word_1_542' title='bbox 2531 2743 2719 2798; x_wconf 89' lang='lat' dir='ltr'>sancti</span> <span class='ocrx_word' id='word_1_543' title='bbox 2776 2743 2893 2798; x_wconf 90' lang='lat' dir='ltr'>vim</span> <span class='ocrx_word' id='word_1_544' title='bbox 2934 2749 2993 2799; x_wconf 89' lang='lat' dir='ltr'>et</span> <span class='ocrx_word' id='word_1_545' title='bbox 3049 2750 3405 2816; x_wconf 87' lang='lat' dir='ltr'>potestatem</span> <span class='ocrx_word' id='word_1_546' title='bbox 3434 2749 3496 2804; x_wconf 89' lang='lat' dir='ltr'>in</span> <span class='ocrx_word' id='word_1_547' title='bbox 3527 2749 3701 2807; x_wconf 89' lang='lat' dir='ltr'>donis</span> 
     </span>
    </p>
   </div>
   <div class='ocr_carea' id='block_1_76' title="bbox 2057 2833 3704 2908">
    <p class='ocr_par' dir='ltr' id='par_1_76' title="bbox 2057 2833 3704 2908">
     <span class='ocr_line' id='line_1_76' title="bbox 2057 2833 3704 2908; baseline 0.004 -19"><span class='ocrx_word' id='word_1_548' title='bbox 2057 2834 2198 2901; x_wconf 89' lang='lat' dir='ltr'>suis,</span> <span class='ocrx_word' id='word_1_549' title='bbox 2232 2851 2362 2905; x_wconf 60' lang='lat' dir='ltr'>quas</span> <span class='ocrx_word' id='word_1_550' title='bbox 2393 2834 2547 2889; x_wconf 91' lang='lat' dir='ltr'>sicut</span> <span class='ocrx_word' id='word_1_551' title='bbox 2575 2834 2699 2889; x_wconf 89' lang='lat' dir='ltr'>vult</span> <span class='ocrx_word' id='word_1_552' title='bbox 2725 2833 3049 2907; x_wconf 89' lang='lat' dir='ltr'>unicuique</span> <span class='ocrx_word' id='word_1_553' title='bbox 3081 2837 3465 2908; x_wconf 86' lang='lat' dir='ltr'>peculiariter</span> <span class='ocrx_word' id='word_1_554' title='bbox 3502 2841 3704 2896; x_wconf 90' lang='lat' dir='ltr'>distri-</span> 
     </span>
    </p>
   </div>
   <div class='ocr_carea' id='block_1_77' title="bbox 2055 2922 3707 3003">
    <p class='ocr_par' dir='ltr' id='par_1_77' title="bbox 2055 2922 3707 3003">
     <span class='ocr_line' id='line_1_77' title="bbox 2055 2922 3707 3003; baseline 0.005 -25"><span class='ocrx_word' id='word_1_555' title='bbox 2055 2922 2270 2993; x_wconf 86' lang='lat' dir='ltr'>buit,et</span> <span class='ocrx_word' id='word_1_556' title='bbox 2285 2924 2346 2978; x_wconf 91' lang='lat' dir='ltr'>in</span> <span class='ocrx_word' id='word_1_557' title='bbox 2362 2924 2807 2996; x_wconf 86' lang='lat' dir='ltr'>operationibus</span> <span class='ocrx_word' id='word_1_558' title='bbox 2831 2924 2953 2980; x_wconf 90' lang='lat' dir='ltr'>suis</span> <span class='ocrx_word' id='word_1_559' title='bbox 2969 2927 3443 2998; x_wconf 89' lang='lat' dir='ltr'>omnipotentem</span> <span class='ocrx_word' id='word_1_560' title='bbox 3458 2935 3595 2984; x_wconf 85' lang='lat' dir='ltr'>etex</span> <span class='ocrx_word' id='word_1_561' title='bbox 3607 2947 3707 3003; x_wconf 89' lang='lat' dir='ltr'>po-</span> 
     </span>
    </p>
   </div>
   <div class='ocr_carea' id='block_1_78' title="bbox 2056 3015 3706 3091">
    <p class='ocr_par' dir='ltr' id='par_1_78' title="bbox 2056 3015 3706 3091">
     <span class='ocr_line' id='line_1_78' title="bbox 2056 3015 3706 3091; baseline 0.004 -23"><span class='ocrx_word' id='word_1_562' title='bbox 2056 3018 2266 3070; x_wconf 87' lang='lat' dir='ltr'>testate</span> <span class='ocrx_word' id='word_1_563' title='bbox 2283 3030 2515 3069; x_wconf 83' lang='lat' dir='ltr'>summa</span> <span class='ocrx_word' id='word_1_564' title='bbox 2537 3018 2834 3087; x_wconf 87' lang='lat' dir='ltr'>agentem,</span> <span class='ocrx_word' id='word_1_565' title='bbox 2863 3015 3138 3086; x_wconf 90' lang='lat' dir='ltr'>bonaque</span> <span class='ocrx_word' id='word_1_566' title='bbox 3159 3016 3220 3070; x_wconf 95' lang='lat' dir='ltr'>in</span> <span class='ocrx_word' id='word_1_567' title='bbox 3243 3016 3586 3074; x_wconf 90' lang='lat' dir='ltr'>hominibus</span> <span class='ocrx_word' id='word_1_568' title='bbox 3597 3036 3706 3091; x_wconf 88' lang='lat' dir='ltr'>per</span> 
     </span>
    </p>
   </div>
   <div class='ocr_carea' id='block_1_79' title="bbox 2057 3104 3700 3181">
    <p class='ocr_par' dir='ltr' id='par_1_79' title="bbox 2057 3104 3700 3181">
     <span class='ocr_line' id='line_1_79' title="bbox 2057 3104 3700 3181; baseline 0.004 -22"><span class='ocrx_word' id='word_1_569' title='bbox 2057 3121 2119 3160; x_wconf 90' lang='lat' dir='ltr'>se</span> <span class='ocrx_word' id='word_1_570' title='bbox 2137 3105 2518 3170; x_wconf 88' lang='lat' dir='ltr'>efﬁcientem,</span> <span class='ocrx_word' id='word_1_571' title='bbox 2537 3104 2761 3177; x_wconf 89' lang='lat' dir='ltr'>passim</span> <span class='ocrx_word' id='word_1_572' title='bbox 2780 3104 3019 3160; x_wconf 88' lang='lat' dir='ltr'>exhibet</span> <span class='ocrx_word' id='word_1_573' title='bbox 3044 3110 3102 3161; x_wconf 92' lang='lat' dir='ltr'>et</span> <span class='ocrx_word' id='word_1_574' title='bbox 3122 3105 3407 3163; x_wconf 87' lang='lat' dir='ltr'>describit</span> <span class='ocrx_word' id='word_1_575' title='bbox 3425 3109 3700 3181; x_wconf 87' lang='lat' dir='ltr'>Cyrillus.</span> 
     </span>
    </p>
   </div>
   <div class='ocr_carea' id='block_1_80' title="bbox 2056 3193 3704 3263">
    <p class='ocr_par' dir='ltr' id='par_1_80' title="bbox 2056 3193 3704 3263">
     <span class='ocr_line' id='line_1_80' title="bbox 2056 3193 3704 3263; baseline 0.003 -20"><span class='ocrx_word' id='word_1_576' title='bbox 2056 3195 2177 3250; x_wconf 78' lang='lat' dir='ltr'>Cat.</span> <span class='ocrx_word' id='word_1_577' title='bbox 2213 3197 2309 3263; x_wconf 67' lang='lat'>16,-</span> <span class='ocrx_word' id='word_1_578' title='bbox 2349 3212 2409 3250; x_wconf 81' lang='grc' dir='ltr'><strong>ῃ,</strong></span> <span class='ocrx_word' id='word_1_579' title='bbox 2436 3197 2526 3263; x_wconf 77' lang='grc'>22,</span> <span class='ocrx_word' id='word_1_580' title='bbox 2561 3195 2837 3257; x_wconf 82' lang='lat' dir='ltr'>Magnum</span> <span class='ocrx_word' id='word_1_581' title='bbox 2866 3193 3137 3257; x_wconf 77' lang='lat' dir='ltr'>quiddam</span> <span class='ocrx_word' id='word_1_582' title='bbox 3166 3203 3218 3244; x_wconf 88' lang='lat' dir='ltr'>et</span> <span class='ocrx_word' id='word_1_583' title='bbox 3265 3197 3610 3258; x_wconf 81' lang='lat' dir='ltr'>omnipotens</span> <span class='ocrx_word' id='word_1_584' title='bbox 3640 3198 3704 3249; x_wconf 86' lang='lat' dir='ltr'>in</span> 
     </span>
    </p>
   </div>
   <div class='ocr_carea' id='block_1_81' title="bbox 2055 3283 3707 3346">
    <p class='ocr_par' dir='ltr' id='par_1_81' title="bbox 2055 3283 3707 3346">
     <span class='ocr_line' id='line_1_81' title="bbox 2055 3283 3707 3346; baseline 0.001 -15"><span class='ocrx_word' id='word_1_585' title='bbox 2055 3283 2217 3333; x_wconf 87' lang='lat' dir='ltr'>donis</span> <span class='ocrx_word' id='word_1_586' title='bbox 2247 3286 2299 3332; x_wconf 85' lang='lat' dir='ltr'>et</span> <span class='ocrx_word' id='word_1_587' title='bbox 2326 3283 2664 3333; x_wconf 86' lang='lat' dir='ltr'>admirabile</span> <span class='ocrx_word' id='word_1_588' title='bbox 2711 3283 2964 3346; x_wconf 82' lang='lat' dir='ltr'>Spiritus</span> <span class='ocrx_word' id='word_1_589' title='bbox 3020 3293 3269 3335; x_wconf 84' lang='lat' dir='ltr'>sanctus.</span> <span class='ocrx_word' id='word_1_590' title='bbox 3301 3287 3447 3343; x_wconf 84' lang='lat' dir='ltr'>Cum</span> <span class='ocrx_word' id='word_1_591' title='bbox 3491 3288 3707 3345; x_wconf 76' lang='lat' dir='ltr'>deinde</span> 
     </span>
    </p>
   </div>
   <div class='ocr_carea' id='block_1_82' title="bbox 2058 3373 3708 3447">
    <p class='ocr_par' dir='ltr' id='par_1_82' title="bbox 2058 3373 3708 3447">
     <span class='ocr_line' id='line_1_82' title="bbox 2058 3373 3708 3447; baseline 0.003 -17"><span class='ocrx_word' id='word_1_592' title='bbox 2058 3375 2187 3447; x_wconf 90' lang='lat' dir='ltr'>ejus</span> <span class='ocrx_word' id='word_1_593' title='bbox 2206 3375 2267 3429; x_wconf 90' lang='lat' dir='ltr'>in</span> <span class='ocrx_word' id='word_1_594' title='bbox 2297 3373 2640 3430; x_wconf 91' lang='lat' dir='ltr'>hominibus</span> <span class='ocrx_word' id='word_1_595' title='bbox 2664 3375 2873 3430; x_wconf 87' lang='lat' dir='ltr'>effecta</span> <span class='ocrx_word' id='word_1_596' title='bbox 2885 3380 3288 3445; x_wconf 90' lang='lat' dir='ltr'>enumeret,ut</span> <span class='ocrx_word' id='word_1_597' title='bbox 3308 3382 3363 3432; x_wconf 89' lang='lat' dir='ltr'>et</span> <span class='ocrx_word' id='word_1_598' title='bbox 3386 3378 3593 3434; x_wconf 90' lang='lat' dir='ltr'>eadem</span> <span class='ocrx_word' id='word_1_599' title='bbox 3611 3396 3708 3435; x_wconf 90' lang='lat' dir='ltr'>ca-</span> 
     </span>
    </p>
   </div>
   <div class='ocr_carea' id='block_1_83' title="bbox 2060 3462 3707 3538">
    <p class='ocr_par' dir='ltr' id='par_1_83' title="bbox 2060 3462 3707 3538">
     <span class='ocr_line' id='line_1_83' title="bbox 2060 3462 3707 3538; baseline 0.004 -19"><span class='ocrx_word' id='word_1_600' title='bbox 2060 3464 2305 3532; x_wconf 89' lang='lat' dir='ltr'>techesi,</span> <span class='ocrx_word' id='word_1_601' title='bbox 2339 3481 2398 3518; x_wconf 91' lang='lat' dir='ltr'>n.</span> <span class='ocrx_word' id='word_1_602' title='bbox 2432 3466 2518 3530; x_wconf 86' lang='lat'>12,</span> <span class='ocrx_word' id='word_1_603' title='bbox 2570 3462 2777 3519; x_wconf 90' lang='lat' dir='ltr'>eodem</span> <span class='ocrx_word' id='word_1_604' title='bbox 2810 3463 2939 3519; x_wconf 91' lang='lat' dir='ltr'>loco</span> <span class='ocrx_word' id='word_1_605' title='bbox 2964 3465 3288 3538; x_wconf 89' lang='lat' dir='ltr'>eademque</span> <span class='ocrx_word' id='word_1_606' title='bbox 3338 3468 3491 3524; x_wconf 89' lang='lat' dir='ltr'>serie</span> <span class='ocrx_word' id='word_1_607' title='bbox 3519 3486 3588 3525; x_wconf 89' lang='lat' dir='ltr'>ac</span> <span class='ocrx_word' id='word_1_608' title='bbox 3617 3474 3707 3525; x_wconf 88' lang='lat' dir='ltr'>te-</span> 
     </span>
    </p>
   </div>
   <div class='ocr_carea' id='block_1_84' title="bbox 2058 3554 3707 3632">
    <p class='ocr_par' dir='ltr' id='par_1_84' title="bbox 2058 3554 3707 3632">
     <span class='ocr_line' id='line_1_84' title="bbox 2058 3554 3707 3632; baseline 0.003 -22"><span class='ocrx_word' id='word_1_609' title='bbox 2058 3570 2203 3610; x_wconf 90' lang='lat' dir='ltr'>nore</span> <span class='ocrx_word' id='word_1_610' title='bbox 2235 3558 2509 3609; x_wconf 81' lang='lat' dir='ltr'>recenset.</span> <span class='ocrx_word' id='word_1_611' title='bbox 2525 3559 2581 3608; x_wconf 91' lang='lat' dir='ltr'>et</span> <span class='ocrx_word' id='word_1_612' title='bbox 2598 3568 2777 3625; x_wconf 88' lang='lat' dir='ltr'>opera</span> <span class='ocrx_word' id='word_1_613' title='bbox 2794 3554 3075 3611; x_wconf 87' lang='lat' dir='ltr'>virtutum</span> <span class='ocrx_word' id='word_1_614' title='bbox 3095 3572 3225 3627; x_wconf 75' lang='lat' dir='ltr'>quea</span> <span class='ocrx_word' id='word_1_615' title='bbox 3243 3556 3417 3612; x_wconf 89' lang='lat' dir='ltr'>nobis</span> <span class='ocrx_word' id='word_1_616' title='bbox 3436 3558 3707 3632; x_wconf 88' lang='lat' dir='ltr'>inspirat,</span> 
     </span>
    </p>
   </div>
   <div class='ocr_carea' id='block_1_85' title="bbox 2061 3642 3709 3718">
    <p class='ocr_par' dir='ltr' id='par_1_85' title="bbox 2061 3642 3709 3718">
     <span class='ocr_line' id='line_1_85' title="bbox 2061 3642 3709 3718; baseline 0.002 -18"><span class='ocrx_word' id='word_1_617' title='bbox 2061 3650 2119 3700; x_wconf 90' lang='lat' dir='ltr'>et</span> <span class='ocrx_word' id='word_1_618' title='bbox 2148 3643 2305 3699; x_wconf 88' lang='lat' dir='ltr'>dona</span> <span class='ocrx_word' id='word_1_619' title='bbox 2327 3642 2749 3699; x_wconf 89' lang='lat' dir='ltr'>miraculorum</span> <span class='ocrx_word' id='word_1_620' title='bbox 2773 3660 2903 3715; x_wconf 69' lang='lat' dir='ltr'>quae</span> <span class='ocrx_word' id='word_1_621' title='bbox 2925 3644 2987 3699; x_wconf 91' lang='lat' dir='ltr'>in</span> <span class='ocrx_word' id='word_1_622' title='bbox 3005 3644 3178 3700; x_wconf 90' lang='lat' dir='ltr'>nobis</span> <span class='ocrx_word' id='word_1_623' title='bbox 3201 3652 3515 3718; x_wconf 86' lang='lat' dir='ltr'>operatur;</span> <span class='ocrx_word' id='word_1_624' title='bbox 3547 3656 3614 3704; x_wconf 89' lang='lat' dir='ltr'>ut</span> <span class='ocrx_word' id='word_1_625' title='bbox 3633 3647 3709 3705; x_wconf 87' lang='lat' dir='ltr'>ad</span> 
     </span>
    </p>
   </div>
   <div class='ocr_carea' id='block_1_86' title="bbox 2059 3732 3708 3807">
    <p class='ocr_par' dir='ltr' id='par_1_86' title="bbox 2059 3732 3708 3807">
     <span class='ocr_line' id='line_1_86' title="bbox 2059 3732 3708 3807; baseline 0.002 -18"><span class='ocrx_word' id='word_1_626' title='bbox 2059 3733 2217 3789; x_wconf 91' lang='lat' dir='ltr'>idem</span> <span class='ocrx_word' id='word_1_627' title='bbox 2250 3732 2528 3804; x_wconf 70' lang='lat' dir='ltr'>potentiae</span> <span class='ocrx_word' id='word_1_628' title='bbox 2560 3738 2618 3787; x_wconf 91' lang='lat' dir='ltr'>et</span> <span class='ocrx_word' id='word_1_629' title='bbox 2646 3733 2904 3788; x_wconf 88' lang='lat' dir='ltr'>efﬁcacis</span> <span class='ocrx_word' id='word_1_630' title='bbox 2934 3734 3298 3806; x_wconf 89' lang='lat' dir='ltr'>operationis</span> <span class='ocrx_word' id='word_1_631' title='bbox 3328 3752 3512 3807; x_wconf 91' lang='lat' dir='ltr'>genus</span> <span class='ocrx_word' id='word_1_632' title='bbox 3543 3743 3708 3793; x_wconf 88' lang='lat' dir='ltr'>utra-</span> 
     </span>
    </p>
   </div>
   <div class='ocr_carea' id='block_1_87' title="bbox 2061 3822 3705 3896">
    <p class='ocr_par' dir='ltr' id='par_1_87' title="bbox 2061 3822 3705 3896">
     <span class='ocr_line' id='line_1_87' title="bbox 2061 3822 3705 3896; baseline 0.002 -18"><span class='ocrx_word' id='word_1_633' title='bbox 2061 3840 2175 3894; x_wconf 90' lang='lat' dir='ltr'>que</span> <span class='ocrx_word' id='word_1_634' title='bbox 2198 3838 2540 3877; x_wconf 89' lang='lat' dir='ltr'>revocemus</span> <span class='ocrx_word' id='word_1_635' title='bbox 2566 3842 2581 3889; x_wconf 88' lang='lat'><strong>;</strong></span> <span class='ocrx_word' id='word_1_636' title='bbox 2613 3822 2880 3894; x_wconf 90' lang='lat' dir='ltr'>quamvis</span> <span class='ocrx_word' id='word_1_637' title='bbox 2901 3822 3004 3876; x_wconf 93' lang='lat' dir='ltr'>illo</span> <span class='ocrx_word' id='word_1_638' title='bbox 3025 3838 3058 3878; x_wconf 91' lang='lat' dir='ltr'>a</span> <span class='ocrx_word' id='word_1_639' title='bbox 3089 3822 3261 3878; x_wconf 92' lang='lat' dir='ltr'>nobis</span> <span class='ocrx_word' id='word_1_640' title='bbox 3282 3829 3526 3896; x_wconf 90' lang='lat' dir='ltr'>propter</span> <span class='ocrx_word' id='word_1_641' title='bbox 3553 3824 3705 3883; x_wconf 90' lang='lat' dir='ltr'>libe-</span> 
     </span>
    </p>
   </div>
   <div class='ocr_carea' id='block_1_88' title="bbox 2058 3909 3706 3988">
    <p class='ocr_par' dir='ltr' id='par_1_88' title="bbox 2058 3909 3706 3988">
     <span class='ocr_line' id='line_1_88' title="bbox 2058 3909 3706 3988; baseline 0.002 -20"><span class='ocrx_word' id='word_1_642' title='bbox 2058 3930 2192 3968; x_wconf 87' lang='lat' dir='ltr'>rum</span> <span class='ocrx_word' id='word_1_643' title='bbox 2221 3927 2581 3968; x_wconf 89' lang='lat' dir='ltr'>consensum</span> <span class='ocrx_word' id='word_1_644' title='bbox 2629 3909 3022 3982; x_wconf 88' lang='lat' dir='ltr'>dependeant,</span> <span class='ocrx_word' id='word_1_645' title='bbox 3055 3911 3181 3967; x_wconf 77' lang='lat' dir='ltr'>haec</span> <span class='ocrx_word' id='word_1_646' title='bbox 3210 3929 3373 3983; x_wconf 67' lang='lat' dir='ltr'>purse</span> <span class='ocrx_word' id='word_1_647' title='bbox 3405 3915 3526 3969; x_wconf 89' lang='lat' dir='ltr'>sint</span> <span class='ocrx_word' id='word_1_648' title='bbox 3578 3916 3706 3988; x_wconf 89' lang='lat' dir='ltr'>ejus</span> 
     </span>
    </p>
   </div>
   <div class='ocr_carea' id='block_1_89' title="bbox 2060 3999 3706 4075">
    <p class='ocr_par' dir='ltr' id='par_1_89' title="bbox 2060 3999 3706 4075">
     <span class='ocr_line' id='line_1_89' title="bbox 2060 3999 3706 4075; baseline 0.002 -18"><span class='ocrx_word' id='word_1_649' title='bbox 2060 4001 2455 4074; x_wconf 84' lang='lat' dir='ltr'>Operationes,</span> <span class='ocrx_word' id='word_1_650' title='bbox 2475 3999 2808 4056; x_wconf 87' lang='lat' dir='ltr'>secundum</span> <span class='ocrx_word' id='word_1_651' title='bbox 2827 3999 2956 4072; x_wconf 87' lang='lat' dir='ltr'>ejus</span> <span class='ocrx_word' id='word_1_652' title='bbox 2974 3999 3330 4072; x_wconf 89' lang='lat' dir='ltr'>doctrinam,</span> <span class='ocrx_word' id='word_1_653' title='bbox 3365 4007 3477 4058; x_wconf 89' lang='lat' dir='ltr'>cat.</span> <span class='ocrx_word' id='word_1_654' title='bbox 3511 4006 3562 4075; x_wconf 83' lang='lat'>5,</span> <span class='ocrx_word' id='word_1_655' title='bbox 3587 4020 3650 4060; x_wconf 92' lang='lat' dir='ltr'>n.</span> <span class='ocrx_word' id='word_1_656' title='bbox 3674 4009 3706 4059; x_wconf 83' lang='lat'><strong>9</strong></span> 
     </span>
    </p>
   </div>
   <div class='ocr_carea' id='block_1_90' title="bbox 2062 4086 3709 4164">
    <p class='ocr_par' dir='ltr' id='par_1_90' title="bbox 2062 4086 3709 4164">
     <span class='ocr_line' id='line_1_90' title="bbox 2062 4086 3709 4164; baseline 0.002 -19"><span class='ocrx_word' id='word_1_657' title='bbox 2062 4096 2119 4146; x_wconf 90' lang='lat' dir='ltr'>et</span> <span class='ocrx_word' id='word_1_658' title='bbox 2162 4094 2243 4145; x_wconf 83' lang='grc'>11.</span> <span class='ocrx_word' id='word_1_659' title='bbox 2277 4092 2418 4145; x_wconf 89' lang='lat' dir='ltr'>Post</span> <span class='ocrx_word' id='word_1_660' title='bbox 2447 4088 2775 4161; x_wconf 87' lang='lat' dir='ltr'>descriptas</span> <span class='ocrx_word' id='word_1_661' title='bbox 2806 4088 2868 4143; x_wconf 90' lang='lat' dir='ltr'>in</span> <span class='ocrx_word' id='word_1_662' title='bbox 2889 4086 3119 4144; x_wconf 89' lang='lat' dir='ltr'>duabus</span> <span class='ocrx_word' id='word_1_663' title='bbox 3135 4090 3543 4147; x_wconf 89' lang='lat' dir='ltr'>catechesibus</span> <span class='ocrx_word' id='word_1_664' title='bbox 3574 4108 3709 4164; x_wconf 84' lang='lat' dir='ltr'>pas-</span> 
     </span>
    </p>
   </div>
   <div class='ocr_carea' id='block_1_91' title="bbox 2062 4173 3698 4252">
    <p class='ocr_par' dir='ltr' id='par_1_91' title="bbox 2062 4173 3698 4252">
     <span class='ocr_line' id='line_1_91' title="bbox 2062 4173 3698 4252; baseline 0.001 -16"><span class='ocrx_word' id='word_1_665' title='bbox 2062 4173 2175 4236; x_wconf 72' lang='lat' dir='ltr'>sim</span> <span class='ocrx_word' id='word_1_666' title='bbox 2207 4185 2265 4235; x_wconf 90' lang='lat' dir='ltr'>et</span> <span class='ocrx_word' id='word_1_667' title='bbox 2292 4179 2629 4252; x_wconf 88' lang='lat' dir='ltr'>promiscue</span> <span class='ocrx_word' id='word_1_668' title='bbox 2660 4178 2923 4234; x_wconf 89' lang='lat' dir='ltr'>diversas</span> <span class='ocrx_word' id='word_1_669' title='bbox 2947 4178 3137 4234; x_wconf 90' lang='lat' dir='ltr'>sancti</span> <span class='ocrx_word' id='word_1_670' title='bbox 3165 4178 3418 4250; x_wconf 88' lang='lat' dir='ltr'>Spiritus</span> <span class='ocrx_word' id='word_1_671' title='bbox 3444 4179 3506 4235; x_wconf 90' lang='lat' dir='ltr'>in</span> <span class='ocrx_word' id='word_1_672' title='bbox 3528 4186 3698 4237; x_wconf 88' lang='lat' dir='ltr'>utro-</span> 
     </span>
    </p>
   </div>
   <div class='ocr_carea' id='block_1_92' title="bbox 2062 4268 3710 4343">
    <p class='ocr_par' dir='ltr' id='par_1_92' title="bbox 2062 4268 3710 4343">
     <span class='ocr_line' id='line_1_92' title="bbox 2062 4268 3710 4343; baseline 0.001 -17"><span class='ocrx_word' id='word_1_673' title='bbox 2062 4287 2176 4343; x_wconf 92' lang='lat' dir='ltr'>que</span> <span class='ocrx_word' id='word_1_674' title='bbox 2207 4272 2581 4326; x_wconf 88' lang='lat' dir='ltr'>Testamento</span> <span class='ocrx_word' id='word_1_675' title='bbox 2614 4269 2978 4340; x_wconf 86' lang='lat' dir='ltr'>eﬁ‘ectiones,</span> <span class='ocrx_word' id='word_1_676' title='bbox 3009 4269 3127 4324; x_wconf 86' lang='lat' dir='ltr'>sive</span> <span class='ocrx_word' id='word_1_677' title='bbox 3158 4268 3276 4324; x_wconf 65' lang='lat' dir='ltr'>illa:</span> <span class='ocrx_word' id='word_1_678' title='bbox 3309 4270 3383 4326; x_wconf 89' lang='lat' dir='ltr'>ad</span> <span class='ocrx_word' id='word_1_679' title='bbox 3414 4270 3710 4327; x_wconf 84' lang='lat' dir='ltr'>humano-</span> 
     </span>
    </p>
   </div>
   <div class='ocr_carea' id='block_1_93' title="bbox 2061 4358 3709 4429">
    <p class='ocr_par' dir='ltr' id='par_1_93' title="bbox 2061 4358 3709 4429">
     <span class='ocr_line' id='line_1_93' title="bbox 2061 4358 3709 4429; baseline 0.001 -14"><span class='ocrx_word' id='word_1_680' title='bbox 2061 4376 2194 4416; x_wconf 90' lang='lat' dir='ltr'>rum</span> <span class='ocrx_word' id='word_1_681' title='bbox 2220 4376 2454 4415; x_wconf 91' lang='lat' dir='ltr'>morum</span> <span class='ocrx_word' id='word_1_682' title='bbox 2484 4359 2933 4416; x_wconf 87' lang='lat' dir='ltr'>conversionem</span> <span class='ocrx_word' id='word_1_683' title='bbox 2964 4363 3023 4414; x_wconf 89' lang='lat' dir='ltr'>et</span> <span class='ocrx_word' id='word_1_684' title='bbox 3050 4358 3556 4429; x_wconf 88' lang='lat' dir='ltr'>informationem,</span> <span class='ocrx_word' id='word_1_685' title='bbox 3589 4362 3709 4417; x_wconf 90' lang='lat' dir='ltr'>sive</span> 
     </span>
    </p>
   </div>
   <div class='ocr_carea' id='block_1_94' title="bbox 2063 4449 3706 4522">
    <p class='ocr_par' dir='ltr' id='par_1_94' title="bbox 2063 4449 3706 4522">
     <span class='ocr_line' id='line_1_94' title="bbox 2063 4449 3706 4522; baseline -0.001 -15"><span class='ocrx_word' id='word_1_686' title='bbox 2063 4451 2137 4507; x_wconf 91' lang='lat' dir='ltr'>ad</span> <span class='ocrx_word' id='word_1_687' title='bbox 2151 4449 2438 4506; x_wconf 87' lang='lat' dir='ltr'>miracula</span> <span class='ocrx_word' id='word_1_688' title='bbox 2450 4454 2614 4506; x_wconf 89' lang='lat' dir='ltr'>etres</span> <span class='ocrx_word' id='word_1_689' title='bbox 2635 4464 2814 4522; x_wconf 90' lang='lat' dir='ltr'>supra</span> <span class='ocrx_word' id='word_1_690' title='bbox 2829 4453 3104 4505; x_wconf 88' lang='lat' dir='ltr'>naturam</span> <span class='ocrx_word' id='word_1_691' title='bbox 3125 4454 3319 4522; x_wconf 85' lang='lat' dir='ltr'>gestas</span> <span class='ocrx_word' id='word_1_692' title='bbox 3344 4451 3706 4522; x_wconf 88' lang='lat' dir='ltr'>pertineant,</span> 
     </span>
    </p>
   </div>
   <div class='ocr_carea' id='block_1_95' title="bbox 2062 4537 3710 4606">
    <p class='ocr_par' dir='ltr' id='par_1_95' title="bbox 2062 4537 3710 4606">
     <span class='ocr_line' id='line_1_95' title="bbox 2062 4537 3710 4606; baseline -0.005 -10"><span class='ocrx_word' id='word_1_693' title='bbox 2062 4556 2402 4596; x_wconf 90' lang='lat' dir='ltr'>sermonem</span> <span class='ocrx_word' id='word_1_694' title='bbox 2436 4540 2521 4595; x_wconf 91' lang='lat' dir='ltr'>sic</span> <span class='ocrx_word' id='word_1_695' title='bbox 2551 4537 2856 4595; x_wconf 92' lang='lat' dir='ltr'>concludit</span> <span class='ocrx_word' id='word_1_696' title='bbox 2897 4542 3009 4593; x_wconf 89' lang='lat' dir='ltr'>cat.</span> <span class='ocrx_word' id='word_1_697' title='bbox 3044 4540 3134 4606; x_wconf 84' lang='lat'>17,</span> <span class='ocrx_word' id='word_1_698' title='bbox 3165 4555 3225 4594; x_wconf 94' lang='lat' dir='ltr'>n.</span> <span class='ocrx_word' id='word_1_699' title='bbox 3257 4541 3328 4593; x_wconf 83' lang='grc'>44</span> <span class='ocrx_word' id='word_1_700' title='bbox 3352 4556 3365 4595; x_wconf 89' lang='lat'><strong>:</strong></span> <span class='ocrx_word' id='word_1_701' title='bbox 3389 4539 3479 4587; x_wconf 75' lang='lat' dir='ltr'>Ea:</span> <span class='ocrx_word' id='word_1_702' title='bbox 3503 4541 3710 4604; x_wconf 77' lang='lat' dir='ltr'>quibus</span> 
     </span>
    </p>
   </div>
   <div class='ocr_carea' id='block_1_96' title="bbox 298 4600 3712 4698">
    <p class='ocr_par' dir='ltr' id='par_1_96' title="bbox 298 4600 3712 4698">
     <span class='ocr_line' id='line_1_96' title="bbox 298 4600 3712 4698; baseline -0.014 -8"><span class='ocrx_word' id='word_1_703' title='bbox 298 4639 393 4690; x_wconf 86' lang='lat' dir='ltr'>cat</span> <span class='ocrx_word' id='word_1_704' title='bbox 420 4600 538 4687; x_wconf 65' lang='lat' dir='ltr'>eat.</span> <span class='ocrx_word' id='word_1_705' title='bbox 576 4631 667 4697; x_wconf 86' lang='lat'>10,</span> <span class='ocrx_word' id='word_1_706' title='bbox 698 4643 757 4682; x_wconf 92' lang='lat' dir='ltr'>n.</span> <span class='ocrx_word' id='word_1_707' title='bbox 794 4630 883 4695; x_wconf 72' lang='lat'>19,</span> <span class='ocrx_word' id='word_1_708' title='bbox 918 4625 1264 4698; x_wconf 76' lang='lat' dir='ltr'>[CLXXXIV]</span> <span class='ocrx_word' id='word_1_709' title='bbox 1299 4623 1445 4688; x_wconf 82' lang='lat' dir='ltr'>quod</span> <span class='ocrx_word' id='word_1_710' title='bbox 1487 4623 1676 4673; x_wconf 61' lang='lat' dir='ltr'>Persa?</span> <span class='ocrx_word' id='word_1_711' title='bbox 1703 4628 1755 4668; x_wconf 84' lang='lat' dir='ltr'>et</span> <span class='ocrx_word' id='word_1_712' title='bbox 1796 4617 1955 4668; x_wconf 87' lang='lat' dir='ltr'>Gothi</span> <span class='ocrx_word' id='word_1_713' title='bbox 1985 4600 2032 4667; x_wconf 84' lang='grc' dir='ltr'>Ι)</span> <span class='ocrx_word' id='word_1_714' title='bbox 2060 4628 2338 4687; x_wconf 63' lang='grc' dir='ltr'>ογηηίδαε,</span> <span class='ocrx_word' id='word_1_715' title='bbox 2369 4636 2419 4677; x_wconf 64' lang='grc' dir='ltr'><strong><em>σε</em></strong></span> <span class='ocrx_word' id='word_1_716' title='bbox 2449 4629 2524 4679; x_wconf 79' lang='lat'>,-,-,</span> <span class='ocrx_word' id='word_1_717' title='bbox 2543 4627 3067 4692; x_wconf 51' lang='lat' dir='ltr'>qumemim</span> <span class='ocrx_word' id='word_1_718' title='bbox 3088 4600 3226 4677; x_wconf 40' lang='grc' dir='ltr'>φη,</span> <span class='ocrx_word' id='word_1_719' title='bbox 3245 4600 3712 4692; x_wconf 44' lang='grc' dir='ltr'>,οηθεριᾶνίόυῆ</span> 
     </span>
    </p>
   </div>
   <div class='ocr_carea' id='block_1_97' title="bbox 296 4711 1956 4780">
    <p class='ocr_par' dir='ltr' id='par_1_97' title="bbox 296 4711 1956 4780">
     <span class='ocr_line' id='line_1_97' title="bbox 296 4711 1956 4780; baseline -0.011 -7"><span class='ocrx_word' id='word_1_720' title='bbox 296 4733 350 4773; x_wconf 86' lang='lat' dir='ltr'>et</span> <span class='ocrx_word' id='word_1_721' title='bbox 378 4734 569 4771; x_wconf 82' lang='lat' dir='ltr'>omnes</span> <span class='ocrx_word' id='word_1_722' title='bbox 603 4732 635 4767; x_wconf 90' lang='lat' dir='ltr'>a</span> <span class='ocrx_word' id='word_1_723' title='bbox 652 4716 964 4780; x_wconf 80' lang='lat' dir='ltr'>gentilibus</span> <span class='ocrx_word' id='word_1_724' title='bbox 992 4715 1242 4766; x_wconf 83' lang='lat' dir='ltr'>conversi</span> <span class='ocrx_word' id='word_1_725' title='bbox 1260 4729 1369 4775; x_wconf 87' lang='lat' dir='ltr'>pro</span> <span class='ocrx_word' id='word_1_726' title='bbox 1399 4711 1636 4768; x_wconf 81' lang='lat' dir='ltr'>Christa,</span> <span class='ocrx_word' id='word_1_727' title='bbox 1653 4723 1816 4775; x_wconf 89' lang='lat' dir='ltr'>quem</span> <span class='ocrx_word' id='word_1_728' title='bbox 1838 4721 1956 4757; x_wconf 87' lang='lat' dir='ltr'>car-</span> 
     </span>
    </p>
   </div>
   <div class='ocr_carea' id='block_1_98' title="bbox 300 4807 1956 4871">
    <p class='ocr_par' dir='ltr' id='par_1_98' title="bbox 300 4807 1956 4871">
     <span class='ocr_line' id='line_1_98' title="bbox 300 4807 1956 4871; baseline -0.011 -7"><span class='ocrx_word' id='word_1_729' title='bbox 300 4815 392 4864; x_wconf 81' lang='lat' dir='ltr'>nis</span> <span class='ocrx_word' id='word_1_730' title='bbox 422 4807 609 4861; x_wconf 78' lang='lat' dir='ltr'>oculis</span> <span class='ocrx_word' id='word_1_731' title='bbox 639 4822 931 4871; x_wconf 84' lang='lat' dir='ltr'>nunquam</span> <span class='ocrx_word' id='word_1_732' title='bbox 959 4811 1541 4868; x_wconf 74' lang='lat' dir='ltr'>consgexere,mortem</span> <span class='ocrx_word' id='word_1_733' title='bbox 1559 4808 1810 4864; x_wconf 78' lang='lat' dir='ltr'>oppetere</span> <span class='ocrx_word' id='word_1_734' title='bbox 1841 4812 1956 4847; x_wconf 80' lang='lat' dir='ltr'>non</span> 
     </span>
    </p>
   </div>
   <div class='ocr_carea' id='block_1_99' title="bbox 298 4889 1952 4964">
    <p class='ocr_par' dir='ltr' id='par_1_99' title="bbox 298 4889 1952 4964">
     <span class='ocr_line' id='line_1_99' title="bbox 298 4889 1952 4964; baseline -0.01 -6"><span class='ocrx_word' id='word_1_735' title='bbox 298 4904 577 4954; x_wconf 73' lang='lat' dir='ltr'>dubitent.</span> <span class='ocrx_word' id='word_1_736' title='bbox 608 4897 825 4956; x_wconf 89' lang='lat' dir='ltr'>Christi</span> <span class='ocrx_word' id='word_1_737' title='bbox 860 4894 1359 4951; x_wconf 88' lang='lat' dir='ltr'>resurrectionem</span> <span class='ocrx_word' id='word_1_738' title='bbox 1417 4891 1627 4964; x_wconf 89' lang='lat' dir='ltr'>probat</span> <span class='ocrx_word' id='word_1_739' title='bbox 1657 4894 1768 4947; x_wconf 89' lang='lat' dir='ltr'>cat.</span> <span class='ocrx_word' id='word_1_740' title='bbox 1804 4889 1855 4957; x_wconf 83' lang='grc'>4,</span> <span class='ocrx_word' id='word_1_741' title='bbox 1888 4903 1952 4943; x_wconf 91' lang='lat' dir='ltr'>n.</span> 
     </span>
    </p>
   </div>
   <div class='ocr_carea' id='block_1_100' title="bbox 299 4978 1954 5067">
    <p class='ocr_par' dir='ltr' id='par_1_100' title="bbox 299 4978 1954 5067">
     <span class='ocr_line' id='line_1_100' title="bbox 299 4978 1954 5067; baseline -0.014 -12"><span class='ocrx_word' id='word_1_742' title='bbox 299 5001 389 5067; x_wconf 87' lang='lat'>18,</span> <span class='ocrx_word' id='word_1_743' title='bbox 421 5012 561 5053; x_wconf 89' lang='lat' dir='ltr'>cum</span> <span class='ocrx_word' id='word_1_744' title='bbox 588 5010 660 5049; x_wconf 83' lang='lat' dir='ltr'>ex</span> <span class='ocrx_word' id='word_1_745' title='bbox 685 4986 962 5063; x_wconf 86' lang='lat' dir='ltr'>plurimis</span> <span class='ocrx_word' id='word_1_746' title='bbox 984 4984 1372 5058; x_wconf 89' lang='lat' dir='ltr'>orgumentis,</span> <span class='ocrx_word' id='word_1_747' title='bbox 1400 4986 1527 5037; x_wconf 91' lang='lat' dir='ltr'>tum</span> <span class='ocrx_word' id='word_1_748' title='bbox 1550 4997 1683 5036; x_wconf 88' lang='lat' dir='ltr'>vero</span> <span class='ocrx_word' id='word_1_749' title='bbox 1706 4997 1777 5035; x_wconf 81' lang='lat' dir='ltr'>ex</span> <span class='ocrx_word' id='word_1_750' title='bbox 1825 4978 1954 5050; x_wconf 89' lang='lat' dir='ltr'>ejus</span> 
     </span>
    </p>
   </div>
   <div class='ocr_carea' id='block_1_101' title="bbox 299 5068 1954 5163">
    <p class='ocr_par' dir='ltr' id='par_1_101' title="bbox 299 5068 1954 5163">
     <span class='ocr_line' id='line_1_101' title="bbox 299 5068 1954 5163; baseline -0.015 -18"><span class='ocrx_word' id='word_1_751' title='bbox 299 5090 403 5163; x_wconf 86' lang='lat' dir='ltr'>qui</span> <span class='ocrx_word' id='word_1_752' title='bbox 424 5084 686 5143; x_wconf 83' lang='lat' dir='ltr'>surrexit</span> <span class='ocrx_word' id='word_1_753' title='bbox 714 5081 777 5135; x_wconf 91' lang='lat' dir='ltr'>in</span> <span class='ocrx_word' id='word_1_754' title='bbox 803 5077 1158 5133; x_wconf 86' lang='lat' dir='ltr'>hodiernum</span> <span class='ocrx_word' id='word_1_755' title='bbox 1179 5090 1366 5145; x_wconf 91' lang='lat' dir='ltr'>usque</span> <span class='ocrx_word' id='word_1_756' title='bbox 1389 5072 1545 5128; x_wconf 91' lang='lat' dir='ltr'>diem</span> <span class='ocrx_word' id='word_1_757' title='bbox 1569 5068 1954 5135; x_wconf 68' lang='lat' dir='ltr'>efﬁcacia,tob</span> 
     </span>
    </p>
   </div>
   <div class='ocr_carea' id='block_1_102' title="bbox 299 5159 1955 5244">
    <p class='ocr_par' dir='ltr' id='par_1_102' title="bbox 299 5159 1955 5244">
     <span class='ocr_line' id='line_1_102' title="bbox 299 5159 1955 5244; baseline -0.013 -10"><span class='ocrx_word' id='word_1_758' title='bbox 299 5159 630 5235; x_wconf 69' lang='grc' dir='ltr'>ἇναστάντος</span> <span class='ocrx_word' id='word_1_759' title='bbox 663 5164 955 5244; x_wconf 72' lang='grc' dir='ltr'>ἐνεργείας.</span> <span class='ocrx_word' id='word_1_760' title='bbox 1016 5167 1082 5220; x_wconf 87' lang='lat' dir='ltr'>In</span> <span class='ocrx_word' id='word_1_761' title='bbox 1109 5165 1219 5220; x_wconf 88' lang='lat' dir='ltr'>hac</span> <span class='ocrx_word' id='word_1_762' title='bbox 1250 5163 1516 5219; x_wconf 86' lang='lat' dir='ltr'>efﬁcacia</span> <span class='ocrx_word' id='word_1_763' title='bbox 1562 5159 1955 5231; x_wconf 90' lang='lat' dir='ltr'>comprehen-</span> 
     </span>
    </p>
   </div>
   <div class='ocr_carea' id='block_1_103' title="bbox 299 5251 1957 5328">
    <p class='ocr_par' dir='ltr' id='par_1_103' title="bbox 299 5251 1957 5328">
     <span class='ocr_line' id='line_1_103' title="bbox 299 5251 1957 5328; baseline -0.014 -3"><span class='ocrx_word' id='word_1_764' title='bbox 299 5270 388 5326; x_wconf 87' lang='lat' dir='ltr'>dit</span> <span class='ocrx_word' id='word_1_765' title='bbox 411 5267 533 5321; x_wconf 85' lang='lat' dir='ltr'>vim</span> <span class='ocrx_word' id='word_1_766' title='bbox 563 5259 831 5319; x_wconf 89' lang='lat' dir='ltr'>nominis</span> <span class='ocrx_word' id='word_1_767' title='bbox 849 5257 980 5328; x_wconf 90' lang='lat' dir='ltr'>ejus</span> <span class='ocrx_word' id='word_1_768' title='bbox 1010 5254 1083 5310; x_wconf 91' lang='lat' dir='ltr'>ad</span> <span class='ocrx_word' id='word_1_769' title='bbox 1102 5251 1446 5326; x_wconf 84' lang='lat' dir='ltr'>effugandos</span> <span class='ocrx_word' id='word_1_770' title='bbox 1475 5251 1957 5315; x_wconf 71' lang='lat' dir='ltr'>daamones,mor-</span> 
     </span>
    </p>
   </div>
   <div class='ocr_carea' id='block_1_104' title="bbox 298 5337 1955 5430">
    <p class='ocr_par' dir='ltr' id='par_1_104' title="bbox 298 5337 1955 5430">
     <span class='ocr_line' id='line_1_104' title="bbox 298 5337 1955 5430; baseline -0.016 -14"><span class='ocrx_word' id='word_1_771' title='bbox 298 5361 404 5415; x_wconf 88' lang='lat' dir='ltr'>bos</span> <span class='ocrx_word' id='word_1_772' title='bbox 434 5351 754 5430; x_wconf 89' lang='lat' dir='ltr'>pellendos</span> <span class='ocrx_word' id='word_1_773' title='bbox 780 5344 918 5415; x_wconf 90' lang='lat' dir='ltr'>;sed</span> <span class='ocrx_word' id='word_1_774' title='bbox 934 5344 1310 5417; x_wconf 90' lang='lat' dir='ltr'>potissimum</span> <span class='ocrx_word' id='word_1_775' title='bbox 1341 5344 1617 5396; x_wconf 88' lang='lat' dir='ltr'>numerat</span> <span class='ocrx_word' id='word_1_776' title='bbox 1642 5337 1802 5393; x_wconf 86' lang='lat' dir='ltr'>orbis</span> <span class='ocrx_word' id='word_1_777' title='bbox 1818 5352 1955 5392; x_wconf 90' lang='lat' dir='ltr'>con-</span> 
     </span>
    </p>
   </div>
   <div class='ocr_carea' id='block_1_105' title="bbox 295 5428 1952 5511">
    <p class='ocr_par' dir='ltr' id='par_1_105' title="bbox 295 5428 1952 5511">
     <span class='ocr_line' id='line_1_105' title="bbox 295 5428 1952 5511; baseline -0.017 -4"><span class='ocrx_word' id='word_1_778' title='bbox 295 5428 656 5511; x_wconf 81' lang='lat' dir='ltr'>versionem,</span> <span class='ocrx_word' id='word_1_779' title='bbox 689 5441 804 5495; x_wconf 87' lang='lat' dir='ltr'>cat.</span> <span class='ocrx_word' id='word_1_780' title='bbox 844 5436 928 5502; x_wconf 83' lang='grc'>14,</span> <span class='ocrx_word' id='word_1_781' title='bbox 963 5450 1022 5489; x_wconf 90' lang='lat' dir='ltr'>n.</span> <span class='ocrx_word' id='word_1_782' title='bbox 1057 5434 1147 5502; x_wconf 81' lang='grc'>14,</span> <span class='ocrx_word' id='word_1_783' title='bbox 1187 5431 1271 5487; x_wconf 89' lang='lat' dir='ltr'>ait</span> <span class='ocrx_word' id='word_1_784' title='bbox 1298 5430 1521 5486; x_wconf 89' lang='lat' dir='ltr'>milites</span> <span class='ocrx_word' id='word_1_785' title='bbox 1552 5428 1653 5500; x_wconf 88' lang='lat' dir='ltr'>qui</span> <span class='ocrx_word' id='word_1_786' title='bbox 1683 5442 1952 5482; x_wconf 84' lang='lat' dir='ltr'>resurre-</span> 
     </span>
    </p>
   </div>
   <div class='ocr_carea' id='block_1_106' title="bbox 296 5514 1957 5598">
    <p class='ocr_par' dir='ltr' id='par_1_106' title="bbox 296 5514 1957 5598">
     <span class='ocr_line' id='line_1_106' title="bbox 296 5514 1957 5598; baseline -0.016 -1"><span class='ocrx_word' id='word_1_787' title='bbox 296 5537 509 5598; x_wconf 89' lang='lat' dir='ltr'>ctionis</span> <span class='ocrx_word' id='word_1_788' title='bbox 541 5526 798 5598; x_wconf 88' lang='lat' dir='ltr'>conscii,</span> <span class='ocrx_word' id='word_1_789' title='bbox 825 5524 1129 5579; x_wconf 71' lang='lat' dir='ltr'>veritatem</span> <span class='ocrx_word' id='word_1_790' title='bbox 1161 5521 1350 5594; x_wconf 88' lang='lat' dir='ltr'>pretio</span> <span class='ocrx_word' id='word_1_791' title='bbox 1378 5518 1673 5592; x_wconf 90' lang='lat' dir='ltr'>redempti</span> <span class='ocrx_word' id='word_1_792' title='bbox 1704 5514 1957 5573; x_wconf 83' lang='lat' dir='ltr'>occulta-</span> 
     </span>
    </p>
   </div>
   <div class='ocr_carea' id='block_1_107' title="bbox 295 5607 1949 5696">
    <p class='ocr_par' dir='ltr' id='par_1_107' title="bbox 295 5607 1949 5696">
     <span class='ocr_line' id='line_1_107' title="bbox 295 5607 1949 5696; baseline -0.015 -9"><span class='ocrx_word' id='word_1_793' title='bbox 295 5633 524 5695; x_wconf 85' lang='lat' dir='ltr'>verunt,</span> <span class='ocrx_word' id='word_1_794' title='bbox 558 5625 731 5696; x_wconf 86' lang='lat' dir='ltr'>ipsos</span> <span class='ocrx_word' id='word_1_795' title='bbox 762 5612 1141 5671; x_wconf 88' lang='lat' dir='ltr'>absconditos</span> <span class='ocrx_word' id='word_1_796' title='bbox 1200 5615 1259 5667; x_wconf 90' lang='lat' dir='ltr'>et</span> <span class='ocrx_word' id='word_1_797' title='bbox 1287 5609 1571 5666; x_wconf 88' lang='lat' dir='ltr'>obscuros</span> <span class='ocrx_word' id='word_1_798' title='bbox 1617 5607 1949 5664; x_wconf 86' lang='lat' dir='ltr'>mansisse:</span> 
     </span>
    </p>
   </div>
   <div class='ocr_carea' id='block_1_108' title="bbox 300 5697 1952 5776">
    <p class='ocr_par' dir='ltr' id='par_1_108' title="bbox 300 5697 1952 5776">
     <span class='ocr_line' id='line_1_108' title="bbox 300 5697 1952 5776; baseline -0.014 -9"><span class='ocrx_word' id='word_1_799' title='bbox 300 5720 402 5775; x_wconf 82' lang='lat' dir='ltr'>Qui</span> <span class='ocrx_word' id='word_1_800' title='bbox 433 5730 580 5776; x_wconf 82' lang='lat' dir='ltr'>vero,</span> <span class='ocrx_word' id='word_1_801' title='bbox 629 5704 839 5774; x_wconf 86' lang='lat' dir='ltr'>inquit,</span> <span class='ocrx_word' id='word_1_802' title='bbox 871 5717 991 5753; x_wconf 85' lang='lat' dir='ltr'>eam</span> <span class='ocrx_word' id='word_1_803' title='bbox 1046 5715 1313 5763; x_wconf 78' lang='lat' dir='ltr'>recepere,</span> <span class='ocrx_word' id='word_1_804' title='bbox 1357 5699 1650 5763; x_wconf 81' lang='lat' dir='ltr'>publicam</span> <span class='ocrx_word' id='word_1_805' title='bbox 1678 5698 1741 5747; x_wconf 85' lang='lat' dir='ltr'>in</span> <span class='ocrx_word' id='word_1_806' title='bbox 1771 5697 1952 5745; x_wconf 86' lang='lat' dir='ltr'>lucem</span> 
     </span>
    </p>
   </div>
   <div class='ocr_carea' id='block_1_109' title="bbox 2064 4706 3718 4773">
    <p class='ocr_par' dir='ltr' id='par_1_109' title="bbox 2064 4706 3718 4773">
     <span class='ocr_line' id='line_1_109' title="bbox 2064 4706 3718 4773; baseline 0.002 -16"><span class='ocrx_word' id='word_1_807' title='bbox 2064 4709 2485 4759; x_wconf 82' lang='lat' dir='ltr'>commendatur</span> <span class='ocrx_word' id='word_1_808' title='bbox 2505 4708 2889 4773; x_wconf 84' lang='lat' dir='ltr'>intelligentia</span> <span class='ocrx_word' id='word_1_809' title='bbox 2896 4706 3718 4769; x_wconf 65' lang='lat' dir='ltr'>praditis,subsistens,sancti-</span> 
     </span>
    </p>
   </div>
   <div class='ocr_carea' id='block_1_110' title="bbox 2062 4785 3709 4866">
    <p class='ocr_par' dir='ltr' id='par_1_110' title="bbox 2062 4785 3709 4866">
     <span class='ocr_line' id='line_1_110' title="bbox 2062 4785 3709 4866; baseline -0.004 -28"><span class='ocrx_word' id='word_1_810' title='bbox 2062 4789 2313 4852; x_wconf 76' lang='lat' dir='ltr'>ﬁcatria‘,</span> <span class='ocrx_word' id='word_1_811' title='bbox 2344 4797 2395 4838; x_wconf 89' lang='lat' dir='ltr'>et</span> <span class='ocrx_word' id='word_1_812' title='bbox 2419 4789 2725 4854; x_wconf 77' lang='lat' dir='ltr'>efﬁcaciter</span> <span class='ocrx_word' id='word_1_813' title='bbox 2752 4786 3055 4849; x_wconf 71' lang='lat' dir='ltr'>operatrix,</span> <span class='ocrx_word' id='word_1_814' title='bbox 3096 4785 3434 4860; x_wconf 79' lang='lat' dir='ltr'>[CLXXXV]</span> <span class='ocrx_word' id='word_1_815' title='bbox 3488 4787 3709 4866; x_wconf 74' lang='grc' dir='ltr'>ἐνεργη-</span> 
     </span>
    </p>
   </div>
   <div class='ocr_carea' id='block_1_111' title="bbox 2060 4876 3715 4954">
    <p class='ocr_par' dir='ltr' id='par_1_111' title="bbox 2060 4876 3715 4954">
     <span class='ocr_line' id='line_1_111' title="bbox 2060 4876 3715 4954; baseline -0.001 -16"><span class='ocrx_word' id='word_1_816' title='bbox 2060 4885 2211 4954; x_wconf 81' lang='grc' dir='ltr'><strong>τική,</strong></span> <span class='ocrx_word' id='word_1_817' title='bbox 2244 4886 2426 4930; x_wconf 73' lang='lat' dir='ltr'>virtus</span> <span class='ocrx_word' id='word_1_818' title='bbox 2454 4878 2712 4940; x_wconf 77' lang='lat' dir='ltr'>Spiritus</span> <span class='ocrx_word' id='word_1_819' title='bbox 2742 4876 2949 4925; x_wconf 66' lang='lat' dir='ltr'>sanati.</span> <span class='ocrx_word' id='word_1_820' title='bbox 2997 4877 3465 4934; x_wconf 88' lang='lat' dir='ltr'>Innumerabilia</span> <span class='ocrx_word' id='word_1_821' title='bbox 3485 4879 3715 4937; x_wconf 86' lang='lat' dir='ltr'>scilicet</span> 
     </span>
    </p>
   </div>
   <div class='ocr_carea' id='block_1_112' title="bbox 2062 4965 3707 5047">
    <p class='ocr_par' dir='ltr' id='par_1_112' title="bbox 2062 4965 3707 5047">
     <span class='ocr_line' id='line_1_112' title="bbox 2062 4965 3707 5047; baseline -0.002 -17"><span class='ocrx_word' id='word_1_822' title='bbox 2062 4977 2438 5047; x_wconf 88' lang='lat' dir='ltr'>percurrerat</span> <span class='ocrx_word' id='word_1_823' title='bbox 2467 4968 2655 5025; x_wconf 88' lang='lat' dir='ltr'>sancti</span> <span class='ocrx_word' id='word_1_824' title='bbox 2688 4965 2940 5039; x_wconf 88' lang='lat' dir='ltr'>Spiritus</span> <span class='ocrx_word' id='word_1_825' title='bbox 2967 4966 3195 5034; x_wconf 84' lang='lat' dir='ltr'>eﬁ‘ecta,</span> <span class='ocrx_word' id='word_1_826' title='bbox 3221 4983 3454 5024; x_wconf 89' lang='lat' dir='ltr'>summa</span> <span class='ocrx_word' id='word_1_827' title='bbox 3482 4968 3555 5025; x_wconf 88' lang='lat' dir='ltr'>ab</span> <span class='ocrx_word' id='word_1_828' title='bbox 3576 4969 3707 5043; x_wconf 90' lang='lat' dir='ltr'>ipso</span> 
     </span>
    </p>
   </div>
   <div class='ocr_carea' id='block_1_113' title="bbox 2063 5057 3710 5137">
    <p class='ocr_par' dir='ltr' id='par_1_113' title="bbox 2063 5057 3710 5137">
     <span class='ocr_line' id='line_1_113' title="bbox 2063 5057 3710 5137; baseline -0.003 -16"><span class='ocrx_word' id='word_1_829' title='bbox 2063 5067 2352 5137; x_wconf 88' lang='lat' dir='ltr'>potestate</span> <span class='ocrx_word' id='word_1_830' title='bbox 2383 5066 2442 5117; x_wconf 89' lang='lat' dir='ltr'>et</span> <span class='ocrx_word' id='word_1_831' title='bbox 2469 5058 2735 5115; x_wconf 87' lang='lat' dir='ltr'>efﬁcacia</span> <span class='ocrx_word' id='word_1_832' title='bbox 2762 5061 3018 5128; x_wconf 89' lang='lat' dir='ltr'>peracta.</span> <span class='ocrx_word' id='word_1_833' title='bbox 3048 5057 3186 5122; x_wconf 69' lang='lat' dir='ltr'>Quas</span> <span class='ocrx_word' id='word_1_834' title='bbox 3208 5057 3284 5113; x_wconf 87' lang='lat' dir='ltr'>ad</span> <span class='ocrx_word' id='word_1_835' title='bbox 3311 5059 3560 5117; x_wconf 88' lang='lat' dir='ltr'>humani</span> <span class='ocrx_word' id='word_1_836' title='bbox 3586 5078 3710 5118; x_wconf 88' lang='lat' dir='ltr'>cor-</span> 
     </span>
    </p>
   </div>
   <div class='ocr_carea' id='block_1_114' title="bbox 2064 5148 3706 5223">
    <p class='ocr_par' dir='ltr' id='par_1_114' title="bbox 2064 5148 3706 5223">
     <span class='ocr_line' id='line_1_114' title="bbox 2064 5148 3706 5223; baseline -0.001 -12"><span class='ocrx_word' id='word_1_837' title='bbox 2064 5155 2154 5210; x_wconf 91' lang='lat' dir='ltr'>dis</span> <span class='ocrx_word' id='word_1_838' title='bbox 2168 5152 2616 5211; x_wconf 88' lang='lat' dir='ltr'>conversionem</span> <span class='ocrx_word' id='word_1_839' title='bbox 2637 5148 3095 5221; x_wconf 88' lang='lat' dir='ltr'>pertinent,sola</span> <span class='ocrx_word' id='word_1_840' title='bbox 3106 5148 3180 5204; x_wconf 90' lang='lat' dir='ltr'>ad</span> <span class='ocrx_word' id='word_1_841' title='bbox 3202 5165 3329 5205; x_wconf 90' lang='lat' dir='ltr'>rem</span> <span class='ocrx_word' id='word_1_842' title='bbox 3349 5158 3706 5223; x_wconf 63' lang='lat' dir='ltr'>praesentem</span> 
     </span>
    </p>
   </div>
   <div class='ocr_carea' id='block_1_115' title="bbox 2065 5236 3713 5317">
    <p class='ocr_par' dir='ltr' id='par_1_115' title="bbox 2065 5236 3713 5317">
     <span class='ocr_line' id='line_1_115' title="bbox 2065 5236 3713 5317; baseline -0.001 -17"><span class='ocrx_word' id='word_1_843' title='bbox 2065 5248 2335 5317; x_wconf 89' lang='lat' dir='ltr'>spectant</span> <span class='ocrx_word' id='word_1_844' title='bbox 2363 5258 2375 5296; x_wconf 92' lang='lat'><strong>:</strong></span> <span class='ocrx_word' id='word_1_845' title='bbox 2407 5238 2698 5296; x_wconf 89' lang='lat' dir='ltr'>nonnulla</span> <span class='ocrx_word' id='word_1_846' title='bbox 2717 5236 3492 5309; x_wconf 79' lang='lat' dir='ltr'>prius&#39;commemoravimus</span> <span class='ocrx_word' id='word_1_847' title='bbox 3517 5259 3531 5310; x_wconf 86' lang='lat'>;</span> <span class='ocrx_word' id='word_1_848' title='bbox 3557 5260 3713 5315; x_wconf 83' lang='lat' dir='ltr'>quaa-</span> 
     </span>
    </p>
   </div>
   <div class='ocr_carea' id='block_1_116' title="bbox 2064 5324 3707 5404">
    <p class='ocr_par' dir='ltr' id='par_1_116' title="bbox 2064 5324 3707 5404">
     <span class='ocr_line' id='line_1_116' title="bbox 2064 5324 3707 5404; baseline 0.001 -15"><span class='ocrx_word' id='word_1_849' title='bbox 2064 5334 2200 5388; x_wconf 88' lang='lat' dir='ltr'>dam</span> <span class='ocrx_word' id='word_1_850' title='bbox 2221 5331 2413 5388; x_wconf 87' lang='lat' dir='ltr'>adhuc</span> <span class='ocrx_word' id='word_1_851' title='bbox 2430 5324 2866 5400; x_wconf 87' lang='lat' dir='ltr'>subjungenda,</span> <span class='ocrx_word' id='word_1_852' title='bbox 2888 5342 3027 5382; x_wconf 90' lang='lat' dir='ltr'>nam</span> <span class='ocrx_word' id='word_1_853' title='bbox 3042 5327 3242 5383; x_wconf 89' lang='lat' dir='ltr'>omnia</span> <span class='ocrx_word' id='word_1_854' title='bbox 3262 5328 3443 5385; x_wconf 87' lang='lat' dir='ltr'>nimis</span> <span class='ocrx_word' id='word_1_855' title='bbox 3463 5329 3707 5404; x_wconf 84' lang='lat' dir='ltr'>longum</span> 
     </span>
    </p>
   </div>
   <div class='ocr_carea' id='block_1_117' title="bbox 2064 5417 3708 5496">
    <p class='ocr_par' dir='ltr' id='par_1_117' title="bbox 2064 5417 3708 5496">
     <span class='ocr_line' id='line_1_117' title="bbox 2064 5417 3708 5496; baseline 0.001 -16"><span class='ocrx_word' id='word_1_856' title='bbox 2064 5430 2222 5481; x_wconf 89' lang='lat' dir='ltr'>esset</span> <span class='ocrx_word' id='word_1_857' title='bbox 2251 5423 2518 5478; x_wconf 88' lang='lat' dir='ltr'>recitare.</span> <span class='ocrx_word' id='word_1_858' title='bbox 2553 5421 2675 5485; x_wconf 87' lang='lat' dir='ltr'>Cat,</span> <span class='ocrx_word' id='word_1_859' title='bbox 2711 5419 2797 5485; x_wconf 84' lang='lat'>17,</span> <span class='ocrx_word' id='word_1_860' title='bbox 2829 5434 2889 5473; x_wconf 90' lang='lat' dir='ltr'>n.</span> <span class='ocrx_word' id='word_1_861' title='bbox 2927 5420 3013 5487; x_wconf 80' lang='lat'>15,</span> <span class='ocrx_word' id='word_1_862' title='bbox 3044 5417 3116 5475; x_wconf 92' lang='lat' dir='ltr'>de</span> <span class='ocrx_word' id='word_1_863' title='bbox 3146 5420 3433 5493; x_wconf 86' lang='lat' dir='ltr'>apostolis</span> <span class='ocrx_word' id='word_1_864' title='bbox 3490 5422 3708 5496; x_wconf 87' lang='lat' dir='ltr'>illapsu</span> 
     </span>
    </p>
   </div>
   <div class='ocr_carea' id='block_1_118' title="bbox 2062 5508 3705 5587">
    <p class='ocr_par' dir='ltr' id='par_1_118' title="bbox 2062 5508 3705 5587">
     <span class='ocr_line' id='line_1_118' title="bbox 2062 5508 3705 5587; baseline -0.001 -16"><span class='ocrx_word' id='word_1_865' title='bbox 2062 5515 2314 5587; x_wconf 86' lang='lat' dir='ltr'>Spiritus</span> <span class='ocrx_word' id='word_1_866' title='bbox 2346 5510 2535 5569; x_wconf 84' lang='lat' dir='ltr'>sancti</span> <span class='ocrx_word' id='word_1_867' title='bbox 2565 5509 2626 5564; x_wconf 90' lang='lat' dir='ltr'>in</span> <span class='ocrx_word' id='word_1_868' title='bbox 2656 5508 2749 5564; x_wconf 89' lang='lat' dir='ltr'>die</span> <span class='ocrx_word' id='word_1_869' title='bbox 2777 5508 3156 5567; x_wconf 88' lang='lat' dir='ltr'>Pentecostes</span> <span class='ocrx_word' id='word_1_870' title='bbox 3179 5512 3564 5569; x_wconf 88' lang='lat' dir='ltr'>sanctiﬁcatis</span> <span class='ocrx_word' id='word_1_871' title='bbox 3602 5515 3705 5571; x_wconf 84' lang='lat' dir='ltr'>ait:</span> 
     </span>
    </p>
   </div>
   <div class='ocr_carea' id='block_1_119' title="bbox 2059 5598 3705 5667">
    <p class='ocr_par' dir='ltr' id='par_1_119' title="bbox 2059 5598 3705 5667">
     <span class='ocr_line' id='line_1_119' title="bbox 2059 5598 3705 5667; baseline -0.002 -11"><span class='ocrx_word' id='word_1_872' title='bbox 2059 5605 2260 5667; x_wconf 74' lang='lat' dir='ltr'>Ignem</span> <span class='ocrx_word' id='word_1_873' title='bbox 2288 5606 2615 5665; x_wconf 83' lang='lat' dir='ltr'>receperunt</span> <span class='ocrx_word' id='word_1_874' title='bbox 2642 5599 2955 5649; x_wconf 85' lang='lat' dir='ltr'>salutarem</span> <span class='ocrx_word' id='word_1_875' title='bbox 2999 5598 3104 5665; x_wconf 86' lang='lat' dir='ltr'>qui</span> <span class='ocrx_word' id='word_1_876' title='bbox 3121 5609 3481 5663; x_wconf 78' lang='lat' dir='ltr'>peccatorum</span> <span class='ocrx_word' id='word_1_877' title='bbox 3508 5603 3705 5664; x_wconf 79' lang='lat' dir='ltr'>spinas</span> 
     </span>
    </p>
   </div>
   <div class='ocr_carea' id='block_1_120' title="bbox 2058 5688 3669 5746">
    <p class='ocr_par' dir='ltr' id='par_1_120' title="bbox 2058 5688 3669 5746">
     <span class='ocr_line' id='line_1_120' title="bbox 2058 5688 3669 5746; baseline -0.004 0"><span class='ocrx_word' id='word_1_878' title='bbox 2058 5696 2446 5746; x_wconf 75' lang='lat' dir='ltr'>exterminans</span> <span class='ocrx_word' id='word_1_879' title='bbox 2505 5691 2761 5743; x_wconf 86' lang='lat' dir='ltr'>animam</span> <span class='ocrx_word' id='word_1_880' title='bbox 2818 5688 3090 5741; x_wconf 82' lang='lat' dir='ltr'>nitentem</span> <span class='ocrx_word' id='word_1_881' title='bbox 3118 5690 3316 5743; x_wconf 79' lang='lat' dir='ltr'>reddit.</span> <span class='ocrx_word' id='word_1_882' title='bbox 3369 5690 3469 5743; x_wconf 77' lang='lat' dir='ltr'>Hic</span> <span class='ocrx_word' id='word_1_883' title='bbox 3494 5688 3569 5740; x_wconf 81' lang='lat' dir='ltr'>ad</span> <span class='ocrx_word' id='word_1_884' title='bbox 3604 5703 3669 5741; x_wconf 80' lang='grc' dir='ltr'><strong><em>οο</em></strong></span> 
     </span>
    </p>
   </div>
  </div>
