4108 6270
424 372 541 434 223

1701 364 1801 424 DE
1842 362 2030 425 Vl'l‘A
2074 360 2141 423 S.
2185 362 2525 427 CYRlLLl.

3718 366 3829 426 224

423 517 646 569 quoque
677 502 834 551 modo
890 509 1152 551 venturus
1181 508 1279 558 est,
1313 514 1379 548 ac
1432 499 1568 547 dum
1611 503 1836 559 peccata
1894 503 2077 544 vestra
2105 494 2159 563 Α
2189 501 2457 567 quamvis
2486 500 2565 555 ibi
2600 500 2749 557 dum
2777 517 2849 556 ex
2879 498 3191 572 prophetia
3227 499 3623 568 exspectaret,
3638 510 3831 557 prope-

421 595 725 657 spinarum
757 594 945 642 instar
969 595 1213 643 conciaet
1237 602 1288 643 et
1322 594 1589 649 absumet,
1617 590 1933 652 pretiosum
1964 591 2085 639 ani-

426 698 531 732 mce
566 692 762 732 vestrm
788 685 1039 744 fundum
1096 684 1279 745 magis
1330 681 1598 730 nitentem
1651 681 1954 743 efecturus
1983 685 2087 726 est.

426 773 560 829 Haec
583 774 655 830 de
675 774 1083 831 sanctiﬁcante
1094 774 1284 847 gratia
1296 772 1675 845 potissimum
1693 769 2086 842 intelligenda.

426 862 636 919 fateor.
672 866 815 919 Cum
846 880 983 919 vero
1016 864 1201 935 spinae
1234 868 1614 936 peccatorum
1638 860 1799 933 pravi
1816 859 2087 915 sintaﬁ‘e‘

423 959 553 1009 ctus
586 960 644 1009 et
674 954 999 1021 babitus,hi
1032 953 1159 1008 sine
1198 953 1388 1026 gratia
1434 968 1613 1023 quam
1645 950 1939 1006 actualem
1970 966 2078 1003 vo-

424 1043 660 1109 cant,ab
692 1043 894 1099 adulto
918 1042 1137 1099 auferri
1169 1046 1226 1097 et
1256 1040 1640 1097 exterminari
1665 1056 1785 1095 non
1807 1044 2076 1111 possunt.

425 1135 639 1198 Monet,
675 1151 732 1188 ιι.
775 1137 857 1201 t7,
892 1150 998 1205 per
1027 1132 1252 1188 donum
1284 1131 1626 1203 linguarum
1665 1132 1944 1185 restitutas
1972 1134 2023 1183 et
2047 1144 2082 1183 a

427 1225 537 1278 Deo
566 1224 839 1278 adunatas
868 1225 1134 1278 mentium
1164 1223 1491 1287 sententias;
1528 1236 1662 1275 cum
1712 1218 1773 1273 in
1808 1217 2082 1274 Babelica

427 1313 767 1385 linguarum
799 1312 1089 1368 divisione
1120 1317 1178 1367 et
1203 1310 1473 1367 confusio
1500 1310 1836 1365 animorum
1867 1324 1935 1363 ac
1978 1324 2081 1362 vo-

425 1402 723 1459 luntatum
752 1401 958 1457 divisio
990 1401 1218 1457 fuisset.
1254 1400 1369 1467 Ait,
1405 1416 1465 1455 n.
1500 1402 1589 1467 20,
1618 1398 1868 1459 Spiritus
1895 1397 2082 1446 sancti

423 1492 669 1553 gratiam
702 1492 763 1539 in
785 1491 951 1539 Petro
976 1499 1026 1539 et
1046 1490 1107 1539 in
1129 1488 1389 1538 omnibus
1408 1488 1588 1537 simul
1608 1487 1871 1549 apostolis
1896 1488 2080 1550 efﬁca-

430 1581 568 1628 citer
596 1586 877 1640 operatam
902 1594 1033 1638 esse,
1061 1578 1223 1651 χάρις
1255 1576 1538 1649 ἐνήργησε,
1564 1575 1723 1648 quod
1748 1575 2078 1632 sexcenties

427 1676 635 1741 postea
662 1668 896 1740 repetit,
915 1673 973 1724 et
999 1673 1225 1739 septem
1257 1667 1522 1723 diaconis
1554 1671 1613 1722 et
1640 1665 1821 1721 Paulo
1845 1666 1907 1720 in
1935 1681 2077 1719 con-

430 1758 816 1830 sequentibus
875 1757 1154 1829 applicat.
1188 1756 1427 1829 Triplici
1484 1772 1619 1810 vero
1674 1756 1888 1810 effectu
1923 1753 2077 1809 hanc

2190 602 2358 647 rasse,
2390 597 2441 638 et
2470 590 2682 640 Christi
2726 590 3039 639 doctrinam
3073 603 3199 638 cum
3226 587 3439 651 ﬁducia
3474 585 3837 647 praedicasse.

2189 668 2389 718 Mediis
2421 670 2588 719 etiam
2620 672 2683 719 in
2701 670 3063 732 judiciorum
3090 667 3380 717 subselliis
3404 683 3606 723 coram
3625 666 3826 739 pransi-

2189 758 2361 814 dibus
2392 768 2444 809 et
2471 760 2728 823 Agrippa
2755 775 2901 823 rege,
2931 759 3180 810 victricis
3216 759 3278 809 in
3306 756 3587 820 sapientia
3628 755 3824 819 gratia:

2191 855 2411 898 tantum
2446 849 2721 911 habuisse,
2745 856 2810 906 ut
2834 854 3139 923 permotus
3167 848 3425 911 Agrippa
3452 847 3694 916 diceret,
3724 846 3826 894 Pa-

2186 954 2319 988 rum
2344 937 2493 988 abest
2510 940 2653 1004 quin
2684 940 2828 988 mihi
2846 939 3188 1002 persuadeas
3212 946 3275 987 ut
3301 940 3439 1002 fiam
3453 936 3827 997 Christianus,

2187 1028 2450 1085 Tandem
2472 1030 2631 1101 quod
2651 1030 2713 1086 in
2736 1031 2918 1086 Paulo
2943 1035 3000 1085 et
3020 1029 3083 1085 in
3108 1028 3415 1102 apostolis,
3434 1026 3592 1083 idem
3613 1026 3676 1081 in
3705 1044 3828 1082 om-

2188 1118 2363 1175 nibus
2386 1121 2486 1191 qui
2505 1125 2662 1175 recte
2694 1119 3201 1192 credant,operari
3232 1118 3517 1191 Spiritum
3540 1122 3827 1187 sanctum,

2185 1207 2377 1277 docet,
2411 1226 2472 1266 n.
2507 1212 2595 1263 32.
2629 1210 2762 1264 Hmc
2793 1209 3014 1277 omnia,
3037 1225 3218 1280 quam
3247 1208 3311 1262 in
3340 1208 3472 1263 istis
3486 1207 3714 1281 jejunis
3732 1224 3824 1262 ex-

2185 1298 2402 1368 cerptis
2433 1297 2649 1353 melius
2679 1298 2741 1352 in
2772 1297 2899 1370 ipso
2928 1297 3117 1352 Patris
3144 1302 3308 1352 textu
3355 1296 3635 1369 leguntur
3663 1300 3723 1351 et
3747 1296 3828 1350 in-

2185 1386 2534 1458 telliguntur
2558 1402 2570 1440 :
2604 1386 2783 1458 idque
2800 1386 3034 1442 abunde
3052 1386 3352 1453 evincunt,
3374 1402 3445 1441 ex
3467 1384 3670 1457 Cyrilli
3696 1401 3827 1440 sen-

2184 1476 2372 1530 tentia
2389 1476 2671 1547 Spiritum
2686 1481 2956 1531 sanctum
2975 1474 3180 1531 eadem
3194 1479 3485 1548 potestate
3499 1480 3559 1530 et
3579 1473 3828 1531 efﬁcaci-

2184 1569 2450 1636 tate,qua
2461 1564 2613 1621 mira
2624 1583 2730 1637 per
2743 1565 3043 1638 apostolos
3057 1564 3587 1632 efﬁciebat,eorum
3600 1579 3831 1636 quoque

2183 1656 2320 1711 ﬁdei
2332 1656 3509 1729 ,constantiaa,patientiaa,etc.,auctorem
3524 1655 3837 1721 esse;insu-

2180 1762 2287 1817 per
2300 1750 2361 1801 et
2388 1746 2790 1801 conversionis
2805 1751 2863 1802 et
2889 1751 3189 1802 rectarum
3204 1746 3640 1801 sententiarum
3657 1744 3836 1800 actio-

430 1848 631 1921 gratiae
662 1846 1069 1918 operationem
1100 1846 1343 1903 deﬁnit:
1365 1862 1485 1901 uno
1508 1844 1812 1910 interiore,
1847 1860 1963 1914 quo
1986 1842 2074 1896 ni-
2104 1867 2154 1933 Β
2182 1851 2467 1906 numque,
2500 1849 2705 1890 eorum
2736 1834 2832 1906 qai
2865 1851 2970 1906 per
2993 1834 3295 1907 apostolos
3316 1832 3831 1891 convertebantnr.

432 1938 652 1992 mirum
682 1936 965 2008 apostolis
989 1936 1237 1991 ﬁrmitas
1254 1940 1312 1990 et
1333 1935 1619 2007 patientia
1641 1933 1930 2005 inspirata
1959 1936 2068 2000 est;

431 2026 617 2081 altero
649 2025 961 2094 exteriore,
995 2026 1057 2080 in
1090 2024 1511 2080 miraculorum
1544 2022 1950 2087 eifectione,ac
1979 2038 2072 2077 re-

432 2114 776 2172 sistentibus
806 2131 987 2171 sacrae
1019 2114 1302 2171 doctrinae
1330 2112 1868 2181 convincendis,vel
1893 2116 2077 2167 exter-

434 2207 639 2263 aendis
660 2225 674 2275 ;
698 2208 870 2262 tertio
901 2206 1157 2277 denique
1178 2205 1466 2261 exteriore
1485 2204 1665 2260 simul
1687 2209 1746 2260 et
1769 2204 2074 2272 interiore,

431 2297 718 2353 nimirum
749 2297 811 2351 in
841 2296 1254 2353 convertendis
1274 2295 1348 2351 ad
1367 2294 1547 2351 ﬁdem
1564 2294 1927 2362 cordibus,et
1948 2310 2043 2349 cre
2059 2324 2074 2334 -

434 2387 704 2442 dentium
717 2385 984 2442 moribus
997 2385 1289 2442 sanctiore
1302 2384 1621 2457 disciplina
1632 2383 2074 2457 componendis.

433 2478 570 2532 Tres
603 2477 738 2531 illos
764 2477 1009 2532 effectus
1038 2476 1374 2547 promiscue
1403 2480 1695 2544 recenset,
1730 2478 1788 2529 et
1815 2473 1888 2529 ad
1919 2489 2081 2527 eam-

438 2567 572 2622 dem
600 2565 787 2622 sancti
807 2565 1059 2637 Spiritus
1074 2566 1395 2621 efﬁcaciter
1415 2565 1717 2637 operantis
1734 2564 2010 2619 virtutem
2025 2569 2086 2618 et

439 2656 735 2711 actionem
774 2654 971 2709 refert.
1005 2657 1199 2710 Pauca
1229 2672 1299 2709 ex
1330 2656 1422 2710 his
1453 2672 1583 2726 qua:
1636 2655 1710 2709 ad
1740 2654 2000 2725 primum
2026 2658 2085 2708 et

438 2745 680 2801 tertium
715 2748 984 2816 spectant
1013 2743 1286 2800 referam.
1324 2744 1504 2799 Docet
1528 2760 1962 2816 nempe.,num.
1993 2746 2081 2812 2i,

435 2835 671 2884 Petrum
694 2834 756 2882 in
783 2834 994 2882 virtute
1009 2834 1267 2895 Spiritus
1286 2834 1470 2882 sancti
1487 2834 1704 2882 stetisse
1724 2838 1858 2905 post
1873 2834 1991 2888 Pen
2003 2837 2085 2887 te-

437 2929 641 2980 costen
671 2939 799 2972 cum
828 2923 1106 2982 undecim,
1137 2931 1188 2971 et
1222 2924 1498 2973 exaltasse
1531 2924 1593 2973 in
1631 2923 1971 2985 fortitudine
2005 2937 2088 2970 ro-

437 3028 570 3071 cem,
602 3028 666 3062 ac
686 3012 943 3074 spiritali
972 3027 1295 3062 sermonum
1323 3013 1433 3062 reti
1452 3013 1678 3062 animas
1712 3019 1797 3060 ter
1824 3012 1985 3062 mille
2013 3026 2089 3059 ce-

427 3102 616 3164 pisse;
649 3109 868 3151 tantam
917 3102 979 3151 in
1011 3102 1091 3151 eis
1145 3103 1395 3165 gratiam
1456 3109 1739 3163 operatam
1768 3116 1899 3159 esse,
1931 3107 1993 3148 ut
2023 3114 2089 3149 ex

437 3191 579 3253 ipsis
606 3193 708 3255 qui
740 3192 1027 3242 Christum
1056 3194 1462 3257 cruciﬁxerant
1499 3191 1672 3241 multi
1700 3191 2001 3247 crederent,
2032 3196 2086 3237 et

427 3289 853 3342 persererarent
900 3281 961 3331 in
991 3280 1249 3331 doctrina
1302 3281 1678 3343 apostolorum
1713 3287 1764 3328 et
1810 3279 2080 3329 orationi-

439 3358 558 3409 bus.
590 3360 663 3409 In
692 3360 877 3410 eadem
908 3363 1121 3411 virtute
1138 3361 1369 3410 Petrum
1396 3370 1446 3410 et
1473 3362 1750 3410 Joannem
1780 3365 1914 3432 post
1929 3360 2084 3416 clau-

438 3449 581 3505 dum
608 3449 681 3505 ad
710 3456 942 3522 portam
966 3451 1169 3523 templi
1192 3450 1787 3517 curatum,spirituali
1816 3450 2083 3499 doctrinm

438 3554 648 3602 sagena
674 3540 927 3603 quinque
953 3540 1132 3590 simul
1157 3540 1495 3590 credentium
1522 3541 1711 3590 millia
1741 3540 2086 3602 comprehen-

438 3629 601 3684 disse.
628 3644 692 3678 ac
720 3645 966 3679 summos
1023 3631 1328 3679 sacerdotes
1362 3632 1624 3694 arguisse
1681 3639 1731 3680 et
1760 3632 2081 3683 convicisse.

443 3720 673 3770 Tantam
696 3735 803 3781 per
832 3736 919 3769 eos
950 3722 1010 3770 in
1046 3722 1119 3771 iis
1147 3722 1250 3785 qui
1278 3721 1627 3771 crediderant
1663 3730 1947 3784 operatam
1974 3736 2088 3770 esse

439 3806 679 3869 spiritus
707 3810 974 3873 gratiam,
1006 3818 1062 3859 ut
1087 3820 1224 3859 esset
1256 3811 1491 3859 illorum
1522 3825 1611 3860 cor
1634 3819 1686 3860 et
1723 3811 1921 3860 anima
1948 3824 2085 3869 una,

438 3913 503 3947 ac
522 3901 887 3960 promiscuus
917 3902 1188 3950 bonorum
1240 3917 1411 3961 usus;
1431 3902 1844 3963 possessoribus
1863 3900 2089 3962 praedia

443 3990 825 4049 vendentibus,
883 4006 948 4041 ac
997 3991 1190 4053 pretia
1247 3992 1509 4055 religiose
1563 3991 1944 4056 oferentibus.
2002 3991 2092 4046 Ad

444 4081 716 4136 eamdem
738 4097 978 4138 causam
999 4082 1198 4152 refert,
1218 4098 1278 4139 ιι.
1301 4083 1391 4151 23,
1413 4081 1558 4145 quod
1585 4080 1860 4143 intrepide
1869 4080 2091 4142 princi-

435 4184 537 4231 pcs
564 4171 907 4219 sacerdotum
942 4179 1319 4233 coarguerunt
1339 4186 1357 4220 :
1386 4178 1437 4219 et
1465 4170 1593 4219 ctesi
1642 4170 1969 4233 verberibus,
2005 4173 2100 4221 ab-

447 4260 593 4308 irent
620 4259 944 4322 gaudentes,
985 4274 1084 4308 nec
1137 4259 1325 4309 docere
1352 4274 1417 4308 ac
1469 4258 1758 4308 Christum
1779 4261 2095 4322 prwdicare

448 4359 742 4401 cessarent.
803 4352 881 4406 De
912 4350 1095 4406 Paulo
1144 4351 1246 4420 ait,
1289 4368 1454 4406 num.
1507 4353 1596 4420 26,
1630 4351 1914 4412 Spiritum
1971 4368 2097 4401 san-

448 4448 598 4490 ctum
631 4441 687 4489 in
723 4456 785 4490 eo
815 4448 1125 4502 operatum,
1162 4456 1397 4505 eumque
1431 4456 1557 4490 cum
1604 4451 1929 4503 persecutor
1955 4443 2094 4492 olim

446 4531 669 4592 fuisset,
716 4546 1033 4593 prceconem
1063 4539 1114 4580 et
1161 4545 1384 4579 servum
1415 4532 1620 4580 bonum
1672 4532 1918 4596 eiecisse
1940 4549 1956 4582 :
1985 4532 2091 4588 Τόν

2254 1926 2342 1979 54.
2378 1925 2449 1979 Ut
2481 1929 2682 1979 tamen
2712 1924 2967 1996 Cyrillus
2999 1941 3106 1981 sua
3125 1925 3353 1998 gratias,
3384 1924 3472 1981 ita
3493 1930 3553 1979 et
3580 1924 3833 1978 humano

2174 2013 2421 2069 arbitrio
2454 2030 2561 2069 sua
2596 2014 2738 2086 jura
2792 2015 3060 2081 servavit,
3122 2014 3503 2087 agnovitque,
3562 2010 3822 2085 quamvis

2176 2102 2401 2175 potenti
2414 2101 2603 2175 gratia
2622 2108 2985 2174 praeventum
3002 2103 3432 2172 hominem,sui
3448 2107 3648 2158 tamen
3660 2106 3819 2158 actus

2177 2191 2487 2247 domlnum
2510 2209 2660 2263 esse,
2683 2194 2880 2265 gratia:
2903 2193 3089 2249 libere
3110 2193 3492 2262 assentiri,ac
3513 2193 3824 2248 dissentire

2178 2278 2555 2350 quandoque.
2580 2278 2781 2335 Fidem
2796 2280 2898 2335 Dei
2931 2279 3153 2336 donum
3172 2296 3302 2336 esse
3325 2296 3467 2335 cum
3487 2282 3826 2336 constanter

2181 2366 2408 2432 doceat,
2434 2384 2468 2423 a
2487 2367 2661 2424 nobis
2683 2372 2883 2425 tamen
2905 2368 3165 2441 pendere
3188 2369 3290 2438 ait,
3314 2373 3430 2426 cat.
3458 2373 3512 2438 5,
3530 2385 3694 2426 num.
3712 2366 3746 2420 9
3774 2370 3843 2425 et.

2184 2458 2463 2512 ll.Deum
2486 2458 2795 2514 exinﬁdeli
2812 2458 3048 2514 ﬁdelem
3064 2458 3300 2515 efﬁcere
3322 2475 3502 2531 posse
3518 2475 3586 2515 ea
3597 2457 3826 2514 demum

2181 2545 2308 2619 lege
2342 2551 2400 2601 et
2428 2546 2768 2603 conditione
2796 2548 3064 2603 decernit
3093 2553 3316 2620 procat.
3352 2565 3412 2602 ιι.
3465 2552 3552 2617 17,
3583 2549 3630 2604 si
3674 2546 3825 2602 modo

2184 2655 2277 2694 cor
2306 2639 2394 2693 illi
2414 2639 2739 2709 praebuerit.
2774 2639 2943 2694 Pium
2971 2638 3269 2694 latronem
3290 2637 3681 2711 praevenienti
3709 2653 3829 2711 gra-

2184 2729 2279 2784 tiae
2312 2745 2672 2785 consensum
2698 2728 2992 2802 denegare
3023 2729 3309 2801 potuisse,
3343 2730 3444 2786 his
3468 2747 3597 2802 qua:
3619 2726 3825 2784 Christi

2187 2818 2250 2872 in
2282 2835 2383 2873 ore
2412 2818 2583 2890 ponit
2611 2817 2804 2873 verbis
2853 2818 3078 2875 indicat
3134 2824 3246 2876 cat.
3282 2821 3368 2889 13,
3435 2836 3497 2876 ιι.
3529 2822 3590 2875 31
3622 2814 3826 2874 εΗοάἰε

2184 2922 2401 2956 mecum
2431 2907 2546 2955 eris
2575 2908 2638 2956 in
2660 2907 2948 2969 paradiso,
2991 2907 3457 2971 quandoquidem
3490 2908 3645 2958 hodie
3672 2905 3828 2955 audi-

2186 2997 2316 3046 visti
2345 3011 2525 3046 vocem
2553 3011 2751 3057 meam,
2783 3004 2834 3045 et
2862 3012 2975 3046 non
3004 2996 3296 3046 obdurasti
3326 3012 3422 3046 cor
3457 3006 3636 3053 tuum.
3657 2994 3827 3052 Paulo

2188 3092 2324 3144 ante
2340 3086 2493 3158 regis
2514 3087 2645 3160 Agri
2652 3104 2783 3159 ppze
2802 3087 3141 3159 exemplum
3173 3086 3498 3144 retulimus
3521 3105 3589 3144 ex
3611 3091 3718 3143 cat.
3744 3086 3824 3151 17,

2191 3193 2251 3231 ιι.
2286 3178 2374 3243 31,
2407 3176 2509 3249 qui
2539 3181 2821 3248 operante
2854 3194 2958 3248 per
2989 3177 3237 3232 Paulum
3293 3178 3540 3234 victrice
3593 3176 3827 3249 Spiritus

2193 3268 2382 3325 sancti
2412 3270 2600 3340 gratia
2629 3286 2696 3325 eo
2727 3286 2915 3342 usque
2944 3275 3249 3343 permotus
3280 3275 3389 3342 est,
3425 3277 3495 3327 ut
3523 3288 3648 3328 sese
3685 3284 3826 3342 pene

2187 3361 2261 3418 ad
2275 3361 3110 3433 suscipiendamChristianam
3124 3362 3412 3436 religione
3422 3382 3481 3420 ιιι
3494 3376 3826 3438 persuasum

2187 3452 2475 3507 fateretur
2497 3451 2629 3523 ;qui
2648 3456 2846 3507 tamen
2865 3451 2927 3507 in
2948 3452 3130 3508 veteri
3148 3452 3548 3510 obduratione
3564 3466 3824 3526 perman-

2190 3544 2285 3599 sit.
2320 3543 2533 3599 Statuit
2562 3549 2674 3599 cat.
2709 3546 2765 3614 4,
2798 3561 2859 3599 n.
2892 3547 2982 3612 2i,
3014 3543 3264 3600 liberam
3316 3550 3376 3600 et
3408 3547 3504 3602 sui
3527 3545 3678 3618 juris
3705 3542 3823 3599 ani-

2190 3649 2348 3689 mam
2367 3650 2519 3700 esse;
2541 3633 2844 3690 diabolum
2865 3650 3177 3706 suggerere
3199 3632 3449 3706 quidem
3470 3651 3659 3707 posse,
3677 3629 3825 3689 haud

2192 3728 2392 3780 tamen
2421 3729 2636 3796 prieter
2652 3723 3014 3779 voluntatem
3033 3740 3261 3797 cogere;
3286 3725 3695 3799 suggestiones
3706 3722 3826 3793 ejus

2194 3829 2229 3869 a
2256 3813 2430 3868 nobis
2450 3811 2683 3868 admitti
2712 3813 2761 3868 si
2791 3811 3123 3879 velimus,si
3153 3812 3425 3869 nolimus
3441 3830 3559 3870 non
3577 3811 3825 3877 admitti;

2196 3902 2243 3958 si
2277 3902 2711 3958 exnecessitate
2742 3906 3050 3973 peccatum
3081 3898 3825 3969 committeretur,nullade

2197 4008 2375 4050 causa
2394 3992 2726 4064 gehennam
2748 4008 2783 4046 a
2804 3992 2921 4047 Deo
2941 3996 3333 4063 praeparatam
3357 4008 3514 4062 esse;
3538 3993 3584 4048 si
3605 3996 3823 4056 natura,

2197 4098 2317 4138 non
2350 4081 2594 4138 arbitrio
2610 4085 2771 4137 recta
2800 4080 3342 4149 faceremus,Deum
3359 4082 3661 4140 incassum
3682 4094 3832 4137 coro-

2198 4189 2307 4228 nas
2339 4169 2671 4226 ineffabiles
2687 4185 3004 4242 apparasse
3029 4188 3043 4237 ;
3068 4170 3301 4226 nullum
3331 4173 3424 4228 ovi
3448 4165 3832 4230 mansuetudi-

2199 4262 2295 4319 nis
2326 4261 2637 4335 prasmium
2669 4278 2819 4327 esse,
2852 4262 3164 4333 quiaquod
3186 4269 3501 4321 mansueta
3520 4265 3612 4332 sit,
3639 4276 3754 4318 non
3774 4255 3830 4313 id

2202 4369 2273 4408 ex
2296 4351 2481 4407 animi
2512 4350 2833 4422 voluntate,
2867 4351 2969 4407 sed
2999 4368 3069 4406 ex
3099 4357 3313 4409 natura
3332 4353 3566 4411 habeat.
3599 4354 3676 4408 Ex
3706 4347 3830 4421 qui-

2200 4440 2311 4496 bus
2333 4440 2448 4496 duo
2470 4444 2938 4511 consequuntur:
2961 4439 3153 4512 primo
3168 4440 3230 4496 in
3251 4441 3366 4499 hoc
3386 4449 3611 4500 naturai
3624 4443 3829 4497 nostrai

2203 4537 2381 4601 statu,
2415 4547 2660 4604 peccare
2679 4548 2788 4586 nos
2811 4531 2899 4587 vel
2912 4538 3074 4587 recta
3095 4531 3290 4589 facere
3310 4534 3501 4591 libero
3517 4534 3686 4607 plane
3704 4544 3829 4587 cum

450 4639 584 4674 ποτε
614 4616 876 4690 διώκτην,
902 4620 1115 4690 κήρυκα
1170 4617 1261 4673 καὶ
1321 4615 1518 4675 δοῦλον
1576 4619 1771 4695 ἀγαθὸν
1830 4620 2087 4697 ἀπειργά-

2195 4621 2440 4679 arbitrio
2473 4625 2649 4692 atque
2680 4620 3019 4692 oppositum
3039 4605 3831 4695 agendipotestatemincquc

450 4725 601 4779 cato,
634 4709 735 4779 qui
758 4708 920 4765 mille
942 4710 1175 4766 labores
1197 4709 1460 4781 pertulit.
1480 4712 2090 4782 Enumerat,num.30,

451 4796 615 4853 Pauli
635 4796 891 4866 labores,
914 4800 1256 4865 conciones,
1279 4800 1629 4872 patentiam,
1655 4818 1786 4874 quas
1817 4807 1986 4858 vocat
2006 4803 2097 4852 ad-

450 4886 718 4936 miranda
737 4886 864 4947 ejus
892 4903 961 4937 ex
979 4890 1238 4951 Spiritus
1272 4891 1458 4940 sancti
1476 4892 2099 4957 operationegataﬂdc

451 4972 510 5029 ἐκ
553 4980 653 5044 τῆς
711 4971 976 5051 ἐνεργείας
1033 4981 1130 5031 τοῦ
1188 4977 1342 5053 ἁγίου
1403 4977 1716 5054 Πνεύματος
1762 4981 2097 5055 θαυμασίους

454 5063 623 5120 αὐτοῦ
651 5063 888 5138 πράξεις.
920 5068 1081 5123 Inter
1109 5085 1209 5125 eas
1242 5069 1397 5126 hanc
1427 5076 1738 5128 numerat:
1793 5071 1976 5122 Tanta
2000 5088 2103 5122 su-

440 5167 550 5216 per
577 5170 637 5204 eo
662 5156 855 5219 gratia
882 5155 1141 5217 Spiritus
1174 5165 1311 5217 erat,
1364 5168 1427 5207 ut
1456 5176 1566 5209 non
1605 5162 1790 5211 solum
1819 5169 2101 5212 contactus

451 5242 640 5307 ipsius
683 5245 983 5295 sanitatem
1040 5246 1369 5311 impertiret,
1406 5265 1601 5300 verum
1649 5253 1818 5302 etiam
1855 5253 2040 5303 delata
2068 5267 2106 5303 a

454 5336 811 5412 [CLXXXVI]
843 5350 1009 5386 carne
1040 5337 1167 5397 ejus
1198 5339 1435 5389 sudaria
1460 5349 1511 5390 et
1570 5342 1917 5394 semicinctia
1956 5360 2105 5394 mor-

457 5426 547 5476 bos
579 5434 858 5476 curarent.
894 5426 1043 5479 Quin
1085 5434 1134 5475 et
1163 5426 1208 5479 ii
1251 5429 1355 5493 qui
1388 5431 1624 5481 curiosas
1653 5442 1803 5482 artes
1858 5449 2107 5485 exercue-

459 5525 612 5575 rant,
644 5523 1051 5578 comportantes
1080 5517 1254 5566 libros
1274 5533 1458 5569 coram
1487 5522 1746 5572 omnibus
1769 5534 2071 5575 exurerent
2088 5542 2107 5577 .'

459 5609 573 5667 hoc
603 5608 689 5664 uti
719 5607 915 5681 majus
944 5606 1128 5679 priori
1158 5608 1513 5665 miraculum
1540 5611 1736 5668 habet.
1774 5614 1891 5686 Ait,
1923 5632 1983 5672 ιι.
2016 5618 2104 5686 31,

458 5714 527 5753 ea:
586 5698 844 5767 Spiritus
896 5697 1083 5750 sancti
1136 5697 1347 5750 virtuts
1403 5699 1591 5762 ipsum
1648 5700 2106 5769 Hierosolymam,

2202 4711 2481 4767 meritum
2505 4714 2777 4766 nostrum
2790 4710 2886 4766 vel
2907 4716 3117 4767 contra
3128 4711 3509 4785 demeritum,
3536 4718 3602 4769 ut
3614 4711 3834 4773 vocant,

2202 4798 2520 4873 proﬁcisci.
2545 4798 2838 4867 Secundo,
2858 4798 2919 4855 in
2949 4799 3159 4857 eodem
3182 4805 3339 4857 statu
3361 4802 3410 4858 si
3433 4808 3647 4859 natura
3662 4805 3719 4857 et
3739 4814 3837 4854 caa-

2206 4907 2274 4947 co
2293 4888 2551 4962 quodam
2576 4889 2887 4945 brutarum
2908 4890 3311 4947 animantium
3335 4893 3526 4948 instar
3543 4892 3834 4954 instinctu,

2207 4979 2280 5036 ad
2310 4978 2536 5035 malum
2564 4977 2655 5033 vel
2683 4979 2757 5034 ad
2784 4978 3012 5035 bonum
3041 4996 3405 5053 cogeremur,
3436 4980 3667 5037 nullum
3685 4974 3834 5034 laudi

2206 5069 2299 5126 vel
2331 5068 2622 5141 supplicio
2652 5067 2918 5124 futurum
2949 5068 3166 5127 locum.
3187 5070 3319 5127 Alia
3347 5088 3443 5128 res
3459 5076 3569 5140 est,
3599 5071 3644 5127 si
3667 5068 3736 5125 de
3754 5064 3834 5121 al-

2210 5167 2337 5218 tero
2370 5158 2629 5232 quodam
2661 5163 2817 5214 statu
2850 5175 3046 5215 sermo
3070 5165 3245 5232 esset,
3279 5161 3341 5217 in
3373 5177 3489 5234 quo
3516 5177 3635 5217 non
3655 5175 3723 5215 ex
3740 5172 3838 5212 caa—

2212 5267 2279 5308 co
2310 5255 2537 5305 naturas
2569 5249 2880 5316 instinctu,
2939 5248 3133 5320 qualis
3190 5249 3294 5306 ille
3351 5256 3441 5306 est
3470 5267 3583 5322 quo
3641 5259 3834 5304 omnes

2211 5339 2369 5396 beati
2400 5355 2528 5395 esse
2570 5337 2882 5408 volumus;
2916 5336 3020 5393 sed
3073 5355 3144 5393 ex
3175 5340 3603 5411 perfectissima
3651 5332 3837 5407 cogni-

2213 5430 2374 5485 tione
2402 5427 2855 5499 rectissimaque
2910 5426 3236 5498 voluntate,
3285 5428 3478 5503 qualis
3535 5428 3595 5484 in
3622 5426 3836 5483 Christo

2213 5519 2346 5589 fuit,
2379 5524 2439 5572 et
2467 5517 2528 5573 in
2559 5516 2784 5591 angelis
2815 5522 2992 5589 atque
3015 5517 3078 5572 in
3109 5517 3301 5574 beatis
3319 5523 3427 5588 est,
3445 5523 3605 5573 recta
3632 5514 3838 5570 faceret

2214 5606 2598 5684 [CLXXXVII]
2629 5606 2828 5663 homo.
2872 5608 3041 5674 Nam,
3073 5606 3121 5662 si
3166 5608 3224 5663 in
3257 5608 3361 5664 illo
3389 5605 3546 5661 felici
3577 5609 3725 5661 statu
3751 5601 3836 5657 lo-

2219 5715 2354 5756 cum
2379 5698 2590 5753 merito
2603 5696 2797 5753 facere
2818 5697 2996 5754 vellet
3015 5698 3188 5769 Deus,
3222 5696 3365 5772 quid
3393 5694 3699 5768 prohibeat
3725 5706 3836 5749 non
