4108 6270
279 361 394 420 225

1648 344 2160 409 DlSSER'l‘ATIO
2204 349 2313 410 IIl.

3571 350 3690 415 226

275 492 562 564 intelligo.
597 492 670 544 Et
698 493 863 545 certe
892 488 957 544 in
987 491 1123 544 actu
1155 487 1376 542 amoris
1405 482 1638 558 paterni
1668 481 1939 536 libertate
1973 482 2019 546 Α
2055 480 2217 537 ciens
2250 482 2441 537 solum
2455 483 2557 538 sed
2589 483 3347 555 super-abundantissimum
3379 504 3486 544 sua
3508 494 3697 546 morte

277 582 506 657 proprie
538 580 702 635 dicta
727 596 853 635 non
873 577 986 633 fuit
1004 576 1157 632 liber
1177 572 1692 644 Christus,meruit
1707 576 1925 626 tamen.

281 675 391 729 Nec
418 671 704 727 adversus
735 668 988 741 gratiam
1019 684 1124 739 per
1154 683 1216 722 se
1236 665 1536 721 efﬁcacem
1552 660 1769 733 opponi
1795 675 1928 731 pos-

284 767 416 818 sunt
441 759 748 830 descripta
760 758 1036 829 superius
1059 755 1260 827 Cyrilli
1282 753 1353 809 de
1378 753 1649 807 libertate
1667 749 1927 816 decreta,

289 868 412 924 quae
442 865 652 905 omnes
680 849 863 919 hujus
893 847 1094 919 gratia;
1133 844 1476 900 defensores
1525 858 1594 896 ex
1627 844 1788 896 certa
1816 837 1931 893 ﬁde

288 941 807 1012 amplectuntur,et
835 937 1115 992 adversus
1147 934 1460 990 haereticos
1482 929 1704 986 fervide
1734 928 1934 983 defen-

283 1033 439 1088 dunt.
474 1030 693 1086 Gratiae
726 1027 1144 1084 efﬁcacitatem
1195 1025 1450 1096 Cyrillus
1485 1023 1546 1078 in
1595 1021 1724 1093 ejus
1755 1037 1934 1091 supra

278 1121 617 1193 cupiditatis
633 1118 1046 1174 resistentiam
1064 1113 1610 1188 superabundantia
1624 1109 1932 1182 reposuis-

279 1211 886 1267 sevidetur.Namcat.
915 1209 1002 1273 10,
1028 1222 1088 1260 n.
1114 1209 1480 1275 t7,queerens
1499 1219 1608 1273 qua
1636 1203 1838 1255 virtute
1861 1198 1938 1253 sit

276 1301 521 1366 factum,
556 1304 621 1353 ut
652 1297 875 1353 Paulus
902 1296 1003 1367 qui
1036 1294 1110 1350 ad
1140 1291 1632 1366 persequendum
1666 1305 1935 1362 egressus

275 1396 416 1459 erat,
450 1394 588 1462 post
615 1387 884 1442 triduum
944 1385 1208 1440 Damasci
1263 1399 1456 1455 praeco
1490 1382 1648 1436 visus
1703 1379 1801 1447 sit,
1835 1378 1936 1432 ille

274 1487 407 1536 ante
437 1482 829 1552 persecutor;
866 1480 997 1548 post
1033 1475 1240 1542 multa,
1277 1473 1351 1530 ad
1403 1473 1585 1527 ﬁnem
1629 1488 1688 1526 n.
1726 1472 1810 1537 18,
1843 1485 1939 1523 re—

273 1569 640 1643 spondethis
663 1568 830 1623 Pauli
855 1566 1042 1638 ipsius
1065 1565 1280 1633 verbis,
1309 1562 1776 1634 superabundavit
1805 1576 1936 1630 gra-

280 1663 357 1715 tia
388 1661 488 1715 Dei
516 1662 578 1714 in
610 1675 694 1713 me
716 1655 783 1711 2‘.
806 1659 944 1722 Quae
977 1655 1188 1711 divinae
1219 1655 1421 1727 gratiae
1456 1649 1939 1723 superabunban-

279 1751 352 1806 tia
385 1750 434 1805 si
472 1749 748 1822 Agrippae
798 1745 941 1818 regi,
991 1761 1111 1800 non
1143 1745 1330 1817 magis
1361 1742 1604 1815 indigno
1655 1745 1711 1795 et
1742 1740 1939 1794 minus

278 1840 598 1895 adversum
621 1835 836 1892 Christi
861 1834 1210 1907 religionem
1233 1832 1454 1888 fervido
1475 1830 1691 1886 collata
1705 1829 1936 1893 fuisset,

281 1930 439 1985 haud
473 1928 657 1983 dubie
690 1925 1090 1981 resistentiam
1113 1925 1244 1996 ejus
1273 1921 1673 1994 perfregisset.
1706 1920 1829 1974 Cat.
1859 1922 1946 1980 12,

285 2038 340 2076 n.
387 2023 478 2087 15,
515 2034 655 2072 cum
686 2021 954 2072 notasset
983 2014 1284 2070 diabolum
1317 2013 1513 2068 carnis
1544 2011 1948 2066 instrumento

286 2109 358 2166 ad
377 2125 492 2164 nos
519 2106 913 2162 debellandos
935 2106 1021 2160 uti
1049 2102 1497 2173 solitum,idque
1521 2100 1832 2173 probasset
1857 2098 1950 2153 his

295 2198 459 2255 Pauli
490 2196 690 2251 verbis
717 2212 729 2250 :
771 2195 938 2244 Video
971 2194 1148 2243 aliam
1180 2194 1357 2255 legem
1405 2192 1467 2240 in
1500 2191 1766 2240 membris
1796 2189 1952 2237 mili-

290 2297 500 2339 tantem
534 2287 834 2336 adversum
867 2285 1042 2347 legem
1071 2283 1276 2332 mentis
1305 2297 1440 2331 meae
1474 2282 1533 2341 ³⁸,
1569 2286 1704 2350 etc.,
1740 2280 1824 2335 ait
1852 2279 1950 2333 id-

295 2379 447 2435 circo
508 2377 814 2433 Christum
849 2391 1089 2430 carnem
1144 2378 1410 2429 nostram
1442 2369 1855 2442 assumpsisse,
1887 2364 1954 2422 ut

293 2469 507 2540 quibus
541 2483 651 2521 nos
669 2464 943 2521 diabolus
964 2462 1301 2518 debellabat
1323 2465 1380 2516 et
1409 2460 1728 2532 superabat
1747 2457 1949 2514 armis,

290 2558 502 2614 iisdem
536 2556 681 2612 salvi
717 2557 1036 2610 ﬁeremus:
1068 2569 1199 2608 cum
1234 2554 1285 2606 ei
1315 2551 1478 2607 carni
1508 2567 1640 2620 quea
1675 2550 1952 2617 defectum

289 2655 347 2704 et
375 2647 785 2702 inﬁrmitatem
819 2643 1173 2716 patiebatur,
1218 2642 1492 2711 majorem
1521 2640 1783 2693 Dominus
1831 2653 1952 2691 sum

293 2736 724 2792 incarnationis
755 2734 968 2788 merito
1017 2735 1292 2800 conferret
1334 2731 1576 2799 gratiam
1605 2748 1619 2794 ;
1662 2732 1720 2782 et
1748 2726 1954 2786 addit:

296 2827 394 2876 Ubi
422 2826 577 2875 enim
609 2822 922 2873 abundavit
931 2829 1225 2883 peccatum
1245 2817 1728 2880 superabundavit
1758 2824 1806 2863 et
1821 2830 1955 2877 gra-

297 2917 372 2965 tia
402 2916 465 2971 εδ.
495 2916 678 2988 Cujus
703 2913 1016 2969 sententias
1045 2912 1130 2966 vis
1163 2915 1251 2966 est
1271 2927 1282 2964 :
1301 2925 1431 2964 cum
1466 2905 1798 2963 resistendo
1817 2922 1954 2961 con-

306 3005 687 3078 cupiscentia:
719 3004 973 3059 salutem
1003 3000 1445 3072 consequimur,
1479 2999 1539 3053 id
1582 2996 1955 3070 superabun-

302 3096 462 3150 danti
525 3094 730 3168 gratia:
764 3091 1193 3148 abundantiam
1251 3088 1594 3160 cupiditatis
1643 3092 1699 3141 et
1730 3087 1955 3158 peccati

300 3185 608 3257 superanti
638 3182 863 3237 deberi.
897 3181 1120 3246 Quibus
1155 3179 1363 3250 positis
1392 3178 1565 3233 facile
1597 3182 1687 3232 est
1725 3176 1945 3231 intelli-

300 3292 455 3348 gere,
481 3273 786 3346 quomodo
813 3288 946 3327 cum
967 3270 1262 3326 inﬁrmior
1285 3269 1472 3341 gratia
1491 3284 1625 3324 cum
1649 3267 1950 3322 abundan-

303 3365 437 3419 tiori
461 3362 843 3419 etfervidiori
874 3360 1195 3432 cupiditate
1228 3358 1514 3430 conﬂigit,
1551 3362 1758 3428 sponte
1786 3372 1854 3410 ac
1882 3355 1953 3409 li-

309 3455 448 3510 bere
481 3468 842 3509 consensum
893 3465 1066 3504 suum
1097 3449 1297 3520 gratiae
1329 3448 1579 3519 deneget
1634 3447 1835 3515 homo,
1868 3449 1955 3513 ut,

309 3544 470 3599 verbi
492 3542 702 3615 gratia,
747 3543 1110 3596 memoratus
1141 3555 1244 3592 rex
1268 3537 1559 3609 Agrippa:
1593 3552 1727 3591 cum
1759 3540 1957 3590 autem

304 3634 496 3707 gratia
520 3618 792 3702 superior
820 3629 1110 3700 majorem
1137 3643 1257 3682 non
1280 3624 1673 3680 dissentiendi
1697 3624 1961 3679 volunta-

307 3731 428 3780 tem
461 3721 734 3794 inspirat,
774 3721 948 3775 homo
980 3719 1183 3792 gratim
1216 3717 1404 3772 libere
1435 3721 1493 3770 et
1525 3720 1734 3786 sponte
1764 3731 1963 3770 assen-

307 3817 510 3883 tiatur,
546 3813 864 3869 dissentire
921 3828 1056 3867 cum
1087 3809 1273 3882 possit
1305 3813 1365 3863 et
1409 3823 1584 3879 posse
1630 3822 1692 3860 se
1724 3806 1960 3870 sentiat,

309 3906 412 3962 sed
445 3904 620 3972 nolit,
654 3908 720 3957 ut
751 3902 885 3973 pius
914 3901 1064 3956 latro
1097 3905 1156 3955 et
1185 3898 1422 3954 Paulus.

499 4041 579 4087 De
612 4037 808 4100 gratiae
836 4034 1229 4084 distributione
1259 4040 1357 4081 aut
1385 4032 1780 4081 subtractione.

384 4167 476 4222 55.
514 4163 694 4219 Multa
723 4179 758 4218 a
788 4164 902 4218 Deo
934 4162 1194 4217 humano
1225 4161 1424 4234 generi
1465 4158 1681 4214 collata
1724 4162 1969 4214 externa

313 4253 689 4328 etgeneralia
709 4251 784 4308 ad
807 4251 1057 4306 salutem
1081 4249 1506 4320 capessendam
1520 4247 1740 4304 auxilia
1759 4263 1966 4302 recen-

319 4351 407 4400 set
435 4343 717 4415 Cyrillus,
750 4357 1004 4413 quorum
1031 4340 1149 4396 alia
1178 4339 1253 4394 ad
1284 4355 1490 4394 omnes
1521 4338 1741 4409 passim
1774 4336 1968 4393 homi-

323 4452 450 4504 nes,
485 4433 724 4488 adultos
757 4430 1049 4502 intelligo,
1081 4428 1201 4484 alia
1245 4426 1318 4483 ad
1359 4426 1586 4493 ﬁdeles,
1632 4427 1867 4498 aliaque
1897 4427 1972 4482 ad

2045 571 2413 640 persolvit,et
2429 573 2578 627 iram
2602 572 2703 628 Dei
2724 573 3089 644 placavit.lta
3112 574 3286 645 hujus
3309 578 3532 632 catech.
3551 595 3612 632 n.
3628 581 3693 634 33

2046 664 2104 713 et
2137 663 2189 713 2.
2252 661 2542 728 Secundo,
2604 662 2761 733 quod
2820 662 2881 716 in
2934 661 3074 716 orbe
3116 667 3234 717 toto
3292 665 3691 736 [CLXXXVIII]

2046 749 2399 821 ignorantiae
2420 751 2575 807 fame
2600 757 2658 806 et
2679 757 2851 806 nocte
2874 768 3109 823 pressos
3133 752 3363 808 satiavit
3384 760 3441 809 et
3471 755 3694 812 illumi-

2046 844 2226 911 navit,
2278 849 2654 914 peccatorum
2713 846 2939 900 catenis
2987 847 3339 902 constrictos
3398 848 3595 917 solvit,
3637 856 3696 907 et

2047 933 2306 1006 peccatis
2341 926 2607 990 mortuos
2658 935 2789 990 vita)
2828 935 3120 990 reddidit:
3154 937 3236 992 ita
3289 953 3454 993 num.
3492 943 3514 992 1
3552 947 3611 994 et
3639 944 3692 995 2.

2049 1022 2115 1076 In
2139 1021 2249 1076 hoc
2281 1038 2458 1077 sensu
2477 1039 2595 1077 non
2629 1023 3048 1078 sufﬁcientiam
3072 1025 3268 1094 pretii,
3305 1025 3406 1081 sed
3428 1028 3694 1098 ejusdem

2049 1113 2512 1184 applicationem
2530 1120 2756 1185 spectat
2779 1133 2792 1181 ;
2813 1131 2993 1185 quam
3015 1115 3076 1170 in
3098 1115 3361 1172 Ecclesia
3383 1135 3488 1188 per
3510 1123 3696 1175 totum

2050 1202 2254 1257 orbem
2285 1202 2415 1258 fusa
2444 1220 2510 1258 ac
2533 1203 2914 1259 credentibus
2935 1205 2996 1260 in
3025 1205 3329 1261 Christum
3357 1208 3694 1277 concludit;

2052 1308 2200 1362 quos
2231 1293 2555 1348 catechesis
2589 1293 2880 1364 ejusdem,
2907 1311 2966 1348 n.
2993 1295 3079 1362 40,
3114 1300 3281 1351 vocat
3298 1298 3568 1346 mundum
3591 1313 3700 1346 ονε-

2051 1380 2305 1429 dentium
2364 1381 2426 1429 in
2483 1383 2822 1446 cruciﬁxum
2857 1383 3173 1440 hominum,
3233 1387 3447 1455 Tertio,
3504 1389 3701 1458 quoad

2053 1471 2205 1526 hanc
2235 1472 2408 1542 pretii
2439 1472 2646 1528 mortis
2706 1473 2919 1528 Christi
2948 1475 3406 1545 applicationem
3439 1494 3544 1548 per
3595 1478 3698 1534 ba-

2053 1562 2336 1634 ptismum
2369 1567 2427 1617 et
2454 1563 2849 1618 Christianam
2880 1564 3080 1631 ﬁdem,
3105 1582 3314 1619 omnes
3337 1567 3409 1620 ad
3434 1585 3582 1638 quos
3598 1568 3701 1623 Dei

2052 1652 2298 1708 verbum
2356 1653 2777 1724 praedicatione
2837 1654 3246 1708 ministrorum
3305 1655 3584 1725 defertur,
3626 1658 3700 1712 ad

2053 1742 2300 1816 gratiam
2333 1742 2523 1798 vocari
2553 1747 2610 1796 et
2634 1743 2866 1797 invitari
2899 1743 3001 1800 ait.
3035 1745 3157 1798 Cat.
3198 1748 3244 1808 1,
3278 1761 3336 1799 n.
3366 1746 3414 1809 1,
3449 1745 3534 1793 Ad
3574 1746 3703 1794 red-

2055 1830 2386 1890 emptionem
2449 1839 2686 1878 vestram
2730 1830 3138 1890 paratissimus
3167 1831 3316 1880 adest
3369 1833 3702 1895 unigenitus

2059 1919 2162 1967 Dei
2190 1919 2378 1967 Filius
2401 1935 2418 1967 .·
2450 1937 2476 1963 α
2544 1919 2751 1975 Venite,
2791 1919 3064 1982 inquiens,
3099 1935 3289 1969 omnes
3333 1923 3435 1984 qui
3482 1923 3702 1971 labora-

2060 2009 2132 2058 tis
2155 2009 2220 2080 Π,
2237 2031 2265 2060 ››
2289 2014 2398 2066 etc.
2427 2026 2440 2063 :
2465 2014 2576 2065 cat.
2602 2012 2654 2079 3,
2678 2026 2843 2066 num,
2873 2014 2924 2078 2,
2951 2009 3196 2075 Sponsus
3226 2027 3413 2061 omnes
3443 2015 3564 2063 sine
3584 2015 3705 2064 dis-

2061 2099 2300 2148 crimine
2326 2106 2492 2156 vocat,
2529 2099 2797 2162 quoniam
2830 2100 3083 2149 liberalis
3112 2109 3163 2148 et
3193 2103 3355 2164 larga
3386 2111 3465 2151 est
3491 2107 3702 2167 gratia,

2061 2199 2110 2239 et
2137 2192 2258 2240 alta
2277 2206 2596 2252 prwconum
2627 2206 2749 2240 voce
2780 2207 2968 2255 omnes
3016 2193 3369 2254 colliguntur
3388 2212 3405 2254 ,-
3436 2195 3552 2257 ipse
3581 2213 3706 2246 vero

2059 2282 2310 2345 deinceps
2337 2281 2602 2331 disseruit
2641 2297 2726 2330 eos
2775 2282 2878 2346 qui
2909 2283 2962 2330 in
3013 2283 3242 2344 nuptias
3273 2285 3701 2347 ingrediuntur.

2061 2371 2394 2441 Nuptialem
2424 2371 2701 2426 videlicet
2730 2377 2789 2426 et
2817 2372 3131 2427 candidam
3162 2379 3384 2429 vestem
3423 2377 3703 2447 postulat,

2061 2459 2173 2514 hoc
2203 2465 2293 2516 est
2324 2477 2422 2514 eos
2455 2460 2638 2515 animi
2670 2461 2934 2527 virtutes,
2969 2478 3112 2532 quas
3145 2479 3279 2517 cum
3301 2464 3570 2520 conferre
3601 2467 3704 2521 Dei

2062 2549 2534 2617 sit,auditoribus
2557 2550 2678 2604 suis
2699 2551 2951 2622 Cyrillus
2985 2557 3104 2606 toto
3124 2553 3510 2609 catecheseon
3529 2573 3705 2626 opere

2061 2645 2413 2711 apprecatur
2441 2657 2474 2694 a
2500 2641 2638 2694 Deo.
2671 2640 2850 2695 Justis
2882 2646 3188 2713 praeterea,
3211 2643 3474 2712 quandiu
3504 2663 3706 2716 perse-

2061 2734 2268 2785 verant
2297 2729 2357 2783 in
2382 2729 2638 2801 justitia,
2696 2729 2867 2784 docet
2923 2731 3129 2786 adesse
3160 2732 3392 2801 vigilem
3455 2735 3704 2804 Spiritus

2062 2820 2248 2875 sancti
2278 2819 2608 2874 custodiam
2662 2825 2720 2875 et
2754 2821 3086 2887 tuitionem,
3146 2827 3260 2877 cat.
3297 2827 3380 2890 17,
3415 2841 3579 2878 num.
3615 2827 3703 2892 37,

2065 2927 2240 2982 quem
2299 2911 2686 2965 sacramentis
2745 2909 3082 2964 chrismatis
3135 2913 3407 2967 effectum
3463 2929 3590 2968 esse
3623 2915 3706 2969 ait

2064 3003 2174 3054 cat.
2209 3002 2295 3065 21,
2328 3015 2389 3053 n.
2423 3003 2474 3051 7.
2531 2998 2824 3069 Additque
2856 2999 3032 3053 citato
3077 3001 3404 3055 catechesis
3440 3004 3501 3054 17
3533 3002 3704 3058 loco:

2061 3091 2319 3138 Daturus
2341 3098 2422 3138 est
2469 3088 2573 3138 tibi
2618 3091 2801 3138 omnis
2833 3091 3055 3152 generis
3082 3093 3406 3153 gratiarum
3457 3092 3618 3149 dona,
3661 3092 3711 3141 si

2063 3195 2173 3228 non
2205 3181 2373 3229 illum
2398 3196 2504 3242 per
2524 3188 2810 3242 peccatum
2850 3181 3287 3231 oontristaveris.
3320 3187 3400 3237 Ac
3460 3183 3706 3238 deﬁnite

2063 3271 2412 3341 pronuntiat
2431 3271 2490 3326 in
2515 3271 2873 3326 testimoniis
2897 3288 2965 3326 ex
2986 3277 3091 3327 cat.
3129 3275 3191 3326 16
3219 3277 3277 3327 et
3300 3277 3381 3339 17,
3417 3290 3596 3345 supra
3625 3291 3712 3329 re-

2060 3359 2273 3423 citatis,
2308 3376 2471 3414 num.
2502 3362 2589 3427 48,
2627 3364 2900 3431 paratum
2933 3377 3062 3416 esse
3112 3361 3394 3432 Spiritum
3441 3367 3712 3418 sanctum

2063 3465 2270 3503 omnes
2293 3448 2415 3503 suis
2438 3448 2612 3503 donis
2637 3450 2960 3520 impertire,
2988 3451 3147 3504 modo
3171 3450 3256 3504 illi
3276 3453 3413 3506 ostia
3434 3455 3712 3522 aperiant,

2063 3553 2170 3608 per
2196 3537 2373 3592 ﬁdem
2405 3537 2712 3592 oculorum
2745 3539 3070 3594 caecitatem
3116 3540 3439 3611 deponant,
3471 3541 3544 3596 ad
3578 3557 3713 3596 eum

2067 3625 2510 3698 suscipiendum
2549 3644 2611 3681 se
2668 3633 3020 3699 prasparent.
3076 3631 3213 3694 Quae
3271 3647 3391 3685 non
3422 3630 3492 3685 de
3524 3631 3716 3702 prima

2067 3716 2315 3787 Spiritus
2347 3716 2533 3771 sancti
2564 3717 2752 3788 gratia
2781 3717 3080 3785 dicuntur,
3115 3719 3218 3773 sed
3247 3719 3318 3774 de
3352 3719 3716 3790 subsequen-

2067 3805 2224 3861 tibus
2246 3811 2305 3860 et
2327 3805 2736 3877 amplioribus,
2761 3825 2890 3879 qum
2916 3807 3074 3874 ﬁdei,
3123 3809 3498 3873 orationis,et
3523 3808 3713 3864 bono-

2068 3912 2199 3949 rum
2234 3911 2481 3967 operum
2505 3897 2714 3951 merito
2740 3896 3154 3967 impetrantur.
3193 3899 3335 3952 Nam
3370 3896 3444 3951 ad
3467 3897 3721 3968 primam

2068 4001 2136 4040 ac
2167 3986 2628 4057 praevenientem
2661 3985 2931 4056 ejusdem
2963 3986 3212 4058 gratiam
3242 3985 3412 4054 ﬁdes,
3433 3990 3491 4041 et
3512 3988 3718 4056 oratio,

2071 4091 2138 4130 ac
2169 4075 2447 4130 meritum
2481 4075 2806 4146 pertinent,
2839 4074 2925 4129 uti
2958 4091 3027 4128 ex
3057 4073 3274 4145 Cyrillo
3316 4074 3718 4146 probavimus.

2070 4164 2423 4220 Inﬁdelibus
2457 4168 2700 4236 prepter
2751 4163 3184 4236 indignitatem,
3220 4163 3360 4234 quia
3413 4180 3550 4218 suos
3608 4163 3721 4235 ipsi

2074 4255 2278 4311 oculos
2305 4253 2959 4326 occluserunt,gratiam
2992 4258 3049 4307 et
3076 4253 3594 4326 Evangeliilumen
3617 4269 3718 4308 au-

2074 4345 2214 4399 ferri
2246 4345 2328 4399 ait
2359 4343 2701 4413 Archelaus,
2734 4348 2792 4397 et
2848 4343 2910 4398 in
2967 4343 3124 4399 hunc
3171 4359 3412 4398 sensum
3471 4342 3724 4414 explicat

2077 4433 2236 4504 quod
2269 4433 2330 4488 in
2362 4433 2678 4504 Scripturis
2710 4432 2948 4501 dicitur,
2980 4434 3164 4488 Deum
3190 4448 3482 4488 excaecare
3514 4433 3728 4506 cogita-

314 4527 514 4597 justos
536 4522 858 4594 specialius
885 4521 1246 4592 pertineant.
1271 4520 1338 4573 In
1359 4517 1568 4590 primis
1590 4522 1702 4572 cat.
1734 4518 1820 4586 18,
1841 4521 1976 4589 post
2009 4592 2039 4597 _
2080 4523 2274 4578 tiones
2306 4522 2643 4578 infidelium
2669 4543 2682 4592 ;
2732 4523 3027 4578 referente
3085 4528 3143 4578 et
3196 4522 3484 4594 probante
3510 4521 3727 4594 Cyrillo

323 4592 704 4670 enumeratas
719 4614 1132 4682 num.30,quaa
1157 4611 1218 4664 in
1243 4607 1572 4680 Evangeliis
1591 4607 1975 4662 continentur
2006 4592 2049 4655 Ῑ)
2081 4618 2189 4668 cat.
2227 4616 2278 4679 6,
2313 4629 2370 4667 n.
2405 4614 2492 4666 28.
2553 4613 2886 4683 Additque:
2956 4612 3061 4660 Ubi
3105 4592 3427 4660 voluntaria
3475 4592 3732 4674 pravitas

323 4704 587 4759 diversas
615 4701 746 4755 vita;
769 4706 1004 4756 interna)
1029 4697 1418 4769 assequendae
1439 4696 1813 4766 rationes,sic
1835 4711 1970 4750 eum

323 4808 662 4847 sermonem
693 4789 1018 4857 concludit,
1050 4805 1110 4844 n.
1144 4790 1203 4842 31
1238 4804 1250 4841 :
1286 4787 1420 4834 Cum
1452 4784 1743 4834 hominum
1771 4798 1972 4833 amans

320 4883 394 4931 sit
425 4881 838 4938 Dominus,non
867 4893 1045 4927 unam
1077 4892 1176 4926 nec
1197 4877 1436 4925 alteram
1468 4875 1809 4932 tantum,sed
1832 4875 1973 4936 plu-

322 4990 407 5021 res
438 4980 731 5037 ingressus
772 4971 833 5020 in
887 4971 1058 5020 vitam
1092 4977 1359 5017 aeternam
1407 4968 1630 5028 aperuit
1651 4966 1878 5029 ianuas,
1911 4971 1976 5021 ut

325 5081 557 5131 omnes,
587 5069 867 5126 quantum
926 5061 986 5109 in
1019 5061 1137 5120 ipso
1192 5065 1288 5114 est,
1325 5073 1389 5105 ea
1448 5057 1611 5105 nullo
1645 5056 1978 5119 impediente

323 5155 724 5214 perfruantur.
760 5151 1057 5206 Christum
1089 5166 1194 5220 pro
1229 5147 1509 5202 omnibus
1544 5151 1844 5202 mortuum
1870 5147 1975 5202 do-

328 5248 419 5296 cet
449 5247 564 5296 cat.
599 5242 688 5306 13,
722 5257 781 5294 n.
820 5243 867 5302 1,
902 5242 956 5306 2,
989 5241 1040 5304 3,
1073 5239 1129 5302 4,
1163 5253 1326 5292 num.
1361 5236 1618 5307 28,quod
1639 5235 1880 5307 quidem
1910 5253 1978 5291 eo

331 5346 510 5386 sensu
540 5330 968 5401 interpretatur
993 5326 1154 5398 quod
1186 5326 1378 5397 primo
1408 5325 1675 5380 Christus
1706 5343 1810 5396 pro
1860 5330 1980 5380 toto

329 5420 644 5476 hominum
668 5433 886 5491 genere
909 5419 1026 5472 Deo
1048 5421 1291 5488 propter
1312 5419 1620 5486 peccatum
1647 5415 1888 5470 inimico
1915 5432 1983 5471 ac

334 5509 540 5564 mortis
582 5509 882 5564 sententia
919 5505 1339 5570 condemnato,
1371 5504 1629 5576 pretium
1671 5521 1790 5560 non
1807 5505 1982 5560 sufﬁ-

2080 4703 2250 4762 adest,
2281 4702 2362 4751 ibi
2381 4711 2430 4750 et
2486 4703 2686 4765 gratiae
2719 4703 3032 4771 subductio,
3094 4701 3280 4776 ἀποχὴ
3321 4709 3420 4773 τῆς
3477 4702 3729 4776 χάριτος,

2083 4791 2247 4858 Quod
2280 4791 2348 4846 de
2366 4791 2709 4846 inﬁdelibus
2723 4791 2986 4847 oblatam
3020 4792 3131 4847 sibi
3145 4795 3407 4850 veritatis
3425 4794 3619 4850 lucem
3645 4813 3732 4850 re'

2075 4881 2424 4953 jicientibus
2474 4881 2694 4936 dictum
2731 4886 2888 4936 totus
2949 4881 3281 4954 signiﬁcare
3331 4884 3561 4940 videtur
3590 4902 3734 4940 con-

2085 4976 2298 5026 textus.
2334 4972 2487 5027 Duas
2517 4971 2784 5025 mitiores
2815 4971 2986 5026 affert
3014 4972 3266 5043 Cyrillus
3299 4974 3732 5046 interpretatio-

2087 5078 2194 5116 nes
2225 5077 2390 5116 num.
2423 5063 2530 5114 29:
2564 5060 2757 5131 prima
2789 5066 2878 5115 est
2938 5062 3122 5116 Deum
3176 5080 3352 5134 prava
3399 5065 3733 5120 inﬁdelium

2089 5150 2342 5221 cogitata
2373 5165 2668 5203 excaecare
2701 5155 2758 5203 et
2788 5149 3046 5218 auferre,
3082 5157 3138 5206 et
3171 5153 3513 5209 hominibus
3545 5171 3650 5225 per
3677 5153 3737 5207 id

2090 5241 2342 5295 salutem
2363 5238 2653 5308 impertiri
2677 5256 2690 5304 ;
2715 5239 2922 5306 altera,
2951 5242 3133 5296 Deum
3159 5243 3474 5298 imbecillis
3499 5249 3556 5298 et
3576 5243 3741 5299 obtu-

2093 5329 2174 5384 sis
2203 5327 2536 5382 inﬁdelium
2568 5327 2845 5383 cordibus
2893 5331 3188 5404 Evangelii
3221 5331 3508 5404 fulgorem
3542 5332 3732 5387 occul-

2093 5425 2238 5473 tare.
2295 5418 2416 5470 Cat.
2471 5420 2556 5482 15,
2617 5432 2780 5470 num.
2820 5418 2904 5484 17,
2967 5435 3268 5491 exponens
3326 5421 3491 5475 Pauli
3525 5419 3740 5474 verba:

2094 5505 2274 5561 Mittet
2331 5507 2405 5559 eis
2434 5506 2570 5559 Deus
2618 5508 2992 5574 operationem
3047 5512 3250 5564 erroris
3279 5508 3345 5576 εδ,
3383 5508 3529 5563 illud
3561 5511 3742 5562 mittes

401 5679 448 5713 *‘
476 5679 500 5732 ι
528 5676 718 5733 Thim.
753 5691 790 5746 ι,
826 5677 908 5731 14.
984 5675 1032 5710 2⁵
1062 5675 1230 5731 ltom.
1265 5689 1360 5741 vn,
1391 5674 1481 5728 23.
1560 5673 1604 5710 ²⁶
1637 5677 1804 5732 Rom.
1841 5693 1894 5745 v,
1929 5679 1953 5732 2

2100 5676 2142 5710 ⁵⁷
2177 5676 2378 5731 Matth.
2412 5692 2487 5743 XI,
2515 5676 2605 5729 28.
2679 5675 2723 5710 ²⁸
2751 5677 2799 5730 ΙΙ
2834 5676 3034 5733 Thess.
3071 5695 3128 5744 ιι,
3167 5679 3246 5730 10.
