4108 6270
427 342 556 405 ’227

1732 341 1835 401 DE
1877 339 2060 401 VITA
2103 342 2168 401 S.
2217 341 2551 402 CYRlLLI.

3749 348 3873 407 228

444 492 551 548 pro
579 477 702 544 ﬁeri
730 474 985 530 concedet
1034 474 1294 546 positum
1349 475 1683 531 existimat:
1744 492 1812 531 ac
1866 475 2085 531 sentire
2115 477 2169 543 Α
2201 477 2515 549 pr0ponit;
2548 476 2707 549 quod
2736 480 2846 532 cat.
2893 480 2981 544 20,
3043 494 3102 533 n.
3134 478 3167 531 4
3196 482 3253 532 et
3302 481 3356 544 5,
3409 478 3764 536 absolutam
3801 480 3866 535 in

441 564 674 619 videtur
703 564 889 622 Deum
920 580 1041 620 non
1072 566 1501 635 permissurum
1526 582 1654 621 esse
1678 581 1779 621 eos
1801 565 1902 636 qui
1925 565 2090 620 Anti-

441 654 727 710 christum
758 658 1085 724 sequentur
1112 652 1278 709 falsis
1308 653 1436 725 ejus
1468 655 1771 710 miraculis
1802 655 1863 709 in
1887 671 2091 709 errore

442 742 808 808 conﬁrmari,
840 742 955 796 nisi
989 743 1128 813 quia
1171 743 1336 815 prius
1365 744 1479 815 ipsi
1537 743 1827 799 increduli
1860 743 2091 799 Christo

442 832 545 904 qui
575 831 793 886 veritas
824 837 932 898 est,
991 833 1435 902 approbaverunt
1490 832 1843 897 iniustitiam,
1888 833 1989 888 hoc
2016 838 2092 888 est

443 920 872 979 Antichristum.
895 922 977 975 Ex
989 921 1205 992 quibus
1227 938 1297 977 ea
1317 922 1520 994 Cyrilli
1542 923 1842 979 sententia
1864 922 2091 994 colligi-

444 1018 559 1079 tur,
592 1029 702 1067 nec
734 1011 940 1067 ﬁdeles
988 1012 1160 1067 donis
1192 1014 1379 1068 sancti
1439 1013 1690 1085 Spiritus
1730 1013 1946 1085 privari
1976 1013 2091 1069 nisi

441 1108 684 1178 propter
705 1101 1293 1171 tideidefectum,nec
1314 1103 1590 1160 inﬁdeles
1607 1104 1870 1160 oblatam
1893 1104 2090 1160 lucem

438 1196 790 1266 respuentes
818 1192 882 1246 in
913 1191 1366 1248 obdurationem
1398 1193 1499 1248 Dei
1541 1194 1836 1265 permissu
1857 1195 2088 1264 cadere,

442 1284 556 1339 nisi
588 1284 653 1338 in
684 1298 921 1354 pmnam
979 1282 1433 1339 incredulitatis.
1481 1285 1677 1340 Gratia
1732 1286 2088 1356 [CLXXXIX]

438 1390 573 1429 vero
598 1372 736 1429 ﬁdei
769 1376 828 1427 et
854 1371 1162 1442 orationis,
1195 1389 1314 1443 qua
1343 1378 1556 1430 caetera
1582 1373 1858 1446 drinceps
1896 1374 2087 1446 impe-

445 1461 914 1531 trantur,divina3
940 1462 1366 1517 muniﬁcentiae
1387 1462 1610 1518 donum
1643 1467 1734 1518 est
1756 1479 1827 1518 ex
1847 1462 2087 1535 Cyrillo,

443 1551 703 1625 indignis
735 1551 1064 1607 etinimicis
1095 1558 1533 1621 concessum,et
1555 1569 1591 1608 a
1620 1552 1841 1624 Spiritu
1859 1557 2085 1625 sancto,

440 1642 595 1698 dona
624 1657 732 1697 sua
757 1641 909 1696 sicut
937 1641 1060 1696 vult
1090 1641 1508 1710 distribuente,
1563 1643 1779 1715 quibus
1808 1643 1952 1698 velit
1978 1641 2085 1698 mi-

440 1731 817 1789 sericorditer
846 1730 1070 1786 datum.
1114 1730 1280 1797 Quod
1335 1732 1558 1787 donum
1590 1749 1727 1787 cum
1782 1732 1988 1788 multis
2017 1749 2089 1788 ex

2198 565 2355 621 trina
2392 565 2788 631 demersione,
2822 582 2929 638 per
2965 566 3401 639 neophytorum
3443 570 3870 641 regeneratio-

2197 672 2354 723 nem,
2378 654 2827 727 datamqueillis
2841 657 3187 728 passionum
3201 657 3416 712 Christi
3437 659 3655 729 partici
3664 659 3862 730 patio-

2197 745 2643 816 nem,baptismi
2657 747 2950 802 actionem
2963 746 3439 819 signiﬁcat;quod
3452 751 3643 802 cat.21
3657 752 3777 818 ,n.1
3804 754 3865 803 et

2195 838 2248 904 4,
2282 835 2785 906 quemadmodum
2815 854 2913 892 res
2939 837 3394 904 duasnumerat,
3415 835 3639 886 Christi
3671 837 3863 899 bapti-

2194 940 2401 982 smum,
2429 933 2482 973 et
2508 926 2693 975 sancti
2719 926 2974 989 Spiritus
3006 925 3069 974 in
3089 939 3214 974 eum
3243 925 3566 987 adventum,
3591 926 3681 976 ita
3714 935 3768 976 et
3801 928 3864 976 in

2194 1016 2351 1065 nobis
2379 1031 2606 1066 sacrum
2663 1018 2957 1079 baptisma,
3010 1024 3061 1065 et
3111 1017 3416 1081 mysticum
3446 1025 3863 1079 unguentum;

2195 1097 2353 1167 quod
2382 1103 2450 1152 ut
2469 1097 2615 1153 locis
2632 1098 2826 1153 citatis
2857 1114 3093 1153 sacrum
3113 1098 3374 1154 chrisma
3392 1115 3528 1154 cum
3552 1097 3860 1170 baptismo

2195 1188 2518 1260 componit,
2550 1188 2633 1243 ita
2662 1192 2721 1242 et
2749 1187 2900 1242 illud
2948 1203 3084 1243 cum
3142 1187 3514 1243 Eucharistia
3546 1195 3861 1259 comparat

2194 1281 2305 1332 cat.
2339 1278 2428 1344 21,
2474 1293 2535 1331 n.
2569 1280 2637 1344 7;
2671 1282 2783 1344 cat,
2817 1276 2904 1344 22,
2957 1293 3015 1331 n.
3046 1279 3097 1344 7,
3131 1278 3162 1330 8
3194 1281 3254 1331 et
3279 1275 3351 1330 9:
3383 1277 3548 1347 quod
3583 1277 3852 1348 denique

2193 1371 2305 1422 cat.
2336 1367 2429 1437 23,
2479 1382 2646 1422 num.
2684 1371 2729 1434 1,
2794 1372 3167 1422 sacramenta
3221 1383 3571 1437 recensens,
3605 1384 3743 1437 quas
3794 1367 3859 1422 in

2192 1460 2448 1527 quatuor
2476 1454 2949 1528 priscedentibus
2980 1456 3359 1529 mystagogiis
3381 1455 3742 1527 explicarat,
3775 1458 3861 1511 sic

2189 1545 2456 1617 loquitur
2502 1544 2682 1619 [CXC]
2709 1561 2721 1601 :
2753 1544 2986 1594 Abunde
3015 1545 3078 1594 in
3126 1545 3582 1606 prcecedentibus
3611 1545 3861 1608 ενγιαωί-

2191 1637 2310 1693 bus,
2341 1636 2468 1692 Deo,
2520 1633 2813 1684 clementer
2836 1634 3115 1698 largiente
3166 1634 3471 1684 audivistis
3514 1641 3643 1683 tum
3673 1635 3741 1683 de
3771 1635 3859 1684 ba-

2179 1725 2467 1787 ptismate,
2505 1731 2643 1783 tum,
2675 1724 2739 1772 de
2767 1723 3081 1782 chrismate,
3111 1733 3163 1773 et
3182 1723 3639 1785 participatione
3668 1738 3858 1786 carpo-

440 1821 987 1895 superabundantia
1009 1823 1212 1895 gratiae
1244 1822 1454 1879 efﬁcax
1473 1823 1886 1892 sit,nonnullis
1907 1824 2087 1879 inter-
2119 1848 2163 1915 B
2192 1813 2276 1863 νέα*
2306 1822 2356 1862 ει
2399 1815 2706 1876 Sanguinis
2748 1814 2961 1864 θλινίεεί
2984 1834 2998 1883 ὅ
3021 1814 3215 1871 verbis
3271 1814 3491 1886 quibus
3551 1814 3860 1870 indicatur

439 1914 579 1968 dum
614 1930 735 1967 sua:
767 1911 1108 1983 cupiditatis
1138 1913 1190 1967 vi
1221 1913 1423 1985 gratiae
1455 1912 1870 1968 resistentibus
1889 1912 2085 1972 datur.

492 2005 596 2057 “56.
632 2003 765 2057 Hanc
791 2001 942 2056 forte
974 2018 1154 2072 quam
1185 2019 1293 2074 par
1322 2007 1448 2058 erat
1486 2003 1785 2073 copiosius
1818 2018 1885 2058 ac
1907 2003 2088 2058 diffu-

438 2093 562 2148 sius
591 2096 940 2165 persecutus
975 2108 1106 2147 sum
1133 2111 1147 2158 ;
1183 2092 1285 2147 sed
1314 2093 1511 2164 magni
1543 2092 1792 2148 interest
1810 2093 2086 2148 Ecclesiae

437 2182 817 2237 traditionem
848 2181 921 2237 de
938 2181 1282 2255 gravissimo
1323 2181 1607 2237 doctrina;
1630 2182 1976 2238 Christianas
1989 2200 2084 2239 ca-

432 2272 554 2343 pite
586 2271 902 2343 diligenter
932 2270 1268 2327 enucleare.
1304 2271 1468 2336 Quod
1501 2271 1548 2325 si
1580 2271 1713 2342 quis
1745 2271 1805 2325 in
1857 2272 2086 2326 caeteris

430 2359 706 2416 Patribus
724 2359 994 2432 diligenti
1007 2359 1201 2415 studio
1221 2365 1280 2415 et
1299 2360 1677 2416 accusatione
1696 2365 2084 2432 praestetmon

433 2452 666 2504 tantum
690 2453 980 2519 quantum
1002 2448 1173 2521 vulgo
1200 2454 1460 2520 putatur,
1486 2449 1671 2505 Graeci
1695 2451 1897 2505 Patres
1919 2466 1954 2505 a
1979 2451 2085 2505 La-

434 2538 576 2593 tinis
607 2537 926 2593 dissentire
954 2536 1224 2593 fortassis
1253 2538 1953 2610 deprehendentur.Ante
1976 2541 2087 2595 Au-

432 2627 758 2699 gustinum,
790 2626 1000 2692 fateor,
1033 2644 1152 2682 non
1175 2632 1346 2682 erant
1364 2628 1581 2683 collata
1606 2628 2085 2695 simul,diﬁ‘usius

430 2716 746 2787 explicata,
781 2733 918 2770 curn
943 2715 1221 2771 omnibus
1252 2716 1374 2771 suis
1401 2717 1886 2772 conclusionibus
1917 2734 2083 2774 com-

427 2810 659 2876 parata.
692 2810 751 2859 et
778 2804 839 2858 in
872 2820 1058 2858 unum
1100 2804 1384 2859 doctrinae
1430 2822 1643 2877 corpus
1674 2810 2083 2878 coagmentata

426 2893 723 2966 principia
744 2893 849 2949 illa
870 2893 1088 2965 quibus
1112 2893 1450 2950 suffulcitur
1475 2900 1534 2950 et
1556 2899 1789 2951 constat
1806 2897 2081 2969 Augusti-

426 2987 677 3043 nianum
701 2993 758 3042 et
779 2987 1139 3043 catholicum
1161 2988 1234 3043 de
1256 2989 1444 3062 gratia
1461 2994 1618 3060 syste
1628 3006 1740 3046 ma.
1760 2990 2084 3047 Exstabant

428 3081 629 3132 tamen
660 3076 938 3132 Ecclesia:
989 3077 1268 3148 precibus
1324 3078 1691 3151 consignata,
1725 3085 1783 3134 et
1811 3080 2079 3136 ﬁdelium

428 3182 530 3221 ore
561 3166 851 3233 confessa,
886 3170 945 3220 et
972 3167 1213 3222 Patrum
1244 3168 1665 3239 praedicatione
1691 3169 1905 3225 tradi:a
1948 3170 2078 3241 ipsa

428 3270 744 3325 principia.

1038 3370 1270 3426 CAPUT
1309 3373 1450 3427 VIII.

428 3489 510 3537 De
532 3487 802 3550 baptismo
832 3495 881 3537 et
939 3489 1380 3553 conﬁrmatione,
1430 3492 1713 3541 distinctis
1768 3506 2079 3542 sacramen-

489 3561 582 3611 tis.
626 3560 721 3609 Vis
777 3560 1042 3621 baptismi
1096 3562 1356 3620 Joannis,
1418 3564 1841 3628 Christianique
1899 3581 2076 3628 supra

488 3632 675 3692 ipsum
695 3632 1053 3693 praestantia.
1088 3634 1165 3681 De
1196 3630 1460 3694 baptismi
1491 3636 1659 3699 αρτισί
1711 3636 1857 3685 citra
1883 3652 2074 3688 casum

483 3702 757 3766 martyrii
786 3702 1104 3753 omnimoda
1132 3703 1204 3752 ad
1242 3705 1481 3754 salutem
1504 3708 1865 3769 necessitate;
1894 3717 1944 3757 et
1979 3711 2071 3758 ba-

475 3772 684 3834 ptismi
711 3774 777 3821 ab
807 3772 1076 3822 haereticis
1114 3775 1233 3824 dati
1265 3776 1575 3825 validitate.

494 3874 582 3927 57.
617 3872 879 3937 Quotuor
914 3873 1043 3929 haec
1073 3873 1289 3945 capita,
1321 3874 1393 3930 de
1425 3875 1639 3945 quibus
1670 3876 1733 3932 in
1780 3878 1938 3934 notis
1966 3896 2072 3950 pro

423 3960 758 4033 argumenti
792 3960 1077 4033 dignitate
1110 3967 1170 4018 et
1213 3963 1383 4035 copia
1409 3964 1699 4020 disserere
1730 3982 1851 4021 non
1882 3967 2069 4037 licuit,

421 4051 534 4105 hoc
566 4066 684 4107 uno
717 4051 910 4123 capite
937 4052 1379 4126 conjungimus.

418 4157 749 4219 Baptismus
781 4165 833 4205 et
889 4159 1239 4221 conﬁrmatio
1284 4160 1507 4210 diversa
1554 4162 1766 4226 Cyrillo
1819 4171 1950 4212 teste
2007 4180 2072 4215 ac

951 4230 1143 4290 iudice
1170 4241 1541 4282 sacramenta.

494 4309 777 4366 Millesius
808 4310 1273 4366 Protestantium
1303 4328 1547 4369 suorum
1578 4330 1856 4385 premens
1892 4319 2067 4373 vesti-

417 4401 529 4474 gia,
563 4400 625 4455 in
657 4400 781 4456 suis
807 4400 881 4456 ad
909 4399 1196 4472 Cyrillum
1218 4408 1489 4459 nostrum
1522 4407 1699 4476 notis,
1732 4409 2068 4479 praesertim

420 4494 443 4544 1
481 4494 536 4544 et
565 4493 619 4557 2,
654 4490 717 4545 in
742 4494 856 4546 cat.
891 4489 952 4545 21
990 4495 1153 4559 nota,
1181 4491 1332 4547 sacri
1360 4492 1699 4550 chrismatis
1721 4498 2065 4554 unctionem

2196 1904 2465 1960 eamdem
2482 1904 2639 1961 inter
2666 1906 2927 1960 chrisma
2941 1911 3000 1960 et
3019 1905 3315 1977 baptisma
3334 1904 3746 1960 differentiam
3770 1905 3857 1960 in-

2194 1994 2590 2063 tercedere,ac
2616 1995 2774 2051 inter
2802 1996 2960 2051 idem
2992 1995 3253 2050 chrisma
3275 2000 3335 2050 et
3353 2010 3597 2051 sacram
3623 1995 3855 2050 Eucha-

2192 2084 2423 2139 ristiam
2449 2101 2463 2151 ;
2491 2100 2558 2140 ac
2589 2084 2819 2140 duabus
2850 2085 3060 2157 primis
3084 2084 3506 2156 mystagogicis
3528 2084 3857 2141 catechesi-

2193 2173 2304 2228 bus
2316 2190 2553 2229 omnem
2568 2173 2846 2246 baptismi
2868 2174 3091 2229 rituum
3105 2179 3163 2229 et
3176 2173 3428 2228 effectuu
3438 2190 3497 2228 In
3514 2173 3853 2230 absolutam

2192 2263 2624 2333 expositionem
2654 2262 2857 2319 fuisse.
2890 2264 3042 2331 Haec,
3067 2262 3334 2333 inquam,
3368 2262 3581 2318 omnia
3612 2266 3852 2334 praeter-

2191 2352 2382 2420 mitto,
2404 2358 2470 2407 ut
2484 2370 2609 2408 rem
2642 2358 2825 2409 totam
2843 2370 2962 2409 una
2993 2354 3103 2409 hac
3123 2353 3647 2425 argumentatione
3671 2352 3850 2408 conﬁ-

2190 2441 2364 2497 ciam.
2398 2443 2778 2498 Sacramenta
2815 2458 3109 2509 vocamus,
3158 2458 3358 2498 sacros
3388 2442 3547 2497 ritus
3581 2447 3642 2500 et
3670 2458 3847 2497 caere-

2189 2531 2639 2605 moniasgratiaa
2651 2532 2978 2588 effectrices
3004 2547 3288 2604 ;quorum
3319 2532 3846 2603 nonnullapraiter

2188 2621 2436 2692 gratiam
2476 2638 2654 2694 quam
2704 2622 3040 2689 conferunt,
3100 2620 3457 2692 imprimunt
3489 2637 3730 2692 quoque
3788 2620 3845 2673 in

2190 2711 2390 2769 anima
2414 2713 2835 2768 characterem.
2866 2712 2974 2778 Qui
3006 2712 3208 2783 itaque
3259 2711 3409 2766 sacri
3441 2712 3602 2767 ritus
3634 2709 3840 2767 distin-

2188 2809 2344 2860 ctam
2365 2803 2614 2876 gratiam
2645 2819 2712 2858 ac
2757 2800 3104 2857 distinctum
3156 2800 3567 2856 characterem
3600 2799 3838 2864 habent,

2187 2894 2468 2950 distincta
2499 2895 3039 2947 suntsacramenta.
3075 2891 3318 2945 Sacrum
3344 2889 3617 2947 chrisma
3632 2888 3839 2945 distin-

2186 2990 2347 3040 ctum
2377 2988 2437 3038 et
2467 2987 2804 3054 separatum
2835 2998 2870 3036 a
2897 2980 3237 3036 charactere
3263 2978 3576 3051 baptismi,
3609 2978 3836 3049 sibique

2184 3073 2492 3146 proprium
2522 3071 2721 3143 Cyrilli
2750 3070 3050 3125 sententia
3070 3070 3483 3125 characterem
3500 3069 3834 3142 imprimere

2190 3162 2427 3219 abunde
2459 3161 2835 3233 probavimus
2865 3159 2939 3215 ad
2970 3158 3445 3231 procatechesin,
3485 3175 3546 3214 n.
3577 3161 3661 3225 16,
3702 3160 3837 3211 nota

2190 3257 2243 3318 2,
2275 3268 2405 3324 pag.
2438 3251 2538 3304 12:
2575 3267 2736 3306 nunc
2767 3266 2839 3304 ex
2860 3248 3065 3304 eodem
3089 3246 3468 3319 probandum
3501 3247 3833 3303 distinctam

2189 3341 2260 3399 ab
2292 3347 2546 3412 utroque
2575 3340 2827 3412 gratiam
2859 3336 3128 3410 produci.

2258 3452 2343 3505 58.
2404 3449 2603 3504 Primo
2654 3446 2917 3519 quidem,
2976 3444 3391 3500 remissionem
3453 3448 3827 3517 peccatorum

2187 3543 2413 3613 spectat
2449 3536 2703 3610 Cyrillus
2731 3536 2819 3592 uti
2861 3533 3167 3607 proprium
3197 3550 3265 3589 ac
3312 3535 3683 3610 praecipuum
3729 3530 3830 3587 ba-

2183 3629 2385 3703 ptismi
2427 3628 2740 3692 effectum;
2793 3624 3395 3680 communicationem
3449 3639 3588 3679 vero
3646 3619 3827 3677 sancti

2185 3717 2459 3791 Spiritus,
2517 3715 2602 3771 uti
2660 3714 2959 3786 peculiare
3016 3713 3168 3768 sacri
3199 3712 3543 3768 chrismatis
3592 3725 3823 3773 munus,

2185 3826 2303 3881 qua
2330 3810 2393 3864 in
2422 3805 2960 3863 communicatione
2983 3801 3438 3875 comprehendit
3462 3803 3643 3858 etiam
3672 3800 3823 3856 dona

2182 3899 2504 3972 gratiarum
2515 3894 2789 3967 ,quaaillo
2815 3898 3077 3964 tempore
3105 3891 3433 3947 secundum
3454 3889 3823 3961 uniuscujus-

2182 4004 2298 4060 que
2328 3987 2509 4041 ﬁdem
2538 4001 2605 4040 ac
2632 3983 3007 4038 devotionem
3057 3980 3242 4036 animi
3274 3980 3417 4036 satis
3448 3977 3763 4053 vulgariter
3789 3991 3822 4029 a

2182 4079 2299 4134 Deo
2323 4074 2818 4131 concedebantur.
2832 4071 3003 4142 Atqui
3019 4076 3333 4141 utramque
3345 4070 3598 4142 gratiam
3613 4080 3817 4139 magno

2181 4164 2527 4220 discrimine
2556 4161 2804 4233 feparat:
2827 4166 2952 4215 tum
2970 4158 3129 4230 quod
3150 4175 3219 4214 ea
3239 4159 3299 4212 in
3330 4174 3395 4213 re
3427 4158 3681 4214 maxime
3704 4153 3816 4209 dis-

2181 4252 2397 4327 tinguit
2417 4252 2659 4308 Joannis
2694 4255 2752 4305 et
2804 4249 3020 4304 Christi
3076 4247 3474 4319 baptismata;
3538 4252 3657 4300 tum
3686 4256 3813 4296 vero

2180 4345 2357 4399 etiam
2388 4341 2576 4414 magis
2625 4339 2720 4394 his
2752 4337 2988 4393 disertis
3020 4335 3374 4392 testimoniis
3431 4340 3546 4391 cat.
3579 4338 3623 4387 1.
3658 4348 3715 4387 n.
3748 4332 3811 4383 5:

2176 4432 2454 4483 Remissio
2475 4436 2830 4492 peccatorum
2861 4442 2929 4475 ex
2975 4440 3130 4489 (equo
3164 4425 3337 4474 datur
3363 4424 3641 4482 omnibus,
3676 4432 3816 4469 com-

2174 4520 2486 4571 municatio
2515 4533 2640 4566 vero
2669 4517 2924 4578 Spiritus
2951 4515 3136 4564 sancti
3162 4515 3235 4563 ad
3243 4511 3662 4575 proportionem
3689 4506 3816 4571 ﬁde:

417 4595 548 4670 quin
569 4583 705 4650 post
732 4578 1094 4670 baptismum
1126 4579 1397 4649 dabatur,
1429 4582 1694 4644 baptismi
1724 4584 1903 4637 ritum
1932 4603 2061 4648 esse,
2097 4582 2142 4648 D
2174 4609 2630 4670 uniuscujusque
2685 4605 3019 4654 οοηοεάίεαν,
3069 4604 3293 4660 Similis
3346 4602 3599 4658 habetur
3654 4599 3813 4655 locus

414 4666 488 4714 ad
519 4680 647 4713 eum
667 4665 847 4715 solum
867 4668 1249 4728 pertinentem
1279 4670 1557 4740 afﬁrmat;
1588 4675 1783 4745 qualis
1814 4681 1941 4732 erat
1960 4694 2064 4732 un-

417 4760 510 4811 cto
567 4755 976 4812 catechumeni
1012 4775 1082 4814 ex
1135 4758 1265 4814 oleo
1299 4762 1644 4829 exorcizato,
1704 4782 1837 4835 quze
1870 4765 2061 4838 bapti-

418 4861 614 4900 smum
646 4845 1117 4917 praecedebatAt
1147 4850 1487 4906 unctionem
1516 4851 1857 4909 chrismatis
1879 4855 2062 4911 diver-

416 4950 546 4990 sum
580 4934 823 4990 omnino
849 4950 884 4991 a
926 4935 1219 5007 baptismo
1253 4955 1379 4993 esse
1429 4956 1499 4995 ex
1530 4941 1731 5012 Cyrilli
1766 4946 2061 5000 sententia

414 5028 876 5091 sacramentum,
909 5024 1081 5080 facile
1132 5028 1374 5082 omnino
1407 5027 1871 5086 demonstratur.
1934 5036 2058 5089 Non

413 5112 565 5169 illud
595 5112 692 5168 hic
722 5112 962 5186 urgebo,
995 5114 1153 5185 quod
1184 5115 1437 5186 Cyrillus
1467 5117 1539 5173 de
1578 5121 1858 5177 unctione
1902 5130 2058 5179 cate-

413 5201 696 5258 chumeni
723 5200 916 5259 obiter
944 5207 1005 5258 et
1050 5203 1322 5275 expedite
1352 5205 1556 5276 paucis
1596 5208 1791 5265 verbis
1820 5217 1933 5267 cat.
1966 5217 2056 5283 20,

409 5307 573 5348 num.
606 5290 658 5355 3,
692 5289 950 5359 disserit,
983 5291 1279 5361 integram
1312 5295 1673 5352 catechesim
1720 5299 2057 5358 chrismatis

412 5379 560 5437 sacri
593 5379 858 5434 unctioni
890 5379 1163 5436 attribuit
1190 5399 1204 5447 ;
1237 5382 1395 5451 quod
1444 5400 1579 5439 cum
1630 5392 2057 5464 mystagogicas

411 5469 751 5557 catecheses
782 5468 1093 5540 pollicetur
1147 5475 1259 5526 cat.
1296 5472 1383 5543 18,
1414 5490 1473 5530 n.
1509 5476 1597 5544 33,
1629 5476 1699 5533 de
1730 5479 1913 5550 priori
1946 5500 2057 5538 un-

413 5556 608 5615 ctione
640 5556 845 5622 silens,
903 5557 1314 5630 posteriorem,
1354 5566 1422 5619 ut
1449 5565 1860 5636 gravissimum
1889 5570 2054 5627 Chri-

415 5647 622 5705 stiana:
653 5648 1046 5706 institutionis
1098 5651 1466 5722 mysterium,
1501 5654 1613 5710 sibi
1642 5657 2055 5728 explicandam

2174 4706 2286 4757 cat.
2313 4702 2398 4767 13,
2431 4715 2491 4754 n.
2524 4700 2591 4751 23
2619 4713 2632 4751 :
2666 4695 2888 4757 Accipis
2918 4709 3071 4743 nunc
3087 4702 3445 4756 peccatorum
3477 4699 3699 4739 tuorum
3730 4698 3807 4731 re-

2171 4789 2514 4844 missionem,
2529 4795 2579 4834 et
2606 4786 2933 4848 spiritualis
2958 4785 3206 4835 donativi
3225 4784 3378 4846 regis
3409 4783 3496 4831 tui
3516 4777 3805 4840 muni/leas

2171 4873 2407 4935 gratias.
2441 4867 2691 4938 Spiritus
2730 4867 2918 4922 sancti
2971 4866 3221 4939 gratiam
3252 4865 3316 4919 in
3365 4859 3803 4920 conﬁrmatione

2173 4961 2480 5026 comparat
2508 4956 2781 5012 donativo
2814 4957 3104 5012 militibus
3153 4954 3224 5011 ab
3251 4955 3605 5026 imperatore
3636 4959 3803 5016 supra

2170 5044 2530 5116 stipendium
2552 5046 2723 5113 dato;
2755 5052 2812 5101 et
2850 5053 2962 5102 cat.
2998 5048 3086 5111 17,
3120 5064 3283 5103 num.
3316 5053 3381 5104 37
3408 5067 3421 5104 :
3453 5048 3521 5097 Si
3574 5032 3795 5090 credide.

2167 5135 2268 5191 ris,
2303 5148 2403 5183 non
2435 5136 2618 5184 solum
2650 5135 3032 5185 remissionem
3056 5146 3410 5197 peccatorum
3440 5132 3688 5195 accipies.
3717 5135 3795 5170 υθ·

2166 5239 2298 5273 rum
2326 5225 2496 5274 etiam
2523 5224 2784 5275 humanis
2797 5226 3015 5275 viribus
3043 5228 3339 5288 superiora
3359 5228 3620 5293 efﬁcies...
3655 5216 3797 5267 Tan-

2166 5323 2285 5364 tum
2344 5315 2549 5378 gratiae
2603 5317 2857 5377 accipies,
2896 5325 3163 5380 quantum
3193 5333 3384 5370 canere
3403 5313 3629 5380 poteris.
3661 5308 3791 5362 δι’δι’

2166 5405 2308 5460 tiam
2365 5404 2642 5476 baptismi
2701 5410 2969 5476 spectare
3026 5407 3256 5462 videtur
3306 5415 3374 5464 ut
3429 5407 3489 5461 in
3531 5394 3791 5476 omnibus

2165 5475 2494 5565 aequalem;
2542 5475 3032 5562 conﬁrmationis,
3101 5498 3189 5551 uti
3218 5514 3324 5569 pro
3383 5486 3679 5574 diligentia
3723 5475 3788 5574 ab

2163 5599 2523 5655 unoquoque
2571 5588 2880 5656 apportata
2935 5585 3245 5642 diversam.
3280 5588 3494 5643 Omnes
3524 5572 3787 5665 ῢθριίῗηῖί

2170 5673 2322 5731 ritus
2352 5673 2763 5730 catechesibus
2788 5674 2984 5746 prima
3012 5682 3071 5732 et
3098 5675 3360 5734 secunda
3401 5660 3791 5746 mystagogicis
