4108 6270
265 308 386 369 229

1629 304 2145 369 DISSERTATIO
2188 308 2291 368 ΙΙΙ.

3568 314 3686 377 230

274 445 560 517 descripti
590 443 665 500 ad
701 444 1123 500 remissionem
1160 448 1539 516 peccatorum
1588 443 1929 516 pertinent;
1965 445 2013 506 Α
2045 441 2134 509 21,
2168 464 2229 502 ιι.
2280 448 2333 501 6.
2380 445 2440 502 4ο
2493 446 2846 520 Adeptionis
2901 448 3149 522 gratiam
3207 449 3461 521 Cyl-illus
3519 465 3686 507 sacro

280 555 415 595 cum
445 536 520 593 ad
549 535 818 593 chrisma
848 535 1240 607 transitur,de
1269 551 1339 592 ea
1366 535 1520 591 nihil
1549 534 1791 591 auditur
1811 550 1938 590 am-

284 630 460 704 plius.
493 628 827 685 Fatendum
878 632 1080 684 tamen
1137 626 1294 699 quod
1353 632 1464 683 cat.
1523 630 1607 695 t7,
1650 641 1816 682 num.
1851 628 1938 693 l5,

286 719 525 792 Spiritui
549 722 758 774 sancto
783 716 1076 786 attribuit,
1102 716 1261 788 quod
1281 717 1345 772 in
1366 715 1720 788 baptismate
1737 715 1940 787 spinas

287 815 664 883 peccatorum
696 806 979 863 concidat
996 812 1054 862 et
1082 806 1441 875 absumat,et
1457 806 1720 862 animam
1746 806 1941 859 niten—

296 908 405 955 tem
436 898 649 954 reddat
672 902 733 952 et
761 895 1284 969 splendidam.Sed
1314 896 1466 951 nihil
1496 912 1606 951 nos
1626 894 1852 967 cogitid
1868 894 1943 950 ad

291 989 632 1046 chrismatis
663 987 919 1061 gratiam
949 986 1195 1053 referre,
1226 1002 1362 1042 cum
1397 986 1474 1041 sit
1501 985 1599 1041 hic
1626 1000 1940 1058 regenera-

292 1080 462 1135 tisnis
502 1078 577 1134 ad
607 1077 975 1149 baptismum
1004 1076 1241 1149 proprie
1272 1075 1627 1148 pertinentis
1675 1076 1940 1130 eii‘ectus.

298 1168 564 1226 Secundo
586 1169 817 1238 itaque,
851 1166 1092 1238 propria
1120 1166 1398 1237 baptismi
1419 1165 1607 1238 gratia
1636 1180 1944 1237 regenera-

298 1260 380 1315 tio
409 1263 516 1327 est,
549 1263 609 1313 et
642 1256 937 1312 transitus
966 1272 1001 1311 a
1029 1261 1219 1312 morte
1258 1255 1485 1327 peccati
1517 1254 1590 1310 ad
1623 1255 1948 1310 vitam.Hoc

289 1350 595 1416 etfectu,et
622 1345 1167 1401 communicatione
1190 1345 1534 1417 passionum
1559 1343 1800 1408 Christi,
1841 1342 1944 1415 jus

289 1438 461 1495 nobis
478 1444 538 1493 et
551 1452 723 1509 spem
737 1434 812 1490 ad
827 1433 1286 1490 resurrectionis
1298 1432 1567 1506 etglorize
1579 1431 1792 1488 Christi
1811 1448 1948 1503 par-

290 1528 707 1601 ticipationem
741 1524 1039 1580 tribuente
1071 1528 1314 1597 propter
1341 1522 1738 1578 imitationem
1768 1536 1947 1593 quam

289 1619 628 1691 baptismus
649 1615 803 1689 gerit
826 1614 1383 1686 mortis,sepultura3
1407 1629 1475 1669 ac
1494 1611 1948 1668 resurrectionis

291 1710 438 1782 ejus,
464 1712 665 1762 totum
687 1704 942 1777 Cyrillus
965 1703 1268 1761 concludit
1296 1701 1950 1776 mysteriibaptismatis

2048 537 2355 595 chrismati
2413 539 2572 595 velut
2599 540 2901 612 pr0priam
2957 540 3279 596 attribuere
3326 541 3574 597 videtur.
3625 541 3691 597 Id

2050 628 2279 700 suadet,
2314 629 2471 700 quod
2503 634 2614 685 cat.
2649 633 2738 698 20,
2772 646 2831 687 ιι.
2858 630 2914 700 6,
2948 630 3199 701 Spiritus
3227 631 3415 686 sancti
3446 630 3690 697 donum,

2050 723 2109 772 et
2136 718 2518 790 adeptionem
2551 736 2657 791 pro
2685 735 2807 775 una
2837 718 3162 790 eademque
3191 735 3255 774 re
3286 718 3499 776 habet:
3531 721 3691 792 quod

2049 812 2159 863 cat.
2193 810 2244 876 3,
2276 825 2335 863 ιι.
2373 811 2459 877 14,
2511 814 2570 865 et
2616 813 2727 865 cat.
2765 813 2850 877 11,
2887 825 2944 865 ιι.
2979 812 3031 876 9,
3080 809 3164 865 ait
3192 809 3692 880 quemadmodum

2049 897 2317 953 Christus
2373 903 2509 970 post
2536 898 2900 970 baptismum
2948 903 3007 954 et
3050 898 3346 955 visibilem
3405 899 3468 954 in
3500 900 3693 970 ipsum

2051 988 2241 1043 sancti
2268 988 2519 1059 Spiritus
2550 992 2969 1060 superventum
3000 992 3249 1059 paterna
3277 1004 3415 1044 voce
3464 989 3692 1045 caelitus

2051 1076 2256 1132 audita
2285 1076 2619 1132 declaratus
2650 1082 2741 1133 est
2781 1076 2963 1132 Filius
2994 1078 3130 1146 Dei;
3164 1077 3247 1135 ita
3295 1077 3693 1134 descendente

2053 1183 2232 1237 super
2262 1182 2371 1221 nos
2401 1172 2536 1238 post
2577 1167 2942 1238 baptismum
2988 1167 3210 1238 Spiritu
3240 1173 3464 1233 sancto,
3499 1173 3697 1239 pater—

2052 1272 2191 1311 nam
2207 1272 2408 1311 vocem
2430 1256 2698 1312 auditum
2720 1257 2792 1311 iri
2812 1257 2883 1312 de
2895 1271 3259 1328 unoquoque
3282 1256 3694 1328 dicentem,hic

2054 1361 2203 1400 nunc
2230 1349 2416 1415 factus
2445 1352 2523 1401 est
2550 1346 2697 1415 ﬁlius
2725 1362 2907 1402 meus:
2943 1345 3101 1417 quod
3132 1363 3266 1402 cum
3296 1347 3538 1402 Joannis
3567 1347 3707 1419 bap-

2054 1434 2228 1491 tismo
2260 1434 2481 1491 donum
2514 1435 2755 1507 spiritus
2787 1435 3068 1491 collatum
3098 1439 3293 1508 neget,
3326 1436 3535 1492 eodem
3566 1440 3701 1491 actu

2054 1524 2393 1597 adoptionis
2450 1542 2687 1597 quoque
2718 1525 2969 1598 gratiam
3028 1526 3221 1581 eidem
3282 1525 3513 1581 aufert:
3574 1525 3702 1597 ejus

2056 1615 2332 1670 effectum
2364 1615 2490 1671 sola
2520 1621 2579 1671 et
2599 1615 2761 1671 nuda
2788 1619 3169 1687 peccatorum
3190 1614 3544 1670 remissione
3567 1632 3706 1671 con-

2057 1705 2325 1773 cludens,
2358 1711 2469 1762 cat.
2501 1709 2590 1774 20,
2622 1723 2680 1761 ιι·
2717 1708 2770 1774 6,
2831 1705 2989 1777 quod
3052 1704 3292 1761 tandem
3351 1704 3516 1773 ibid.,
3555 1720 3614 1759 n.
3650 1709 3702 1759 1.

290 1798 596 1862 etl‘ectum,
623 1811 814 1867 eoque
830 1794 953 1850 solo
969 1793 1605 1866 ejuscaeremoniarum
1628 1791 1945 1863 expositio-
1980 1815 2028 1881 Β
2060 1812 2165 1868 per
2196 1795 2420 1851 donum
2446 1796 2700 1868 Spiritus
2738 1795 2947 1862 sancti,
2971 1794 3224 1850 formam
3246 1794 3462 1850 Christi
3503 1796 3565 1850 in
3597 1811 3700 1850 no-

291 1905 429 1946 nem
444 1886 860 1943 terminatcat.
881 1888 968 1954 20,
987 1901 1152 1940 num.
1172 1886 1341 1941 4et5.
1362 1883 1541 1939 Addit
1567 1898 1770 1939 revera
1790 1880 1948 1953 quod
1984 1880 2005 1881 ψ
2057 1885 2150 1940 bis
2181 1885 2444 1957 imprimi
2475 1886 2594 1952 ait;
2617 1902 2725 1957 per
2752 1902 2931 1956 quam
2963 1884 3051 1939 illi
3081 1884 3307 1941 similes
3336 1884 3498 1954 facti,
3530 1884 3705 1941 dicti-

288 1979 499 2052 [CXCl]
523 1976 781 2049 Spiritus
795 1974 982 2031 sancti
1013 1973 1237 2029 donum
1251 1978 1309 2030 et
1337 1971 1674 2046 adoptionis
1696 1972 1947 2045 gratiam

293 2066 617 2132 conciliet;
641 2071 703 2120 at
723 2064 783 2120 id
801 2063 1257 2137 intelligendum
1281 2063 1353 2120 de
1366 2064 1505 2137 jure
1526 2079 1631 2135 per
1646 2061 1817 2117 illum
1839 2078 1946 2117 no-

294 2158 386 2214 bis
406 2158 550 2213 dato
572 2155 649 2210 ad
670 2170 906 2210 sacrum
929 2154 1211 2222 chrismo,
1233 2153 1391 2225 quod
1410 2153 1772 2225 baptismum
1804 2168 1943 2208 con-

289 2247 488 2304 festim
520 2244 1018 2315 consequebatur,
1050 2248 1109 2298 et
1136 2243 1197 2298 in
1219 2260 1288 2299 eo
1319 2242 1758 2315 quodammodo
1785 2257 1944 2296 com-

292 2335 588 2410 prehendi
622 2337 890 2407 poterat;
926 2333 1024 2389 hic
1082 2333 1241 2389 enim
1291 2349 1361 2388 ex
1390 2332 1592 2405 Cyrilli
1649 2332 1945 2387 sententia

291 2426 571 2500 proprius
603 2421 960 2479 sacramenti
998 2421 1335 2477 chrismatis
1374 2422 1638 2487 effectus,
1670 2425 1737 2476 ut
1765 2420 1939 2476 modo

293 2513 665 2588 probabitur,
697 2510 818 2567 alia
847 2527 1060 2583 nempe
1084 2527 1118 2566 a
1136 2510 1584 2582 regeneratione
1613 2509 1800 2582 gratia
1829 2513 1937 2577 est,

298 2622 477 2677 quam
488 2603 812 2658 chrismate
834 2600 1276 2656 conferridocet
1295 2605 1408 2655 cat.
1432 2602 1520 2670 21,
1544 2599 1803 2671 primum
1818 2599 1942 2670 ipse

302 2694 552 2767 Spiritus
572 2697 836 2756 sanctus,
869 2690 1040 2762 cujus
1070 2689 1347 2745 divinitas
1378 2690 1439 2744 in
1471 2689 1600 2761 ipso
1623 2688 1943 2744 chrismate

297 2799 561 2857 presens
583 2779 735 2836 illud
751 2779 947 2835 reddit
964 2779 1223 2841 Spiritus
1232 2779 1415 2827 sancti
1425 2778 1762 2848 eﬂectivum,
1778 2794 1940 2834 num.

298 2875 350 2939 3,
372 2872 759 2949 permittatur
778 2868 1135 2925 scholastica
1154 2867 1260 2924 illa
1278 2884 1404 2935 vox,
1439 2867 1567 2923 sola
1590 2868 1706 2923 vim
1729 2869 1942 2924 Graeca:

297 2958 641 3036 ἄνεργητικόν
674 2959 969 3015 reddens:
1004 2963 1128 3013 tum
1159 2957 1375 3013 deinde
1416 2958 1518 3024 ait,
1550 2957 1691 3013 dum
1731 2975 1945 3030 corpus

297 3051 511 3107 visibili
541 3053 849 3123 unguento
880 3047 1247 3120 perungitur,
1277 3047 1531 3096 animam
1560 3046 1789 3108 Spiritu
1818 3063 1945 3096 san-

2059 1991 2175 2046 que
2205 1991 2341 2031 cum
2368 1974 2496 2046 ipso
2529 1974 2765 2042 Christi,
2798 1974 3176 2046 adoptionem
3232 1990 3409 2045 quam
3457 1975 3613 2030 Deus
3642 1975 3704 2029 in

2057 2065 2162 2121 illa
2193 2066 2587 2121 similitudine
2612 2066 2940 2131 constituit,
2974 2065 3417 2137 consequimur.
3448 2068 3580 2121 Haec
3602 2082 3705 2122 au-

2057 2160 2544 2227 tem,quanquam
2559 2156 2814 2212 maxime
2825 2154 3130 2228 probabile
3145 2154 3709 2227 efﬁciant,Cyrillum

2056 2245 2393 2317 adoptionis
2422 2245 2671 2318 gratiam
2706 2249 3077 2301 sacramento
3109 2243 3334 2316 [CXCII]
3364 2243 3700 2300 chrismatis

2053 2335 2354 2406 propriam
2370 2335 2744 2406 adjudicasse
2771 2352 2785 2401 ;
2815 2334 2971 2389 haud
2989 2340 3187 2389 tamen
3214 2339 3280 2389 ut
3310 2333 3391 2388 ita
3408 2332 3696 2402 dicamus,

2052 2424 2289 2496 penitus
2318 2428 2573 2497 cogunt;
2606 2428 2859 2496 possunt
2886 2425 3045 2480 enim
3065 2423 3139 2478 de
3160 2423 3413 2479 solemni
3430 2423 3694 2494 adoptio-

2051 2514 2148 2570 nis
2178 2531 2285 2586 per
2303 2513 2517 2569 Christi
2538 2514 2899 2585 baptismum
2920 2513 3071 2569 datas
3093 2512 3495 2569 declaratione
3519 2518 3577 2568 et
3597 2512 3696 2569 ab-

2054 2603 2386 2677 signatione
2432 2603 2704 2676 intelligi.
2740 2604 2883 2658 Nam
2915 2608 3028 2659 cat.
3080 2606 3168 2671 21,
3200 2620 3261 2659 ιι.
3300 2607 3349 2671 1,
3383 2619 3454 2658 ex
3483 2620 3599 2675 quo
3630 2603 3693 2658 in

2053 2694 2351 2750 Christum
2379 2693 2652 2765 baptizati
2684 2694 2877 2766 ipsum
2912 2692 3236 2760 induimus,
3271 2691 3529 2746 similem
3560 2705 3694 2746 cum

2054 2783 2182 2856 ipso
2211 2784 2464 2841 formam
2512 2802 2622 2841 nos
2646 2800 3023 2856 comparasse
3071 2782 3263 2838 docet.
3298 2784 3373 2837 At
3401 2780 3695 2853 baptismo

2055 2872 2212 2929 dicto
2260 2891 2368 2929 nos
2423 2874 2719 2929 Christum
2770 2872 3039 2939 induere,
3095 2870 3366 2927 doctrina
3398 2870 3525 2941 ejus
3583 2873 3694 2936 est,

2055 2968 2163 3018 cat.
2205 2967 2290 3033 19,
2323 2980 2383 3018 ιι.
2423 2964 2507 3030 10,
2541 2966 2601 3017 et
2629 2966 2740 3017 cat.
2769 2964 2858 3030 20,
2890 2977 2945 3015 ιι.
2982 2963 3036 3014 2.

2127 3055 2213 3106 59.
2246 3052 2378 3106 Haec
2408 3050 2482 3107 ad
2513 3049 2959 3123 distinguendas
2989 3047 3299 3118 utriusque
3342 3045 3697 3102 sacramenti

296 3150 379 3191 οια
412 3140 750 3205 vivi/“09W
775 3137 1135 3202 -ἀποιίποανί-
1167 3141 1225 3192 2ο
1246 3136 1526 3209 Spiritum
1544 3136 1618 3192 ad
1638 3138 1797 3192 hunc
1827 3154 1942 3193 110-
1977 3133 2019 3201 C
2058 3146 2231 3198 notas
2261 3146 2321 3197 et
2369 3141 2641 3213 proprios
2672 3140 3045 3195 characteres
3102 3136 3337 3193 abunde
3371 3135 3697 3192 sufficiunt.

301 3232 393 3288 bis
424 3232 710 3288 effectum
748 3227 1005 3284 conferri
1034 3228 1118 3283 ait
1169 3231 1235 3282 ut
1262 3243 1371 3282 nos
1403 3226 1683 3282 adversus
1741 3226 1950 3282 salutis

294 3323 497 3379 hostes
520 3324 715 3376 armet
734 3323 912 3388 totos,
941 3335 1000 3373 ιι.
1035 3318 1089 3385 4,
1129 3321 1195 3371 ιιι
1224 3316 1301 3372 sit
1337 3316 1552 3372 animae
1581 3321 1639 3371 et
1686 3316 1951 3388 corporis

295 3410 650 3485 praesidium
680 3414 742 3465 et
770 3407 974 3475 tutela,
1007 3411 1066 3463 et
1085 3406 1341 3463 doctoris
1363 3406 1518 3462 vices
1552 3411 1769 3472 teneat,
1806 3423 1866 3462 ιι.
1892 3410 1946 3474 7,

296 3502 356 3558 hi
387 3507 552 3558 certe
574 3499 843 3555 distincti
864 3497 935 3553 ab
956 3497 1404 3571 regeneratione
1436 3498 1699 3553 effectus.
1723 3497 1782 3551 3°
1804 3498 1948 3553 Cum

293 3591 601 3664 baptisma
628 3589 840 3645 mortis
870 3589 1084 3645 Christi
1107 3587 1711 3644 communicationem
1731 3586 1953 3642 tribuat

298 3698 367 3738 ex
398 3680 608 3753 Cyrilli
652 3683 876 3746 mente,
925 3678 1105 3735 aliam
1149 3676 1320 3733 nobis
1351 3693 1486 3732 cum
1525 3677 1755 3731 Christo
1791 3693 1953 3732 com-

302 3768 777 3827 municationem
800 3784 907 3840 per
936 3783 1171 3823 sacrum
1194 3766 1453 3822 chrisma
1474 3765 1731 3822 conferri
1751 3765 1955 3831 docet;

300 3860 592 3917 nimirum
625 3856 1226 3913 communicationem
1256 3855 1558 3911 unctionis
1592 3855 1742 3929 ejus,
1775 3872 1893 3929 qua
1922 3872 1957 3911 a

304 3949 532 4022 Spiritu
559 3952 767 4002 sancto
804 3962 984 4018 super
1012 3962 1074 4001 se
1119 3944 1434 4001 visibiliter
1485 3945 1699 4017 illapso
1735 3961 1955 4017 perun-

303 4045 436 4095 ctus
466 4041 562 4093 est
588 4041 724 4109 post
772 4035 1156 4108 baptismum.
1188 4040 1308 4091 Cat.
1352 4038 1441 4104 21,
1475 4052 1638 4092 num.
1670 4039 1692 4090 1
1722 4051 1736 4092 :
1773 4036 1955 4099 νοὺίε,

297 4127 520 4200 inquit,
551 4123 826 4173 similiter
859 4132 1159 4187 postquam
1188 4139 1257 4171 ex
1288 4138 1571 4173 sacrorum
1610 4125 1847 4173 laticum
1866 4124 1956 4186 pi-

300 4218 467 4267 scina
495 4214 846 4275 ascendistis,
873 4214 1066 4263 datum
1097 4221 1174 4262 est
1187 4213 1609 4264 chrismaillius
1629 4215 1954 4279 antitypum

299 4322 411 4371 quo
441 4312 653 4355 unctus
682 4312 760 4352 est
782 4303 1035 4353 Christus
1053 4320 1072 4353 :
1099 4304 1246 4368 quod
1300 4312 1379 4352 est
1406 4305 1663 4366 Spiritus
1690 4312 1956 4367 sanctus;

303 4402 364 4452 et
395 4413 455 4451 ιι.
489 4398 524 4450 2
549 4411 563 4449 :
600 4392 1073 4446 Quemadmodum
1105 4393 1362 4443 Christus
1384 4409 1508 4442 vere
1527 4395 1837 4459 cruciﬁxus
1857 4402 1952 4454 est,

2057 3231 2223 3287 Haud
2256 3236 2456 3285 tamen
2496 3228 2751 3296 inﬁcior,
2786 3227 3071 3299 Cyrillum
3100 3243 3237 3282 cum
3266 3224 3538 3282 Patribus
3567 3240 3700 3297 per-

2056 3320 2263 3376 multis
2275 3319 2792 3375 continuationem
2819 3316 3119 3373 interdum
3137 3316 3200 3372 in
3232 3315 3463 3372 actione
3478 3314 3700 3387 baptis-

2056 3411 2139 3467 mi
2153 3408 2814 3482 comprehendisse:seu
2829 3407 3109 3480 quoniam
3124 3407 3254 3478 ipsa
3264 3405 3544 3478 baptismi
3556 3420 3700 3476 per-

2056 3499 2231 3554 fectio
2264 3504 2324 3554 et
2352 3498 2850 3570 complementum
2887 3501 3015 3564 est;
3051 3513 3154 3552 seu
3186 3496 3385 3568 potius
3414 3495 3702 3567 quoniam

2057 3606 2176 3645 uno
2210 3593 2476 3660 tempore
2508 3604 2644 3643 cum
2674 3587 2966 3659 baqiismo
3010 3585 3463 3652 conferebatur;
3496 3602 3563 3641 ac
3593 3585 3699 3640 ba-

2056 3678 2259 3751 ptismi
2272 3694 2347 3733 no
2357 3677 2506 3733 mine
2521 3677 2854 3750 generalius
2866 3682 3100 3748 sumpto
3112 3675 3527 3732 includebatur
3538 3674 3707 3745 quid-

2060 3768 2201 3840 quid
2229 3767 2378 3823 illud
2409 3767 2792 3823 comitaretur
2849 3772 2907 3822 et
2935 3771 3420 3837 consequeretur.
3482 3763 3706 3822 Eodem

2060 3874 2294 3929 quoque
2325 3856 2501 3912 modo
2535 3854 2861 3927 eademque
2891 3855 3119 3910 ratione
3151 3852 3535 3907 Eucharistite
3567 3868 3710 3923 quo-

2060 3962 2174 4017 que
2205 3945 2361 4001 bona
2392 3950 2451 4001 et
2478 3944 2707 4000 fructus
2738 3941 3014 3997 nonnulli
3042 3943 3246 3996 Patres
3304 3940 3367 3994 in
3424 3938 3707 4010 baptismi

2059 4036 2291 4091 actione
2324 4036 2612 4091 eteffectu
2642 4031 3139 4104 complectuntur:
3155 4029 3313 4101 quod
3333 4028 3709 4084 Albertinum

2060 4142 2215 4198 smpe
2246 4124 2478 4194 fefellit,
2530 4122 2604 4178 ad
2635 4123 2830 4194 ipsum
2857 4120 3151 4191 baptisma
3207 4118 3446 4191 proprie
3479 4116 3704 4172 dictum

2060 4215 2443 4282 referentem,
2477 4212 2636 4285 quod
2666 4211 2738 4267 de
2773 4227 2941 4267 sacra
2969 4209 3412 4276 communione,
3447 4212 3583 4279 post
3602 4206 3709 4262 ba-

2059 4306 2347 4378 ptismum
2379 4309 2438 4360 et
2467 4302 2982 4359 confirmationem
3014 4301 3077 4356 in
3108 4301 3238 4373 ipsa
3268 4297 3532 4372 paschali
3576 4296 3712 4370 vigi-

2058 4396 2142 4452 lia
2170 4394 2486 4466 neophytis
2517 4392 2655 4448 data
2685 4391 2906 4448 dictum
2936 4391 3068 4446 fuit.

300 4493 353 4535 et
385 4484 646 4547 sepultus
680 4490 730 4530 et
760 4483 1108 4543 resurrexit;
1140 4482 1287 4531 vobis
1314 4488 1501 4531 autem
1532 4482 1595 4532 in
1631 4481 1951 4545 baptismate

2073 4513 2144 4562 De
2171 4511 2406 4562 Joannis
2437 4509 2702 4573 baptismi
2724 4508 2998 4574 efﬁcacia,
3028 4516 3077 4557 et
3110 4504 3422 4556 Christiani
3450 4502 3717 4566 baptismi

294 4590 402 4638 per
428 4573 737 4639 quamdam
760 4571 1201 4622 similitudinem
1229 4587 1350 4622 una
1376 4588 1499 4622 cum
1524 4573 1646 4634 ipso
1677 4574 1955 4638 cruciﬁgi,

302 4674 353 4714 et
384 4663 621 4726 sepeliri
648 4671 698 4711 et
730 4677 1024 4725 resurgere
1051 4662 1244 4712 dicina
1273 4663 1598 4726 dignatione
1625 4662 1822 4712 datum
1855 4672 1953 4721 est,

304 4755 391 4805 ita
419 4762 468 4802 et
502 4753 569 4801 de
599 4752 897 4801 chrismate
925 4752 1221 4815 contingit.
1242 4752 1354 4801 Ille
1377 4751 1738 4815 intelligibili
1766 4755 1959 4802 exsul-

303 4844 542 4894 tationis
571 4842 688 4891 oleo
730 4850 1045 4903 perunctus
1077 4851 1176 4901 est,
1204 4842 1263 4891 id
1290 4851 1386 4902 est,
1431 4843 1660 4903 Spiritu
1689 4852 1960 4902 sancto...,

304 4950 400 4983 eos
430 4948 557 4981 vero
617 4940 907 4994 unguento
934 4934 1094 4981 uncti
1150 4932 1282 4981 estis
1342 4932 1551 4982 Christi
1572 4933 1884 4994 participes
1914 4941 1963 4982 et

309 5032 593 5074 consortes
622 5022 823 5086 επεσεί.
855 5024 941 5077 En
963 5022 1253 5078 diversam
1286 5023 1358 5079 ab
1387 5039 1456 5078 ea
1471 5039 1648 5094 quam
1670 5024 1967 5096 baptisma

310 5113 567 5179 confert,
611 5128 745 5167 cum
778 5110 1009 5167 Christo
1068 5112 1432 5168 societatem.
1494 5112 1681 5184 Hujus
1721 5114 1966 5171 eil‘ectus

311 5209 405 5259 est
428 5200 897 5258 communicatio
926 5201 1188 5257 nominis
1220 5202 1370 5274 ejus,
1404 5206 1469 5256 ut
1494 5202 1608 5273 ipsi
1637 5203 1852 5258 Christi
1882 5203 1968 5258 di-

307 5307 540 5357 camur,
574 5307 634 5345 ιι.
674 5292 725 5358 1,
761 5289 983 5362 quique
1014 5294 1152 5345 ante
1200 5289 1673 5345 Christianorum
1726 5292 1968 5347 nomine

305 5381 553 5454 proprie
576 5378 742 5451 digni
764 5394 886 5434 non
908 5377 1278 5445 eramus,sed
1303 5395 1372 5433 eo
1388 5383 1620 5435 tantum
1644 5381 1964 5437 contende-

314 5469 870 5547 hamus,veritatem
882 5467 1062 5549 hujus
1074 5468 1337 5524 nominis
1350 5485 1701 5539 persacrum
1715 5470 1978 5526 chrisma

310 5573 782 5634 consequamur,
812 5573 873 5630 ιι,
906 5561 961 5627 5,
991 5563 1058 5614 ut
1088 5556 1328 5614 demum
1369 5557 1634 5630 aliquam
1666 5562 1728 5616 in
1758 5561 1977 5620 Christi

308 5650 660 5711 sacerdotio
681 5652 910 5721 partem
933 5665 1367 5720 comparemus,
1390 5654 1503 5705 cat.
1533 5651 1616 5720 18,
1641 5668 1699 5707 n.
1725 5654 1828 5723 33;
1862 5661 1977 5712 cat.

2501 4605 2672 4652 super
2700 4590 2887 4650 ipsum
2913 4587 3261 4638 excellentia.

2140 4702 2226 4754 60.
2282 4699 2525 4755 Joannis
2564 4697 2860 4769 baptismo
2916 4694 3169 4767 Cyrillus
3198 4693 3315 4748 vim
3370 4690 3713 4748 remittendi

2072 4796 2312 4863 peccata
2342 4795 2401 4844 et
2428 4788 2501 4844 ab
2532 4788 2669 4860 igne
2699 4791 2920 4841 aeterno
2944 4782 3236 4839 liberandi
3268 4782 3554 4838 attribuit.
3588 4781 3712 4835 Cat.

2070 4882 2127 4947 3,
2158 4898 2214 4935 ιι.
2253 4884 2305 4948 7,
2340 4879 2426 4935 sic
2455 4878 2721 4949 loquitur
2750 4877 2821 4933 de
2854 4875 3314 4947 suscipientibus
3340 4871 3489 4928 illud
3518 4871 3679 4943 bapti

2075 4987 2224 5026 sma:
2239 4969 2503 5018 Primum
2516 4966 2869 5015 ostendebant
2890 4966 3263 5037 vulnera(per
3286 4963 3723 5019 confessionem

2078 5058 2502 5131 peccatorum);
2531 5056 2729 5106 deinde
2750 5055 2850 5104 ille
2888 5054 3287 5103 medicamenta
3321 5050 3645 5115 apponebat,
3679 5056 3729 5097 et

2079 5147 2509 5208 redemptionem
2544 5147 2611 5195 ab
2625 5147 2756 5208 igne
2776 5154 2982 5195 wterno
3012 5146 3364 5194 credentibus
3385 5141 3697 5203 conferebat
3719 5154 3737 5188 :

2083 5228 2242 5300 quod
2273 5228 2589 5299 Scripturaa
2620 5227 2978 5284 auctoritate
3019 5226 3275 5297 probpre
3307 5225 3536 5296 satagit.
3570 5221 3732 5275 Idem

2083 5324 2195 5375 cat.
2228 5319 2318 5386 20,
2354 5334 2412 5371 ιι.
2449 5319 2501 5385 6,
2531 5317 2700 5365 Nemo
2730 5331 2858 5378 ergo
2885 5323 3047 5377 putet
3065 5313 3341 5377 baptisma
3361 5313 3424 5362 in
3453 5306 3732 5359 remissio-

2085 5408 2178 5456 nis
2206 5414 2556 5467 peccatorum
2576 5406 2855 5455 duntawat
2884 5411 2933 5452 et
2965 5404 3027 5452 in
3049 5403 3364 5465 adoptionis
3383 5400 3574 5464 gratia
3602 5411 3733 5445 cou-

2084 5489 2319 5547 sistere;
2348 5487 2493 5535 sicut
2519 5492 2644 5534 erat
2702 5485 3014 5546 baptismus
3069 5483 3322 5541 Joannis,
3377 5479 3525 5545 quod
3554 5477 3730 5526 solam

2078 5576 2434 5633 peccatorum
2488 5566 2867 5619 remissionem
2926 5566 3256 5626 conferebat.
3288 5564 3412 5617 Non
3471 5560 3595 5614 hwc
3625 5556 3731 5626 Cy-

2089 5661 2226 5719 rillo
2257 5658 2574 5733 singularis
2598 5657 2821 5731 opinio,
2854 5656 2959 5713 sed
2989 5655 3104 5728 ipsi
3134 5670 3270 5711 cum
3300 5642 3732 5720 antiquissimis
