4134 6264
407 357 520 421 231

1708 346 1810 407 DF.
1857 342 2034 405 VITA
2084 342 2149 402 S.
2194 341 2531 404 CYRILLI.

3703 345 3822 406 232

407 497 468 550 et
494 488 862 547 noblissimis
890 486 1164 544 Patribus
1193 482 1545 542 communis.
1576 483 1664 538 Ita
1710 486 1915 538 censet
1937 482 2053 536 Eu-
2085 478 2139 545 Α
2166 483 2353 535 smate
2370 481 2592 536 remitti
2608 484 2852 553 peccata
2870 480 3478 549 docuerunt,assensu
3495 484 3555 535 et
3572 482 3827 555 conspi-

407 581 607 639 sebius
635 582 847 635 Cassar.
876 577 959 633 lib
989 594 1047 633 ix
1081 581 1378 643 Dcmonst.,
1412 590 1543 645 cap.
1573 576 1627 639 5,
1660 587 1792 644 pag.
1837 573 1963 639 430,
1996 575 2055 625 et

407 674 470 729 in
494 671 661 727 Isaia;
693 684 820 742 cap.
850 685 1017 734 xxxv,
1050 683 1199 722 vers.
1232 670 1301 733 2;
1346 666 1639 719 Iuvencus
1681 664 1823 717 Hist.
1856 677 2050 730 evang.

405 762 511 819 lib.
543 777 755 828 t,vers.
788 761 988 826 367,et
1017 758 1121 813 lib.
1141 774 1202 814 ιιι
1234 756 1442 821 initio;
1472 751 1858 823 Hilarius,qui
1881 754 1939 806 in
1960 766 2049 822 ps.

410 869 603 922 cxvm,
630 852 743 906 litt.
778 852 829 919 3,
862 866 921 905 n.
955 853 1008 917 5,
1042 847 1324 920 supponit
1350 844 1593 903 Joannis
1620 843 1916 915 baptismo
1949 841 2053 897 da-

409 950 533 1001 tam
563 946 940 1014 peccatorum
961 939 1398 1007 remissionem,
1421 932 1926 1008 quemadmodum
1948 948 2054 1004 per

407 1034 772 1107 baptismum
811 1030 1060 1086 Christi:
1118 1031 1385 1103 Optatus,
1435 1026 1537 1081 lib.
1570 1043 1623 1092 v,
1654 1041 1715 1081 n.
1749 1027 1802 1092 5,
1863 1022 1963 1094 qui
1994 1026 2055 1076 et

404 1122 649 1181 Joannis
688 1122 984 1194 baptisma
1014 1124 1150 1175 ante
1178 1116 1677 1174 resurrectionem
1702 1112 1916 1170 Christi
1931 1111 2052 1168 col-

405 1214 614 1282 latum,
665 1212 944 1267 iteratum
969 1209 1152 1265 fuisse
1204 1211 1417 1281 negat;
1466 1205 1739 1275 Basilius,
1772 1204 1930 1258 hom.
1962 1203 2049 1270 13,

406 1319 539 1377 pag.
571 1302 712 1369 409;
769 1306 829 1356 et
882 1300 1133 1358 lib.IDe
1182 1299 1359 1368 bapt.,
1414 1312 1541 1368 cap.
1601 1298 1653 1362 2,
1714 1309 1842 1366 pag.
1905 1295 2048 1359 559;

408 1397 574 1468 Greg.
608 1397 761 1462 Naz.,
826 1397 974 1449 orat.
1008 1392 1096 1459 34,
1129 1406 1259 1464 pag.
1321 1391 1463 1455 694;
1496 1386 1809 1460 Gregorius
1857 1387 2049 1457 Nyss.,

406 1484 615 1541 homil.
649 1486 707 1539 in
737 1483 1005 1540 Basiliam
1031 1484 1282 1550 fratrem,
1317 1495 1445 1552 pag.
1482 1478 1622 1544 482;
1679 1474 2047 1544 Ambrosius,

407 1574 508 1645 qui
539 1576 699 1645 inps.
733 1588 948 1640 xxxvu,
978 1587 1144 1626 num.
1197 1570 1250 1638 3,
1283 1585 1388 1641 per
1435 1566 1585 1623 illud
1615 1564 1929 1637 baptisma,
1962 1562 2051 1612 ho-

403 1664 615 1713 minem
644 1669 925 1726 peccatum
954 1675 1115 1709 omne
1150 1658 1466 1721 deposuisse
1492 1658 1657 1716 docet,
1681 1670 1749 1703 ne
1777 1653 2049 1703 obnoxius

406 1752 642 1814 incipiat
671 1767 785 1801 esse
809 1750 1143 1813 suppliciis:
1174 1748 1530 1806 Prudentius
1548 1744 1808 1819 poeta,in
1824 1745 2048 1816 hymno

394 1842 1332 1916 jejunantium,strophal5,vers.
1347 1840 1471 1908 960;
1497 1836 2047 1906 Paulinus,poema-

406 1937 464 1988 te
485 1936 538 2001 6,
557 1949 707 1988 vers.
732 1934 834 1986 263
857 1936 916 1987 et
932 1947 1094 2003 seqq.
1124 1948 1139 1997 ;
1163 1928 1416 2002 Cyrillus
1438 1921 2051 1991 Alexandr.,Thesauri

404 2027 615 2078 assert.
653 2025 736 2088 11,
770 2039 827 2094 p.
863 2023 986 2089 106,
1014 2034 1359 2091 quanquam
1387 2016 1671 2073 contrarii
1698 2013 1924 2085 aliquid
1954 2013 2052 2070 ha-

406 2112 547 2168 bere
579 2111 844 2167 videatur
871 2112 930 2165 in
960 2112 1121 2166 Joan.
1155 2109 1260 2164 lib.
1296 2125 1355 2178 ιι,
1386 2125 1444 2180 p.
1482 2110 1619 2173 157;
1656 2103 1907 2160 Basilius
1949 2103 2053 2157 Se-

404 2201 745 2270 leuciensis,
779 2205 930 2256 orat.
988 2202 1074 2267 18,
1125 2216 1181 2271 p.
1227 2198 1368 2265 103;
1418 2199 1625 2252 Petrus
1657 2193 2052 2266 Chrysologus

403 2308 582 2348 serm.
618 2294 722 2359 13;
756 2292 978 2347 Auctor
1019 2288 1311 2345 sermonis
1342 2287 1415 2343 de
1464 2283 1862 2358 Theophania,
1896 2281 2053 2355 apud

404 2383 729 2455 Chrysost.,
760 2386 904 2449 tom,
934 2381 1026 2446 Vl,
1057 2398 1116 2452 p.
1146 2381 1247 2435 253
1276 2395 1289 2446 ;
1321 2379 1484 2433 Titus
1507 2374 1838 2431 Bostrensis
1859 2372 1960 2445 qui
1990 2372 2053 2427 in

405 2474 572 2530 Lucas
603 2490 669 2528 ιιι
712 2476 890 2544 caput
916 2472 1036 2528 ait:
1068 2470 1311 2520 Joannis
1351 2468 1627 2531 baptisma
1654 2467 1781 2515 licet
1802 2471 2054 2527 peccato-

403 2578 535 2614 rum
566 2563 952 2611 remissionem
1007 2561 1339 2622 adiunctam
1387 2559 1630 2617 habebat,
1670 2571 1782 2606 non
1811 2570 1932 2604 eam
1975 2562 2055 2603 ta-

402 2667 531 2701 men
575 2667 643 2700 ex
692 2667 750 2699 se
803 2651 1045 2707 habebat,
1102 2651 1195 2698 sed
1239 2664 1308 2697 ea:
1348 2648 1702 2710 pamitentia.
1735 2644 2055 2716 Distinguit

406 2740 664 2815 [CXCIII]
695 2741 792 2796 hic
824 2745 1029 2796 auctor
1054 2739 1167 2794 vim
1201 2738 1580 2805 sacramenti,
1612 2741 1680 2791 ut
1724 2735 2053 2805 loquuntur

405 2838 686 2911 theologi,
709 2855 778 2893 ea:
793 2854 952 2909 opere
982 2843 1229 2908 operato,
1254 2842 1306 2891 et
1337 2853 1405 2891 ca:
1425 2851 1584 2906 opere
1605 2834 1888 2906 operantis
1907 2848 1929 2896 ,°
1955 2847 2052 2886 so-

402 2926 522 2982 lam
554 2927 707 2983 hanc
735 2931 1098 2998 postremam
1131 2923 1469 2980 dimittendi
1501 2926 1745 2995 peccata
1772 2921 2049 2975 virtutem

403 3016 649 3072 Joannis
673 3015 969 3088 baptismo
991 3014 1341 3071 attribuens.
1370 3012 1710 3085 Eademque
1732 3010 1881 3067 forte
1904 3025 2048 3065 non-

405 3105 732 3174 nullorum,
767 3122 1020 3177 quorum
1051 3104 1297 3161 nomina
1327 3120 1508 3176 supra
1544 3102 1880 3168 retulimus,
1912 3116 2050 3154 sen-

2159 570 2391 626 ratione
2448 572 2846 643 proscriptum
2899 575 3062 628 erat:
3122 571 3407 627 nimirum
3465 571 3809 632 baptismum

2157 661 2400 709 Joannis
2428 662 2675 710 eamdem
2704 660 2819 710 vim
2833 660 3094 711 habuisse
3120 676 3248 711 cum
3268 661 3542 724 baptismo
3573 661 3812 713 Christi.

2159 751 2317 807 Nihil
2346 756 2504 807 certe
2536 769 2572 809 a
2600 751 2803 825 Cyrilli
2833 752 3130 808 sententia
3160 753 3345 825 magis
3375 752 3661 811 alienum.

2230 863 2318 915 61.
2351 862 2493 915 Eam
2519 859 2677 916 enim
2709 860 2866 917 inter
2893 859 3066 916 ambo
3111 860 3468 933 baptismata
3518 861 3805 919 diﬂ‘eren-

2159 950 2301 1005 tiam
2324 950 2650 1019 constituit,
2673 951 2973 1022 quaeinter
2995 966 3201 1006 eorum
3224 956 3492 1007 auctores
3507 953 3798 1009 Joannem

2160 1045 2218 1095 et
2244 1040 2564 1096 Christum.
2598 1042 2720 1097 Cat.
2754 1042 2805 1109 3,
2839 1058 2898 1097 n.
2931 1042 2985 1108 9,
3021 1040 3167 1095 Quid
3202 1041 3453 1102 amplius
3491 1041 3554 1089 ds
3580 1041 3801 1092 homine

2158 1128 2322 1178 verba
2346 1130 2558 1190 faciam
2580 1130 2604 1177 Ι
2644 1145 2889 1191 magnus
2932 1130 3196 1189 Joannes,
3228 1130 3323 1178 sed
3348 1130 3487 1194 quid
3530 1131 3576 1180 is
3598 1131 3671 1179 ad
3699 1133 3807 1181 Do-

2158 1221 2415 1271 minum?
2448 1237 2552 1270 vox
2581 1222 2806 1286 quidem
2835 1230 2912 1272 est
2940 1222 3202 1284 altisona,
3244 1223 3337 1270 sed
3381 1222 3522 1286 quid
3560 1223 3634 1271 ad
3675 1224 3807 1271 Ver-

2157 1311 2329 1361 bum?
2355 1314 2549 1362 Bonus
2585 1312 2684 1362 ille
2706 1313 2808 1377 qui
2837 1314 2898 1362 in
2928 1328 3077 1377 aqua
3105 1313 3387 1375 baptisat;
3437 1312 3533 1360 sed
3558 1312 3699 1376 quid
3726 1312 3800 1362 ad

2157 1401 2323 1450 illum
2357 1402 2461 1465 qui
2491 1400 2736 1463 baptisat
2762 1403 2823 1451 in
2839 1402 3063 1464 Spiritu
3094 1411 3285 1451 sancta
3305 1409 3354 1450 et
3378 1402 3502 1465 igni
3522 1402 3548 1450 ι
3574 1402 3804 1465 Spiritu

2153 1498 2344 1539 sancto
2372 1499 2423 1539 et
2453 1491 2578 1555 igni
2608 1491 2913 1554 baptizavit
2941 1492 3211 1553 apostolos
3262 1493 3539 1549 Salvator,
3581 1492 3805 1555 quando

2152 1575 2339 1633 factus
2368 1579 2445 1620 est
2479 1579 2700 1634 repente
2728 1572 2793 1620 de
2820 1573 2951 1621 oculo
2975 1588 3167 1642 sonus,
3219 1577 3331 1628 etc.
3388 1573 3653 1629 Primum
3701 1573 3800 1629 hic

2154 1661 2470 1717 adumbrat
2522 1660 2831 1733 utriusque
2880 1662 3156 1736 baptismi
3215 1662 3559 1730 discrimen,
3592 1667 3651 1718 et
3679 1663 3804 1735 pri-

2154 1768 2313 1808 mam
2343 1750 2658 1807 Christiani
2687 1752 3061 1824 baptismatis
3114 1768 3292 1824 super
3316 1753 3558 1808 Joannis
3603 1753 3798 1825 bapti-

2081 1845 2127 1911 B
2159 1858 2352 1898 smum
2383 1842 2851 1915 prmrogativam,
2883 1841 3041 1914 quod
3071 1841 3172 1897 ille
3203 1842 3485 1914 Spiritum
3526 1847 3798 1898 sanctum

2156 1932 2441 2000 conferat,
2474 1932 2625 1987 alter
2652 1949 2773 1987 non
2806 1931 3090 1988 conferat.
3125 1931 3189 1986 Id
3216 1931 3387 1987 docet
3407 1937 3518 1989 cat.
3555 1934 3803 2004 t7,n.8:

2154 2024 2399 2072 Joannes
2429 2023 2501 2071 ad
2553 2022 2651 2071 hoc
2683 2022 3068 2087 sanctiﬁcatus
3109 2029 3191 2070 est
3229 2030 3293 2070 ut
3339 2021 3647 2072 Dominum
3706 2024 3804 2073 ba-

2147 2114 2409 2175 ptisaret,
2440 2129 2552 2163 non
2582 2116 2871 2175 conferens
2900 2113 3203 2174 Spiritum,
3234 2113 3328 2161 sed
3341 2128 3466 2161 eum
3485 2113 3588 2177 qui
3612 2114 3797 2176 Spiri-

2159 2213 2278 2252 tum
2309 2203 2623 2265 con/erebal
2647 2204 3022 2267 annuntians,
3083 2209 3142 2259 et
3198 2209 3311 2260 cat.
3370 2207 3459 2273 20,
3516 2221 3681 2261 num.
3743 2209 3797 2274 6,

2156 2294 2400 2351 Joannis
2430 2294 2709 2366 baptismi
2737 2295 2853 2349 vim
2886 2294 3012 2350 sola
3043 2300 3101 2350 et
3129 2293 3289 2349 nuda
3310 2299 3686 2366 peccatorum
3708 2313 3807 2351 re—

2158 2385 2441 2442 missione
2468 2384 2850 2452 concludens,
2884 2383 3096 2439 Christi
3120 2384 3415 2455 baptismo
3438 2390 3503 2439 ut
3532 2384 3805 2457 proprios

2159 2476 2404 2533 eﬂ‘ectus
2435 2474 2703 2529 attribuit
2724 2474 2973 2546 Spiritus
3003 2473 3190 2529 sancti
3215 2473 3437 2529 donum
3461 2480 3519 2529 et
3542 2474 3810 2547 adoptio-

2158 2567 2252 2621 nis
2280 2565 2553 2637 gratiam,
2589 2582 2720 2637 qure
2744 2563 2983 2636 quidem
3010 2581 3112 2636 pro
3144 2580 3265 2619 uno
3290 2564 3508 2619 habere
3539 2565 3807 2631 videtur;

2158 2660 2216 2711 et
2232 2655 2835 2712 communicationem
2862 2654 3210 2726 passionum
3231 2653 3707 2709 Christi.Donum
3731 2654 3803 2709 il-

2156 2744 2259 2799 lud
2293 2746 2483 2801 sancti
2536 2744 2787 2817 Spiritus
2839 2743 3136 2816 baptismo
3194 2742 3410 2798 Christi
3467 2744 3798 2816 proprium,

2156 2834 2307 2890 nihil
2340 2835 2484 2889 mihi
2515 2833 2746 2890 videtur
2775 2832 2935 2888 aliud
2970 2837 3186 2904 praeter
3213 2832 3461 2906 gratiam
3482 2835 3803 2889 conﬁrma-

2156 2925 2357 2979 tionis.
2392 2923 2544 2979 lllud
2570 2922 2729 2978 enim
2761 2922 2982 2977 donum
3006 2927 3096 2977 est
3119 2922 3277 2994 quod
3307 2923 3592 2994 apostolis
3623 2923 3683 2977 in
3705 2923 3800 2978 die

2154 3017 2531 3069 Pentecostes
2563 3028 2910 3067 concessum
2943 3016 3065 3078 est;
3100 3016 3165 3066 ut
3194 3012 3320 3084 ipse
3354 3012 3649 3085 signiﬁcat
3669 3012 3799 3085 jam

2153 3103 2331 3159 citato
2364 3102 2690 3158 catechesis
2724 3101 2911 3157 tertim
2943 3101 3197 3173 [CXCIV]
3219 3100 3370 3157 loco.
3401 3100 3799 3174 Sed,inquies,

404 3197 590 3251 tentia
616 3195 814 3251 fuerit.
848 3195 1059 3251 Multos
1092 3200 1287 3251 tamen
1321 3212 1390 3249 ex
1422 3196 1507 3249 cis
1557 3194 1665 3249 hac
1715 3190 2041 3247 subtilitate
2072 3218 2116 3285 ο
2154 3193 2371 3248 donum
2395 3192 2542 3247 illud
2559 3191 2819 3246 alienum
2844 3196 2982 3246 esta
3010 3190 3799 3264 baptismo,distinctumque

400 3285 621 3341 omissa
649 3285 934 3356 nulloque
972 3284 1125 3340 facto
1184 3285 1548 3350 discrimine,
1607 3282 1817 3338 eodem
1866 3280 2042 3336 modo

407 3391 523 3445 quo
549 3390 656 3446 per
682 3374 1046 3446 baptismum
1077 3372 1313 3441 Christi,
1340 3372 1559 3428 dimitti
1587 3370 1832 3427 Joannis
1863 3369 2047 3441 bapti-

406 3481 534 3519 smo
565 3468 807 3535 peccata
835 3463 1158 3532 censuisse,
1200 3463 1422 3519 diserta
1470 3478 1674 3517 eorum
1705 3458 2049 3516 testimonia

405 3551 677 3608 dubitare
699 3569 820 3607 non
841 3553 1048 3608 sinunt
1071 3570 1084 3607 :
1108 3554 1169 3608 in
1192 3554 1285 3608 his
1304 3551 1586 3624 Cyrillum
1616 3566 1932 3623 possumus
1948 3565 2043 3604 ac-

400 3658 665 3697 censere.
691 3643 853 3697 Hanc
876 3643 1234 3698 sententiam
1256 3643 1636 3716 Augustinus,
1653 3641 1752 3713 qui
1775 3656 1911 3695 cum
1932 3641 2044 3695 Pa-

397 3732 586 3788 tribus
618 3732 933 3805 permultis
955 3733 1303 3788 auctoritate
1326 3739 1385 3787 et
1404 3731 1757 3803 antiquitate
1777 3728 2046 3803 gravissi-

397 3822 510 3878 mis
541 3822 939 3880 adversariam
970 3827 1190 3890 tuetur,
1224 3821 1559 3894 improbare
1589 3837 1710 3876 non
1742 3820 1941 3884 audet,
1974 3835 2042 3874 ac

396 3913 563 3984 sequi
594 3912 920 3985 permittit;
957 3917 1212 3981 tantum,
1238 3926 1312 3966 ne
1342 3927 1449 3985 par
1477 3910 1722 3967 Joannis
1744 3909 2041 3980 baptismo

394 4020 523 4059 cum
553 4004 768 4060 Christi
826 4004 1181 4077 baptismate
1212 4004 1296 4059 vis
1350 4009 1409 4058 et
1448 4007 1710 4075 potestas
1740 3998 2036 4055 attribua-

394 4099 509 4149 tur.
544 4094 636 4150 Sic
665 4093 768 4149 ille
798 4094 898 4149 lib.
963 4112 994 4147 v
1024 4095 1099 4149 De
1133 4095 1283 4165 bapt.
1335 4099 1481 4148 cont.
1536 4094 1762 4159 Donat.,
1794 4105 1923 4162 cap.
1954 4090 2041 4156 10,

392 4201 450 4239 n.
491 4187 593 4237 i2:
626 4182 688 4232 Si
727 4184 998 4245 baptismo
1038 4182 1281 4231 Joannis
1322 4188 1549 4242 peccata
1593 4177 2042 4235 dimittebantur,

392 4269 532 4334 quid
560 4269 811 4332 amplius
827 4277 1105 4331 pra’stare
1129 4269 1317 4330 potuit
1349 4268 1659 4329 baptismus
1704 4267 1917 4316 Christi
1943 4267 2041 4328 eis,

389 4374 526 4423 quos
556 4359 779 4408 Paulus
797 4365 926 4420 post
966 4357 1308 4419 baptismum
1336 4357 1572 4407 Joannis
1623 4356 1824 4405 Christi
1861 4357 2046 4418 bapti-

391 4463 508 4497 smo
544 4446 826 4510 baptizari
856 4448 1075 4497 voluit?
1118 4446 1441 4505 Tamen,.ne
1477 4446 1716 4509 quisque
1750 4445 2044 4495 contendat

392 4537 562 4586 etiam
585 4537 646 4587 in
680 4537 952 4599 baptismo
983 4537 1226 4585 Joannis
1250 4535 1489 4585 dimissa
1516 4550 1631 4584 esse
1671 4543 1917 4598 peccata,
1948 4534 2043 4583 sed

388 4625 647 4689 aliquant
674 4627 1009 4689 ampliorem
1028 4624 1532 4689 sanctiﬁcationem
1561 4624 1641 4672 eis
1660 4638 1796 4687 quos
1817 4623 2040 4673 Paulus

381 4715 563 4777 jussit
593 4715 772 4764 denuo
804 4714 1088 4780 baptizari
1105 4729 1213 4777 per
1240 4713 1586 4775 haptismum
1618 4713 1827 4763 Christi
1857 4714 2039 4775 fuisse

392 4806 671 4865 collatam,
707 4822 811 4869 ago
842 4822 953 4858 non
983 4806 1333 4870 pugnaeitcr.
1366 4805 1677 4877 Augustini
1726 4805 1877 4861 ratio
1908 4823 2038 4862 om-

393 4913 499 4951 nes
531 4896 631 4968 qui
663 4897 850 4953 secuti
881 4902 1020 4953 sunt
1048 4897 1353 4969 theologos
1381 4896 1462 4951 ita
1482 4896 1816 4961 commovit,
1851 4901 1916 4949 ut
1944 4896 2043 4951 de-

394 4992 552 5043 serta
582 4987 642 5041 in
674 4987 895 5043 scholis
913 4988 1040 5060 jam
1072 4987 1295 5043 dudum
1327 4986 1432 5042 illa
1455 4985 1660 5058 opinio
1683 4986 1916 5057 sit,quaa
1944 4986 2043 5042 ba-

394 5078 611 5149 ptismo
640 5079 884 5135 Joannis
913 5079 1251 5135 remittendi
1287 5082 1529 5150 peccata
1558 5079 1675 5133 vim
1716 5078 2038 5150 adjudicat.

396 5167 509 5224 Sed
538 5168 601 5224 in
631 5169 895 5226 notanda
913 5170 1185 5242 opposita
1212 5168 1529 5236 sententia,
1577 5168 1784 5225 eadem
1837 5169 2043 5226 mode-

394 5259 625 5315 ratione
658 5275 776 5331 qua
816 5258 1199 5332 Augustinus,
1232 5273 1341 5313 usa
1370 5263 1461 5314 est
1508 5257 1768 5329 synodus
1797 5258 2038 5315 Triden-

396 5348 519 5403 tina
550 5364 696 5405 sess.
729 5352 784 5414 ‘7,
816 5364 942 5404 can.
982 5352 1028 5402 1.
1063 5347 1205 5402 Cum
1240 5345 1399 5400 enim
1433 5363 1552 5401 non
1586 5347 1887 5419 ignoraret
1911 5363 2043 5404 eam

394 5456 428 5493 a
464 5437 826 5512 gravissimis
858 5437 1130 5494 Patribus
1161 5436 1307 5492 olim
1356 5443 1785 5509 propugnatam
1837 5435 2041 5507 fuisse,

393 5542 582 5584 unum
611 5526 761 5583 illud
793 5527 855 5583 in
897 5526 1037 5584 fidei
1087 5525 1436 5584 deﬁnitione
1482 5525 1853 5599 proscripsit,
1886 5527 2045 5598 quod

393 5617 667 5677 unanimi
690 5618 935 5676 Patrum
961 5616 1252 5685 omnium,
1278 5616 1457 5672 etiam
1479 5616 1579 5687 qui
1599 5616 1843 5673 Joannis
1858 5615 2045 5690 bapti-

2155 3283 2226 3339 ab
2241 3284 2367 3354 ipso
2390 3286 2828 3337 sacramentum
2840 3280 3342 3352 estzquamobrem
3364 3281 3593 3337 nullam
3607 3286 3805 3354 potest

2149 3371 2426 3444 baptismi
2461 3371 2647 3426 nostri
2682 3387 2861 3443 super
2888 3372 3132 3426 Joannis
3154 3370 3515 3442 baptismum
3547 3387 3799 3443 exsupe-

2146 3461 2402 3517 rantiam
2424 3460 2804 3517 constituere.
2826 3460 3238 3532 Respondetur
3259 3461 3543 3532 primo,in
3561 3478 3803 3533 compa-

2150 3553 2378 3608 ratione
2436 3552 2747 3623 utriusque
2779 3551 3076 3623 baptismi,
3137 3550 3422 3624 Cyrillum
3481 3552 3796 3623 Scriptura:

2150 3641 2412 3715 vestigiis
2444 3641 2835 3696 inhaarentem
2867 3657 2989 3695 non
3020 3640 3214 3695 solum
3265 3640 3563 3712 baptisma
3594 3641 3797 3697 stricte

2151 3738 2208 3788 et
2224 3731 2461 3804 proprie
2488 3730 2713 3786 dictum
2730 3729 3046 3801 respicere,
3064 3729 3167 3784 sed
3198 3729 3350 3785 illud
3372 3729 3649 3785 omnibus
3671 3729 3795 3785 suis

2149 3822 2447 3895 adjunctis
2470 3825 2530 3876 et
2550 3819 2979 3892 appendicibus
3000 3820 3628 3890 comitatum;quorum
3652 3836 3796 3875 con-

2150 3911 2408 3968 ﬁrmatio
2440 3914 2549 3977 est,
2583 3927 2713 3980 quas
2738 3913 3245 3964 sacramentorum
3271 3907 3524 3963 alterum
3556 3914 3648 3964 est
3677 3926 3796 3981 quo

2147 4001 2315 4072 prius
2344 3998 2651 4070 perficitur
2680 4004 2738 4053 et
2767 4002 3231 4053 consummatur.
3265 3999 3336 4053 Et
3372 4014 3515 4054 sane
3560 4000 3794 4070 quoties

2146 4089 2238 4144 vel
2267 4091 2523 4144 Joannes
2554 4104 2727 4143 suum
2758 4092 3061 4159 comparat
3088 4086 3450 4159 baptismum
3482 4105 3617 4144 cum
3649 4089 3792 4161 bap-

2147 4180 2325 4234 tismo
2352 4176 2590 4247 Christi,
2624 4178 2824 4233 Matth.
2876 4193 2956 4242 ιιι,
2996 4181 3050 4231 11
3083 4193 3096 4243 ;
3132 4178 3305 4233 Marc.
3354 4194 3394 4247 1,
3425 4178 3490 4245 8;
3526 4178 3666 4233 Luc.
3704 4195 3792 4248 ιιι,

2152 4271 2216 4324 16
2241 4284 2255 4336 ;
2285 4269 2452 4323 Joan.
2486 4283 2526 4334 ι,
2589 4269 2693 4333 33;
2725 4266 2814 4322 vel
2873 4282 3047 4323 suum
3104 4266 3312 4322 itidem
3341 4267 3609 4323 Christus
3657 4285 3792 4324 cum

2146 4357 2388 4414 Joannis
2419 4356 2736 4428 baptismo,
2770 4358 2895 4412 Act.
2932 4373 2972 4424 1,
3004 4359 3056 4423 5,
3079 4356 3174 4411 vel
3215 4355 3429 4413 Paulus
3450 4363 3796 4437 utrumque,

2147 4451 2273 4504 Act.
2307 4462 2425 4513 XIX,
2457 4448 2511 4514 2,
2541 4449 2594 4513 '7,
2627 4461 2835 4500 omnes
2859 4446 3218 4518 praecipuam
3235 4446 3451 4502 Christi
3471 4446 3800 4520 baptisma-

2150 4538 2224 4593 tis
2255 4534 2672 4593 excellentiam
2704 4535 2765 4589 in
2796 4534 2952 4590 dono
2985 4534 3235 4606 Spiritus
3268 4535 3477 4603 sancti,
3511 4536 3797 4608 apostolis

2149 4629 2211 4683 in
2242 4627 2336 4683 die
2370 4628 2715 4681 Pentecoste
2742 4623 2900 4693 dato,
2935 4629 2993 4681 et
3038 4624 3210 4680 nobis
3252 4631 3387 4697 post
3432 4625 3795 4698 baptismum

2148 4734 2253 4790 per
2308 4716 2751 4789 impositionem
2778 4731 3067 4771 manuum
3099 4716 3535 4773 communicato
3576 4718 3797 4773 consti-

2150 4810 2339 4860 tuunt.
2366 4803 2657 4871 Secundo,
2679 4803 2821 4859 licet
2834 4802 2906 4859 ad
2920 4803 3284 4876 baptismum
3298 4805 3535 4877 proprie
3550 4805 3797 4876 dictum,

2150 4895 2307 4967 quod
2319 4912 2487 4967 aquae
2501 4894 2842 4966 perfusione
2856 4893 3801 4970 absolviturconﬁrmationisgra-

2150 4988 2232 5041 tia
2246 5001 2365 5041 non
2378 4982 2773 5057 pertineat;ad
2786 4982 3059 5039 eamdem
3074 4989 3271 5041 tamen
3285 4984 3385 5039 ille
3392 4986 3493 5058 jus
3512 4986 3800 5042 nobistri-

2149 5076 2294 5143 buit,
2329 5092 2397 5130 ac
2427 5073 2694 5145 proxime
2718 5070 3001 5145 disponit.
3028 5074 3185 5146 quod
3204 5076 3449 5130 Joannis
3467 5075 3799 5147 baptismus

2141 5182 2270 5222 non
2301 5162 2640 5238 praestabat.
2673 5162 2885 5230 Tertio,
2916 5179 3260 5236 quanquam
3284 5165 3344 5220 in
3375 5164 3530 5220 dono
3547 5165 3796 5237 Spiritus

2151 5255 2340 5313 sancti
2357 5251 2673 5327 specialius
2691 5268 2759 5309 ac
2771 5254 3067 5325 prmcipue
3083 5260 3381 5326 spectetur
3391 5255 3578 5329 gratia
3591 5255 3804 5310 confir-

2151 5345 2451 5409 mationis,
2486 5347 2623 5397 sunt
2652 5347 2850 5397 tamen
2884 5342 3001 5399 alia
3032 5344 3303 5415 ejusdem
3334 5344 3587 5417 Spiritus
3612 5346 3801 5399 sancti

2152 5437 2307 5493 dona
2338 5450 2443 5506 per
2467 5433 2831 5504 baptismum
2862 5432 3098 5505 proprie
3132 5436 3452 5505 stricteque
3496 5441 3802 5505 sumptum

2152 5523 2684 5588 communicata;ut
2702 5522 2996 5590 remissio,
3020 5527 3077 5577 et
3101 5523 3344 5579 abolitio
3363 5522 3590 5595 integra
3601 5538 3804 5594 pecca-

2153 5622 2374 5681 torum;
2401 5610 2763 5669 characteris
2793 5611 3129 5684 impressio,
3154 5612 3492 5685 adoptionis
3520 5611 3810 5668 concilia-
