4108 6270
226 329 339 392 233

1586 330 2100 394 DlSSER’l‘ATIO
2141 333 2248 394 Ill.

3524 336 3644 400 234·

227 469 328 536 tio,
353 468 425 524 de
448 468 688 541 quibus,
720 467 899 525 modo
951 469 1198 538 dicetur,
1254 484 1313 524 n.
1347 471 1436 538 62,
1467 469 1556 523 63.
1611 467 1875 539 Objectio
1907 469 1960 534 Α
1989 473 2368 538 peccatorum
2397 471 2815 526 distinxerunt.
2831 471 2918 527 Ita
2937 471 3196 529 Isidorus
3219 473 3636 532 Pelusiotalib.

230 561 452 616 altera:
479 559 526 614 si
549 560 800 615 Joannis
823 559 1119 632 baptisma
1139 560 1390 632 Spiritus
1428 558 1616 615 sancti
1652 558 1880 612 donum

235 667 351 706 non
372 648 740 718 conferebat,
761 649 1059 719 quomodo
1082 648 1423 704 remittebat
1437 646 1722 719 peccata?
1751 647 1776 701 J
1785 662 1880 700 am

237 739 512 812 respondi
533 738 759 793 donum
789 739 937 795 illud
962 740 1210 812 Spiritus
1233 739 1420 794 sancti
1443 738 1736 810 baptismo
1777 753 1880 791 ne-

243 834 456 901 gatum,
487 845 556 882 ex
588 828 796 901 Cyrilli
845 834 1043 883 mente
1074 829 1264 900 primo
1312 843 1380 883 ac
1407 827 1702 899 praacipue
1734 842 1874 880 con-

246 920 592 977 ﬁrmationis
613 921 866 991 gratiam
889 937 1018 976 esse
1038 937 1052 987 ;
1077 919 1288 975 deinde
1305 920 1420 975 alia
1443 918 1711 991 ejusdem
1731 917 1887 972 dona

240 1008 448 1066 Christi
478 1009 781 1080 baptismo
816 1009 1016 1064 stricte
1045 1015 1280 1081 sumpto
1311 1008 1550 1081 proprio
1572 1024 1702 1078 quae
1727 1005 1884 1060 infra

240 1098 670 1153 describentur.
691 1098 837 1152 Cum
851 1103 1048 1153 autem
1071 1097 1340 1153 remissio
1363 1101 1738 1167 peccatorum
1758 1094 1888 1148 sine

240 1189 490 1260 Spiritus
511 1188 702 1242 sancti
726 1188 1090 1258 operatione,
1113 1186 1315 1259 Cyrilli
1338 1187 1519 1240 etiam
1571 1184 1886 1248 sententia,

243 1277 444 1348 perﬁci
492 1292 615 1330 non
661 1276 872 1347 possit,
920 1275 1160 1331 Joannis
1208 1273 1536 1346 baptismus
1569 1271 1668 1343 qui
1724 1270 1891 1325 illam

239 1365 606 1433 conferebat,
639 1381 763 1420 non
804 1369 1038 1436 poterat
1084 1381 1154 1419 ex
1185 1365 1394 1419 eodem
1441 1362 1688 1417 omnino
1720 1360 1893 1415 donis

244 1456 497 1528 Spiritus
521 1455 713 1510 sancti
729 1471 950 1510 carere.
978 1454 1265 1510 Remissio
1280 1457 1658 1525 peccatorum
1676 1451 1892 1506 animai

244 1545 641 1600 sanctiﬁcatio
664 1548 773 1599 est.
801 1544 977 1613 Atqui
1009 1543 1226 1615 Cyrillo
1251 1541 1674 1614 pronuntiante
1710 1537 1897 1610 Spiri-

244 1641 336 1689 tus
369 1638 619 1688 sanctus
650 1649 853 1687 rerum
879 1632 1147 1687 omnium
1197 1632 1596 1686 sanctiﬁcator
1639 1633 1749 1695 est,
1781 1632 1894 1683 cat.

249 1727 331 1790 16,
356 1739 532 1789 num,
557 1725 612 1790 3,
636 1728 748 1777 cat.
777 1725 861 1786 17,
887 1737 1051 1776 num.
1077 1723 1110 1773 2
1164 1721 1262 1775 Ait
1282 1719 1581 1792 apostolos
1623 1721 1894 1789 peccato-

1993 576 2076 626 111,
2101 561 2271 632 epist.
2299 564 2432 616 395:
2460 563 2540 611 Ne
2569 563 2870 621 existimes,
2911 565 3106 621 amice,
3147 563 3484 628 baptismum
3509 579 3645 626 pec-

1996 656 2120 697 cata
2144 649 2426 699 duntaxat
2456 652 2756 712 auferendi
2796 652 2909 700 vim
2961 651 3197 711 habere;
3247 668 3441 701 verum
3471 654 3642 703 etiam

1995 745 2044 784 et
2076 738 2390 798 adoptionis
2415 746 2464 786 et
2494 739 2703 789 divina:
2752 741 3119 804 cognationis,
3167 749 3218 788 et
3249 742 3642 792 innumerabi-

1999 826 2143 874 lium
2171 827 2435 886 aliorum,
2469 829 2586 876 sive
2611 829 2730 892 iam
2761 838 3316 879 commemoratorum
3345 831 3460 880 sive
3489 847 3644 892 prae-

1999 917 2388 965 termissarum
2409 918 2678 966 bonorum
2704 919 2955 983 efﬁciens
2975 935 3105 968 esse.
3129 922 3216 976 Ita
3244 921 3646 978 Theodoretus

1999 1008 2198 1060 Haeret.
2224 1009 2402 1076 fabul,
2437 1008 2539 1064 lib.
2574 1026 2627 1076 v,
2662 1025 2789 1080 cap.
2827 1011 2913 1074 18,
2937 1009 3007 1064 de
3026 1009 3321 1080 baptismo
3355 1011 3646 1082 loquens:

2001 1095 2123 1143 Non
2154 1096 2338 1145 solum
2371 1104 2616 1144 veterum
2639 1105 3000 1157 peccatorum
3031 1099 3419 1148 remissionem
3450 1100 3650 1160 donat;

2002 1199 2197 1232 verum
2227 1184 2392 1233 etiam
2429 1200 2579 1246 spem
2611 1185 2766 1234 nobis
2798 1187 3000 1236 inserit
3019 1189 3434 1249 promissorum
3486 1189 3652 1238 bono-

2002 1288 2152 1331 rum,
2189 1283 2240 1322 et
2269 1275 2578 1324 Dominicce
2607 1277 2805 1324 mortis
2833 1291 2895 1324 ac
2914 1279 3345 1327 resurrectionis
3376 1287 3650 1328 consortes

2004 1377 2104 1409 nos
2133 1363 2438 1422 constituit,
2472 1371 2522 1411 et
2561 1365 2744 1412 sancti
2796 1365 3048 1426 Spiritus
3082 1367 3216 1414 doni
3257 1368 3654 1429 participatio-

2006 1466 2132 1499 nem
2167 1452 2436 1513 largitur,
2469 1460 2518 1500 et
2546 1454 2691 1516 ﬁlios
2714 1454 2817 1502 Dei
2851 1455 3012 1516 facit,
3047 1457 3264 1511 Omitto
3288 1472 3387 1511 eos
3411 1458 3514 1528 qui
3540 1473 3657 1512 me-

2007 1541 2170 1595 dium
2205 1541 2358 1596 inter
2388 1543 2721 1614 gehennam
2753 1549 2810 1598 et
2840 1560 3087 1616 regnum
3119 1545 3404 1600 cmlorum
3453 1545 3653 1601 locum

2009 1629 2410 1686 distinxerunt
2432 1652 2446 1700 ;
2469 1649 2644 1702 quam
2661 1633 2986 1688 multorum
3017 1636 3260 1689 Patrum
3297 1634 3654 1688 sententiam

2009 1719 2190 1775 fuisse
2215 1727 2420 1776 notum
2451 1726 2560 1788 est,
2595 1727 2661 1776 ut
2703 1722 2858 1777 infra
2917 1722 3183 1778 dicemus
3241 1739 3407 1778 num.
3442 1725 3533 1791 65,
3567 1723 3656 1777 illi

245 1829 378 1867 rum
409 1815 472 1866 in
503 1813 712 1865 virtute
742 1811 982 1880 Spiritus
1013 1812 1188 1865 sancti
1233 1807 1764 1873 condonandorum
1797 1822 1898 1876 po-
1935 1835 1979 1901 Β
2009 1810 2423 1865 remissionem
2437 1817 2814 1882 peccatorum
2839 1812 3653 1886 etliberationemagehenna

247 1906 529 1956 testatem
561 1898 885 1969 accepisse,
927 1902 1037 1953 cat.
1091 1898 1172 1964 14,
1225 1913 1287 1950 n.
1342 1899 1430 1959 22,
1483 1895 1639 1949 idem
1674 1911 1743 1948 ex
1774 1893 1902 1964 ejus

250 1989 560 2046 sententia
590 1988 663 2043 de
688 1989 915 2043 Joanne
946 1987 1262 2042 dicendum
1289 2005 1302 2054 ;
1336 1986 1575 2058 Spiritui
1609 1989 1811 2040 sancto
1844 1983 1906 2036 in

251 2079 562 2135 auditores
620 2077 995 2149 baptismatis
1055 2081 1318 2147 tempore
1371 2080 1616 2130 venturo
1677 2072 1906 2138 tribuit,

255 2169 412 2241 quod
446 2169 655 2240 spinas
685 2171 1065 2238 peccatorum
1091 2170 1552 2236 consumpturus
1600 2165 1662 2218 in
1693 2162 1778 2216 eis
1809 2161 1909 2228 sit,

256 2267 311 2313 et
339 2259 612 2314 animam
668 2256 959 2311 nitentem
990 2273 1058 2311 ac
1119 2255 1494 2327 splendidam
1544 2252 1906 2318 redditurus,

255 2355 366 2406 cat.
403 2353 493 2416 17,
527 2365 586 2402 n.
625 2350 686 2400 l5
714 2363 726 2400 :
761 2345 954 2400 eidem
993 2345 1172 2418 igitur
1199 2345 1610 2400 remissionem
1642 2345 1910 2414 peccato-

261 2456 395 2494 rum
427 2436 723 2493 adhibuit.

333 2531 425 2583 62.
459 2525 732 2581 Secunda
757 2525 1076 2580 Christiani
1106 2523 1386 2596 baptismi
1437 2538 1617 2593 supra
1666 2518 1911 2576 Joannis

2011 1905 2256 1970 possent
2286 1900 2356 1954 ab
2385 1900 2700 1972 adoptione
2733 1906 2791 1955 et
2811 1902 2947 1974 jure
2982 1903 3240 1958 ccelestis
3287 1902 3654 1958 haareditatis

2014 1988 2411 2060 adipiscenda:
2431 2008 2536 2046 suo
2551 1991 2688 2062 jure
2709 1992 3018 2065 sejungere
3039 2010 3052 2060 ;
3078 1992 3456 2064 primumque
3473 1992 3663 2064 bapti-

2018 2095 2145 2134 smo
2174 2080 2437 2148 Joannis,
2480 2080 2737 2137 alterum
2781 2082 2996 2137 Christi
3046 2081 3340 2153 baptismo
3371 2082 3657 2138 tribuere.

2017 2170 2233 2222 Verum
2291 2169 2363 2224 ab
2417 2169 2527 2225 hac
2587 2171 2766 2226 medii
2795 2188 2862 2226 ac
2896 2172 3054 2226 tertii
3111 2171 3228 2226 loci
3278 2171 3661 2226 distinctione

2017 2257 2272 2328 Cyrillus
2302 2258 2469 2313 abest
2506 2259 2852 2332 longissime
2883 2277 2895 2314 :
2943 2277 3285 2331 quanquam
3317 2259 3664 2314 Ambrosius

2020 2347 2120 2418 qui
2145 2346 2216 2401 ab
2240 2347 2443 2401 eadem
2469 2347 2699 2404 alienus
2721 2349 2952 2404 videtur
2969 2349 3174 2417 fuisse,
3199 2353 3257 2404 in
3275 2349 3422 2420 psal.
3457 2365 3668 2417 xxxvn,

2023 2454 2082 2491 n.
2110 2439 2160 2503 3,
2186 2436 2478 2509 baptismo
2501 2439 2743 2494 Joannis
2768 2439 2958 2495 solam
2999 2439 3438 2494 immunitatem
3475 2455 3511 2494 a
3532 2456 3673 2511 sup-

2024 2525 2220 2596 pliciis
2253 2526 2499 2593 tribuit;
2534 2528 2748 2583 Christi
2769 2528 3061 2600 baptismo
3093 2535 3382 2600 praeterea
3401 2530 3673 2602 gratiam,

262 2619 627 2690 baptismum
661 2616 1049 2688 praerogativa
1078 2632 1113 2670 a
1143 2614 1362 2686 Cyrillo
1412 2617 1762 2667 numeratur
1792 2609 1904 2666 ad-

268 2706 530 2779 optionis
541 2705 787 2770 donum,
805 2709 916 2759 cat.
932 2707 1087 2771 20,n.
1107 2703 1392 2771 6.!Eadem
1408 2701 1608 2756 Basilii
1623 2701 1919 2756 sententia

2025 2615 2138 2670 hoc
2169 2621 2277 2683 est,
2311 2621 2376 2670 ut
2405 2633 2509 2690 ego
2543 2617 2811 2691 intelligo
2833 2625 2891 2674 et
2921 2617 3295 2674 Ambrosiani
3333 2624 3525 2674 textus
3543 2635 3678 2674 con-

266 2805 392 2854 est:
423 2794 701 2864 Ἰωάννης,
733 2796 930 2867 inquit
957 2795 1080 2861 ille,
1137 2795 1300 2850 hom.
1339 2795 1423 2861 13,
1457 2809 1586 2866 pag.
1621 2793 1748 2860 409,
1780 2788 1911 2860 ἐκή-

266 2906 424 2959 ρυσσε
504 2885 785 2957 βάπτισμα
865 2882 1146 2955 μετανοίας
1181 2925 1192 2937 .
1233 2923 1246 2935 .
1283 2926 1296 2938 .
1375 2879 1574 2954 Κύριος
1659 2878 1916 2952 κηρύσσει

270 2975 552 3048 βάπτισμα.
587 2973 887 3032 υἱοθεσίας,
919 2974 1156 3020 Joannes
1178 2971 1525 3032 praedicabat
1578 2971 1922 3031 baptismum

261 3065 673 3128 poenitentia...
707 3063 984 3112 Dominus
989 3061 1266 3123 prwdicat
1297 3060 1639 3121 baptismum
1673 3059 1924 3120 adoptio-

274 3156 378 3221 nis,
396 3153 709 3225 subjungit
729 3168 742 3206 :
768 3150 1375 3199 Illudintroductionis
1399 3145 1927 3220 baptisma,eisayw-

268 3242 576 3318 γαόν-1100
603 3239 983 3303 perfectionis,
1004 3236 1374 3293 τεΛειωτικόν.
1418 3237 1597 3297 Illud,
1632 3237 1861 3285 secessio
1891 3251 1925 3284 α

262 3340 488 3394 peccato
503 3347 522 3380 :
543 3330 659 3386 hoc,
680 3327 1001 3389 familiaris
1023 3342 1150 3376 cum
1183 3328 1294 3375 Deo
1307 3325 1642 3387 conjunctio,
1657 3323 1932 3384 οἰκείωσις

276 3423 415 3496 πρὸς
449 3419 606 3474 Θεόν.
629 3418 846 3474 Eadem
870 3417 1124 3473 laudata:
1137 3417 1265 3489 jam
1290 3434 1348 3472 n.
1365 3419 1433 3471 60
1455 3415 1527 3471 de
1548 3414 1932 3486 Theophania

272 3510 509 3582 [CXCV]
544 3508 832 3565 orationis
893 3512 1098 3562 auctor
1147 3506 1303 3578 apud
1351 3507 1751 3576 Chrysostom.
1788 3509 1930 3558 tom.

275 3603 363 3666 γι,
401 3617 538 3672 pag.
570 3601 697 3663 253,
728 3598 827 3669 qui
853 3598 1140 3652 Joannem
1168 3595 1252 3650 sic
1298 3595 1645 3664 loquentem
1680 3591 1928 3646 inducit.

275 3692 388 3753 Ego
413 3686 764 3751 pcenitentire
799 3685 1156 3748 praedicator,
1197 3684 1297 3731 ille
1350 3679 1629 3742 (Christus)
1686 3680 1934 3740 adoptio-

279 3781 368 3828 nis
400 3780 584 3827 dator.
619 3776 734 3838 Ego
790 3790 880 3822 vos
911 3774 1130 3834 baptizo
1167 3771 1228 3822 in
1274 3787 1442 3835 aqua,
1501 3779 1771 3833 tanquam
1803 3783 1935 3816 vasa

278 3877 637 3932 peccatorum
665 3865 924 3913 sordibus
973 3864 1278 3928 inquinata
1323 3860 1770 3924 prcemundans:
1835 3859 1934 3906 ille

279 3960 488 4022 gratia:
520 3963 881 4018 unguentum
915 3954 1196 4014 infundet.
1228 3951 1580 4008 Ammonius
1624 3950 1685 4004 in
1740 3954 1930 4005 caten.

283 4055 340 4104 in
370 4053 540 4105 Joan.
575 4047 648 4102 ad
676 4062 802 4117 cap.
847 4046 974 4112 111.?
998 4046 1087 4110 26,
1131 4042 1472 4099 aitJoannis
1511 4040 1807 4111 baptisma
1834 4055 1930 4092 vo-

280 4137 549 4194 luntaria
607 4136 836 4190 sincere
893 4131 1317 4205 paenitentibus
1375 4129 1619 4184 dimisse
1652 4132 1931 4199 peccata:

283 4227 504 4283 Christi
531 4225 894 4296 baptismum
925 4222 1190 4276 omnium
1233 4225 1606 4292 peccatorum
1630 4217 1931 4272 remissio-

283 4334 423 4372 nem
457 4313 807 4375 contulisse,
841 4328 907 4366 ac
938 4315 1225 4383 praeterea
1257 4309 1540 4379 Spiritum
1578 4312 1848 4362 sanctum
1881 4309 1939 4360 et

286 4403 628 4476 adoptionis
663 4401 1030 4473 dignitatem.
1065 4397 1177 4454 Sed
1208 4396 1356 4452 illud
1388 4396 1692 4466 quaaritur,
1722 4396 1936 4466 possit-

287 4512 360 4550 ne
381 4510 416 4549 a
436 4491 793 4548 remissione
817 4493 1216 4560 peccatorum;
1236 4485 1575 4556 adoptionis
1597 4488 1656 4538 et
1683 4483 1937 4538 familia-

2029 2705 2341 2776 sequentia
2371 2706 2728 2779 significant,
2753 2708 2854 2778 jus
2887 2707 2961 2762 ad
2993 2708 3122 2762 vitae
3146 2707 3402 2762 caelestis
3432 2707 3680 2762 haeredi-

2029 2797 2232 2849 tatem.
2266 2795 2430 2860 Quod
2463 2795 2511 2849 si
2542 2801 2826 2866 utrasque
2850 2813 2945 2850 res
2978 2797 3236 2867 pcenitus
3267 2796 3680 2862 discutiamus,

2028 2882 2169 2938 licet
2207 2883 2404 2938 divina
2458 2901 2616 2939 nunc
2674 2885 3084 2940 misericordia
3140 2885 3477 2956 conjuncta;
3537 2885 3678 2951 sint,

2033 2991 2244 3046 magno
2269 2980 2468 3030 tamen
2499 2975 2810 3030 intervallo
2835 2976 3120 3046 sejunctas
3153 2980 3310 3030 sunt.
3345 2980 3488 3030 Cum
3518 2975 3680 3028 enim

2031 3065 2138 3119 sub
2179 3066 2290 3119 Deo
2314 3065 2479 3136 justo
2503 3064 2708 3137 judice
2734 3081 2933 3134 nemo,
2983 3064 3099 3119 nisi
3151 3069 3468 3132 mereatur,
3502 3063 3686 3118 miser

2040 3167 2168 3206 esse
2200 3153 2403 3223 possit,
2434 3151 2494 3206 id
2514 3151 2694 3223 justis
2723 3157 2782 3207 et
2832 3151 3256 3223 paenitentibus
3291 3153 3391 3222 qui
3444 3155 3688 3223 peccata

2039 3242 2466 3312 absterserunt,
2492 3260 2816 3315 eorumque
2839 3243 3190 3299 remissione
3212 3243 3415 3300 donati
3439 3248 3598 3308 sunt,
3615 3260 3687 3298 ex

2032 3333 2267 3405 justitia
2295 3333 2472 3389 debet
2489 3335 2642 3388 Deus
2663 3349 2736 3388 ne
2760 3349 2858 3388 eos
2891 3333 2952 3388 in
2975 3333 3307 3404 gehennam
3326 3333 3684 3405 praecipitet;

2041 3423 2136 3478 hic
2163 3423 2360 3494 Cyrilli
2394 3423 2768 3494 aliorumque
2790 3423 3087 3478 sententia
3112 3423 3389 3494 baptismi
3420 3422 3686 3490 Joannis,

2045 3513 2143 3583 qui
2168 3517 2409 3583 peccata
2429 3511 2785 3579 dimittebat,
2811 3513 3074 3567 elfectus.
3105 3513 3176 3568 Ut
3200 3518 3399 3568 autem
3425 3511 3689 3568 liberatis

2045 3619 2079 3656 a
2099 3603 2389 3674 gehenna,
2407 3602 2508 3672 jus
2529 3601 2774 3671 insuper
2795 3600 2868 3656 ad
2891 3600 3147 3656 ccelestis
3170 3601 3535 3656 haereditatis
3558 3617 3696 3656 con-

2046 3691 2412 3746 secutionem
2434 3689 2736 3754 attribuat,
2762 3689 3184 3745 misericordias
3208 3695 3315 3745 est.
3341 3692 3690 3760 Quanquam

2047 3783 2206 3836 enim
2232 3779 2412 3852 justis
2443 3795 2687 3850 Operum
2718 3779 3012 3834 bonorum
3043 3779 3255 3834 merito
3297 3780 3415 3832 vita
3440 3778 3694 3851 [CXCVI]

2047 3876 2271 3925 aeterna
2300 3885 2370 3924 ex
2391 3868 2628 3940 justitia
2675 3867 2978 3934 debeatur,
3025 3868 3128 3937 jus
3163 3872 3359 3921 tamen
3389 3865 3539 3920 illud
3570 3881 3690 3921 non

2047 3959 2452 4030 aliud,praater
2468 3957 2727 4012 divinam
2749 3972 2998 4026 eamque
3034 3955 3349 4026 gratuitam
3385 3959 3443 4010 et
3467 3955 3595 4026 ejus
3628 3970 3698 4009 ex

2045 4047 2416 4120 beneplacito
2431 4047 2752 4117 profectam
2767 4043 3703 4116 promissionem,fundamentum

2050 4140 2244 4195 habet.
2261 4137 2622 4209 Augustinus
2647 4137 2704 4189 in
2722 4135 2867 4205 psal.
2907 4151 3083 4201 xxxu,
3108 4151 3271 4189 num.
3292 4137 3322 4188 9
3347 4152 3359 4188 :
3395 4133 3698 4182 Teneamus

2047 4230 2227 4278 Deum
2246 4226 2679 4290 ﬁddelissimum
2700 4224 3014 4281 debitorem,
3047 4224 3184 4287 quia
3215 4232 3463 4272 tenemus
3480 4223 3702 4271 miseri-

2051 4314 2882 4376 cordissimumpromissorem.
2931 4314 3076 4379 Quia
3126 4317 3323 4367 tamen
3362 4327 3458 4366 res
3489 4315 3704 4366 natura

2053 4409 2357 4478 separatae,
2394 4405 2511 4458 Deo
2543 4403 2772 4458 volente
2801 4403 3134 4473 conjunctae
3169 4407 3326 4470 sunt,
3355 4406 3421 4456 ut
3450 4399 3550 4470 qui
3604 4417 3699 4455 re-

2053 4493 2401 4550 missionem
2432 4496 2812 4562 peccatorum
2844 4497 2902 4546 et
2932 4489 3422 4546 sanctificationis
3443 4489 3692 4562 gratiam

289 4583 484 4639 ι’ίιᾶὶίε
507 4596 644 4636 cum
661 4581 778 4634 Deo
797 4578 1019 4633 donum
1042 4575 1295 4648 seiungi,
1319 4575 1511 4645 iisque
1535 4573 1635 4643 qni
1658 4589 1692 4627 ἃ
1730 4587 1938 4642 pecca-
1967 4570 2014 4634 D
2045 4583 2293 4653 accepit,
2324 4597 2429 4636 suo
2445 4581 2583 4652 jure
2607 4585 2890 4650 tanquam
2927 4581 3028 4634 Dei
3063 4578 3245 4634 Filius
3283 4583 3520 4633 mternaa
3566 4578 3699 4632 vitae

293 4676 365 4730 tis
399 4671 672 4729 mundati
704 4669 949 4734 fuerint,
974 4668 1076 4740 jus
1105 4666 1362 4721 caelestis
1410 4661 1776 4718 hzereditatis
1809 4678 1939 4716 cer-

292 4762 508 4820 nendaa
527 4758 775 4833 negari?
795 4759 937 4813 Nam
959 4761 1201 4828 peccata
1227 4754 1419 4810 solum
1443 4752 1740 4807 infusione
1759 4751 1947 4806 chari-

294 4855 432 4909 tatis
464 4850 872 4910 dimittuntur,
905 4847 924 4900 l
957 4847 1121 4901 Joan.
1148 4861 1229 4912 111,
1267 4846 1352 4909 14,
1385 4842 1643 4897 charitas
1674 4857 1808 4895 vero
1842 4841 1943 4894 Dei

293 4941 454 4997 filios
485 4955 596 4993 nos
617 4937 777 4992 facit.
819 4933 1100 5002 lbidemi‘
1151 4936 1234 4986 10.
1271 4932 1556 4996 Primum,
1605 4947 1724 4984 non
1751 4930 1947 5002 agitur

293 5046 412 5102 quo
428 5029 565 5100 jure
584 5042 681 5080 res
702 5032 917 5079 natura
936 5039 1047 5077 con
1047 5019 1388 5093 junctasilli
1412 5020 1616 5072 Patres
1635 5034 1943 5089 separave-

293 5122 436 5176 rint.
497 5117 652 5173 Satis
712 5121 1013 5186 separatas
1071 5112 1509 5175 existimarunt,
1571 5113 1634 5162 ut
1665 5125 1947 5180 magnum

292 5215 614 5284 propterea
636 5205 791 5260 inter
811 5208 1130 5273 utrumque
1160 5200 1405 5256 Joannis
1427 5204 1484 5253 et
1505 5198 1719 5252 Christi
1756 5198 1947 5270 bapti-

295 5316 492 5356 smum
511 5292 889 5352 intervallum
904 5287 1376 5346 admitterent.ld
1389 5286 1462 5342 ad
1474 5287 1949 5360 cognoscendam

293 5393 368 5448 de
382 5385 732 5463 prastantia
747 5381 1063 5438 Christiani
1083 5378 1378 5451 bapbismi
1395 5394 1574 5449 supra
1585 5377 1947 5448 baptismum

292 5479 544 5538 Joannis
571 5472 958 5529 traditionem
991 5469 1210 5525 sufﬁcit
1239 5485 1250 5521 :
1307 5483 1417 5522 nec
1441 5467 1708 5522 omnium
1740 5468 1948 5539 hujus-

293 5569 456 5626 modi
483 5567 782 5621 dictorum
808 5557 1076 5630 pressius
1097 5572 1165 5612 ac
1195 5555 1454 5610 severius
1478 5554 1761 5628 exigenda
1797 5557 1949 5610 ratio

295 5665 404 5717 est.
440 5653 666 5714 Deinde
697 5665 820 5706 non
857 5646 968 5703 soli
998 5645 1087 5700 illi
1114 5643 1494 5717 adoptionem
1526 5660 1560 5700 a
1596 5647 1951 5704 remissione

621 5770 889 5832 Panos.
935 5767 1048 5826 Gn.
1095 5761 1367 5824 XXXIII.

2053 4671 2458 4726 haereditatem
2492 4675 2833 4741 exspectare
2864 4669 3090 4741 possit;
3123 4685 3233 4723 nec
3263 4668 3549 4740 Cyrillum
3585 4684 3697 4722 nec

2053 4761 2202 4818 alios
2232 4759 2500 4833 ejusdem
2524 4759 2859 4824 sententiae,
2890 4759 2973 4814 ita
3001 4757 3416 4813 remissionem
3438 4761 3705 4830 peccato-

2053 4869 2185 4907 rum
2204 4851 2275 4906 ab
2308 4849 2624 4920 adoptione
2656 4847 2998 4903 distinxisse
3024 4853 3247 4918 putem,
3276 4852 3342 4902 ut
3363 4847 3489 4902 haec
3513 4863 3706 4919 segre-

2053 4947 2186 5011 gata
2217 4939 2464 4994 seorsim
2497 4937 2819 4992 subsistere
2852 4935 3180 4992 voluerint:
3214 4953 3398 5007 quare
3439 4935 3598 5007 quod
3629 4935 3703 4990 de

2056 5029 2370 5101 adoptione
2404 5027 2476 5082 ad
2516 5025 2927 5081 remissionem
2979 5031 3356 5096 peccatorum
3392 5026 3454 5080 in
3485 5024 3704 5081 Christi

2055 5119 2350 5191 baptismo
2383 5116 2584 5172 addita
2645 5114 2879 5182 docent,
2914 5131 3034 5170 non
3089 5114 3162 5170 de
3194 5115 3322 5187 ipsa
3378 5114 3616 5186 proprie
3649 5117 3708 5168 et

2059 5209 2260 5264 stricte
2279 5206 2434 5260 dicta
2459 5203 2939 5275 adoptione,quze
2963 5203 3024 5258 in
3049 5204 3401 5259 remissione
3434 5207 3707 5275 peccato—

2058 5314 2191 5353 rum
2215 5294 2558 5350 includitur.
2593 5292 3028 5356 intellexerim;
3063 5292 3165 5347 sed
3197 5292 3267 5348 de
3292 5292 3545 5349 solemni
3577 5291 3707 5363 ejus

2060 5383 2460 5440 declaratione
2474 5387 2533 5436 et
2554 5380 2980 5452 obsignatione.
3006 5381 3068 5434 Id
3091 5386 3176 5449 ut,
3197 5382 3435 5437 omissis
3451 5379 3708 5444 caeteris,

2060 5475 2131 5530 de
2159 5472 2376 5544 Cyrillo
2409 5471 2661 5525 sentiam
2680 5469 2837 5536 facit,
2872 5470 3029 5540 quod
3061 5469 3210 5524 illud
3241 5470 3580 5542 adoptionis
3603 5468 3677 5522 do
3697 5497 3710 5508 -

2061 5579 2206 5620 num
2236 5579 2270 5618 a
2300 5565 2674 5633 peccatorum
2706 5558 3059 5615 remissione
3093 5559 3461 5622 distinctum,
3504 5571 3702 5612 sacra-

2058 5657 2259 5710 mento
2319 5648 2657 5706 chrismatis
2714 5647 3022 5721 proprium
3078 5648 3271 5705 facere
3325 5649 3610 5709 videatur,
3643 5645 3707 5694 ut

3351 5765 3390 5821 8
