4134 6264
429 322 548 383 235

1615 312 1718 372 DE
1761 309 2156 373 DOCTRINA
2204 310 2268 370 S.
2315 310 2655 373 CYRILLI.

3711 318 3832 378 336
3845 345 3851 354 ·

429 469 611 526 supra
640 451 760 507 dixi
819 465 986 506 num.
1017 450 1104 505 58.
1139 447 1248 514 Qui
1291 463 1426 520 ergo
1481 446 1845 518 baptismum
1879 444 2076 499 solum
2107 445 2160 510 Α
2191 459 2321 498 esse
2353 461 2473 500 non
2505 445 2754 500 obscure
2785 443 3030 513 indicat,
3061 444 3256 500 citatis
3288 461 3358 500 ex
3389 451 3502 502 cat.
3533 450 3563 502 3
3587 451 3836 508 et2010-

433 547 564 602 sine
595 543 914 598 chrismate
937 539 1278 610 accepisset,
1303 539 1454 608 quod
1483 537 1556 591 iis
1582 535 1961 607 contingebat
1981 533 2083 604 qui

433 635 496 690 in
523 632 759 704 oppidis
777 630 866 684 vel
893 629 1057 701 pagis
1075 646 1109 683 a
1129 627 1474 698 presbytero
1497 625 1590 680 vel
1620 625 1871 680 diacono
1890 623 2082 694 bapti-

433 725 734 784 zabantur,
757 725 870 774 cat.
908 723 992 783 17,
1027 735 1084 772 n.
1119 719 1206 783 35,
1242 717 1291 770 is
1323 715 1659 786 adoptionis
1692 715 1844 768 dono
1879 713 2083 768 tandiu

436 812 746 869 caruisset.
805 810 972 863 Hunc
1027 812 1224 861 tamen
1282 806 1404 859 solo
1463 805 1756 875 baptismo
1818 808 2080 872 accepto,

435 901 666 956 Christo
689 898 958 963 insitum,
976 895 1392 966 etparticipem
1410 892 1616 947 mortis
1634 892 1848 946 Christi
1865 892 2082 946 factum

428 990 531 1063 jus
552 989 626 1044 ad
643 987 910 1058 ejusdem
928 983 1380 1039 resurrectionis
1395 982 1666 1053 gloriosae
1685 980 2082 1052 participatio-

437 1095 576 1133 nem
607 1081 991 1132 consecutum
1019 1073 1193 1128 docet
1221 1077 1334 1126 cat.
1360 1075 1449 1136 20,
1472 1087 1531 1124 n.
1571 1074 1623 1136 ‘7,
1649 1070 1751 1140 jus
1782 1069 1932 1123 illud
1955 1068 2082 1122 sine

437 1167 756 1237 adoptione
789 1180 916 1218 esse
948 1179 1068 1217 non
1098 1167 1310 1232 potest.
1350 1159 1551 1214 Simile
1595 1159 1697 1230 jus
1729 1158 1801 1212 ad
1831 1159 2082 1230 gloriam

437 1254 822 1326 acquisivisse
877 1252 976 1322 qui
1012 1257 1069 1304 et
1126 1249 1541 1304 liberationem
1595 1264 1630 1302 a
1677 1248 1950 1317 gehenna
1980 1264 2086 1318 per

435 1344 680 1400 Joannis
692 1342 1052 1412 baptismum
1070 1339 1318 1410 adeptus
1333 1343 1507 1403 esset,
1534 1337 1868 1391 necessario
1882 1336 2088 1390 debuit

439 1433 776 1488 existimare
791 1429 1044 1500 Cyrillus
1070 1446 1084 1493 ;
1104 1428 1203 1498 qui
1228 1445 1363 1482 cum
1401 1425 1634 1480 nullum
1653 1426 1916 1480 medium
1932 1427 2087 1480 inter

438 1527 772 1599 gehennam
793 1529 851 1576 et
872 1538 1118 1594 regnum
1143 1520 1425 1575 ccelorum
1451 1523 1752 1590 agnoscat,
1780 1535 1912 1572 eum
1928 1519 2027 1589 qui
2052 1535 2085 1572 a

438 1615 708 1687 gehenna
739 1612 1024 1666 liberatus
1084 1611 1179 1675 sit,
1221 1626 1401 1680 regno
1461 1608 1744 1662 coalorum
1799 1607 2084 1662 idoneum

438 1702 776 1760 necessario
807 1699 984 1755 debet
1033 1698 1324 1753 confiteri.
1378 1699 1446 1752 In
1477 1698 1587 1751 hoc
1627 1702 1824 1751 autem
1885 1696 1958 1750 ad
1989 1713 2084 1750 re-

2190 535 2294 590 cis.
2328 535 2510 602 Alias,
2541 535 2820 607 prteclare
2851 535 3043 606 agitur
3067 553 3202 590 cum
3224 537 3520 609 baptismo
3567 543 3836 613 Joannis,

2192 624 2240 677 si
2274 625 2541 680 eamdem
2572 625 2686 679 vim
2730 625 2816 678 illi
2849 641 2982 678 cum
3013 631 3216 680 nostro
3253 628 3617 697 poenitentiae
3647 648 3841 689 sacra-

2191 720 2392 768 mento
2418 714 2769 768 tribuamus.
2804 717 2879 768 At
2904 716 3108 768 Patres
3128 715 3300 769 multi
3333 717 3492 787 quod
3521 719 3593 774 ad
3607 727 3718 776 cat.
3751 724 3838 792 18,

2191 820 2250 856 n.
2285 806 2374 869 20,
2407 803 2738 870 citavimus,
2770 803 2907 858 huic
2935 810 3306 858 sacramento
3331 807 3675 863 cicatricum
3705 811 3840 867 abo-

2190 892 2461 948 litionem
2516 894 2606 948 vel
2659 894 2834 965 plane
2888 900 3127 966 negant,
3186 896 3276 949 vel
3331 898 3656 955 attribuere
3716 920 3839 958 non

2192 982 2448 1037 audent:
2478 1000 2734 1053 quorum
2767 984 3076 1038 sententias
3120 987 3427 1057 sulTragari
3476 989 3707 1045 videtur
3737 994 3839 1064 Cy-

2191 1071 2383 1142 rillus,
2419 1073 2577 1127 hunc
2636 1072 2820 1128 solius
2876 1073 3156 1144 baptismi
3188 1075 3463 1130 effectum
3520 1095 3649 1135 esse
3683 1082 3842 1136 afﬁr-

2192 1177 2383 1216 mans.

2278 1251 2358 1298 De
2386 1249 2708 1298 omnimoda
2737 1250 2999 1312 baptismi
3028 1251 3100 1299 ad
3126 1254 3366 1304 salutem
3408 1259 3749 1307 necessitate.

2263 1344 2350 1396 64.
2384 1344 2581 1396 Tantae
2611 1342 2684 1397 ad
2717 1343 2969 1398 salutem
2991 1348 3365 1403 necessitatis
3384 1348 3744 1420 baptismum
3779 1369 3842 1406 re

2193 1436 2251 1485 et
2279 1433 2492 1486 effectu
2523 1437 2861 1502 susceptum
2893 1434 3247 1490 existimavit
3276 1438 3558 1508 Cyrillus,
3597 1445 3666 1494 ut
3695 1441 3840 1497 solis

2191 1520 2551 1591 martyribus
2575 1521 2700 1575 sine
2720 1538 2874 1592 aqua
2893 1523 3057 1594 regni
3073 1525 3328 1580 caalestis
3351 1527 3684 1598 ingressum
3705 1546 3841 1602 ape-

2191 1608 2326 1663 riat.
2360 1611 2446 1663 Ita
2476 1613 2588 1665 cat.
2620 1609 2674 1676 3,
2708 1626 2766 1664 Π.
2804 1613 2904 1664 1οε
2937 1611 3003 1660 Si
3037 1611 3164 1674 quis
3214 1611 3491 1674 baptisma
3540 1631 3652 1664 non
3693 1618 3845 1667 reci-

2182 1696 2329 1756 piat,
2361 1697 2603 1745 salutem
2635 1713 2746 1744 non
2783 1697 2976 1758 habet;
3000 1700 3136 1747 solis
3161 1703 3516 1765 martyribus
3577 1707 3842 1767 exceptis,

440 1809 621 1865 gnum
654 1792 789 1862 jure
821 1789 1156 1859 adoptionis
1188 1787 1562 1859 potissimum
1598 1785 1711 1839 sita
1740 1785 2083 1858 praerogati-
2115 1817 2161 1882 Β
2191 1789 2294 1850 qui
2325 1789 2495 1837 etiam
2525 1789 2649 1837 sine
2680 1805 2829 1852 aqua
2859 1806 3098 1852 regnum
3124 1794 3449 1854 accipiunt,-
3480 1803 3539 1851 et
3585 1815 3751 1853 num_
3784 1802 3842 1867 4,

440 1899 511 1936 va
543 1886 650 1936 est.

477 1899 511 1937 a
543 1899 650 1936 εει.

513 1973 602 2026 63.
632 1969 889 2024 Strictim
931 1966 1172 2022 absolvo
1226 1970 1468 2020 caeteras
1525 1982 1596 2019 ex
1652 1964 1852 2034 Cyrilli
1886 1969 2084 2018 mente

445 2058 764 2115 Christiani
784 2056 1063 2126 baptismi
1108 2071 1285 2124 supra
1320 2054 1563 2108 Joannis
1585 2053 1911 2124 baptimum
1938 2071 2084 2122 prae-

437 2149 762 2220 rogativas;
797 2163 927 2216 qua)
957 2144 1201 2214 quidem
1231 2143 1304 2197 ad
1335 2143 1695 2212 baptismum
1725 2143 1960 2213 proprie
1993 2142 2087 2195 di-

440 2244 598 2292 ctum
615 2236 931 2307 pertinent.
954 2232 1360 2300 'l‘ertiaitaque
1379 2231 1652 2284 consistit
1676 2230 1735 2284 in
1757 2230 2088 2284 imitatione

440 2326 671 2392 mortis,
719 2324 1036 2396 sepultura:
1088 2327 1147 2375 et
1198 2320 1648 2375 resurrectionis
1696 2320 1952 2385 Christi;
1986 2337 2092 2390 per

442 2432 621 2486 quam
641 2415 770 2484 ejus
793 2412 1133 2483 passionum
1152 2411 1430 2464 meritum
1448 2416 1504 2462 et
1522 2410 1766 2464 eﬂ'ectus
1781 2408 2091 2462 nobiscum

445 2503 920 2559 communicatur
946 2517 957 2554 ε
992 2501 1073 2554 ita
1103 2506 1168 2553 ut
1188 2499 1416 2552 Christo
1442 2499 1604 2553 insiti
1628 2515 1732 2569 per
1755 2497 2094 2552 similitudi-

445 2610 585 2647 nem
618 2591 826 2646 mortis
858 2591 988 2659 ejus
1017 2606 1051 2643 a
1081 2589 1251 2643 nobis
1280 2589 1340 2642 in
1371 2588 1653 2659 baptismi
1685 2594 1817 2643 actu
1851 2604 2088 2658 expres-

446 2680 711 2750 sam,jus
736 2683 794 2732 et
830 2693 994 2746 spem
1018 2675 1526 2730 communicanda)
1550 2692 1785 2745 quoque
1816 2676 2089 2746 gloriosas

446 2767 904 2822 resurrectionis
935 2764 1494 2836 ejusadipiscamur,
1528 2771 1640 2818 cat.
1674 2767 1763 2830 20,
1799 2781 1858 2818 n.
1895 2768 1924 2818 6
1958 2769 2087 2834 et7,

448 2863 506 2910 et
535 2862 646 2911 cat.
681 2857 734 2922 3,
770 2872 830 2909 n.
868 2856 971 2920 12;
1005 2855 1116 2909 hoc
1147 2869 1389 2908 munere
1413 2855 1605 2907 caruit
1632 2855 1873 2908 Joannis
1904 2854 2092 2925 bapti-

447 2962 594 3013 sma,
630 2943 772 3000 ibid.
806 2960 969 2998 num.
1005 2945 1057 2999 6.
1092 2944 1308 3007 Quarta
1339 2947 1428 2996 est
1456 2943 1814 2998 characteris
1845 2943 2090 3014 impres-

443 3036 530 3090 sio
547 3053 559 3090 :
576 3051 754 3106 quem
769 3034 815 3088 si
830 3032 1075 3088 Joannis
1088 3031 1420 3103 baptismus
1433 3033 1646 3086 anima:
1662 3032 2083 3102 impressisset,

444 3143 565 3178 non
587 3123 1076 3178 fuissetiteratus.
1098 3121 1466 3176 Characteris
1481 3137 1615 3174 vero
1636 3121 2091 3191 impressionem

444 3213 517 3268 ad
539 3212 822 3282 Spiritum
841 3216 1112 3265 sanctum
1145 3211 1445 3280 pertinere
1476 3209 1647 3263 docet
1677 3210 1950 3279 Cyrillus,
1977 3217 2086 3265 cat.

445 3303 496 3363 3,
531 3317 590 3354 n.
625 3302 693 3364 3;
729 3306 840 3353 cat.
873 3301 927 3366 4,
962 3316 1022 3352 n.
1063 3301 1124 3351 16
1154 3315 1167 3363 ;
1204 3303 1316 3352 cat.
1353 3300 1438 3362 16,
1474 3314 1534 3351 n.
1561 3299 1648 3364 24,
1683 3304 1966 3364 etc.;cat.
2005 3303 2090 3365 17,

446 3406 506 3443 n.
540 3389 630 3443 35.
650 3389 736 3441 En
769 3387 947 3457 igitur
971 3386 1195 3440 donum
1222 3386 1473 3456 Spiritus
1497 3386 1685 3441 sancti
1716 3403 1750 3440 a
1780 3388 2094 3442 conﬁrma-

451 3477 610 3530 tione
643 3474 1190 3544 distinctum,quod
1220 3475 1464 3528 Joannis
1487 3475 1781 3545 baptismo
1815 3482 2093 3546 negatum

451 3564 730 3635 baptismi
755 3563 989 3634 proprie
1015 3562 1153 3616 dicti
1179 3564 1421 3617 effectus
1439 3569 1545 3617 est.
1564 3564 1778 3627 Quinta
1801 3580 2092 3635 prmroga-

454 3655 607 3709 tiva:
661 3670 796 3708 cum
853 3653 1096 3707 Joannis
1152 3652 1485 3722 baptismus
1536 3653 1738 3723 Cyrilli
1798 3654 2094 3708 sententia

455 3742 678 3798 nudam
710 3747 767 3796 et
796 3742 984 3796 solam
1012 3740 1426 3795 remissionem
1448 3748 1824 3812 peccatorum
1850 3748 2092 3814 praesta-

452 3837 564 3897 ret,
598 3847 772 3902 quam
807 3847 927 3884 non
958 3829 1178 3884 idcirco
1223 3837 1573 3900 sequeretur
1616 3832 1862 3886 maculas
1893 3833 2091 3904 cujus-

451 3920 589 3975 dam
613 3924 1064 3991 postpeccatum
1087 3918 1400 3972 dimissum
1424 3919 1778 3990 superstitis,
1814 3925 1870 3973 et
1904 3938 2092 3990 poenae

449 4007 542 4064 vel
573 4009 633 4063 in
665 4009 1001 4080 purgatorio
1023 4007 1112 4062 vel
1135 4007 1195 4061 in
1218 4007 1350 4078 igne
1375 4007 1586 4077 judicii
1619 4007 1851 4062 luenda:
1902 4007 2091 4061 aboli-

450 4099 552 4165 tio,
581 4097 911 4169 baptismus
943 4098 1180 4164 Christi,
1215 4098 1490 4168 idemque
1523 4097 1684 4151 solus
1710 4114 1917 4152 omnes
1956 4115 2090 4167 pec-

448 4191 713 4242 catorum
747 4187 1051 4241 cicatrices
1101 4193 1160 4240 et
1212 4193 1384 4240 notas
1414 4187 1474 4240 in
1505 4186 1704 4241 anima
1760 4193 1818 4241 et
1845 4204 2091 4259 corpore

447 4275 627 4329 etiam
659 4279 793 4346 post
840 4275 1208 4328 sanationem
1243 4274 1520 4344 [CXCVII]
1578 4275 1845 4330 residuas
1871 4276 2090 4345 abolet,

447 4370 557 4420 cat.
597 4366 682 4431 18,
716 4381 880 4418 num.
915 4364 1004 4430 20,
1039 4379 1278 4416 omnem
1326 4362 1483 4433 apud
1514 4363 1696 4417 Deum
1737 4364 2090 4420 delictorum

445 4453 796 4508 memoriam
839 4451 1144 4521 abstergit,
1200 4457 1311 4506 cat.
1376 4453 1460 4519 15,
1521 4468 1683 4506 num.
1743 4455 1832 4519 23,
1890 4460 2000 4508 cat.
2036 4457 2086 4520 3,

2193 1875 2449 1931 adducto
2483 1878 2697 1932 Christi
2727 1879 3069 1934 testimonio
3089 1896 3106 1929 .·
3137 1879 3260 1931 Nisi
3287 1883 3416 1945 quis
3447 1892 3617 1934 natus
3659 1888 3847 1946 fuerit

2189 1966 2370 2014 denuo
2399 1980 2466 2012 ex
2499 1981 2648 2028 aqua
2680 1974 2732 2014 et
2756 1967 2983 2027 Spiritu
3013 1977 3221 2027 sancto,
3247 1986 3356 2019 non
3385 1981 3562 2033 potest
3601 1975 3849 2025 iutroire

2192 2055 2253 2102 in
2278 2069 2518 2117 regnum
2544 2055 2637 2103 Dei
2661 2057 2739 2123 39;
2764 2057 2846 2110 ait,
2865 2057 2987 2106 sine
3007 2057 3287 2121 ambobus,
3307 2077 3458 2124 aqua
3479 2064 3765 2121 nimirum
3793 2075 3845 2114 et

2191 2144 2424 2204 spiritu,
2459 2145 2758 2200 neminem
2797 2160 2958 2206 posse
3002 2148 3405 2206 perfectionem
3457 2152 3745 2221 bonsequi,
3777 2173 3847 2211 ac

2194 2233 2436 2302 subjicit
2459 2250 2471 2286 :
2505 2235 2692 2295 Neque
2719 2235 2770 2282 si
2795 2235 2925 2297 qnis
2951 2249 3102 2296 aqua
3128 2237 3446 2296 baptizetur
3466 2248 3523 2288 at
3555 2244 3848 2302 Spiritum

2192 2337 2304 2368 non
2349 2321 2585 2382 accipiat
2643 2324 2854 2393 (pravae
2911 2325 3184 2380 videlicet
3240 2329 3426 2382 animi
3485 2331 3849 2389 inductionis

2193 2424 2392 2472 causa,
2420 2417 2641 2479 procat.
2672 2428 2730 2465 n.
2768 2413 2817 2479 :2,
2867 2420 2978 2468 cat.
3044 2419 3128 2483 17,
3182 2433 3241 2470 n.
3276 2420 3390 2488 36).
3422 2429 3672 2480 grattam
3706 2439 3850 2484 per-

2191 2500 2392 2558 fectam
2416 2497 2600 2548 habet:
2622 2515 2814 2564 neque,
2849 2503 2904 2550 si
2921 2504 3049 2565 quis
3089 2505 3260 2554 etiam
3285 2508 3562 2558 virtutum
3586 2513 3848 2572 operibus

2194 2589 2509 2638 instructus
2537 2593 2904 2653 signaculum
2934 2610 3046 2656 per
3077 2611 3283 2659 aquam
3316 2614 3424 2646 non
3457 2601 3712 2662 recipiat,
3747 2604 3848 2652 ille

2194 2678 2458 2727 ca’lorum
2472 2695 2709 2742 regnum
2723 2681 3089 2743 ingressurus
3101 2693 3196 2732 est.
3209 2687 3598 2745 Vehementer
3609 2693 3846 2762 cupiam

2197 2766 2322 2822 haec
2351 2767 2422 2822 de
2455 2785 2543 2833 eo,
2580 2771 2681 2839 qui
2715 2787 2775 2824 se
2799 2772 3032 2841 justum
3069 2780 3284 2844 putans
3314 2776 3676 2848 baptismum
3699 2797 3842 2836 con-

2199 2859 2441 2910 temnat.
2476 2856 2828 2929 intelligere.
2873 2860 2983 2914 Sed
3016 2878 3130 2930 quo
3172 2865 3413 2919 tandem
3471 2867 3669 2934 modo,
3703 2886 3841 2924 cum
3881 2907 3886 2910 -

2200 2942 2354 2998 infra
2375 2945 2436 2999 in
2467 2947 2806 3018 exemplum
2838 2949 3126 3019 producat
3155 2953 3847 3028 Cornelium,baptisma-

2197 3033 2273 3086 tis
2294 3050 2436 3088 sane
2463 3051 2582 3089 non
2605 3042 3111 3102 contemnentem,
3136 3047 3191 3096 et
3216 3060 3330 3112 quo
3356 3050 3524 3114 pacto
3575 3063 3711 3102 eum
3743 3050 3845 3119 qui

2204 3121 2353 3174 illud
2379 3129 2722 3178 contemnat
2751 3125 3034 3180 virtutum
3048 3130 3327 3198 operibus
3351 3132 3728 3204 instructum,
3763 3132 3850 3188 ὲν-

2205 3208 2393 3280 ἀρετος
2424 3214 2540 3269 τοῖς
2595 3204 2799 3283 ἔργοις,
2831 3221 3065 3269 vocaret
3087 3217 3112 3270 'l
3133 3234 3268 3272 cum
3300 3219 3458 3274 dicat
3498 3223 3705 3278 eadem
3734 3232 3846 3280 cat.

2205 3298 2381 3346 n.10:
2431 3299 2493 3347 Si
2521 3301 2710 3348 Filius
2770 3303 2868 3350 Dei
2898 3312 2976 3351 est
3035 3304 3368 3369 baptizatus,
3426 3311 3611 3373 ecquis
3669 3312 3852 3374 bapti-

2202 3393 2389 3426 smum
2409 3379 2619 3438 poterit
2652 3381 2805 3428 salvo
2825 3383 3036 3442 pietate
3092 3389 3468 3437 contemnere?
3517 3391 3738 3447 Deinde
3787 3394 3849 3449 in

2204 3467 2379 3522 citato
2395 3475 2530 3523 ante
2565 3485 2633 3523 ex
2665 3487 2718 3524 n.
2752 3473 2784 3524 4
2815 3472 2965 3537 loco,
2997 3477 3354 3532 sententiam
3381 3495 3547 3534 suam
3575 3498 3848 3552 asperam

2202 3557 2440 3624 fatetur,
2473 3557 2665 3605 audax
2700 3560 2957 3609 videatur
3007 3563 3122 3611 hac
3159 3567 3354 3624 oratio,
3413 3569 3508 3615 sed
3537 3585 3648 3619 non
3682 3587 3807 3622 mea
3829 3591 3847 3623 .·

2203 3646 2374 3717 cujus
2406 3647 2693 3717 asperitas
2725 3651 2892 3705 nulla
2922 3659 3194 3724 respectu
3241 3656 3578 3713 adulterum
3631 3663 3762 3727 erit,
3795 3665 3842 3718 si

2201 3740 2398 3789 votum
2433 3752 2499 3790 ac
2531 3737 2890 3793 desiderium
2913 3740 3214 3811 baptismi,
3240 3760 3358 3799 non
3392 3763 3562 3802 secus
3585 3765 3652 3804 ac
3694 3767 3846 3806 mar-

2203 3824 2440 3892 tyrium,
2468 3823 2742 3896 baptismi
2772 3825 3065 3883 defectum
3089 3832 3376 3902 suppleat.
3403 3837 3564 3891 Nanc
3599 3846 3841 3896 senten-

2203 3912 2298 3964 tiaa
2329 3913 2710 3983 asperitatem
2751 3932 2870 3970 non
2926 3919 3189 3991 mitigat;
3242 3928 3445 3978 contra
3476 3926 3688 3996 probat
3716 3935 3844 3985 tum

2202 4001 2550 4055 auctoritate
2585 4003 2799 4057 Christi
2832 4005 2932 4075 qui
2977 4023 3094 4062 eam
3138 4013 3466 4066 sententiam
3509 4016 3637 4069 tulit
3664 4035 3684 4079 ;
3716 4024 3843 4074 tum

2202 4089 2459 4143 Cornelii
2481 4093 2775 4162 exemplo,
2801 4095 2899 4164 qui
2925 4099 3480 4168 quanquamjustus
3503 4105 3588 4151 vir
3615 4113 3664 4152 et
3683 4121 3848 4169 ange-

2201 4178 2387 4226 lorum
2419 4179 2871 4230 cisionehabitus
2896 4183 3106 4245 dignus
3134 4188 3420 4258 precibus,
3447 4198 3503 4244 et
3521 4193 3842 4268 cleemosy.

2201 4269 2293 4322 nis
2325 4275 2600 4341 acceptus
2619 4272 2734 4325 Deo
2761 4289 2774 4338 ;
2809 4273 3053 4345 insuper
3081 4283 3211 4346 post
3239 4277 3554 4335 adventum
3586 4284 3742 4338 Petri
3769 4288 3845 4342 ad

2203 4374 2335 4411 eum
2367 4358 2597 4413 cwlitus
2631 4360 2818 4429 missi,
2869 4363 3120 4433 Spiritus
3180 4367 3366 4421 sancti
3413 4368 3752 4442 linguarum
3788 4383 3847 4431 et

2199 4448 2524 4518 prophetim
2559 4448 2713 4501 dono
2747 4450 3044 4522 dignatus,
3081 4460 3135 4508 et
3180 4455 3240 4509 in
3273 4457 3472 4512 anima
3502 4477 3609 4530 per
3663 4463 3843 4520 ﬁdem

446 4560 610 4597 num.
651 4547 735 4612 15,
768 4544 944 4596 homo
975 4541 1134 4595 velut
1165 4542 1545 4595 resuscitatus
1577 4559 1643 4596 ac
1682 4545 2085 4600 conformatus

2196 4543 2600 4608 regeneratus,
2624 4537 2904 4608 baptizari
2928 4546 3126 4597 tamen
3150 4544 3358 4615 jussus
3389 4554 3496 4613 est,
3531 4555 3596 4604 ut
3626 4568 3842 4623 corpus

447 4630 696 4698 Christo,
725 4631 874 4685 nihil
904 4630 1116 4685 veteris
1136 4629 1396 4684 hominis
1427 4631 1664 4700 retinet,
1691 4638 1801 4686 cat.
1838 4636 1890 4701 3,
1917 4651 2080 4687 num.

448 4721 532 4785 I2,
567 4725 678 4774 cat.
711 4723 800 4784 20,
833 4738 891 4774 n.
927 4723 977 4774 3.
1009 4719 1169 4775 Hanc
1201 4718 1439 4789 plenam
1463 4725 1838 4790 peccatorum
1879 4740 2084 4795 purga-

445 4808 667 4863 tionem
699 4809 937 4879 Spiritui
964 4814 1165 4863 sancto
1199 4808 1457 4862 tribuere
1475 4808 1721 4877 videtur,
1754 4811 1816 4864 in
1844 4819 2082 4882 aposto-

443 4898 517 4953 lis
539 4899 795 4969 primum
815 4897 907 4951 die
932 4900 1310 4953 Pentecostes
1331 4899 1621 4964 effectam,
1639 4899 1852 4955 deinde
1887 4901 1945 4956 in
1977 4920 2081 4957 no-

443 4987 533 5042 bis
566 4987 746 5040 simili
783 4986 1048 5057 ejusdem
1074 4987 1545 5058 spiritusillapsu
1572 4987 1944 5044 efﬁciendam
1967 4998 2080 5047 cat.

444 5081 529 5144 17,
563 5093 620 5129 n.
659 5079 742 5142 15,
776 5082 840 5130 ut
867 5076 1026 5130 hunc
1056 5093 1292 5146 quoque
1329 5079 1601 5132 elTectum
1618 5079 1860 5133 Joannis
1893 5080 2082 5152 bapti-

444 5183 571 5221 smo
600 5164 887 5219 tributum
917 5181 951 5220 a
981 5165 1198 5235 Cyrillo
1229 5165 1498 5221 dicamus
1547 5167 1697 5221 nihil
1746 5185 1856 5223 nos
1887 5171 2039 5242 cogit
2067 5187 2078 5224 :

441 5261 648 5310 contra
678 5253 861 5308 solius
915 5254 1130 5309 Christi
1192 5253 1468 5324 baptismi
1522 5272 1649 5311 esse
1681 5257 1784 5325 ait,
1844 5265 1957 5313 cat.
1997 5261 2076 5323 18,

440 5361 500 5400 n.
535 5347 622 5410 20,
657 5349 714 5398 et
745 5348 858 5398 cat.
897 5347 980 5406 15,
1041 5360 1098 5397 n.
1135 5345 1218 5404 23,
1280 5349 1339 5397 et
1395 5344 1618 5415 alioqui
1669 5347 1825 5401 hunc
1865 5347 2079 5401 Christi

436 5433 647 5490 mortis
677 5438 734 5487 et
765 5433 1222 5488 resurrectionis
1251 5433 1311 5486 in
1372 5451 1439 5488 eo
1471 5451 1744 5506 expresse
1805 5438 2079 5491 effectum

506 5631 555 5667 ²⁹
583 5632 747 5688 Joan.
772 5647 852 5700 in,
894 5646 950 5686 ο.

2195 4643 2428 4697 quoque
2478 4643 2583 4697 per
2613 4643 2827 4696 aquam
2878 4632 3079 4702 gratia)
3129 4635 3424 4705 particeps
3477 4638 3835 4698 efﬁceretur.

2194 4720 2378 4789 Hujus
2412 4721 2720 4776 sententia:
2754 4723 3046 4778 rationem
3078 4727 3291 4796 repetit
3320 4733 3430 4782 cat.
3466 4731 3519 4798 3,
3552 4747 3612 4785 n.
3651 4734 3736 4801 10,
3780 4743 3841 4790 et

2193 4816 2303 4863 cat.
2346 4811 2426 4876 13,
2461 4826 2520 4864 n.
2556 4813 2643 4877 21,
2696 4811 2916 4884 duplici
2982 4831 3050 4869 ex
3082 4833 3279 4882 causa,
3317 4821 3372 4870 1ο
3427 4835 3496 4874 ex
3529 4839 3597 4877 eo
3652 4827 3833 4896 quod,

2192 4900 2405 4955 Christi
2431 4900 2734 4970 [CXCVIII]
2759 4901 2940 4956 latere
2965 4909 3096 4974 post
3135 4906 3263 4977 ejus
3287 4915 3537 4965 mortem
3569 4910 3628 4966 in
3660 4928 3836 4968 cruce

2191 4989 2475 5060 perfosso,
2507 4989 2677 5043 ﬂuxit
2697 4991 2936 5062 sanguis
2963 4998 3022 5046 et
3038 5009 3210 5063 aqua,
3237 4996 3492 5068 duplicis
3514 4999 3835 5070 baptisma-

2193 5078 2287 5142 tis,
2321 5093 2430 5132 nec
2480 5078 2762 5150 plurium,
2815 5080 3170 5150 symbolum.
3223 5086 3285 5140 Id
3319 5089 3557 5142 Patrum
3602 5089 3836 5145 turbam

2191 5173 2428 5221 secutus
2452 5168 2890 5239 pronuntiavit;
2925 5173 2982 5222 2°
3012 5187 3081 5224 ex
3113 5176 3468 5230 necessitate
3507 5177 3838 5233 confessio-

2190 5258 2283 5312 nis
2317 5258 2452 5312 ﬂdei
2485 5276 2497 5325 ;
2533 5275 2662 5329 qua)
2696 5276 2829 5313 cum
2863 5260 2920 5313 in
2946 5259 3240 5332 baptismo
3274 5267 3618 5338 rogantibus
3641 5269 3838 5324 Eccle-

2191 5348 2290 5401 sia»
2321 5347 2584 5402 minisris
2616 5348 2737 5416 ﬁat,
2797 5349 2857 5401 in
2915 5353 3196 5422 martyrio
3259 5355 3324 5410 ﬁt
3370 5356 3712 5427 rogantibus
3755 5364 3841 5429 ty-

2189 5453 2417 5491 I‘GIIDIS.
