  <div class='ocr_page' id='page_1' title='image "/cluster/home/n/w/nwhite01/storage/ocr_20150623/33/mdp.39015078384412/126.png"; bbox 0 0 4108 6270; ppageno 0'>
   <div class='ocr_carea' id='block_1_1' title="bbox 292 382 416 441">
    <p class='ocr_par' dir='ltr' id='par_1_1' title="bbox 292 382 416 441">
     <span class='ocr_line' id='line_1_1' title="bbox 292 382 416 441; baseline -0.008 0"><span class='ocrx_word' id='word_1_1' title='bbox 292 382 416 441; x_wconf 77' lang='lat'>237</span> 
     </span>
    </p>
   </div>
   <div class='ocr_carea' id='block_1_2' title="bbox 1670 377 2341 440">
    <p class='ocr_par' dir='ltr' id='par_1_2' title="bbox 1670 377 2341 440">
     <span class='ocr_line' id='line_1_2' title="bbox 1670 377 2341 440; baseline 0 -2"><span class='ocrx_word' id='word_1_2' title='bbox 1670 377 2193 440; x_wconf 86' lang='lat' dir='ltr'>DISSERTATIO</span> <span class='ocrx_word' id='word_1_3' title='bbox 2237 379 2341 440; x_wconf 86' lang='grc' dir='ltr'>ΙΙΙ.</span> 
     </span>
    </p>
   </div>
   <div class='ocr_carea' id='block_1_3' title="bbox 3589 388 3709 450">
    <p class='ocr_par' dir='ltr' id='par_1_3' title="bbox 3589 388 3709 450">
     <span class='ocr_line' id='line_1_3' title="bbox 3589 388 3709 450; baseline 0.017 -2"><span class='ocrx_word' id='word_1_4' title='bbox 3589 388 3709 450; x_wconf 84' lang='grc'>238</span> 
     </span>
    </p>
   </div>
   <div class='ocr_carea' id='block_1_4' title="bbox 357 496 3708 586">
    <p class='ocr_par' dir='ltr' id='par_1_4' title="bbox 357 496 3708 586">
     <span class='ocr_line' id='line_1_4' title="bbox 357 496 3708 586; baseline 0.003 -16"><span class='ocrx_word' id='word_1_5' title='bbox 357 518 445 570; x_wconf 84' lang='grc'>65.</span> <span class='ocrx_word' id='word_1_6' title='bbox 480 517 606 570; x_wconf 86' lang='grc' dir='ltr'>Νοιι</span> <span class='ocrx_word' id='word_1_7' title='bbox 636 515 762 570; x_wconf 80' lang='lat' dir='ltr'>haec</span> <span class='ocrx_word' id='word_1_8' title='bbox 792 513 1031 586; x_wconf 88' lang='lat' dir='ltr'>pr0pria</span> <span class='ocrx_word' id='word_1_9' title='bbox 1061 520 1120 570; x_wconf 90' lang='lat' dir='ltr'>et</span> <span class='ocrx_word' id='word_1_10' title='bbox 1150 513 1467 586; x_wconf 79' lang='lat' dir='ltr'>singularis</span> <span class='ocrx_word' id='word_1_11' title='bbox 1489 511 1690 583; x_wconf 89' lang='lat' dir='ltr'>Cyrilli</span> <span class='ocrx_word' id='word_1_12' title='bbox 1732 512 1932 569; x_wconf 84' lang='lat' dir='ltr'>animo</span> <span class='ocrx_word' id='word_1_13' title='bbox 1967 510 2016 576; x_wconf 83' lang='grc' dir='ltr'>Α</span> <span class='ocrx_word' id='word_1_14' title='bbox 2049 496 2208 582; x_wconf 90' lang='lat' dir='ltr'>apud</span> <span class='ocrx_word' id='word_1_15' title='bbox 2261 505 2558 568; x_wconf 70' lang='lat' dir='ltr'>Iustinum</span> <span class='ocrx_word' id='word_1_16' title='bbox 2592 519 2802 585; x_wconf 71' lang='lat' dir='ltr'>quaast,</span> <span class='ocrx_word' id='word_1_17' title='bbox 2839 517 2925 584; x_wconf 85' lang='lat'>13,</span> <span class='ocrx_word' id='word_1_18' title='bbox 2981 519 3089 571; x_wconf 91' lang='lat' dir='ltr'>etc.</span> <span class='ocrx_word' id='word_1_19' title='bbox 3126 517 3238 573; x_wconf 90' lang='lat' dir='ltr'>Sed</span> <span class='ocrx_word' id='word_1_20' title='bbox 3289 518 3360 574; x_wconf 92' lang='lat' dir='ltr'>ab</span> <span class='ocrx_word' id='word_1_21' title='bbox 3425 535 3495 575; x_wconf 90' lang='lat' dir='ltr'>ea</span> <span class='ocrx_word' id='word_1_22' title='bbox 3527 537 3708 579; x_wconf 86' lang='lat' dir='ltr'>causa</span> 
     </span>
    </p>
   </div>
   <div class='ocr_carea' id='block_1_5' title="bbox 279 603 1939 678">
    <p class='ocr_par' dir='ltr' id='par_1_5' title="bbox 279 603 1939 678">
     <span class='ocr_line' id='line_1_5' title="bbox 279 603 1939 678; baseline -0.005 -15"><span class='ocrx_word' id='word_1_23' title='bbox 279 605 507 663; x_wconf 82' lang='lat' dir='ltr'>insedit</span> <span class='ocrx_word' id='word_1_24' title='bbox 539 606 762 678; x_wconf 91' lang='lat' dir='ltr'>opinio.</span> <span class='ocrx_word' id='word_1_25' title='bbox 798 605 1067 659; x_wconf 86' lang='lat' dir='ltr'>Citantur</span> <span class='ocrx_word' id='word_1_26' title='bbox 1097 605 1158 659; x_wconf 91' lang='lat' dir='ltr'>in</span> <span class='ocrx_word' id='word_1_27' title='bbox 1180 621 1310 659; x_wconf 91' lang='lat' dir='ltr'>eam</span> <span class='ocrx_word' id='word_1_28' title='bbox 1333 620 1458 658; x_wconf 93' lang='lat' dir='ltr'>rem</span> <span class='ocrx_word' id='word_1_29' title='bbox 1491 609 1592 658; x_wconf 87' lang='lat' dir='ltr'>aut</span> <span class='ocrx_word' id='word_1_30' title='bbox 1619 603 1787 657; x_wconf 90' lang='lat' dir='ltr'>citari</span> <span class='ocrx_word' id='word_1_31' title='bbox 1806 619 1939 674; x_wconf 85' lang='lat' dir='ltr'>pos-</span> 
     </span>
    </p>
   </div>
   <div class='ocr_carea' id='block_1_6' title="bbox 283 691 1940 762">
    <p class='ocr_par' dir='ltr' id='par_1_6' title="bbox 283 691 1940 762">
     <span class='ocr_line' id='line_1_6' title="bbox 283 691 1940 762; baseline -0.004 -10"><span class='ocrx_word' id='word_1_32' title='bbox 283 702 423 752; x_wconf 87' lang='lat' dir='ltr'>sunt</span> <span class='ocrx_word' id='word_1_33' title='bbox 438 702 649 749; x_wconf 83' lang='lat' dir='ltr'>auctor</span> <span class='ocrx_word' id='word_1_34' title='bbox 665 696 1116 762; x_wconf 79' lang='lat' dir='ltr'>Reeognitionum</span> <span class='ocrx_word' id='word_1_35' title='bbox 1141 693 1248 749; x_wconf 91' lang='lat' dir='ltr'>sub</span> <span class='ocrx_word' id='word_1_36' title='bbox 1273 694 1513 747; x_wconf 86' lang='lat' dir='ltr'>nomine</span> <span class='ocrx_word' id='word_1_37' title='bbox 1537 694 1591 747; x_wconf 92' lang='lat' dir='ltr'>S.</span> <span class='ocrx_word' id='word_1_38' title='bbox 1617 691 1940 747; x_wconf 84' lang='lat' dir='ltr'>Clementis</span> 
     </span>
    </p>
   </div>
   <div class='ocr_carea' id='block_1_7' title="bbox 281 781 1940 851">
    <p class='ocr_par' dir='ltr' id='par_1_7' title="bbox 281 781 1940 851">
     <span class='ocr_line' id='line_1_7' title="bbox 281 781 1940 851; baseline -0.004 -11"><span class='ocrx_word' id='word_1_39' title='bbox 281 786 386 840; x_wconf 88' lang='lat' dir='ltr'>lib.</span> <span class='ocrx_word' id='word_1_40' title='bbox 420 804 460 851; x_wconf 88' lang='grc' dir='ltr'>ι,</span> <span class='ocrx_word' id='word_1_41' title='bbox 484 801 546 838; x_wconf 92' lang='grc' dir='ltr'>ιι.</span> <span class='ocrx_word' id='word_1_42' title='bbox 571 787 662 850; x_wconf 89' lang='grc'>55,</span> <span class='ocrx_word' id='word_1_43' title='bbox 696 787 754 838; x_wconf 90' lang='lat' dir='ltr'>et</span> <span class='ocrx_word' id='word_1_44' title='bbox 777 783 880 837; x_wconf 92' lang='lat' dir='ltr'>lib.</span> <span class='ocrx_word' id='word_1_45' title='bbox 911 800 985 850; x_wconf 74' lang='lat' dir='ltr'>v1,</span> <span class='ocrx_word' id='word_1_46' title='bbox 1010 800 1069 837; x_wconf 90' lang='grc' dir='ltr'>ιι.</span> <span class='ocrx_word' id='word_1_47' title='bbox 1105 785 1174 850; x_wconf 93' lang='lat'>8;</span> <span class='ocrx_word' id='word_1_48' title='bbox 1209 787 1414 838; x_wconf 77' lang='lat' dir='ltr'>auctor</span> <span class='ocrx_word' id='word_1_49' title='bbox 1435 781 1940 836; x_wconf 89' lang='lat' dir='ltr'>Clementinarum</span> 
     </span>
    </p>
   </div>
   <div class='ocr_carea' id='block_1_8' title="bbox 284 869 1941 941">
    <p class='ocr_par' dir='ltr' id='par_1_8' title="bbox 284 869 1941 941">
     <span class='ocr_line' id='line_1_8' title="bbox 284 869 1941 941; baseline -0.004 -12"><span class='ocrx_word' id='word_1_50' title='bbox 284 873 689 936; x_wconf 88' lang='lat' dir='ltr'>homiliarum,</span> <span class='ocrx_word' id='word_1_51' title='bbox 750 871 960 926; x_wconf 91' lang='lat' dir='ltr'>homil.</span> <span class='ocrx_word' id='word_1_52' title='bbox 1015 872 1101 939; x_wconf 83' lang='lat'>1|,</span> <span class='ocrx_word' id='word_1_53' title='bbox 1134 888 1195 926; x_wconf 93' lang='lat' dir='ltr'>n.</span> <span class='ocrx_word' id='word_1_54' title='bbox 1226 875 1294 926; x_wconf 88' lang='lat'><strong>25</strong></span> <span class='ocrx_word' id='word_1_55' title='bbox 1351 875 1411 925; x_wconf 91' lang='lat' dir='ltr'>et</span> <span class='ocrx_word' id='word_1_56' title='bbox 1466 873 1572 938; x_wconf 88' lang='lat'>26;</span> <span class='ocrx_word' id='word_1_57' title='bbox 1629 869 1941 941; x_wconf 80' lang='lat' dir='ltr'>Gregorius</span> 
     </span>
    </p>
   </div>
   <div class='ocr_carea' id='block_1_9' title="bbox 287 959 1939 1032">
    <p class='ocr_par' dir='ltr' id='par_1_9' title="bbox 287 959 1939 1032">
     <span class='ocr_line' id='line_1_9' title="bbox 287 959 1939 1032; baseline -0.004 -13"><span class='ocrx_word' id='word_1_58' title='bbox 287 966 414 1028; x_wconf 80' lang='lat' dir='ltr'>Naz,</span> <span class='ocrx_word' id='word_1_59' title='bbox 441 968 590 1018; x_wconf 89' lang='lat' dir='ltr'>orat.</span> <span class='ocrx_word' id='word_1_60' title='bbox 625 965 717 1031; x_wconf 79' lang='grc'>40,</span> <span class='ocrx_word' id='word_1_61' title='bbox 749 978 880 1032; x_wconf 82' lang='lat' dir='ltr'>pag.</span> <span class='ocrx_word' id='word_1_62' title='bbox 911 963 1036 1025; x_wconf 88' lang='lat'>652,</span> <span class='ocrx_word' id='word_1_63' title='bbox 1067 965 1126 1015; x_wconf 90' lang='lat' dir='ltr'>et</span> <span class='ocrx_word' id='word_1_64' title='bbox 1153 964 1584 1015; x_wconf 77' lang='lat' dir='ltr'>commentator</span> <span class='ocrx_word' id='word_1_65' title='bbox 1610 959 1739 1030; x_wconf 87' lang='lat' dir='ltr'>ejus</span> <span class='ocrx_word' id='word_1_66' title='bbox 1771 959 1939 1013; x_wconf 85' lang='lat' dir='ltr'>Nice-</span> 
     </span>
    </p>
   </div>
   <div class='ocr_carea' id='block_1_10' title="bbox 285 1049 1934 1121">
    <p class='ocr_par' dir='ltr' id='par_1_10' title="bbox 285 1049 1934 1121">
     <span class='ocr_line' id='line_1_10' title="bbox 285 1049 1934 1121; baseline -0.004 -14"><span class='ocrx_word' id='word_1_67' title='bbox 285 1058 371 1107; x_wconf 89' lang='lat' dir='ltr'>tas</span> <span class='ocrx_word' id='word_1_68' title='bbox 393 1053 452 1106; x_wconf 92' lang='lat' dir='ltr'>in</span> <span class='ocrx_word' id='word_1_69' title='bbox 480 1068 619 1106; x_wconf 91' lang='lat' dir='ltr'>eum</span> <span class='ocrx_word' id='word_1_70' title='bbox 647 1050 880 1116; x_wconf 89' lang='lat' dir='ltr'>locum;</span> <span class='ocrx_word' id='word_1_71' title='bbox 914 1052 1149 1121; x_wconf 88' lang='lat' dir='ltr'>Gregor.</span> <span class='ocrx_word' id='word_1_72' title='bbox 1176 1052 1496 1120; x_wconf 88' lang='lat' dir='ltr'>Nyssenus,</span> <span class='ocrx_word' id='word_1_73' title='bbox 1532 1055 1672 1103; x_wconf 92' lang='lat' dir='ltr'>tom.</span> <span class='ocrx_word' id='word_1_74' title='bbox 1708 1051 1777 1115; x_wconf 90' lang='grc' dir='ltr'>ΙΙ,</span> <span class='ocrx_word' id='word_1_75' title='bbox 1797 1049 1934 1104; x_wconf 88' lang='lat' dir='ltr'>Ora-</span> 
     </span>
    </p>
   </div>
   <div class='ocr_carea' id='block_1_11' title="bbox 283 1138 1940 1211">
    <p class='ocr_par' dir='ltr' id='par_1_11' title="bbox 283 1138 1940 1211">
     <span class='ocr_line' id='line_1_11' title="bbox 283 1138 1940 1211; baseline -0.003 -14"><span class='ocrx_word' id='word_1_76' title='bbox 283 1146 428 1197; x_wconf 82' lang='lat' dir='ltr'>tione</span> <span class='ocrx_word' id='word_1_77' title='bbox 458 1144 518 1195; x_wconf 90' lang='lat' dir='ltr'>in</span> <span class='ocrx_word' id='word_1_78' title='bbox 543 1141 863 1211; x_wconf 76' lang='lat' dir='ltr'>Differentes</span> <span class='ocrx_word' id='word_1_79' title='bbox 887 1140 1178 1210; x_wconf 86' lang='lat' dir='ltr'>baptisma,</span> <span class='ocrx_word' id='word_1_80' title='bbox 1202 1155 1329 1211; x_wconf 92' lang='lat' dir='ltr'>pag.</span> <span class='ocrx_word' id='word_1_81' title='bbox 1363 1141 1492 1205; x_wconf 87' lang='lat'>126;</span> <span class='ocrx_word' id='word_1_82' title='bbox 1513 1138 1940 1209; x_wconf 86' lang='lat' dir='ltr'>Chrysostom.,</span> 
     </span>
    </p>
   </div>
   <div class='ocr_carea' id='block_1_12' title="bbox 287 1227 1938 1300">
    <p class='ocr_par' dir='ltr' id='par_1_12' title="bbox 287 1227 1938 1300">
     <span class='ocr_line' id='line_1_12' title="bbox 287 1227 1938 1300; baseline -0.004 -14"><span class='ocrx_word' id='word_1_83' title='bbox 287 1230 495 1286; x_wconf 89' lang='lat' dir='ltr'>homil.</span> <span class='ocrx_word' id='word_1_84' title='bbox 528 1231 596 1284; x_wconf 71' lang='grc'>24</span> <span class='ocrx_word' id='word_1_85' title='bbox 624 1231 683 1283; x_wconf 90' lang='lat' dir='ltr'>in</span> <span class='ocrx_word' id='word_1_86' title='bbox 708 1231 940 1296; x_wconf 85' lang='lat' dir='ltr'>Joann.,</span> <span class='ocrx_word' id='word_1_87' title='bbox 989 1245 1116 1300; x_wconf 87' lang='lat' dir='ltr'>pag.</span> <span class='ocrx_word' id='word_1_88' title='bbox 1173 1231 1294 1294; x_wconf 87' lang='lat'>159,</span> <span class='ocrx_word' id='word_1_89' title='bbox 1338 1232 1398 1282; x_wconf 91' lang='lat' dir='ltr'>et</span> <span class='ocrx_word' id='word_1_90' title='bbox 1443 1227 1649 1282; x_wconf 90' lang='lat' dir='ltr'>homil.</span> <span class='ocrx_word' id='word_1_91' title='bbox 1683 1229 1772 1290; x_wconf 85' lang='lat'>62,</span> <span class='ocrx_word' id='word_1_92' title='bbox 1809 1242 1938 1298; x_wconf 91' lang='lat' dir='ltr'>pag.</span> 
     </span>
    </p>
   </div>
   <div class='ocr_carea' id='block_1_13' title="bbox 283 1315 1942 1386">
    <p class='ocr_par' dir='ltr' id='par_1_13' title="bbox 283 1315 1942 1386">
     <span class='ocr_line' id='line_1_13' title="bbox 283 1315 1942 1386; baseline -0.004 -12"><span class='ocrx_word' id='word_1_93' title='bbox 283 1322 406 1384; x_wconf 69' lang='grc'>402,</span> <span class='ocrx_word' id='word_1_94' title='bbox 440 1324 498 1373; x_wconf 92' lang='lat' dir='ltr'>et</span> <span class='ocrx_word' id='word_1_95' title='bbox 524 1317 736 1372; x_wconf 90' lang='lat' dir='ltr'>homil.</span> <span class='ocrx_word' id='word_1_96' title='bbox 770 1318 800 1370; x_wconf 89' lang='lat'><strong>3</strong></span> <span class='ocrx_word' id='word_1_97' title='bbox 828 1316 887 1371; x_wconf 89' lang='lat' dir='ltr'>in</span> <span class='ocrx_word' id='word_1_98' title='bbox 920 1319 1095 1386; x_wconf 84' lang='lat' dir='ltr'>Epist.</span> <span class='ocrx_word' id='word_1_99' title='bbox 1133 1316 1294 1370; x_wconf 81' lang='lat' dir='ltr'>Pauli</span> <span class='ocrx_word' id='word_1_100' title='bbox 1313 1316 1387 1370; x_wconf 91' lang='lat' dir='ltr'>ad</span> <span class='ocrx_word' id='word_1_101' title='bbox 1411 1315 1685 1385; x_wconf 68' lang='lat' dir='ltr'>Philipp,</span> <span class='ocrx_word' id='word_1_102' title='bbox 1718 1330 1848 1386; x_wconf 90' lang='lat' dir='ltr'>pag.</span> <span class='ocrx_word' id='word_1_103' title='bbox 1875 1317 1942 1368; x_wconf 88' lang='lat'>32</span> 
     </span>
    </p>
   </div>
   <div class='ocr_carea' id='block_1_14' title="bbox 280 1402 1942 1474">
    <p class='ocr_par' dir='ltr' id='par_1_14' title="bbox 280 1402 1942 1474">
     <span class='ocr_line' id='line_1_14' title="bbox 280 1402 1942 1474; baseline -0.004 -11"><span class='ocrx_word' id='word_1_104' title='bbox 280 1415 338 1463; x_wconf 88' lang='lat' dir='ltr'>et</span> <span class='ocrx_word' id='word_1_105' title='bbox 357 1410 425 1462; x_wconf 86' lang='lat'>33</span> <span class='ocrx_word' id='word_1_106' title='bbox 447 1427 462 1474; x_wconf 90' lang='lat'><strong>;</strong></span> <span class='ocrx_word' id='word_1_107' title='bbox 483 1411 692 1461; x_wconf 85' lang='lat' dir='ltr'>auctor</span> <span class='ocrx_word' id='word_1_108' title='bbox 713 1405 1010 1461; x_wconf 83' lang='lat' dir='ltr'>sermonis</span> <span class='ocrx_word' id='word_1_109' title='bbox 1029 1407 1102 1460; x_wconf 86' lang='lat' dir='ltr'>De</span> <span class='ocrx_word' id='word_1_110' title='bbox 1126 1421 1263 1462; x_wconf 65' lang='lat' dir='ltr'>caeco</span> <span class='ocrx_word' id='word_1_111' title='bbox 1285 1411 1416 1459; x_wconf 89' lang='lat' dir='ltr'>nato</span> <span class='ocrx_word' id='word_1_112' title='bbox 1447 1411 1498 1459; x_wconf 92' lang='lat' dir='ltr'>et</span> <span class='ocrx_word' id='word_1_113' title='bbox 1521 1405 1755 1472; x_wconf 78' lang='lat' dir='ltr'>latrone,</span> <span class='ocrx_word' id='word_1_114' title='bbox 1785 1402 1942 1474; x_wconf 89' lang='lat' dir='ltr'>apud</span> 
     </span>
    </p>
   </div>
   <div class='ocr_carea' id='block_1_15' title="bbox 277 1493 1942 1566">
    <p class='ocr_par' dir='ltr' id='par_1_15' title="bbox 277 1493 1942 1566">
     <span class='ocr_line' id='line_1_15' title="bbox 277 1493 1942 1566; baseline -0.004 -14"><span class='ocrx_word' id='word_1_115' title='bbox 277 1497 580 1562; x_wconf 89' lang='lat' dir='ltr'>eumdem,</span> <span class='ocrx_word' id='word_1_116' title='bbox 614 1500 760 1550; x_wconf 91' lang='lat' dir='ltr'>tom.</span> <span class='ocrx_word' id='word_1_117' title='bbox 816 1495 904 1563; x_wconf 89' lang='lat' dir='ltr'>VI,</span> <span class='ocrx_word' id='word_1_118' title='bbox 937 1511 1066 1566; x_wconf 89' lang='lat' dir='ltr'>pag.</span> <span class='ocrx_word' id='word_1_119' title='bbox 1128 1496 1253 1560; x_wconf 75' lang='grc'><strong>441,</strong></span> <span class='ocrx_word' id='word_1_120' title='bbox 1289 1500 1347 1548; x_wconf 92' lang='lat' dir='ltr'>et</span> <span class='ocrx_word' id='word_1_121' title='bbox 1370 1499 1580 1549; x_wconf 88' lang='lat' dir='ltr'>auctor</span> <span class='ocrx_word' id='word_1_122' title='bbox 1637 1493 1942 1563; x_wconf 85' lang='lat' dir='ltr'>sequentis</span> 
     </span>
    </p>
   </div>
   <div class='ocr_carea' id='block_1_16' title="bbox 280 1584 1938 1654">
    <p class='ocr_par' dir='ltr' id='par_1_16' title="bbox 280 1584 1938 1654">
     <span class='ocr_line' id='line_1_16' title="bbox 280 1584 1938 1654; baseline -0.004 -13"><span class='ocrx_word' id='word_1_123' title='bbox 280 1585 552 1641; x_wconf 71' lang='lat' dir='ltr'>homiliaa</span> <span class='ocrx_word' id='word_1_124' title='bbox 592 1587 653 1639; x_wconf 87' lang='lat' dir='ltr'>in</span> <span class='ocrx_word' id='word_1_125' title='bbox 715 1584 1037 1638; x_wconf 86' lang='lat' dir='ltr'>triduanam</span> <span class='ocrx_word' id='word_1_126' title='bbox 1092 1585 1564 1646; x_wconf 80' lang='lat' dir='ltr'>resurrectionem,</span> <span class='ocrx_word' id='word_1_127' title='bbox 1624 1598 1752 1654; x_wconf 90' lang='lat' dir='ltr'>pag.</span> <span class='ocrx_word' id='word_1_128' title='bbox 1787 1584 1938 1648; x_wconf 76' lang='grc' dir='ltr'><strong>445ς</strong></span> 
     </span>
    </p>
   </div>
   <div class='ocr_carea' id='block_1_17' title="bbox 275 1671 1940 1743">
    <p class='ocr_par' dir='ltr' id='par_1_17' title="bbox 275 1671 1940 1743">
     <span class='ocr_line' id='line_1_17' title="bbox 275 1671 1940 1743; baseline -0.004 -12"><span class='ocrx_word' id='word_1_129' title='bbox 275 1675 647 1740; x_wconf 86' lang='lat' dir='ltr'>Gennadius,</span> <span class='ocrx_word' id='word_1_130' title='bbox 683 1675 756 1728; x_wconf 90' lang='lat' dir='ltr'>De</span> <span class='ocrx_word' id='word_1_131' title='bbox 785 1673 1079 1729; x_wconf 85' lang='lat' dir='ltr'>ecclesiast.</span> <span class='ocrx_word' id='word_1_132' title='bbox 1129 1673 1453 1742; x_wconf 87' lang='lat' dir='ltr'>dogmatib.,</span> <span class='ocrx_word' id='word_1_133' title='bbox 1505 1688 1634 1743; x_wconf 88' lang='lat' dir='ltr'>cap.</span> <span class='ocrx_word' id='word_1_134' title='bbox 1666 1674 1726 1725; x_wconf 78' lang='grc'>41</span> <span class='ocrx_word' id='word_1_135' title='bbox 1757 1691 1770 1740; x_wconf 88' lang='lat'><strong>;</strong></span> <span class='ocrx_word' id='word_1_136' title='bbox 1805 1671 1940 1726; x_wconf 87' lang='lat' dir='ltr'>Ful-</span> 
     </span>
    </p>
   </div>
   <div class='ocr_carea' id='block_1_18' title="bbox 269 1760 1940 1836">
    <p class='ocr_par' dir='ltr' id='par_1_18' title="bbox 269 1760 1940 1836">
     <span class='ocr_line' id='line_1_18' title="bbox 269 1760 1940 1836; baseline -0.003 -16"><span class='ocrx_word' id='word_1_137' title='bbox 269 1766 534 1836; x_wconf 85' lang='lat' dir='ltr'>gentius,</span> <span class='ocrx_word' id='word_1_138' title='bbox 562 1763 646 1817; x_wconf 89' lang='lat' dir='ltr'>lib</span> <span class='ocrx_word' id='word_1_139' title='bbox 670 1779 734 1817; x_wconf 92' lang='grc' dir='ltr'>ιιι</span> <span class='ocrx_word' id='word_1_140' title='bbox 759 1763 832 1817; x_wconf 92' lang='lat' dir='ltr'>De</span> <span class='ocrx_word' id='word_1_141' title='bbox 852 1764 1084 1818; x_wconf 82' lang='lat' dir='ltr'>veritate</span> <span class='ocrx_word' id='word_1_142' title='bbox 1106 1763 1285 1833; x_wconf 66' lang='lat' dir='ltr'>przd.</span> <span class='ocrx_word' id='word_1_143' title='bbox 1321 1768 1374 1816; x_wconf 87' lang='lat' dir='ltr'>et</span> <span class='ocrx_word' id='word_1_144' title='bbox 1403 1767 1572 1832; x_wconf 68' lang='lat' dir='ltr'>grat,</span> <span class='ocrx_word' id='word_1_145' title='bbox 1603 1778 1730 1832; x_wconf 89' lang='lat' dir='ltr'>cap.</span> <span class='ocrx_word' id='word_1_146' title='bbox 1767 1763 1851 1828; x_wconf 84' lang='lat'><strong>19,</strong></span> <span class='ocrx_word' id='word_1_147' title='bbox 1877 1760 1940 1815; x_wconf 89' lang='lat' dir='ltr'>in</span> 
     </span>
    </p>
   </div>
   <div class='ocr_carea' id='block_1_19' title="bbox 268 1849 2014 1935">
    <p class='ocr_par' dir='ltr' id='par_1_19' title="bbox 268 1849 2014 1935">
     <span class='ocr_line' id='line_1_19' title="bbox 268 1849 2014 1935; baseline -0.003 -26"><span class='ocrx_word' id='word_1_148' title='bbox 268 1855 424 1909; x_wconf 90' lang='lat' dir='ltr'>libro</span> <span class='ocrx_word' id='word_1_149' title='bbox 457 1856 540 1908; x_wconf 91' lang='lat' dir='ltr'>De</span> <span class='ocrx_word' id='word_1_150' title='bbox 589 1851 696 1920; x_wconf 80' lang='lat' dir='ltr'>ﬁde</span> <span class='ocrx_word' id='word_1_151' title='bbox 750 1852 824 1906; x_wconf 87' lang='lat' dir='ltr'>ad</span> <span class='ocrx_word' id='word_1_152' title='bbox 857 1854 1100 1916; x_wconf 88' lang='lat' dir='ltr'>Petrum,</span> <span class='ocrx_word' id='word_1_153' title='bbox 1156 1868 1283 1922; x_wconf 93' lang='lat' dir='ltr'>cap.</span> <span class='ocrx_word' id='word_1_154' title='bbox 1316 1852 1370 1919; x_wconf 87' lang='lat'>3,</span> <span class='ocrx_word' id='word_1_155' title='bbox 1429 1867 1593 1907; x_wconf 90' lang='lat' dir='ltr'>num.</span> <span class='ocrx_word' id='word_1_156' title='bbox 1652 1852 1740 1914; x_wconf 80' lang='grc'>41,</span> <span class='ocrx_word' id='word_1_157' title='bbox 1785 1855 1844 1904; x_wconf 93' lang='lat' dir='ltr'>et</span> <span class='ocrx_word' id='word_1_158' title='bbox 1875 1849 1934 1904; x_wconf 92' lang='lat' dir='ltr'>in</span> <span class='ocrx_word' id='word_1_159' title='bbox 1967 1871 2014 1935; x_wconf 78' lang='grc' dir='ltr'>Β</span> 
     </span>
    </p>
   </div>
   <div class='ocr_carea' id='block_1_20' title="bbox 267 1938 1931 2015">
    <p class='ocr_par' dir='ltr' id='par_1_20' title="bbox 267 1938 1931 2015">
     <span class='ocr_line' id='line_1_20' title="bbox 267 1938 1931 2015; baseline -0.005 -15"><span class='ocrx_word' id='word_1_160' title='bbox 267 1942 530 2015; x_wconf 88' lang='lat' dir='ltr'>epistola</span> <span class='ocrx_word' id='word_1_161' title='bbox 559 1941 636 1997; x_wconf 90' lang='lat' dir='ltr'>ad</span> <span class='ocrx_word' id='word_1_162' title='bbox 660 1940 1028 1995; x_wconf 86' lang='lat' dir='ltr'>Ferrandum</span> <span class='ocrx_word' id='word_1_163' title='bbox 1062 1941 1132 1995; x_wconf 90' lang='lat' dir='ltr'>De</span> <span class='ocrx_word' id='word_1_164' title='bbox 1165 1941 1438 2010; x_wconf 86' lang='lat' dir='ltr'>baptismo</span> <span class='ocrx_word' id='word_1_165' title='bbox 1475 1938 1769 2008; x_wconf 67' lang='lat' dir='ltr'>AEthiopis,</span> <span class='ocrx_word' id='word_1_166' title='bbox 1804 1955 1931 2009; x_wconf 87' lang='lat' dir='ltr'>cap.</span> 
     </span>
    </p>
   </div>
   <div class='ocr_carea' id='block_1_21' title="bbox 269 2027 1938 2100">
    <p class='ocr_par' dir='ltr' id='par_1_21' title="bbox 269 2027 1938 2100">
     <span class='ocr_line' id='line_1_21' title="bbox 269 2027 1938 2100; baseline -0.003 -14"><span class='ocrx_word' id='word_1_167' title='bbox 269 2037 336 2086; x_wconf 91' lang='lat'>2:</span> <span class='ocrx_word' id='word_1_168' title='bbox 370 2029 1149 2100; x_wconf 86' lang='lat' dir='ltr'>Arnobiusjunior,inpsal.</span> <span class='ocrx_word' id='word_1_169' title='bbox 1177 2045 1377 2094; x_wconf 78' lang='lat' dir='ltr'>cxxtx;</span> <span class='ocrx_word' id='word_1_170' title='bbox 1404 2028 1748 2099; x_wconf 84' lang='lat' dir='ltr'>Hesychius,</span> <span class='ocrx_word' id='word_1_171' title='bbox 1771 2027 1873 2082; x_wconf 91' lang='lat' dir='ltr'>lib.</span> <span class='ocrx_word' id='word_1_172' title='bbox 1900 2045 1938 2081; x_wconf 98' lang='grc' dir='ltr'>ιι</span> 
     </span>
    </p>
   </div>
   <div class='ocr_carea' id='block_1_22' title="bbox 272 2117 1939 2189">
    <p class='ocr_par' dir='ltr' id='par_1_22' title="bbox 272 2117 1939 2189">
     <span class='ocr_line' id='line_1_22' title="bbox 272 2117 1939 2189; baseline -0.004 -13"><span class='ocrx_word' id='word_1_173' title='bbox 272 2125 329 2175; x_wconf 89' lang='lat' dir='ltr'>in</span> <span class='ocrx_word' id='word_1_174' title='bbox 358 2122 591 2176; x_wconf 80' lang='lat' dir='ltr'>Levitic.</span> <span class='ocrx_word' id='word_1_175' title='bbox 649 2119 723 2174; x_wconf 89' lang='lat' dir='ltr'>ad</span> <span class='ocrx_word' id='word_1_176' title='bbox 751 2135 880 2189; x_wconf 85' lang='lat' dir='ltr'>cap.</span> <span class='ocrx_word' id='word_1_177' title='bbox 941 2135 1016 2188; x_wconf 74' lang='lat' dir='ltr'>Vl,</span> <span class='ocrx_word' id='word_1_178' title='bbox 1073 2120 1104 2187; x_wconf 61' lang='lat' dir='ltr'>y</span> <span class='ocrx_word' id='word_1_179' title='bbox 1163 2121 1268 2185; x_wconf 87' lang='lat'>27;</span> <span class='ocrx_word' id='word_1_180' title='bbox 1334 2123 1558 2172; x_wconf 89' lang='lat' dir='ltr'>auctor.</span> <span class='ocrx_word' id='word_1_181' title='bbox 1631 2119 1838 2172; x_wconf 84' lang='lat' dir='ltr'>Histor.</span> <span class='ocrx_word' id='word_1_182' title='bbox 1873 2117 1939 2170; x_wconf 91' lang='lat' dir='ltr'>de</span> 
     </span>
    </p>
   </div>
   <div class='ocr_carea' id='block_1_23' title="bbox 272 2206 1934 2279">
    <p class='ocr_par' dir='ltr' id='par_1_23' title="bbox 272 2206 1934 2279">
     <span class='ocr_line' id='line_1_23' title="bbox 272 2206 1934 2279; baseline -0.003 -14"><span class='ocrx_word' id='word_1_183' title='bbox 272 2210 539 2265; x_wconf 85' lang='lat' dir='ltr'>Barlaam</span> <span class='ocrx_word' id='word_1_184' title='bbox 595 2215 649 2262; x_wconf 93' lang='lat' dir='ltr'>et</span> <span class='ocrx_word' id='word_1_185' title='bbox 702 2208 994 2278; x_wconf 77' lang='lat' dir='ltr'>Iosophat,</span> <span class='ocrx_word' id='word_1_186' title='bbox 1053 2223 1180 2279; x_wconf 91' lang='lat' dir='ltr'>cap.</span> <span class='ocrx_word' id='word_1_187' title='bbox 1216 2209 1287 2273; x_wconf 89' lang='lat'>8;</span> <span class='ocrx_word' id='word_1_188' title='bbox 1350 2206 1626 2261; x_wconf 82' lang='lat' dir='ltr'>Rabanus</span> <span class='ocrx_word' id='word_1_189' title='bbox 1679 2208 1934 2271; x_wconf 88' lang='lat' dir='ltr'>Maurus,</span> 
     </span>
    </p>
   </div>
   <div class='ocr_carea' id='block_1_24' title="bbox 278 2294 1937 2368">
    <p class='ocr_par' dir='ltr' id='par_1_24' title="bbox 278 2294 1937 2368">
     <span class='ocr_line' id='line_1_24' title="bbox 278 2294 1937 2368; baseline -0.004 -15"><span class='ocrx_word' id='word_1_190' title='bbox 278 2299 372 2368; x_wconf 89' lang='lat' dir='ltr'>qui</span> <span class='ocrx_word' id='word_1_191' title='bbox 404 2298 513 2352; x_wconf 90' lang='lat' dir='ltr'>lib.</span> <span class='ocrx_word' id='word_1_192' title='bbox 548 2313 604 2350; x_wconf 86' lang='lat' dir='ltr'>1v</span> <span class='ocrx_word' id='word_1_193' title='bbox 635 2299 1127 2367; x_wconf 85' lang='lat' dir='ltr'>Deunivers.,cap.</span> <span class='ocrx_word' id='word_1_194' title='bbox 1162 2297 1244 2362; x_wconf 87' lang='grc'><strong>10,</strong></span> <span class='ocrx_word' id='word_1_195' title='bbox 1273 2294 1558 2350; x_wconf 88' lang='lat' dir='ltr'>Gennadii</span> <span class='ocrx_word' id='word_1_196' title='bbox 1578 2295 1937 2350; x_wconf 90' lang='lat' dir='ltr'>sententiam</span> 
     </span>
    </p>
   </div>
   <div class='ocr_carea' id='block_1_25' title="bbox 277 2383 1936 2457">
    <p class='ocr_par' dir='ltr' id='par_1_25' title="bbox 277 2383 1936 2457">
     <span class='ocr_line' id='line_1_25' title="bbox 277 2383 1936 2457; baseline -0.001 -17"><span class='ocrx_word' id='word_1_197' title='bbox 277 2387 480 2442; x_wconf 88' lang='lat' dir='ltr'>laudat</span> <span class='ocrx_word' id='word_1_198' title='bbox 511 2392 572 2441; x_wconf 90' lang='lat' dir='ltr'>et</span> <span class='ocrx_word' id='word_1_199' title='bbox 603 2385 834 2457; x_wconf 90' lang='lat' dir='ltr'>probat.</span> <span class='ocrx_word' id='word_1_200' title='bbox 866 2384 1086 2439; x_wconf 91' lang='lat' dir='ltr'>Eadem</span> <span class='ocrx_word' id='word_1_201' title='bbox 1134 2385 1208 2439; x_wconf 89' lang='lat' dir='ltr'>ad</span> <span class='ocrx_word' id='word_1_202' title='bbox 1252 2384 1582 2439; x_wconf 88' lang='lat' dir='ltr'>Orientales</span> <span class='ocrx_word' id='word_1_203' title='bbox 1610 2388 1800 2438; x_wconf 90' lang='lat' dir='ltr'>sectas</span> <span class='ocrx_word' id='word_1_204' title='bbox 1831 2383 1936 2438; x_wconf 91' lang='lat' dir='ltr'>do-</span> 
     </span>
    </p>
   </div>
   <div class='ocr_carea' id='block_1_26' title="bbox 278 2472 1936 2547">
    <p class='ocr_par' dir='ltr' id='par_1_26' title="bbox 278 2472 1936 2547">
     <span class='ocr_line' id='line_1_26' title="bbox 278 2472 1936 2547; baseline -0.004 -15"><span class='ocrx_word' id='word_1_205' title='bbox 278 2478 471 2532; x_wconf 87' lang='lat' dir='ltr'>ctrina</span> <span class='ocrx_word' id='word_1_206' title='bbox 501 2475 790 2547; x_wconf 84' lang='lat' dir='ltr'>pervenit.</span> <span class='ocrx_word' id='word_1_207' title='bbox 825 2475 1083 2529; x_wconf 85' lang='lat' dir='ltr'>Joannes</span> <span class='ocrx_word' id='word_1_208' title='bbox 1113 2474 1451 2546; x_wconf 87' lang='lat' dir='ltr'>patriarcha</span> <span class='ocrx_word' id='word_1_209' title='bbox 1500 2472 1936 2528; x_wconf 86' lang='lat' dir='ltr'>Alexandrinus</span> 
     </span>
    </p>
   </div>
   <div class='ocr_carea' id='block_1_27' title="bbox 277 2561 1937 2633">
    <p class='ocr_par' dir='ltr' id='par_1_27' title="bbox 277 2561 1937 2633">
     <span class='ocr_line' id='line_1_27' title="bbox 277 2561 1937 2633; baseline -0.004 -12"><span class='ocrx_word' id='word_1_210' title='bbox 277 2565 562 2633; x_wconf 84' lang='lat' dir='ltr'>Jacobita,</span> <span class='ocrx_word' id='word_1_211' title='bbox 596 2564 876 2620; x_wconf 89' lang='lat' dir='ltr'>laudatus</span> <span class='ocrx_word' id='word_1_212' title='bbox 907 2579 941 2618; x_wconf 92' lang='lat' dir='ltr'>a</span> <span class='ocrx_word' id='word_1_213' title='bbox 977 2563 1308 2618; x_wconf 90' lang='lat' dir='ltr'>clarissimo</span> <span class='ocrx_word' id='word_1_214' title='bbox 1337 2563 1482 2630; x_wconf 90' lang='lat' dir='ltr'>viro,</span> <span class='ocrx_word' id='word_1_215' title='bbox 1535 2561 1937 2633; x_wconf 83' lang='lat' dir='ltr'>locupletissi—</span> 
     </span>
    </p>
   </div>
   <div class='ocr_carea' id='block_1_28' title="bbox 283 2650 1940 2724">
    <p class='ocr_par' dir='ltr' id='par_1_28' title="bbox 283 2650 1940 2724">
     <span class='ocr_line' id='line_1_28' title="bbox 283 2650 1940 2724; baseline -0.003 -15"><span class='ocrx_word' id='word_1_216' title='bbox 283 2671 501 2724; x_wconf 89' lang='lat' dir='ltr'>moque</span> <span class='ocrx_word' id='word_1_217' title='bbox 527 2654 819 2708; x_wconf 65' lang='lat' dir='ltr'>universae</span> <span class='ocrx_word' id='word_1_218' title='bbox 851 2652 1204 2707; x_wconf 85' lang='lat' dir='ltr'>eruditionis</span> <span class='ocrx_word' id='word_1_219' title='bbox 1223 2668 1404 2722; x_wconf 90' lang='lat' dir='ltr'>penu,</span> <span class='ocrx_word' id='word_1_220' title='bbox 1436 2650 1687 2704; x_wconf 91' lang='lat' dir='ltr'>Eusebio</span> <span class='ocrx_word' id='word_1_221' title='bbox 1709 2655 1940 2706; x_wconf 87' lang='lat' dir='ltr'>Renau-</span> 
     </span>
    </p>
   </div>
   <div class='ocr_carea' id='block_1_29' title="bbox 282 2739 1935 2814">
    <p class='ocr_par' dir='ltr' id='par_1_29' title="bbox 282 2739 1935 2814">
     <span class='ocr_line' id='line_1_29' title="bbox 282 2739 1935 2814; baseline -0.003 -15"><span class='ocrx_word' id='word_1_222' title='bbox 282 2745 402 2810; x_wconf 93' lang='lat' dir='ltr'>dot,</span> <span class='ocrx_word' id='word_1_223' title='bbox 435 2750 572 2799; x_wconf 86' lang='lat' dir='ltr'>tom.</span> <span class='ocrx_word' id='word_1_224' title='bbox 620 2745 661 2797; x_wconf 83' lang='lat' dir='ltr'><strong>V</strong></span> <span class='ocrx_word' id='word_1_225' title='bbox 714 2743 1112 2814; x_wconf 86' lang='lat' dir='ltr'>Perpetuitatis</span> <span class='ocrx_word' id='word_1_226' title='bbox 1167 2741 1315 2811; x_wconf 81' lang='lat' dir='ltr'>ﬁdei,</span> <span class='ocrx_word' id='word_1_227' title='bbox 1358 2739 1462 2794; x_wconf 91' lang='lat' dir='ltr'>lib.</span> <span class='ocrx_word' id='word_1_228' title='bbox 1513 2757 1575 2807; x_wconf 92' lang='grc' dir='ltr'>ιι,</span> <span class='ocrx_word' id='word_1_229' title='bbox 1617 2757 1744 2811; x_wconf 91' lang='lat' dir='ltr'>cap.</span> <span class='ocrx_word' id='word_1_230' title='bbox 1778 2743 1830 2807; x_wconf 88' lang='lat'><strong>2,</strong></span> <span class='ocrx_word' id='word_1_231' title='bbox 1865 2739 1935 2794; x_wconf 90' lang='lat' dir='ltr'>de</span> 
     </span>
    </p>
   </div>
   <div class='ocr_carea' id='block_1_30' title="bbox 279 2827 1933 2902">
    <p class='ocr_par' dir='ltr' id='par_1_30' title="bbox 279 2827 1933 2902">
     <span class='ocr_line' id='line_1_30' title="bbox 279 2827 1933 2902; baseline -0.004 -15"><span class='ocrx_word' id='word_1_232' title='bbox 279 2832 482 2887; x_wconf 88' lang='lat' dir='ltr'>adulto</span> <span class='ocrx_word' id='word_1_233' title='bbox 527 2832 654 2887; x_wconf 87' lang='lat' dir='ltr'>sine</span> <span class='ocrx_word' id='word_1_234' title='bbox 714 2830 994 2902; x_wconf 87' lang='lat' dir='ltr'>baptismi</span> <span class='ocrx_word' id='word_1_235' title='bbox 1050 2829 1238 2901; x_wconf 89' lang='lat' dir='ltr'>gratia</span> <span class='ocrx_word' id='word_1_236' title='bbox 1294 2827 1617 2884; x_wconf 87' lang='lat' dir='ltr'>decedente</span> <span class='ocrx_word' id='word_1_237' title='bbox 1673 2833 1933 2900; x_wconf 90' lang='lat' dir='ltr'>rogatus,</span> 
     </span>
    </p>
   </div>
   <div class='ocr_carea' id='block_1_31' title="bbox 279 2917 1934 2994">
    <p class='ocr_par' dir='ltr' id='par_1_31' title="bbox 279 2917 1934 2994">
     <span class='ocr_line' id='line_1_31' title="bbox 279 2917 1934 2994; baseline -0.004 -16"><span class='ocrx_word' id='word_1_238' title='bbox 279 2922 602 2994; x_wconf 87' lang='lat' dir='ltr'>respondet</span> <span class='ocrx_word' id='word_1_239' title='bbox 622 2921 795 2976; x_wconf 91' lang='lat' dir='ltr'>illum</span> <span class='ocrx_word' id='word_1_240' title='bbox 821 2919 1053 2976; x_wconf 89' lang='lat' dir='ltr'>etiamsi</span> <span class='ocrx_word' id='word_1_241' title='bbox 1073 2919 1388 2974; x_wconf 81' lang='lat' dir='ltr'>Jeremiam</span> <span class='ocrx_word' id='word_1_242' title='bbox 1412 2918 1706 2989; x_wconf 91' lang='lat' dir='ltr'>precibus,</span> <span class='ocrx_word' id='word_1_243' title='bbox 1725 2917 1934 2973; x_wconf 82' lang='lat' dir='ltr'>Jobum</span> 
     </span>
    </p>
   </div>
   <div class='ocr_carea' id='block_1_32' title="bbox 280 3007 1934 3083">
    <p class='ocr_par' dir='ltr' id='par_1_32' title="bbox 280 3007 1934 3083">
     <span class='ocr_line' id='line_1_32' title="bbox 280 3007 1934 3083; baseline -0.004 -16"><span class='ocrx_word' id='word_1_244' title='bbox 280 3011 700 3083; x_wconf 84' lang='lat' dir='ltr'>eleemosynis,</span> <span class='ocrx_word' id='word_1_245' title='bbox 730 3009 1025 3064; x_wconf 82' lang='lat' dir='ltr'>Abraham</span> <span class='ocrx_word' id='word_1_246' title='bbox 1049 3008 1288 3079; x_wconf 89' lang='lat' dir='ltr'>hospitii</span> <span class='ocrx_word' id='word_1_247' title='bbox 1319 3009 1506 3080; x_wconf 90' lang='lat' dir='ltr'>gratia</span> <span class='ocrx_word' id='word_1_248' title='bbox 1535 3007 1848 3078; x_wconf 90' lang='lat' dir='ltr'>superarit,</span> <span class='ocrx_word' id='word_1_249' title='bbox 1873 3007 1934 3060; x_wconf 88' lang='lat' dir='ltr'>in</span> 
     </span>
    </p>
   </div>
   <div class='ocr_carea' id='block_1_33' title="bbox 279 3096 1932 3172">
    <p class='ocr_par' dir='ltr' id='par_1_33' title="bbox 279 3096 1932 3172">
     <span class='ocr_line' id='line_1_33' title="bbox 279 3096 1932 3172; baseline -0.005 -14"><span class='ocrx_word' id='word_1_250' title='bbox 279 3103 550 3158; x_wconf 78' lang='lat' dir='ltr'>flammas</span> <span class='ocrx_word' id='word_1_251' title='bbox 581 3101 870 3172; x_wconf 64' lang='lat' dir='ltr'>gehennae</span> <span class='ocrx_word' id='word_1_252' title='bbox 898 3098 1331 3170; x_wconf 74' lang='lat' dir='ltr'>praecipitatum</span> <span class='ocrx_word' id='word_1_253' title='bbox 1362 3097 1454 3152; x_wconf 89' lang='lat' dir='ltr'>iri.</span> <span class='ocrx_word' id='word_1_254' title='bbox 1489 3097 1589 3152; x_wconf 87' lang='lat' dir='ltr'>His</span> <span class='ocrx_word' id='word_1_255' title='bbox 1619 3096 1755 3152; x_wconf 87' lang='lat' dir='ltr'>addi</span> <span class='ocrx_word' id='word_1_256' title='bbox 1798 3113 1932 3167; x_wconf 91' lang='lat' dir='ltr'>pos-</span> 
     </span>
    </p>
   </div>
   <div class='ocr_carea' id='block_1_34' title="bbox 277 3186 1934 3261">
    <p class='ocr_par' dir='ltr' id='par_1_34' title="bbox 277 3186 1934 3261">
     <span class='ocr_line' id='line_1_34' title="bbox 277 3186 1934 3261; baseline -0.005 -13"><span class='ocrx_word' id='word_1_257' title='bbox 277 3199 406 3248; x_wconf 90' lang='lat' dir='ltr'>sent</span> <span class='ocrx_word' id='word_1_258' title='bbox 432 3192 497 3258; x_wconf 91' lang='lat' dir='ltr'>ii,</span> <span class='ocrx_word' id='word_1_259' title='bbox 532 3190 636 3261; x_wconf 89' lang='lat' dir='ltr'>qui</span> <span class='ocrx_word' id='word_1_260' title='bbox 694 3188 992 3260; x_wconf 89' lang='lat' dir='ltr'>duplicem</span> <span class='ocrx_word' id='word_1_261' title='bbox 1027 3192 1256 3242; x_wconf 89' lang='lat' dir='ltr'>tantum</span> <span class='ocrx_word' id='word_1_262' title='bbox 1287 3203 1456 3258; x_wconf 74' lang='lat' dir='ltr'>aquaa</span> <span class='ocrx_word' id='word_1_263' title='bbox 1515 3192 1572 3240; x_wconf 90' lang='lat' dir='ltr'>et</span> <span class='ocrx_word' id='word_1_264' title='bbox 1629 3186 1934 3258; x_wconf 85' lang='lat' dir='ltr'>sanguinis</span> 
     </span>
    </p>
   </div>
   <div class='ocr_carea' id='block_1_35' title="bbox 275 3276 1931 3352">
    <p class='ocr_par' dir='ltr' id='par_1_35' title="bbox 275 3276 1931 3352">
     <span class='ocr_line' id='line_1_35' title="bbox 275 3276 1931 3352; baseline -0.004 -16"><span class='ocrx_word' id='word_1_265' title='bbox 275 3281 644 3352; x_wconf 86' lang='lat' dir='ltr'>baptismum</span> <span class='ocrx_word' id='word_1_266' title='bbox 671 3277 1017 3344; x_wconf 87' lang='lat' dir='ltr'>distinxere,</span> <span class='ocrx_word' id='word_1_267' title='bbox 1059 3282 1124 3331; x_wconf 91' lang='lat' dir='ltr'>ut</span> <span class='ocrx_word' id='word_1_268' title='bbox 1143 3276 1512 3338; x_wconf 89' lang='lat' dir='ltr'>Tertullian.,</span> <span class='ocrx_word' id='word_1_269' title='bbox 1537 3278 1612 3331; x_wconf 92' lang='lat' dir='ltr'>De</span> <span class='ocrx_word' id='word_1_270' title='bbox 1644 3277 1931 3346; x_wconf 85' lang='lat' dir='ltr'>baptismo.</span> 
     </span>
    </p>
   </div>
   <div class='ocr_carea' id='block_1_36' title="bbox 275 3365 1931 3441">
    <p class='ocr_par' dir='ltr' id='par_1_36' title="bbox 275 3365 1931 3441">
     <span class='ocr_line' id='line_1_36' title="bbox 275 3365 1931 3441; baseline -0.005 -15"><span class='ocrx_word' id='word_1_271' title='bbox 275 3388 403 3441; x_wconf 90' lang='lat' dir='ltr'>cap.</span> <span class='ocrx_word' id='word_1_272' title='bbox 441 3371 550 3433; x_wconf 85' lang='lat'>13;</span> <span class='ocrx_word' id='word_1_273' title='bbox 593 3367 896 3438; x_wconf 86' lang='lat' dir='ltr'>Cyprian.,</span> <span class='ocrx_word' id='word_1_274' title='bbox 946 3366 1018 3420; x_wconf 91' lang='lat' dir='ltr'>De</span> <span class='ocrx_word' id='word_1_275' title='bbox 1047 3365 1260 3420; x_wconf 74' lang='lat' dir='ltr'>exhort.</span> <span class='ocrx_word' id='word_1_276' title='bbox 1312 3367 1595 3434; x_wconf 76' lang='lat' dir='ltr'>martyrii,</span> <span class='ocrx_word' id='word_1_277' title='bbox 1627 3381 1757 3438; x_wconf 86' lang='lat' dir='ltr'>pag.</span> <span class='ocrx_word' id='word_1_278' title='bbox 1794 3365 1931 3431; x_wconf 78' lang='lat'>168;</span> 
     </span>
    </p>
   </div>
   <div class='ocr_carea' id='block_1_37' title="bbox 273 3454 1934 3528">
    <p class='ocr_par' dir='ltr' id='par_1_37' title="bbox 273 3454 1934 3528">
     <span class='ocr_line' id='line_1_37' title="bbox 273 3454 1934 3528; baseline -0.003 -15"><span class='ocrx_word' id='word_1_279' title='bbox 273 3460 700 3528; x_wconf 80' lang='lat' dir='ltr'>Hieronymus,</span> <span class='ocrx_word' id='word_1_280' title='bbox 733 3455 838 3509; x_wconf 92' lang='lat' dir='ltr'>lib.</span> <span class='ocrx_word' id='word_1_281' title='bbox 866 3470 967 3508; x_wconf 86' lang='lat' dir='ltr'>xm</span> <span class='ocrx_word' id='word_1_282' title='bbox 997 3456 1055 3508; x_wconf 85' lang='lat' dir='ltr'>in</span> <span class='ocrx_word' id='word_1_283' title='bbox 1091 3457 1197 3508; x_wconf 87' lang='lat' dir='ltr'>lsa.</span> <span class='ocrx_word' id='word_1_284' title='bbox 1235 3470 1361 3524; x_wconf 91' lang='lat' dir='ltr'>cap.</span> <span class='ocrx_word' id='word_1_285' title='bbox 1388 3469 1582 3520; x_wconf 88' lang='lat' dir='ltr'>vam,</span> <span class='ocrx_word' id='word_1_286' title='bbox 1613 3454 1727 3521; x_wconf 65' lang='lat'>9/21</span> <span class='ocrx_word' id='word_1_287' title='bbox 1756 3470 1768 3520; x_wconf 91' lang='lat'>;</span> <span class='ocrx_word' id='word_1_288' title='bbox 1795 3455 1934 3508; x_wconf 81' lang='lat' dir='ltr'>Pru-</span> 
     </span>
    </p>
   </div>
   <div class='ocr_carea' id='block_1_38' title="bbox 274 3543 1935 3617">
    <p class='ocr_par' dir='ltr' id='par_1_38' title="bbox 274 3543 1935 3617">
     <span class='ocr_line' id='line_1_38' title="bbox 274 3543 1935 3617; baseline -0.004 -13"><span class='ocrx_word' id='word_1_289' title='bbox 274 3549 540 3613; x_wconf 89' lang='lat' dir='ltr'>dentius,</span> <span class='ocrx_word' id='word_1_290' title='bbox 576 3547 802 3617; x_wconf 90' lang='lat' dir='ltr'>hymno</span> <span class='ocrx_word' id='word_1_291' title='bbox 833 3543 1190 3599; x_wconf 84' lang='lat' dir='ltr'>Demiraculis</span> <span class='ocrx_word' id='word_1_292' title='bbox 1240 3543 1460 3607; x_wconf 76' lang='lat' dir='ltr'>Christi,</span> <span class='ocrx_word' id='word_1_293' title='bbox 1494 3543 1718 3614; x_wconf 91' lang='lat' dir='ltr'>stroph.</span> <span class='ocrx_word' id='word_1_294' title='bbox 1753 3546 1840 3611; x_wconf 85' lang='lat'>29,</span> <span class='ocrx_word' id='word_1_295' title='bbox 1876 3549 1935 3598; x_wconf 90' lang='lat' dir='ltr'>et</span> 
     </span>
    </p>
   </div>
   <div class='ocr_carea' id='block_1_39' title="bbox 276 3632 1929 3707">
    <p class='ocr_par' dir='ltr' id='par_1_39' title="bbox 276 3632 1929 3707">
     <span class='ocr_line' id='line_1_39' title="bbox 276 3632 1929 3707; baseline -0.005 -13"><span class='ocrx_word' id='word_1_296' title='bbox 276 3637 741 3707; x_wconf 83' lang='lat' dir='ltr'>Peristephanon,</span> <span class='ocrx_word' id='word_1_297' title='bbox 769 3651 946 3690; x_wconf 91' lang='lat' dir='ltr'>carm.</span> <span class='ocrx_word' id='word_1_298' title='bbox 985 3635 1037 3701; x_wconf 93' lang='lat'>8,</span> <span class='ocrx_word' id='word_1_299' title='bbox 1068 3650 1197 3689; x_wconf 87' lang='lat' dir='ltr'>vers</span> <span class='ocrx_word' id='word_1_300' title='bbox 1223 3637 1285 3687; x_wconf 87' lang='lat'><strong>15</strong></span> <span class='ocrx_word' id='word_1_301' title='bbox 1318 3638 1376 3687; x_wconf 92' lang='lat' dir='ltr'>et</span> <span class='ocrx_word' id='word_1_302' title='bbox 1406 3649 1570 3703; x_wconf 89' lang='lat' dir='ltr'>seqq.</span> <span class='ocrx_word' id='word_1_303' title='bbox 1597 3632 1641 3685; x_wconf 92' lang='lat' dir='ltr'>Ii</span> <span class='ocrx_word' id='word_1_304' title='bbox 1673 3649 1929 3702; x_wconf 92' lang='lat' dir='ltr'>quoque,</span> 
     </span>
    </p>
   </div>
   <div class='ocr_carea' id='block_1_40' title="bbox 272 3721 1932 3800">
    <p class='ocr_par' dir='ltr' id='par_1_40' title="bbox 272 3721 1932 3800">
     <span class='ocr_line' id='line_1_40' title="bbox 272 3721 1932 3800; baseline -0.005 -17"><span class='ocrx_word' id='word_1_305' title='bbox 272 3729 375 3800; x_wconf 91' lang='lat' dir='ltr'>qui</span> <span class='ocrx_word' id='word_1_306' title='bbox 411 3743 554 3782; x_wconf 92' lang='lat' dir='ltr'>cum</span> <span class='ocrx_word' id='word_1_307' title='bbox 585 3725 728 3779; x_wconf 88' lang='lat' dir='ltr'>alibi</span> <span class='ocrx_word' id='word_1_308' title='bbox 772 3724 1008 3779; x_wconf 88' lang='lat' dir='ltr'>disertis</span> <span class='ocrx_word' id='word_1_309' title='bbox 1057 3722 1414 3778; x_wconf 85' lang='lat' dir='ltr'>testimoniis</span> <span class='ocrx_word' id='word_1_310' title='bbox 1462 3722 1713 3776; x_wconf 88' lang='lat' dir='ltr'>doceant</span> <span class='ocrx_word' id='word_1_311' title='bbox 1740 3721 1932 3792; x_wconf 88' lang='lat' dir='ltr'>bapti-</span> 
     </span>
    </p>
   </div>
   <div class='ocr_carea' id='block_1_41' title="bbox 1966 3239 2009 3306">
    <p class='ocr_par' dir='ltr' id='par_1_41' title="bbox 1966 3239 2009 3306">
     <span class='ocr_line' id='line_1_41' title="bbox 1966 3239 2009 3306; baseline 0 0"><span class='ocrx_word' id='word_1_312' title='bbox 1966 3239 2009 3306; x_wconf 89' lang='lat' dir='ltr'>C</span> 
     </span>
    </p>
   </div>
   <div class='ocr_carea' id='block_1_42' title="bbox 2045 600 3706 682">
    <p class='ocr_par' dir='ltr' id='par_1_42' title="bbox 2045 600 3706 682">
     <span class='ocr_line' id='line_1_42' title="bbox 2045 600 3706 682; baseline 0.008 -29"><span class='ocrx_word' id='word_1_313' title='bbox 2045 600 2298 671; x_wconf 90' lang='lat' dir='ltr'>Cyrillus</span> <span class='ocrx_word' id='word_1_314' title='bbox 2320 601 2485 656; x_wconf 86' lang='lat' dir='ltr'>abest</span> <span class='ocrx_word' id='word_1_315' title='bbox 2516 602 2881 675; x_wconf 84' lang='lat' dir='ltr'>longissime.</span> <span class='ocrx_word' id='word_1_316' title='bbox 2917 605 3070 660; x_wconf 90' lang='lat' dir='ltr'>Duas</span> <span class='ocrx_word' id='word_1_317' title='bbox 3103 606 3260 661; x_wconf 90' lang='lat' dir='ltr'>enim</span> <span class='ocrx_word' id='word_1_318' title='bbox 3295 611 3522 664; x_wconf 88' lang='lat' dir='ltr'>tantum</span> <span class='ocrx_word' id='word_1_319' title='bbox 3569 616 3706 682; x_wconf 89' lang='lat' dir='ltr'>post</span> 
     </span>
    </p>
   </div>
   <div class='ocr_carea' id='block_1_43' title="bbox 2047 691 3697 770">
    <p class='ocr_par' dir='ltr' id='par_1_43' title="bbox 2047 691 3697 770">
     <span class='ocr_line' id='line_1_43' title="bbox 2047 691 3697 770; baseline 0.008 -28"><span class='ocrx_word' id='word_1_320' title='bbox 2047 691 2700 763; x_wconf 87' lang='lat' dir='ltr'>extremumjudicium,</span> <span class='ocrx_word' id='word_1_321' title='bbox 2724 693 3032 748; x_wconf 88' lang='lat' dir='ltr'>hominum</span> <span class='ocrx_word' id='word_1_322' title='bbox 3056 699 3244 749; x_wconf 89' lang='lat' dir='ltr'>sortes</span> <span class='ocrx_word' id='word_1_323' title='bbox 3267 699 3452 766; x_wconf 91' lang='lat' dir='ltr'>novit,</span> <span class='ocrx_word' id='word_1_324' title='bbox 3473 700 3697 770; x_wconf 89' lang='lat' dir='ltr'>gehen-</span> 
     </span>
    </p>
   </div>
   <div class='ocr_carea' id='block_1_44' title="bbox 2047 780 3698 853">
    <p class='ocr_par' dir='ltr' id='par_1_44' title="bbox 2047 780 3698 853">
     <span class='ocr_line' id='line_1_44' title="bbox 2047 780 3698 853; baseline 0.007 -21"><span class='ocrx_word' id='word_1_325' title='bbox 2047 794 2185 832; x_wconf 89' lang='lat' dir='ltr'>nam</span> <span class='ocrx_word' id='word_1_326' title='bbox 2220 784 2276 832; x_wconf 92' lang='lat' dir='ltr'>et</span> <span class='ocrx_word' id='word_1_327' title='bbox 2301 795 2548 852; x_wconf 90' lang='lat' dir='ltr'>regnum</span> <span class='ocrx_word' id='word_1_328' title='bbox 2578 780 2880 835; x_wconf 78' lang='lat' dir='ltr'>cmlorum.</span> <span class='ocrx_word' id='word_1_329' title='bbox 2922 781 3044 836; x_wconf 90' lang='lat' dir='ltr'>Vid.</span> <span class='ocrx_word' id='word_1_330' title='bbox 3078 788 3188 838; x_wconf 91' lang='lat' dir='ltr'>cat.</span> <span class='ocrx_word' id='word_1_331' title='bbox 3226 783 3314 853; x_wconf 84' lang='grc'>15,</span> <span class='ocrx_word' id='word_1_332' title='bbox 3348 801 3406 840; x_wconf 92' lang='grc' dir='ltr'>ιι.</span> <span class='ocrx_word' id='word_1_333' title='bbox 3441 789 3546 852; x_wconf 84' lang='lat'>26;</span> <span class='ocrx_word' id='word_1_334' title='bbox 3585 793 3698 843; x_wconf 91' lang='lat' dir='ltr'>cat.</span> 
     </span>
    </p>
   </div>
   <div class='ocr_carea' id='block_1_45' title="bbox 2049 867 3699 940">
    <p class='ocr_par' dir='ltr' id='par_1_45' title="bbox 2049 867 3699 940">
     <span class='ocr_line' id='line_1_45' title="bbox 2049 867 3699 940; baseline 0.003 -21"><span class='ocrx_word' id='word_1_335' title='bbox 2049 867 2134 930; x_wconf 89' lang='grc'><strong>18,</strong></span> <span class='ocrx_word' id='word_1_336' title='bbox 2167 884 2223 922; x_wconf 86' lang='grc' dir='ltr'>ιι</span> <span class='ocrx_word' id='word_1_337' title='bbox 2263 870 2348 935; x_wconf 86' lang='lat'><strong>19,</strong></span> <span class='ocrx_word' id='word_1_338' title='bbox 2381 873 2438 922; x_wconf 90' lang='lat' dir='ltr'>et</span> <span class='ocrx_word' id='word_1_339' title='bbox 2467 875 2578 924; x_wconf 92' lang='lat' dir='ltr'>cat.</span> <span class='ocrx_word' id='word_1_340' title='bbox 2628 869 2678 933; x_wconf 91' lang='lat'><strong>1,</strong></span> <span class='ocrx_word' id='word_1_341' title='bbox 2712 885 2770 923; x_wconf 89' lang='lat' dir='ltr'>n.</span> <span class='ocrx_word' id='word_1_342' title='bbox 2832 873 2886 934; x_wconf 90' lang='lat'>2,</span> <span class='ocrx_word' id='word_1_343' title='bbox 2919 887 3031 940; x_wconf 92' lang='lat' dir='ltr'>quo</span> <span class='ocrx_word' id='word_1_344' title='bbox 3060 870 3188 926; x_wconf 93' lang='lat' dir='ltr'>loco</span> <span class='ocrx_word' id='word_1_345' title='bbox 3239 873 3362 927; x_wconf 91' lang='lat' dir='ltr'>ait:</span> <span class='ocrx_word' id='word_1_346' title='bbox 3399 871 3602 922; x_wconf 81' lang='lat' dir='ltr'>Sancto</span> <span class='ocrx_word' id='word_1_347' title='bbox 3630 891 3699 924; x_wconf 86' lang='lat' dir='ltr'>ac</span> 
     </span>
    </p>
   </div>
   <div class='ocr_carea' id='block_1_46' title="bbox 2047 956 3704 1020">
    <p class='ocr_par' dir='ltr' id='par_1_46' title="bbox 2047 956 3704 1020">
     <span class='ocr_line' id='line_1_46' title="bbox 2047 956 3704 1020; baseline 0.007 -18"><span class='ocrx_word' id='word_1_348' title='bbox 2047 956 2265 1004; x_wconf 76' lang='lat' dir='ltr'>ratione</span> <span class='ocrx_word' id='word_1_349' title='bbox 2285 957 2529 1017; x_wconf 62' lang='lat' dir='ltr'>praedito</span> <span class='ocrx_word' id='word_1_350' title='bbox 2561 957 2776 1006; x_wconf 77' lang='lat' dir='ltr'>Christi</span> <span class='ocrx_word' id='word_1_351' title='bbox 2808 959 2969 1020; x_wconf 78' lang='lat' dir='ltr'>gregi</span> <span class='ocrx_word' id='word_1_352' title='bbox 3000 961 3419 1018; x_wconf 82' lang='lat' dir='ltr'>accenseamini,</span> <span class='ocrx_word' id='word_1_353' title='bbox 3451 969 3518 1009; x_wconf 84' lang='lat' dir='ltr'>ut</span> <span class='ocrx_word' id='word_1_354' title='bbox 3566 963 3704 1013; x_wconf 85' lang='lat' dir='ltr'>olim</span> 
     </span>
    </p>
   </div>
   <div class='ocr_carea' id='block_1_47' title="bbox 2048 1045 3703 1110">
    <p class='ocr_par' dir='ltr' id='par_1_47' title="bbox 2048 1045 3703 1110">
     <span class='ocr_line' id='line_1_47' title="bbox 2048 1045 3703 1110; baseline 0.005 -17"><span class='ocrx_word' id='word_1_355' title='bbox 2048 1045 2120 1093; x_wconf 89' lang='lat' dir='ltr'>ad</span> <span class='ocrx_word' id='word_1_356' title='bbox 2146 1046 2271 1106; x_wconf 82' lang='lat' dir='ltr'>ejus</span> <span class='ocrx_word' id='word_1_357' title='bbox 2301 1046 2582 1096; x_wconf 74' lang='lat' dir='ltr'>dexteram</span> <span class='ocrx_word' id='word_1_358' title='bbox 2612 1055 2891 1108; x_wconf 72' lang='lat' dir='ltr'>segregati</span> <span class='ocrx_word' id='word_1_359' title='bbox 2914 1057 3177 1110; x_wconf 81' lang='lat' dir='ltr'>paratam</span> <span class='ocrx_word' id='word_1_360' title='bbox 3214 1051 3362 1098; x_wconf 89' lang='lat' dir='ltr'>vobis</span> <span class='ocrx_word' id='word_1_361' title='bbox 3393 1051 3567 1100; x_wconf 85' lang='lat' dir='ltr'>vitam</span> <span class='ocrx_word' id='word_1_362' title='bbox 3601 1051 3703 1102; x_wconf 76' lang='lat' dir='ltr'>hce-</span> 
     </span>
    </p>
   </div>
   <div class='ocr_carea' id='block_1_48' title="bbox 2048 1135 3704 1203">
    <p class='ocr_par' dir='ltr' id='par_1_48' title="bbox 2048 1135 3704 1203">
     <span class='ocr_line' id='line_1_48' title="bbox 2048 1135 3704 1203; baseline 0.006 -22"><span class='ocrx_word' id='word_1_363' title='bbox 2048 1135 2281 1184; x_wconf 87' lang='lat' dir='ltr'>reditate</span> <span class='ocrx_word' id='word_1_364' title='bbox 2309 1138 2749 1201; x_wconf 79' lang='lat' dir='ltr'>consequamini.</span> <span class='ocrx_word' id='word_1_365' title='bbox 2787 1139 2998 1192; x_wconf 77' lang='lat' dir='ltr'>Quibus</span> <span class='ocrx_word' id='word_1_366' title='bbox 3046 1141 3200 1189; x_wconf 82' lang='lat' dir='ltr'>enim</span> <span class='ocrx_word' id='word_1_367' title='bbox 3234 1141 3417 1189; x_wconf 87' lang='lat' dir='ltr'>adhuc</span> <span class='ocrx_word' id='word_1_368' title='bbox 3465 1151 3704 1203; x_wconf 82' lang='lat' dir='ltr'>peccato-</span> 
     </span>
    </p>
   </div>
   <div class='ocr_carea' id='block_1_49' title="bbox 2046 1217 3705 1278">
    <p class='ocr_par' dir='ltr' id='par_1_49' title="bbox 2046 1217 3705 1278">
     <span class='ocr_line' id='line_1_49' title="bbox 2046 1217 3705 1278; baseline 0.006 -16"><span class='ocrx_word' id='word_1_369' title='bbox 2046 1230 2179 1263; x_wconf 87' lang='lat' dir='ltr'>rum</span> <span class='ocrx_word' id='word_1_370' title='bbox 2208 1217 2484 1276; x_wconf 80' lang='lat' dir='ltr'>asperitas</span> <span class='ocrx_word' id='word_1_371' title='bbox 2519 1219 2860 1278; x_wconf 82' lang='lat' dir='ltr'>adhaerescit,</span> <span class='ocrx_word' id='word_1_372' title='bbox 2893 1221 2992 1269; x_wconf 83' lang='lat' dir='ltr'>illi</span> <span class='ocrx_word' id='word_1_373' title='bbox 3015 1236 3050 1270; x_wconf 90' lang='lat' dir='ltr'>a</span> <span class='ocrx_word' id='word_1_374' title='bbox 3077 1221 3336 1270; x_wconf 75' lang='lat' dir='ltr'>sinistris</span> <span class='ocrx_word' id='word_1_375' title='bbox 3366 1224 3705 1272; x_wconf 74' lang='lat' dir='ltr'>constituen-</span> 
     </span>
    </p>
   </div>
   <div class='ocr_carea' id='block_1_50' title="bbox 2048 1309 3703 1376">
    <p class='ocr_par' dir='ltr' id='par_1_50' title="bbox 2048 1309 3703 1376">
     <span class='ocr_line' id='line_1_50' title="bbox 2048 1309 3703 1376; baseline 0.006 -24"><span class='ocrx_word' id='word_1_376' title='bbox 2048 1312 2179 1364; x_wconf 87' lang='lat' dir='ltr'>tur;</span> <span class='ocrx_word' id='word_1_377' title='bbox 2223 1320 2279 1354; x_wconf 93' lang='lat' dir='ltr'>eo</span> <span class='ocrx_word' id='word_1_378' title='bbox 2303 1309 2450 1370; x_wconf 83' lang='lat' dir='ltr'>quod</span> <span class='ocrx_word' id='word_1_379' title='bbox 2477 1309 2550 1356; x_wconf 87' lang='lat' dir='ltr'>ad</span> <span class='ocrx_word' id='word_1_380' title='bbox 2601 1311 2852 1373; x_wconf 83' lang='lat' dir='ltr'>gratiam</span> <span class='ocrx_word' id='word_1_381' title='bbox 2881 1312 3003 1368; x_wconf 87' lang='lat' dir='ltr'>Dei,</span> <span class='ocrx_word' id='word_1_382' title='bbox 3061 1327 3184 1374; x_wconf 82' lang='lat' dir='ltr'>quae</span> <span class='ocrx_word' id='word_1_383' title='bbox 3216 1312 3277 1360; x_wconf 84' lang='lat' dir='ltr'>in</span> <span class='ocrx_word' id='word_1_384' title='bbox 3309 1313 3525 1362; x_wconf 82' lang='lat' dir='ltr'>lavacri</span> <span class='ocrx_word' id='word_1_385' title='bbox 3551 1329 3703 1376; x_wconf 80' lang='lat' dir='ltr'>rege-</span> 
     </span>
    </p>
   </div>
   <div class='ocr_carea' id='block_1_51' title="bbox 2047 1397 3703 1458">
    <p class='ocr_par' dir='ltr' id='par_1_51' title="bbox 2047 1397 3703 1458">
     <span class='ocr_line' id='line_1_51' title="bbox 2047 1397 3703 1458; baseline 0.006 -16"><span class='ocrx_word' id='word_1_386' title='bbox 2047 1397 2338 1444; x_wconf 83' lang='lat' dir='ltr'>neratione</span> <span class='ocrx_word' id='word_1_387' title='bbox 2375 1412 2482 1458; x_wconf 87' lang='lat' dir='ltr'>per</span> <span class='ocrx_word' id='word_1_388' title='bbox 2512 1399 2800 1448; x_wconf 79' lang='lat' dir='ltr'>Christum</span> <span class='ocrx_word' id='word_1_389' title='bbox 2824 1399 3017 1458; x_wconf 86' lang='lat' dir='ltr'>datur,</span> <span class='ocrx_word' id='word_1_390' title='bbox 3050 1417 3161 1450; x_wconf 82' lang='lat' dir='ltr'>non</span> <span class='ocrx_word' id='word_1_391' title='bbox 3211 1404 3564 1452; x_wconf 85' lang='lat' dir='ltr'>accesserint.</span> <span class='ocrx_word' id='word_1_392' title='bbox 3595 1404 3703 1458; x_wconf 82' lang='lat' dir='ltr'>Su-</span> 
     </span>
    </p>
   </div>
   <div class='ocr_carea' id='block_1_52' title="bbox 2047 1488 3702 1564">
    <p class='ocr_par' dir='ltr' id='par_1_52' title="bbox 2047 1488 3702 1564">
     <span class='ocr_line' id='line_1_52' title="bbox 2047 1488 3702 1564; baseline 0.006 -26"><span class='ocrx_word' id='word_1_393' title='bbox 2047 1489 2246 1555; x_wconf 90' lang='lat' dir='ltr'>perest</span> <span class='ocrx_word' id='word_1_394' title='bbox 2276 1502 2410 1558; x_wconf 89' lang='lat' dir='ltr'>ergo</span> <span class='ocrx_word' id='word_1_395' title='bbox 2453 1492 2517 1540; x_wconf 90' lang='lat' dir='ltr'>ut</span> <span class='ocrx_word' id='word_1_396' title='bbox 2572 1488 2693 1559; x_wconf 88' lang='lat' dir='ltr'>igni</span> <span class='ocrx_word' id='word_1_397' title='bbox 2753 1494 2975 1544; x_wconf 64' lang='lat' dir='ltr'>interno</span> <span class='ocrx_word' id='word_1_398' title='bbox 3035 1490 3274 1546; x_wconf 91' lang='lat' dir='ltr'>addicat</span> <span class='ocrx_word' id='word_1_399' title='bbox 3331 1509 3431 1547; x_wconf 91' lang='lat' dir='ltr'>eos</span> <span class='ocrx_word' id='word_1_400' title='bbox 3486 1492 3702 1564; x_wconf 89' lang='lat' dir='ltr'>quibus</span> 
     </span>
    </p>
   </div>
   <div class='ocr_carea' id='block_1_53' title="bbox 2046 1573 3220 1649">
    <p class='ocr_par' dir='ltr' id='par_1_53' title="bbox 2046 1573 3220 1649">
     <span class='ocr_line' id='line_1_53' title="bbox 2046 1573 3220 1649; baseline 0.005 -22"><span class='ocrx_word' id='word_1_401' title='bbox 2046 1573 2376 1645; x_wconf 91' lang='lat' dir='ltr'>baptismus</span> <span class='ocrx_word' id='word_1_402' title='bbox 2405 1576 2572 1630; x_wconf 89' lang='lat' dir='ltr'>nulla</span> <span class='ocrx_word' id='word_1_403' title='bbox 2604 1593 2711 1632; x_wconf 87' lang='lat' dir='ltr'>sua</span> <span class='ocrx_word' id='word_1_404' title='bbox 2740 1577 2914 1649; x_wconf 93' lang='lat' dir='ltr'>culpa</span> <span class='ocrx_word' id='word_1_405' title='bbox 2945 1578 3220 1633; x_wconf 87' lang='lat' dir='ltr'>defuerit.</span> 
     </span>
    </p>
   </div>
   <div class='ocr_carea' id='block_1_54' title="bbox 2116 1665 3701 1740">
    <p class='ocr_par' dir='ltr' id='par_1_54' title="bbox 2116 1665 3701 1740">
     <span class='ocr_line' id='line_1_54' title="bbox 2116 1665 3701 1740; baseline 0.007 -24"><span class='ocrx_word' id='word_1_406' title='bbox 2116 1665 2205 1717; x_wconf 87' lang='lat'>60.</span> <span class='ocrx_word' id='word_1_407' title='bbox 2243 1665 2427 1728; x_wconf 89' lang='lat' dir='ltr'>Quam</span> <span class='ocrx_word' id='word_1_408' title='bbox 2459 1681 2563 1737; x_wconf 88' lang='lat' dir='ltr'>ego</span> <span class='ocrx_word' id='word_1_409' title='bbox 2587 1667 2944 1722; x_wconf 83' lang='lat' dir='ltr'>sententiam</span> <span class='ocrx_word' id='word_1_410' title='bbox 2973 1668 3250 1722; x_wconf 90' lang='lat' dir='ltr'>omnibus</span> <span class='ocrx_word' id='word_1_411' title='bbox 3274 1669 3403 1740; x_wconf 90' lang='lat' dir='ltr'>ejus</span> <span class='ocrx_word' id='word_1_412' title='bbox 3427 1669 3600 1724; x_wconf 91' lang='lat' dir='ltr'>dictis</span> <span class='ocrx_word' id='word_1_413' title='bbox 3632 1687 3701 1726; x_wconf 88' lang='lat' dir='ltr'>ac</span> 
     </span>
    </p>
   </div>
   <div class='ocr_carea' id='block_1_55' title="bbox 2047 1752 3700 1827">
    <p class='ocr_par' dir='ltr' id='par_1_55' title="bbox 2047 1752 3700 1827">
     <span class='ocr_line' id='line_1_55' title="bbox 2047 1752 3700 1827; baseline 0.004 -21"><span class='ocrx_word' id='word_1_414' title='bbox 2047 1752 2298 1807; x_wconf 83' lang='lat' dir='ltr'>decretis</span> <span class='ocrx_word' id='word_1_415' title='bbox 2321 1754 2728 1809; x_wconf 86' lang='lat' dir='ltr'>adversantem</span> <span class='ocrx_word' id='word_1_416' title='bbox 2749 1757 3069 1827; x_wconf 91' lang='lat' dir='ltr'>comperio.</span> <span class='ocrx_word' id='word_1_417' title='bbox 3088 1757 3286 1811; x_wconf 90' lang='lat' dir='ltr'>Primo</span> <span class='ocrx_word' id='word_1_418' title='bbox 3302 1757 3462 1812; x_wconf 89' lang='lat' dir='ltr'>enim</span> <span class='ocrx_word' id='word_1_419' title='bbox 3475 1763 3587 1813; x_wconf 88' lang='lat' dir='ltr'>cat.</span> <span class='ocrx_word' id='word_1_420' title='bbox 3608 1762 3670 1813; x_wconf 90' lang='lat'><strong>18</strong></span> <span class='ocrx_word' id='word_1_421' title='bbox 3684 1803 3700 1827; x_wconf 91' lang='lat'>,</span> 
     </span>
    </p>
   </div>
   <div class='ocr_carea' id='block_1_56' title="bbox 2045 1842 3698 1905">
    <p class='ocr_par' dir='ltr' id='par_1_56' title="bbox 2045 1842 3698 1905">
     <span class='ocr_line' id='line_1_56' title="bbox 2045 1842 3698 1905; baseline 0.004 -15"><span class='ocrx_word' id='word_1_422' title='bbox 2045 1858 2104 1896; x_wconf 87' lang='lat' dir='ltr'>n.</span> <span class='ocrx_word' id='word_1_423' title='bbox 2138 1842 2224 1905; x_wconf 83' lang='lat'>31,</span> <span class='ocrx_word' id='word_1_424' title='bbox 2259 1843 2496 1897; x_wconf 84' lang='lat' dir='ltr'>statuit:</span> <span class='ocrx_word' id='word_1_425' title='bbox 2539 1842 2678 1891; x_wconf 86' lang='lat' dir='ltr'>Cum</span> <span class='ocrx_word' id='word_1_426' title='bbox 2708 1843 3002 1892; x_wconf 82' lang='lat' dir='ltr'>hominum</span> <span class='ocrx_word' id='word_1_427' title='bbox 3015 1860 3232 1892; x_wconf 88' lang='lat' dir='ltr'>summe</span> <span class='ocrx_word' id='word_1_428' title='bbox 3259 1860 3459 1894; x_wconf 83' lang='lat' dir='ltr'>amans</span> <span class='ocrx_word' id='word_1_429' title='bbox 3485 1848 3560 1896; x_wconf 88' lang='lat' dir='ltr'>sit</span> <span class='ocrx_word' id='word_1_430' title='bbox 3585 1849 3698 1896; x_wconf 87' lang='lat' dir='ltr'>Do-</span> 
     </span>
    </p>
   </div>
   <div class='ocr_carea' id='block_1_57' title="bbox 2041 1931 3694 1996">
    <p class='ocr_par' dir='ltr' id='par_1_57' title="bbox 2041 1931 3694 1996">
     <span class='ocr_line' id='line_1_57' title="bbox 2041 1931 3694 1996; baseline 0.003 -17"><span class='ocrx_word' id='word_1_431' title='bbox 2041 1931 2251 1986; x_wconf 86' lang='lat' dir='ltr'>minus,</span> <span class='ocrx_word' id='word_1_432' title='bbox 2286 1946 2396 1978; x_wconf 84' lang='lat' dir='ltr'>non</span> <span class='ocrx_word' id='word_1_433' title='bbox 2426 1947 2596 1980; x_wconf 87' lang='lat' dir='ltr'>unam</span> <span class='ocrx_word' id='word_1_434' title='bbox 2611 1947 2708 1980; x_wconf 86' lang='lat' dir='ltr'>nec</span> <span class='ocrx_word' id='word_1_435' title='bbox 2735 1934 2974 1982; x_wconf 89' lang='lat' dir='ltr'>alteram</span> <span class='ocrx_word' id='word_1_436' title='bbox 3000 1941 3240 1990; x_wconf 87' lang='lat' dir='ltr'>tantum,</span> <span class='ocrx_word' id='word_1_437' title='bbox 3263 1934 3358 1982; x_wconf 86' lang='lat' dir='ltr'>sed</span> <span class='ocrx_word' id='word_1_438' title='bbox 3376 1935 3572 1996; x_wconf 84' lang='lat' dir='ltr'>plures</span> <span class='ocrx_word' id='word_1_439' title='bbox 3604 1936 3694 1984; x_wconf 81' lang='lat' dir='ltr'>in-</span> 
     </span>
    </p>
   </div>
   <div class='ocr_carea' id='block_1_58' title="bbox 2040 2022 3697 2088">
    <p class='ocr_par' dir='ltr' id='par_1_58' title="bbox 2040 2022 3697 2088">
     <span class='ocr_line' id='line_1_58' title="bbox 2040 2022 3697 2088; baseline 0.005 -22"><span class='ocrx_word' id='word_1_440' title='bbox 2040 2035 2262 2082; x_wconf 83' lang='lat' dir='ltr'>gressus</span> <span class='ocrx_word' id='word_1_441' title='bbox 2292 2022 2353 2070; x_wconf 87' lang='lat' dir='ltr'>in</span> <span class='ocrx_word' id='word_1_442' title='bbox 2382 2022 2555 2071; x_wconf 81' lang='lat' dir='ltr'>vitam</span> <span class='ocrx_word' id='word_1_443' title='bbox 2588 2031 2856 2072; x_wconf 68' lang='lat' dir='ltr'>wternam</span> <span class='ocrx_word' id='word_1_444' title='bbox 2891 2025 3112 2084; x_wconf 85' lang='lat' dir='ltr'>januas</span> <span class='ocrx_word' id='word_1_445' title='bbox 3167 2026 3472 2088; x_wconf 85' lang='lat' dir='ltr'>aperuisse,</span> <span class='ocrx_word' id='word_1_446' title='bbox 3505 2034 3559 2073; x_wconf 86' lang='lat' dir='ltr'>ut</span> <span class='ocrx_word' id='word_1_447' title='bbox 3587 2042 3697 2077; x_wconf 87' lang='lat' dir='ltr'>om-</span> 
     </span>
    </p>
   </div>
   <div class='ocr_carea' id='block_1_59' title="bbox 2042 2114 3694 2179">
    <p class='ocr_par' dir='ltr' id='par_1_59' title="bbox 2042 2114 3694 2179">
     <span class='ocr_line' id='line_1_59' title="bbox 2042 2114 3694 2179; baseline 0.005 -20"><span class='ocrx_word' id='word_1_448' title='bbox 2042 2126 2158 2170; x_wconf 71' lang='lat' dir='ltr'>nes,</span> <span class='ocrx_word' id='word_1_449' title='bbox 2171 2118 2448 2175; x_wconf 79' lang='lat' dir='ltr'>quantum</span> <span class='ocrx_word' id='word_1_450' title='bbox 2465 2114 2525 2162; x_wconf 84' lang='lat' dir='ltr'>in</span> <span class='ocrx_word' id='word_1_451' title='bbox 2541 2115 2660 2175; x_wconf 90' lang='lat' dir='ltr'>ipso</span> <span class='ocrx_word' id='word_1_452' title='bbox 2679 2123 2757 2162; x_wconf 89' lang='lat' dir='ltr'>est</span> <span class='ocrx_word' id='word_1_453' title='bbox 2773 2130 2837 2164; x_wconf 91' lang='lat' dir='ltr'>ea</span> <span class='ocrx_word' id='word_1_454' title='bbox 2860 2116 3022 2164; x_wconf 86' lang='lat' dir='ltr'>nullo</span> <span class='ocrx_word' id='word_1_455' title='bbox 3047 2117 3380 2176; x_wconf 86' lang='lat' dir='ltr'>impediente</span> <span class='ocrx_word' id='word_1_456' title='bbox 3379 2123 3694 2179; x_wconf 82' lang='lat' dir='ltr'>per/ruan-</span> 
     </span>
    </p>
   </div>
   <div class='ocr_carea' id='block_1_60' title="bbox 2044 2202 3698 2281">
    <p class='ocr_par' dir='ltr' id='par_1_60' title="bbox 2044 2202 3698 2281">
     <span class='ocr_line' id='line_1_60' title="bbox 2044 2202 3698 2281; baseline 0.005 -26"><span class='ocrx_word' id='word_1_457' title='bbox 2044 2209 2158 2256; x_wconf 80' lang='lat' dir='ltr'>tur.</span> <span class='ocrx_word' id='word_1_458' title='bbox 2194 2202 2303 2257; x_wconf 89' lang='lat' dir='ltr'>Sed</span> <span class='ocrx_word' id='word_1_459' title='bbox 2336 2203 2408 2270; x_wconf 91' lang='lat' dir='ltr'>is,</span> <span class='ocrx_word' id='word_1_460' title='bbox 2443 2204 2542 2274; x_wconf 92' lang='lat' dir='ltr'>qui</span> <span class='ocrx_word' id='word_1_461' title='bbox 2574 2204 2646 2260; x_wconf 90' lang='lat' dir='ltr'>ad</span> <span class='ocrx_word' id='word_1_462' title='bbox 2679 2205 3126 2277; x_wconf 91' lang='lat' dir='ltr'>suscipiendum</span> <span class='ocrx_word' id='word_1_463' title='bbox 3148 2207 3510 2278; x_wconf 88' lang='lat' dir='ltr'>baptismum</span> <span class='ocrx_word' id='word_1_464' title='bbox 3550 2210 3698 2281; x_wconf 89' lang='lat' dir='ltr'>legi-</span> 
     </span>
    </p>
   </div>
   <div class='ocr_carea' id='block_1_61' title="bbox 2042 2289 3692 2367">
    <p class='ocr_par' dir='ltr' id='par_1_61' title="bbox 2042 2289 3692 2367">
     <span class='ocr_line' id='line_1_61' title="bbox 2042 2289 3692 2367; baseline 0.005 -23"><span class='ocrx_word' id='word_1_465' title='bbox 2042 2289 2183 2344; x_wconf 91' lang='lat' dir='ltr'>time</span> <span class='ocrx_word' id='word_1_466' title='bbox 2203 2298 2591 2362; x_wconf 71' lang='lat' dir='ltr'>przeparatus,</span> <span class='ocrx_word' id='word_1_467' title='bbox 2620 2310 2688 2348; x_wconf 91' lang='lat' dir='ltr'>eo</span> <span class='ocrx_word' id='word_1_468' title='bbox 2714 2294 2880 2350; x_wconf 90' lang='lat' dir='ltr'>nulla</span> <span class='ocrx_word' id='word_1_469' title='bbox 2903 2312 3010 2350; x_wconf 91' lang='lat' dir='ltr'>sua</span> <span class='ocrx_word' id='word_1_470' title='bbox 3031 2295 3206 2366; x_wconf 90' lang='lat' dir='ltr'>culpa</span> <span class='ocrx_word' id='word_1_471' title='bbox 3232 2297 3496 2367; x_wconf 89' lang='lat' dir='ltr'>privatur</span> <span class='ocrx_word' id='word_1_472' title='bbox 3519 2298 3692 2364; x_wconf 93' lang='lat' dir='ltr'>;nul-</span> 
     </span>
    </p>
   </div>
   <div class='ocr_carea' id='block_1_62' title="bbox 2041 2378 3694 2459">
    <p class='ocr_par' dir='ltr' id='par_1_62' title="bbox 2041 2378 3694 2459">
     <span class='ocr_line' id='line_1_62' title="bbox 2041 2378 3694 2459; baseline 0.006 -27"><span class='ocrx_word' id='word_1_473' title='bbox 2041 2378 2163 2433; x_wconf 93' lang='lat' dir='ltr'>lum</span> <span class='ocrx_word' id='word_1_474' title='bbox 2198 2396 2267 2434; x_wconf 87' lang='lat' dir='ltr'>ex</span> <span class='ocrx_word' id='word_1_475' title='bbox 2289 2396 2350 2435; x_wconf 90' lang='lat' dir='ltr'>se</span> <span class='ocrx_word' id='word_1_476' title='bbox 2378 2381 2448 2436; x_wconf 90' lang='lat' dir='ltr'>ad</span> <span class='ocrx_word' id='word_1_477' title='bbox 2481 2383 2656 2437; x_wconf 88' lang='lat' dir='ltr'>vitam</span> <span class='ocrx_word' id='word_1_478' title='bbox 2679 2388 2962 2438; x_wconf 69' lang='lat' dir='ltr'>aeternam</span> <span class='ocrx_word' id='word_1_479' title='bbox 2986 2385 3157 2439; x_wconf 82' lang='lat' dir='ltr'>affert</span> <span class='ocrx_word' id='word_1_480' title='bbox 3180 2385 3694 2459; x_wconf 85' lang='lat' dir='ltr'>impedimentum,</span> 
     </span>
    </p>
   </div>
   <div class='ocr_carea' id='block_1_63' title="bbox 2041 2472 3696 2545">
    <p class='ocr_par' dir='ltr' id='par_1_63' title="bbox 2041 2472 3696 2545">
     <span class='ocr_line' id='line_1_63' title="bbox 2041 2472 3696 2545; baseline 0.006 -24"><span class='ocrx_word' id='word_1_481' title='bbox 2041 2473 2416 2538; x_wconf 86' lang='lat' dir='ltr'>peccatorum</span> <span class='ocrx_word' id='word_1_482' title='bbox 2448 2472 2764 2541; x_wconf 64' lang='lat' dir='ltr'>paenitens,</span> <span class='ocrx_word' id='word_1_483' title='bbox 2806 2472 3168 2543; x_wconf 89' lang='lat' dir='ltr'>baptismum</span> <span class='ocrx_word' id='word_1_484' title='bbox 3197 2479 3502 2545; x_wconf 84' lang='lat' dir='ltr'>expetens,</span> <span class='ocrx_word' id='word_1_485' title='bbox 3529 2492 3696 2531; x_wconf 90' lang='lat' dir='ltr'>eum-</span> 
     </span>
    </p>
   </div>
   <div class='ocr_carea' id='block_1_64' title="bbox 2042 2560 3691 2637">
    <p class='ocr_par' dir='ltr' id='par_1_64' title="bbox 2042 2560 3691 2637">
     <span class='ocr_line' id='line_1_64' title="bbox 2042 2560 3691 2637; baseline 0.007 -27"><span class='ocrx_word' id='word_1_486' title='bbox 2042 2573 2155 2626; x_wconf 90' lang='lat' dir='ltr'>que</span> <span class='ocrx_word' id='word_1_487' title='bbox 2187 2563 2476 2628; x_wconf 90' lang='lat' dir='ltr'>quantum</span> <span class='ocrx_word' id='word_1_488' title='bbox 2503 2560 2565 2614; x_wconf 93' lang='lat' dir='ltr'>in</span> <span class='ocrx_word' id='word_1_489' title='bbox 2598 2577 2659 2614; x_wconf 93' lang='lat' dir='ltr'>se</span> <span class='ocrx_word' id='word_1_490' title='bbox 2690 2566 2779 2616; x_wconf 91' lang='lat' dir='ltr'>est</span> <span class='ocrx_word' id='word_1_491' title='bbox 2808 2562 3126 2634; x_wconf 89' lang='lat' dir='ltr'>recipiens.</span> <span class='ocrx_word' id='word_1_492' title='bbox 3161 2564 3316 2618; x_wconf 90' lang='lat' dir='ltr'>Deus</span> <span class='ocrx_word' id='word_1_493' title='bbox 3347 2581 3483 2637; x_wconf 89' lang='lat' dir='ltr'>ergo</span> <span class='ocrx_word' id='word_1_494' title='bbox 3529 2565 3691 2621; x_wconf 89' lang='lat' dir='ltr'>solus</span> 
     </span>
    </p>
   </div>
   <div class='ocr_carea' id='block_1_65' title="bbox 2041 2646 3692 2724">
    <p class='ocr_par' dir='ltr' id='par_1_65' title="bbox 2041 2646 3692 2724">
     <span class='ocr_line' id='line_1_65' title="bbox 2041 2646 3692 2724; baseline 0.007 -24"><span class='ocrx_word' id='word_1_495' title='bbox 2041 2646 2290 2717; x_wconf 88' lang='lat' dir='ltr'>impedit</span> <span class='ocrx_word' id='word_1_496' title='bbox 2318 2664 2391 2703; x_wconf 90' lang='lat' dir='ltr'>ne</span> <span class='ocrx_word' id='word_1_497' title='bbox 2414 2647 2486 2704; x_wconf 91' lang='lat' dir='ltr'>ad</span> <span class='ocrx_word' id='word_1_498' title='bbox 2520 2649 2696 2704; x_wconf 89' lang='lat' dir='ltr'>vitam</span> <span class='ocrx_word' id='word_1_499' title='bbox 2725 2655 3010 2706; x_wconf 68' lang='lat' dir='ltr'>mternam</span> <span class='ocrx_word' id='word_1_500' title='bbox 3036 2653 3358 2724; x_wconf 84' lang='lat' dir='ltr'>perveniat.</span> <span class='ocrx_word' id='word_1_501' title='bbox 3387 2654 3548 2708; x_wconf 88' lang='lat' dir='ltr'>Inter</span> <span class='ocrx_word' id='word_1_502' title='bbox 3568 2671 3692 2723; x_wconf 90' lang='lat' dir='ltr'>eas,</span> 
     </span>
    </p>
   </div>
   <div class='ocr_carea' id='block_1_66' title="bbox 2041 2735 3690 2811">
    <p class='ocr_par' dir='ltr' id='par_1_66' title="bbox 2041 2735 3690 2811">
     <span class='ocr_line' id='line_1_66' title="bbox 2041 2735 3690 2811; baseline 0.005 -23"><span class='ocrx_word' id='word_1_503' title='bbox 2041 2751 2187 2805; x_wconf 90' lang='lat' dir='ltr'>quas</span> <span class='ocrx_word' id='word_1_504' title='bbox 2220 2735 2393 2806; x_wconf 85' lang='lat' dir='ltr'>longo</span> <span class='ocrx_word' id='word_1_505' title='bbox 2416 2737 2625 2792; x_wconf 90' lang='lat' dir='ltr'>ordine</span> <span class='ocrx_word' id='word_1_506' title='bbox 2666 2739 2920 2811; x_wconf 90' lang='lat' dir='ltr'>Cyrillus</span> <span class='ocrx_word' id='word_1_507' title='bbox 2961 2745 3272 2796; x_wconf 90' lang='lat' dir='ltr'>enumerat</span> <span class='ocrx_word' id='word_1_508' title='bbox 3292 2757 3348 2796; x_wconf 91' lang='grc' dir='ltr'>ιι.</span> <span class='ocrx_word' id='word_1_509' title='bbox 3386 2742 3474 2807; x_wconf 83' lang='grc'>30,</span> <span class='ocrx_word' id='word_1_510' title='bbox 3508 2759 3542 2797; x_wconf 90' lang='lat' dir='ltr'>a</span> <span class='ocrx_word' id='word_1_511' title='bbox 3571 2744 3690 2797; x_wconf 93' lang='lat' dir='ltr'>Deo</span> 
     </span>
    </p>
   </div>
   <div class='ocr_carea' id='block_1_67' title="bbox 2041 2823 3696 2898">
    <p class='ocr_par' dir='ltr' id='par_1_67' title="bbox 2041 2823 3696 2898">
     <span class='ocr_line' id='line_1_67' title="bbox 2041 2823 3696 2898; baseline 0.005 -21"><span class='ocrx_word' id='word_1_512' title='bbox 2041 2823 2519 2881; x_wconf 88' lang='lat' dir='ltr'>subministratas</span> <span class='ocrx_word' id='word_1_513' title='bbox 2539 2828 2669 2881; x_wconf 73' lang='lat' dir='ltr'>vitae</span> <span class='ocrx_word' id='word_1_514' title='bbox 2691 2833 2928 2884; x_wconf 64' lang='lat' dir='ltr'>aeternas</span> <span class='ocrx_word' id='word_1_515' title='bbox 2959 2829 3296 2885; x_wconf 62' lang='lat' dir='ltr'>obtinendas</span> <span class='ocrx_word' id='word_1_516' title='bbox 3319 2831 3696 2898; x_wconf 85' lang='lat' dir='ltr'>rationes,re-</span> 
     </span>
    </p>
   </div>
   <div class='ocr_carea' id='block_1_68' title="bbox 2040 2915 3694 2987">
    <p class='ocr_par' dir='ltr' id='par_1_68' title="bbox 2040 2915 3694 2987">
     <span class='ocr_line' id='line_1_68' title="bbox 2040 2915 3694 2987; baseline 0.005 -21"><span class='ocrx_word' id='word_1_517' title='bbox 2040 2919 2244 2967; x_wconf 92' lang='lat' dir='ltr'>censet</span> <span class='ocrx_word' id='word_1_518' title='bbox 2274 2915 2688 2970; x_wconf 87' lang='lat' dir='ltr'>mandatorum</span> <span class='ocrx_word' id='word_1_519' title='bbox 2721 2917 3212 2987; x_wconf 86' lang='lat' dir='ltr'>observationem,</span> <span class='ocrx_word' id='word_1_520' title='bbox 3240 2921 3637 2974; x_wconf 90' lang='lat' dir='ltr'>secessionem</span> <span class='ocrx_word' id='word_1_521' title='bbox 3658 2937 3694 2976; x_wconf 88' lang='lat' dir='ltr'>a</span> 
     </span>
    </p>
   </div>
   <div class='ocr_carea' id='block_1_69' title="bbox 2041 3005 3690 3078">
    <p class='ocr_par' dir='ltr' id='par_1_69' title="bbox 2041 3005 3690 3078">
     <span class='ocr_line' id='line_1_69' title="bbox 2041 3005 3690 3078; baseline 0.004 -23"><span class='ocrx_word' id='word_1_522' title='bbox 2041 3007 2302 3072; x_wconf 88' lang='lat' dir='ltr'>peccato,</span> <span class='ocrx_word' id='word_1_523' title='bbox 2336 3005 2604 3060; x_wconf 90' lang='lat' dir='ltr'>omnium</span> <span class='ocrx_word' id='word_1_524' title='bbox 2627 3005 3077 3062; x_wconf 89' lang='lat' dir='ltr'>derelictionem</span> <span class='ocrx_word' id='word_1_525' title='bbox 3096 3013 3340 3077; x_wconf 88' lang='lat' dir='ltr'>propter</span> <span class='ocrx_word' id='word_1_526' title='bbox 3368 3008 3690 3078; x_wconf 87' lang='lat' dir='ltr'>Christum,</span> 
     </span>
    </p>
   </div>
   <div class='ocr_carea' id='block_1_70' title="bbox 2041 3089 3690 3166">
    <p class='ocr_par' dir='ltr' id='par_1_70' title="bbox 2041 3089 3690 3166">
     <span class='ocr_line' id='line_1_70' title="bbox 2041 3089 3690 3166; baseline 0.004 -23"><span class='ocrx_word' id='word_1_527' title='bbox 2041 3089 2239 3144; x_wconf 83' lang='lat' dir='ltr'>fidem.</span> <span class='ocrx_word' id='word_1_528' title='bbox 2274 3092 2450 3161; x_wconf 88' lang='lat' dir='ltr'>Atqui</span> <span class='ocrx_word' id='word_1_529' title='bbox 2483 3092 2610 3146; x_wconf 85' lang='lat' dir='ltr'>ﬁeri</span> <span class='ocrx_word' id='word_1_530' title='bbox 2644 3099 2836 3164; x_wconf 90' lang='lat' dir='ltr'>potest</span> <span class='ocrx_word' id='word_1_531' title='bbox 2860 3100 2926 3148; x_wconf 90' lang='lat' dir='ltr'>ut</span> <span class='ocrx_word' id='word_1_532' title='bbox 2958 3094 3160 3150; x_wconf 92' lang='lat' dir='ltr'>omnia</span> <span class='ocrx_word' id='word_1_533' title='bbox 3189 3095 3690 3166; x_wconf 84' lang='lat' dir='ltr'>haecimpleverit,</span> 
     </span>
    </p>
   </div>
   <div class='ocr_carea' id='block_1_71' title="bbox 2040 3179 3697 3254">
    <p class='ocr_par' dir='ltr' id='par_1_71' title="bbox 2040 3179 3697 3254">
     <span class='ocr_line' id='line_1_71' title="bbox 2040 3179 3697 3254; baseline 0.005 -22"><span class='ocrx_word' id='word_1_534' title='bbox 2040 3179 2140 3249; x_wconf 88' lang='lat' dir='ltr'>qui</span> <span class='ocrx_word' id='word_1_535' title='bbox 2174 3179 2302 3234; x_wconf 89' lang='lat' dir='ltr'>sine</span> <span class='ocrx_word' id='word_1_536' title='bbox 2329 3179 2646 3252; x_wconf 90' lang='lat' dir='ltr'>baptismo,</span> <span class='ocrx_word' id='word_1_537' title='bbox 2664 3187 2852 3238; x_wconf 90' lang='lat' dir='ltr'>morte</span> <span class='ocrx_word' id='word_1_538' title='bbox 2882 3189 3215 3254; x_wconf 74' lang='lat' dir='ltr'>praaventus</span> <span class='ocrx_word' id='word_1_539' title='bbox 3238 3183 3579 3239; x_wconf 90' lang='lat' dir='ltr'>decesserit.</span> <span class='ocrx_word' id='word_1_540' title='bbox 3600 3185 3697 3240; x_wconf 92' lang='lat' dir='ltr'>Se-</span> 
     </span>
    </p>
   </div>
   <div class='ocr_carea' id='block_1_72' title="bbox 2042 3269 3693 3344">
    <p class='ocr_par' dir='ltr' id='par_1_72' title="bbox 2042 3269 3693 3344">
     <span class='ocr_line' id='line_1_72' title="bbox 2042 3269 3693 3344; baseline 0.004 -21"><span class='ocrx_word' id='word_1_541' title='bbox 2042 3269 2258 3337; x_wconf 88' lang='lat' dir='ltr'>cundo,</span> <span class='ocrx_word' id='word_1_542' title='bbox 2291 3269 2654 3326; x_wconf 91' lang='lat' dir='ltr'>desiderium</span> <span class='ocrx_word' id='word_1_543' title='bbox 2696 3271 2905 3327; x_wconf 84' lang='lat' dir='ltr'>efﬁcax</span> <span class='ocrx_word' id='word_1_544' title='bbox 2935 3272 3225 3328; x_wconf 90' lang='lat' dir='ltr'>bonorum</span> <span class='ocrx_word' id='word_1_545' title='bbox 3285 3288 3531 3344; x_wconf 92' lang='lat' dir='ltr'>operum</span> <span class='ocrx_word' id='word_1_546' title='bbox 3567 3273 3693 3329; x_wconf 83' lang='lat' dir='ltr'>effi-</span> 
     </span>
    </p>
   </div>
   <div class='ocr_carea' id='block_1_73' title="bbox 2042 3360 3695 3435">
    <p class='ocr_par' dir='ltr' id='par_1_73' title="bbox 2042 3360 3695 3435">
     <span class='ocr_line' id='line_1_73' title="bbox 2042 3360 3695 3435; baseline 0.003 -21"><span class='ocrx_word' id='word_1_547' title='bbox 2042 3360 2414 3428; x_wconf 89' lang='lat' dir='ltr'>ciendorum,</span> <span class='ocrx_word' id='word_1_548' title='bbox 2466 3379 2600 3418; x_wconf 92' lang='lat' dir='ltr'>cum</span> <span class='ocrx_word' id='word_1_549' title='bbox 2629 3363 2760 3434; x_wconf 90' lang='lat' dir='ltr'>ipsa</span> <span class='ocrx_word' id='word_1_550' title='bbox 2789 3379 2968 3435; x_wconf 91' lang='lat' dir='ltr'>opera</span> <span class='ocrx_word' id='word_1_551' title='bbox 3022 3368 3212 3418; x_wconf 90' lang='lat' dir='ltr'>morte</span> <span class='ocrx_word' id='word_1_552' title='bbox 3242 3379 3310 3418; x_wconf 92' lang='lat' dir='ltr'>ac</span> <span class='ocrx_word' id='word_1_553' title='bbox 3341 3365 3695 3419; x_wconf 88' lang='lat' dir='ltr'>necessitate</span> 
     </span>
    </p>
   </div>
   <div class='ocr_carea' id='block_1_74' title="bbox 2040 3451 3691 3523">
    <p class='ocr_par' dir='ltr' id='par_1_74' title="bbox 2040 3451 3691 3523">
     <span class='ocr_line' id='line_1_74' title="bbox 2040 3451 3691 3523; baseline 0.003 -19"><span class='ocrx_word' id='word_1_554' title='bbox 2040 3451 2433 3522; x_wconf 64' lang='lat' dir='ltr'>praeoccupati</span> <span class='ocrx_word' id='word_1_555' title='bbox 2450 3451 2692 3521; x_wconf 86' lang='lat' dir='ltr'>exsequi</span> <span class='ocrx_word' id='word_1_556' title='bbox 2707 3452 3488 3523; x_wconf 84' lang='lat' dir='ltr'>prohibemur,sufﬁcere,ac</span> <span class='ocrx_word' id='word_1_557' title='bbox 3512 3454 3691 3509; x_wconf 87' lang='lat' dir='ltr'>fidem</span> 
     </span>
    </p>
   </div>
   <div class='ocr_carea' id='block_1_75' title="bbox 2041 3539 3689 3612">
    <p class='ocr_par' dir='ltr' id='par_1_75' title="bbox 2041 3539 3689 3612">
     <span class='ocr_line' id='line_1_75' title="bbox 2041 3539 3689 3612; baseline 0.004 -20"><span class='ocrx_word' id='word_1_558' title='bbox 2041 3539 2304 3609; x_wconf 90' lang='lat' dir='ltr'>ipsorum</span> <span class='ocrx_word' id='word_1_559' title='bbox 2331 3539 2517 3593; x_wconf 87' lang='lat' dir='ltr'>vicem</span> <span class='ocrx_word' id='word_1_560' title='bbox 2548 3539 2876 3612; x_wconf 87' lang='lat' dir='ltr'>adimplere</span> <span class='ocrx_word' id='word_1_561' title='bbox 2909 3541 3083 3596; x_wconf 91' lang='lat' dir='ltr'>docet</span> <span class='ocrx_word' id='word_1_562' title='bbox 3115 3547 3226 3596; x_wconf 90' lang='lat' dir='ltr'>cat.</span> <span class='ocrx_word' id='word_1_563' title='bbox 3265 3542 3350 3607; x_wconf 85' lang='lat'>13,</span> <span class='ocrx_word' id='word_1_564' title='bbox 3387 3558 3446 3597; x_wconf 87' lang='grc' dir='ltr'>ιι.</span> <span class='ocrx_word' id='word_1_565' title='bbox 3495 3545 3583 3609; x_wconf 89' lang='lat'>31,</span> <span class='ocrx_word' id='word_1_566' title='bbox 3616 3542 3689 3598; x_wconf 91' lang='lat' dir='ltr'>de</span> 
     </span>
    </p>
   </div>
   <div class='ocr_carea' id='block_1_76' title="bbox 2039 3628 3687 3702">
    <p class='ocr_par' dir='ltr' id='par_1_76' title="bbox 2039 3628 3687 3702">
     <span class='ocr_line' id='line_1_76' title="bbox 2039 3628 3687 3702; baseline 0.003 -21"><span class='ocrx_word' id='word_1_567' title='bbox 2039 3628 2137 3697; x_wconf 93' lang='lat' dir='ltr'>pio</span> <span class='ocrx_word' id='word_1_568' title='bbox 2160 3628 2600 3698; x_wconf 87' lang='lat' dir='ltr'>agenslatrone,</span> <span class='ocrx_word' id='word_1_569' title='bbox 2627 3630 2828 3702; x_wconf 90' lang='lat' dir='ltr'>sicque</span> <span class='ocrx_word' id='word_1_570' title='bbox 2851 3630 2922 3685; x_wconf 91' lang='lat' dir='ltr'>de</span> <span class='ocrx_word' id='word_1_571' title='bbox 2942 3647 3010 3685; x_wconf 91' lang='lat' dir='ltr'>eo</span> <span class='ocrx_word' id='word_1_572' title='bbox 3026 3631 3369 3702; x_wconf 91' lang='lat' dir='ltr'>loquentem</span> <span class='ocrx_word' id='word_1_573' title='bbox 3387 3631 3687 3686; x_wconf 89' lang='lat' dir='ltr'>Christum</span> 
     </span>
    </p>
   </div>
   <div class='ocr_carea' id='block_1_77' title="bbox 2039 3716 3687 3780">
    <p class='ocr_par' dir='ltr' id='par_1_77' title="bbox 2039 3716 3687 3780">
     <span class='ocr_line' id='line_1_77' title="bbox 2039 3716 3687 3780; baseline -0.001 -11"><span class='ocrx_word' id='word_1_574' title='bbox 2039 3716 2286 3770; x_wconf 83' lang='lat' dir='ltr'>inducit.</span> <span class='ocrx_word' id='word_1_575' title='bbox 2332 3718 2465 3766; x_wconf 85' lang='lat' dir='ltr'>Vult</span> <span class='ocrx_word' id='word_1_576' title='bbox 2492 3718 2651 3776; x_wconf 78' lang='lat' dir='ltr'>iusta</span> <span class='ocrx_word' id='word_1_577' title='bbox 2679 3734 2843 3780; x_wconf 90' lang='lat' dir='ltr'>opera</span> <span class='ocrx_word' id='word_1_578' title='bbox 2870 3723 3054 3780; x_wconf 77' lang='lat' dir='ltr'>facere</span> <span class='ocrx_word' id='word_1_579' title='bbox 3081 3720 3244 3776; x_wconf 82' lang='lat' dir='ltr'>latro,</span> <span class='ocrx_word' id='word_1_580' title='bbox 3263 3720 3356 3767; x_wconf 86' lang='lat' dir='ltr'>sed</span> <span class='ocrx_word' id='word_1_581' title='bbox 3378 3735 3529 3767; x_wconf 89' lang='lat' dir='ltr'>mors</span> <span class='ocrx_word' id='word_1_582' title='bbox 3557 3734 3687 3768; x_wconf 88' lang='lat' dir='ltr'>eum</span> 
     </span>
    </p>
   </div>
   <div class='ocr_carea' id='block_1_78' title="bbox 271 3808 1929 3886">
    <p class='ocr_par' dir='ltr' id='par_1_78' title="bbox 271 3810 1929 3886">
     <span class='ocr_line' id='line_1_78' title="bbox 271 3810 1929 3886; baseline -0.005 -13"><span class='ocrx_word' id='word_1_583' title='bbox 271 3833 472 3874; x_wconf 89' lang='lat' dir='ltr'>smum</span> <span class='ocrx_word' id='word_1_584' title='bbox 507 3815 832 3886; x_wconf 88' lang='lat' dir='ltr'>expetitum</span> <span class='ocrx_word' id='word_1_585' title='bbox 855 3813 926 3868; x_wconf 91' lang='lat' dir='ltr'>ad</span> <span class='ocrx_word' id='word_1_586' title='bbox 951 3812 1202 3867; x_wconf 90' lang='lat' dir='ltr'>salutem</span> <span class='ocrx_word' id='word_1_587' title='bbox 1229 3810 1502 3865; x_wconf 85' lang='lat' dir='ltr'>sufficere</span> <span class='ocrx_word' id='word_1_588' title='bbox 1529 3827 1542 3876; x_wconf 90' lang='lat'><strong>;</strong></span> <span class='ocrx_word' id='word_1_589' title='bbox 1565 3810 1699 3864; x_wconf 91' lang='lat' dir='ltr'>aliis</span> <span class='ocrx_word' id='word_1_590' title='bbox 1731 3815 1929 3865; x_wconf 89' lang='lat' dir='ltr'>tamen</span> 
     </span>
    </p>
   </div>
   <div class='ocr_carea' id='block_1_79' title="bbox 2039 3808 3688 3886">
    <p class='ocr_par' dir='ltr' id='par_1_79' title="bbox 2039 3808 3688 3872">
     <span class='ocr_line' id='line_1_79' title="bbox 2039 3808 3688 3872; baseline 0.002 -19"><span class='ocrx_word' id='word_1_591' title='bbox 2039 3815 2404 3867; x_wconf 65' lang='lat' dir='ltr'>praeoccupat.</span> <span class='ocrx_word' id='word_1_592' title='bbox 2460 3808 2584 3856; x_wconf 85' lang='lat' dir='ltr'>Non</span> <span class='ocrx_word' id='word_1_593' title='bbox 2614 3816 2837 3857; x_wconf 85' lang='lat' dir='ltr'>tantum</span> <span class='ocrx_word' id='word_1_594' title='bbox 2883 3823 3023 3869; x_wconf 86' lang='lat' dir='ltr'>opus</span> <span class='ocrx_word' id='word_1_595' title='bbox 3056 3824 3263 3865; x_wconf 88' lang='lat' dir='ltr'>moror,</span> <span class='ocrx_word' id='word_1_596' title='bbox 3324 3809 3419 3856; x_wconf 87' lang='lat' dir='ltr'>sed</span> <span class='ocrx_word' id='word_1_597' title='bbox 3446 3817 3497 3856; x_wconf 87' lang='lat' dir='ltr'>et</span> <span class='ocrx_word' id='word_1_598' title='bbox 3521 3810 3688 3872; x_wconf 78' lang='lat' dir='ltr'>ﬁdem</span> 
     </span>
    </p>
   </div>
   <div class='ocr_carea' id='block_1_80' title="bbox 267 3899 1929 3973">
    <p class='ocr_par' dir='ltr' id='par_1_80' title="bbox 267 3899 1929 3973">
     <span class='ocr_line' id='line_1_80' title="bbox 267 3899 1929 3973; baseline -0.005 -11"><span class='ocrx_word' id='word_1_599' title='bbox 267 3908 328 3964; x_wconf 93' lang='lat' dir='ltr'>in</span> <span class='ocrx_word' id='word_1_600' title='bbox 360 3905 537 3971; x_wconf 91' lang='lat' dir='ltr'>locis,</span> <span class='ocrx_word' id='word_1_601' title='bbox 571 3903 691 3958; x_wconf 89' lang='lat' dir='ltr'>sive</span> <span class='ocrx_word' id='word_1_602' title='bbox 722 3903 834 3958; x_wconf 91' lang='lat' dir='ltr'>sibi</span> <span class='ocrx_word' id='word_1_603' title='bbox 865 3901 978 3973; x_wconf 91' lang='lat' dir='ltr'>ipsi</span> <span class='ocrx_word' id='word_1_604' title='bbox 1008 3901 1502 3962; x_wconf 86' lang='lat' dir='ltr'>contradicentes,</span> <span class='ocrx_word' id='word_1_605' title='bbox 1537 3899 1655 3954; x_wconf 90' lang='lat' dir='ltr'>sive</span> <span class='ocrx_word' id='word_1_606' title='bbox 1686 3900 1758 3955; x_wconf 90' lang='lat' dir='ltr'>ad</span> <span class='ocrx_word' id='word_1_607' title='bbox 1783 3916 1929 3971; x_wconf 82' lang='lat' dir='ltr'>prae-</span> 
     </span>
    </p>
   </div>
   <div class='ocr_carea' id='block_1_81' title="bbox 266 3989 1926 4064">
    <p class='ocr_par' dir='ltr' id='par_1_81' title="bbox 266 3989 1926 4064">
     <span class='ocr_line' id='line_1_81' title="bbox 266 3989 1926 4064; baseline -0.005 -12"><span class='ocrx_word' id='word_1_608' title='bbox 266 4003 503 4052; x_wconf 87' lang='lat' dir='ltr'>sentem</span> <span class='ocrx_word' id='word_1_609' title='bbox 534 3992 926 4064; x_wconf 62' lang='lat' dir='ltr'>quaestionem</span> <span class='ocrx_word' id='word_1_610' title='bbox 953 4007 1073 4045; x_wconf 95' lang='lat' dir='ltr'>non</span> <span class='ocrx_word' id='word_1_611' title='bbox 1095 3989 1494 4054; x_wconf 90' lang='lat' dir='ltr'>attendentes,</span> <span class='ocrx_word' id='word_1_612' title='bbox 1524 3989 1832 4062; x_wconf 89' lang='lat' dir='ltr'>generales</span> <span class='ocrx_word' id='word_1_613' title='bbox 1855 3989 1926 4044; x_wconf 89' lang='lat' dir='ltr'>de</span> 
     </span>
    </p>
   </div>
   <div class='ocr_carea' id='block_1_82' title="bbox 262 4079 1928 4152">
    <p class='ocr_par' dir='ltr' id='par_1_82' title="bbox 262 4079 1928 4152">
     <span class='ocr_line' id='line_1_82' title="bbox 262 4079 1928 4152; baseline -0.006 -10"><span class='ocrx_word' id='word_1_614' title='bbox 262 4082 614 4142; x_wconf 87' lang='lat' dir='ltr'>omnimoda</span> <span class='ocrx_word' id='word_1_615' title='bbox 647 4081 926 4152; x_wconf 90' lang='lat' dir='ltr'>baptismi</span> <span class='ocrx_word' id='word_1_616' title='bbox 950 4097 1012 4134; x_wconf 90' lang='lat' dir='ltr'>re</span> <span class='ocrx_word' id='word_1_617' title='bbox 1048 4080 1303 4151; x_wconf 91' lang='lat' dir='ltr'>suscepti</span> <span class='ocrx_word' id='word_1_618' title='bbox 1337 4079 1410 4135; x_wconf 91' lang='lat' dir='ltr'>ad</span> <span class='ocrx_word' id='word_1_619' title='bbox 1443 4079 1695 4134; x_wconf 88' lang='lat' dir='ltr'>salutem</span> <span class='ocrx_word' id='word_1_620' title='bbox 1728 4095 1928 4133; x_wconf 90' lang='lat' dir='ltr'>neces-</span> 
     </span>
    </p>
   </div>
   <div class='ocr_carea' id='block_1_83' title="bbox 260 4167 1922 4241">
    <p class='ocr_par' dir='ltr' id='par_1_83' title="bbox 260 4167 1922 4241">
     <span class='ocr_line' id='line_1_83' title="bbox 260 4167 1922 4241; baseline -0.006 -10"><span class='ocrx_word' id='word_1_621' title='bbox 260 4176 436 4231; x_wconf 89' lang='lat' dir='ltr'>sitate</span> <span class='ocrx_word' id='word_1_622' title='bbox 501 4171 829 4228; x_wconf 86' lang='lat' dir='ltr'>sententias</span> <span class='ocrx_word' id='word_1_623' title='bbox 904 4168 1299 4241; x_wconf 89' lang='lat' dir='ltr'>protulerunt.</span> <span class='ocrx_word' id='word_1_624' title='bbox 1370 4170 1551 4233; x_wconf 88' lang='lat' dir='ltr'>Quem</span> <span class='ocrx_word' id='word_1_625' title='bbox 1613 4167 1674 4222; x_wconf 90' lang='lat' dir='ltr'>in</span> <span class='ocrx_word' id='word_1_626' title='bbox 1725 4168 1922 4222; x_wconf 91' lang='lat' dir='ltr'>locum</span> 
     </span>
    </p>
   </div>
   <div class='ocr_carea' id='block_1_84' title="bbox 258 4257 1923 4332">
    <p class='ocr_par' dir='ltr' id='par_1_84' title="bbox 258 4257 1923 4332">
     <span class='ocr_line' id='line_1_84' title="bbox 258 4257 1923 4332; baseline -0.005 -12"><span class='ocrx_word' id='word_1_627' title='bbox 258 4266 480 4320; x_wconf 86' lang='lat' dir='ltr'>abeant</span> <span class='ocrx_word' id='word_1_628' title='bbox 509 4262 550 4316; x_wconf 91' lang='lat' dir='ltr'>ii</span> <span class='ocrx_word' id='word_1_629' title='bbox 576 4262 677 4332; x_wconf 89' lang='lat' dir='ltr'>qui</span> <span class='ocrx_word' id='word_1_630' title='bbox 719 4259 886 4316; x_wconf 89' lang='lat' dir='ltr'>nulla</span> <span class='ocrx_word' id='word_1_631' title='bbox 923 4275 1029 4314; x_wconf 92' lang='lat' dir='ltr'>sua</span> <span class='ocrx_word' id='word_1_632' title='bbox 1044 4259 1220 4329; x_wconf 90' lang='lat' dir='ltr'>culpa</span> <span class='ocrx_word' id='word_1_633' title='bbox 1241 4257 1518 4328; x_wconf 88' lang='lat' dir='ltr'>baptismi</span> <span class='ocrx_word' id='word_1_634' title='bbox 1552 4263 1821 4328; x_wconf 88' lang='lat' dir='ltr'>expertes</span> <span class='ocrx_word' id='word_1_635' title='bbox 1853 4274 1923 4312; x_wconf 86' lang='lat' dir='ltr'>ex</span> 
     </span>
    </p>
   </div>
   <div class='ocr_carea' id='block_1_85' title="bbox 256 4349 1919 4410">
    <p class='ocr_par' dir='ltr' id='par_1_85' title="bbox 256 4349 1919 4410">
     <span class='ocr_line' id='line_1_85' title="bbox 256 4349 1919 4410; baseline -0.005 0"><span class='ocrx_word' id='word_1_636' title='bbox 256 4355 363 4410; x_wconf 84' lang='lat' dir='ltr'>hac</span> <span class='ocrx_word' id='word_1_637' title='bbox 399 4354 536 4408; x_wconf 91' lang='lat' dir='ltr'>luce</span> <span class='ocrx_word' id='word_1_638' title='bbox 565 4349 924 4406; x_wconf 89' lang='lat' dir='ltr'>secesserint</span> <span class='ocrx_word' id='word_1_639' title='bbox 949 4365 1067 4404; x_wconf 91' lang='lat' dir='ltr'>non</span> <span class='ocrx_word' id='word_1_640' title='bbox 1091 4349 1247 4403; x_wconf 92' lang='lat' dir='ltr'>inter</span> <span class='ocrx_word' id='word_1_641' title='bbox 1276 4364 1376 4402; x_wconf 89' lang='lat' dir='ltr'>eos</span> <span class='ocrx_word' id='word_1_642' title='bbox 1397 4364 1603 4402; x_wconf 88' lang='lat' dir='ltr'>omnes</span> <span class='ocrx_word' id='word_1_643' title='bbox 1626 4349 1919 4402; x_wconf 90' lang='lat' dir='ltr'>convenit.</span> 
     </span>
    </p>
   </div>
   <div class='ocr_carea' id='block_1_86' title="bbox 267 4435 1915 4514">
    <p class='ocr_par' dir='ltr' id='par_1_86' title="bbox 267 4435 1915 4514">
     <span class='ocr_line' id='line_1_86' title="bbox 267 4435 1915 4514; baseline -0.005 -15"><span class='ocrx_word' id='word_1_644' title='bbox 267 4443 379 4499; x_wconf 76' lang='lat' dir='ltr'>Alii</span> <span class='ocrx_word' id='word_1_645' title='bbox 405 4441 697 4514; x_wconf 69' lang='lat' dir='ltr'>gehenna)</span> <span class='ocrx_word' id='word_1_646' title='bbox 730 4438 899 4494; x_wconf 87' lang='lat' dir='ltr'>nulla</span> <span class='ocrx_word' id='word_1_647' title='bbox 925 4436 1340 4493; x_wconf 90' lang='lat' dir='ltr'>misericordia</span> <span class='ocrx_word' id='word_1_648' title='bbox 1369 4435 1669 4492; x_wconf 87' lang='lat' dir='ltr'>addicunt.</span> <span class='ocrx_word' id='word_1_649' title='bbox 1705 4437 1915 4508; x_wconf 88' lang='lat' dir='ltr'>Grego-</span> 
     </span>
    </p>
   </div>
   <div class='ocr_carea' id='block_1_87' title="bbox 255 4526 1918 4601">
    <p class='ocr_par' dir='ltr' id='par_1_87' title="bbox 255 4526 1918 4601">
     <span class='ocr_line' id='line_1_87' title="bbox 255 4526 1918 4601; baseline -0.004 -14"><span class='ocrx_word' id='word_1_650' title='bbox 255 4533 376 4587; x_wconf 85' lang='lat' dir='ltr'>rius</span> <span class='ocrx_word' id='word_1_651' title='bbox 407 4536 664 4601; x_wconf 88' lang='lat' dir='ltr'>uterque</span> <span class='ocrx_word' id='word_1_652' title='bbox 695 4528 1092 4584; x_wconf 83' lang='lat' dir='ltr'>Nazianzenus</span> <span class='ocrx_word' id='word_1_653' title='bbox 1123 4532 1183 4582; x_wconf 91' lang='lat' dir='ltr'>et</span> <span class='ocrx_word' id='word_1_654' title='bbox 1228 4528 1550 4598; x_wconf 88' lang='lat' dir='ltr'>Nyssenus.</span> <span class='ocrx_word' id='word_1_655' title='bbox 1584 4530 1642 4580; x_wconf 90' lang='lat' dir='ltr'>et</span> <span class='ocrx_word' id='word_1_656' title='bbox 1689 4526 1918 4581; x_wconf 88' lang='lat' dir='ltr'>Nicetas</span> 
     </span>
    </p>
   </div>
   <div class='ocr_carea' id='block_1_88' title="bbox 2035 3895 3687 3969">
    <p class='ocr_par' dir='ltr' id='par_1_88' title="bbox 2035 3895 3687 3969">
     <span class='ocr_line' id='line_1_88' title="bbox 2035 3895 3687 3969; baseline -0.002 -14"><span class='ocrx_word' id='word_1_657' title='bbox 2035 3903 2311 3956; x_wconf 73' lang='grc' dir='ltr'>αοσεΡίατη</span> <span class='ocrx_word' id='word_1_658' title='bbox 2355 3895 2547 3950; x_wconf 72' lang='lat' dir='ltr'>habui.</span> <span class='ocrx_word' id='word_1_659' title='bbox 2602 3897 2972 3952; x_wconf 90' lang='lat' dir='ltr'>Desiderium</span> <span class='ocrx_word' id='word_1_660' title='bbox 3025 3897 3204 3969; x_wconf 88' lang='lat' dir='ltr'>igitur</span> <span class='ocrx_word' id='word_1_661' title='bbox 3251 3895 3552 3966; x_wconf 89' lang='lat' dir='ltr'>baptismi,</span> <span class='ocrx_word' id='word_1_662' title='bbox 3583 3896 3687 3952; x_wconf 87' lang='lat' dir='ltr'>ba-</span> 
     </span>
    </p>
   </div>
   <div class='ocr_carea' id='block_1_89' title="bbox 2035 3984 3691 4056">
    <p class='ocr_par' dir='ltr' id='par_1_89' title="bbox 2035 3984 3691 4056">
     <span class='ocr_line' id='line_1_89' title="bbox 2035 3984 3691 4056; baseline 0.002 -19"><span class='ocrx_word' id='word_1_663' title='bbox 2035 3984 2235 4054; x_wconf 89' lang='lat' dir='ltr'>ptismi</span> <span class='ocrx_word' id='word_1_664' title='bbox 2269 3985 2454 4056; x_wconf 91' lang='lat' dir='ltr'>ipsius</span> <span class='ocrx_word' id='word_1_665' title='bbox 2487 3984 2681 4040; x_wconf 91' lang='lat' dir='ltr'>locum</span> <span class='ocrx_word' id='word_1_666' title='bbox 2714 3991 2914 4039; x_wconf 89' lang='lat' dir='ltr'>tenere</span> <span class='ocrx_word' id='word_1_667' title='bbox 2941 3984 3154 4050; x_wconf 88' lang='lat' dir='ltr'>debet;</span> <span class='ocrx_word' id='word_1_668' title='bbox 3189 4001 3378 4054; x_wconf 88' lang='lat' dir='ltr'>eoque</span> <span class='ocrx_word' id='word_1_669' title='bbox 3407 3985 3691 4040; x_wconf 88' lang='lat' dir='ltr'>favorabi-</span> 
     </span>
    </p>
   </div>
   <div class='ocr_carea' id='block_1_90' title="bbox 2037 4071 3691 4146">
    <p class='ocr_par' dir='ltr' id='par_1_90' title="bbox 2037 4071 3691 4146">
     <span class='ocr_line' id='line_1_90' title="bbox 2037 4071 3691 4146; baseline 0.002 -21"><span class='ocrx_word' id='word_1_670' title='bbox 2037 4071 2150 4126; x_wconf 91' lang='lat' dir='ltr'>lior</span> <span class='ocrx_word' id='word_1_671' title='bbox 2179 4074 2439 4129; x_wconf 89' lang='lat' dir='ltr'>hominis</span> <span class='ocrx_word' id='word_1_672' title='bbox 2457 4075 2750 4146; x_wconf 90' lang='lat' dir='ltr'>baptismo</span> <span class='ocrx_word' id='word_1_673' title='bbox 2770 4073 2938 4128; x_wconf 90' lang='lat' dir='ltr'>nulla</span> <span class='ocrx_word' id='word_1_674' title='bbox 2955 4089 3062 4127; x_wconf 90' lang='lat' dir='ltr'>sua</span> <span class='ocrx_word' id='word_1_675' title='bbox 3084 4073 3259 4144; x_wconf 89' lang='lat' dir='ltr'>culpa</span> <span class='ocrx_word' id='word_1_676' title='bbox 3279 4073 3489 4144; x_wconf 88' lang='lat' dir='ltr'>privati</span> <span class='ocrx_word' id='word_1_677' title='bbox 3512 4090 3691 4130; x_wconf 87' lang='lat' dir='ltr'>causa</span> 
     </span>
    </p>
   </div>
   <div class='ocr_carea' id='block_1_91' title="bbox 2035 4162 3688 4233">
    <p class='ocr_par' dir='ltr' id='par_1_91' title="bbox 2035 4162 3688 4233">
     <span class='ocr_line' id='line_1_91' title="bbox 2035 4162 3688 4233; baseline 0.002 -18"><span class='ocrx_word' id='word_1_678' title='bbox 2035 4167 2160 4229; x_wconf 89' lang='lat' dir='ltr'>est;</span> <span class='ocrx_word' id='word_1_679' title='bbox 2195 4163 2352 4233; x_wconf 91' lang='lat' dir='ltr'>quod</span> <span class='ocrx_word' id='word_1_680' title='bbox 2377 4181 2520 4228; x_wconf 91' lang='lat' dir='ltr'>non,</span> <span class='ocrx_word' id='word_1_681' title='bbox 2559 4165 2714 4218; x_wconf 89' lang='lat' dir='ltr'>sicut</span> <span class='ocrx_word' id='word_1_682' title='bbox 2741 4163 2913 4227; x_wconf 91' lang='lat' dir='ltr'>latro,</span> <span class='ocrx_word' id='word_1_683' title='bbox 2949 4180 3158 4217; x_wconf 87' lang='lat' dir='ltr'>recens</span> <span class='ocrx_word' id='word_1_684' title='bbox 3191 4179 3532 4232; x_wconf 88' lang='lat' dir='ltr'>conversus,</span> <span class='ocrx_word' id='word_1_685' title='bbox 3585 4162 3688 4219; x_wconf 88' lang='lat' dir='ltr'>sed</span> 
     </span>
    </p>
   </div>
   <div class='ocr_carea' id='block_1_92' title="bbox 2035 4251 3684 4325">
    <p class='ocr_par' dir='ltr' id='par_1_92' title="bbox 2035 4251 3684 4325">
     <span class='ocr_line' id='line_1_92' title="bbox 2035 4251 3684 4325; baseline 0.002 -21"><span class='ocrx_word' id='word_1_686' title='bbox 2035 4251 2208 4323; x_wconf 90' lang='lat' dir='ltr'>longo</span> <span class='ocrx_word' id='word_1_687' title='bbox 2227 4252 2376 4306; x_wconf 87' lang='lat' dir='ltr'>forte</span> <span class='ocrx_word' id='word_1_688' title='bbox 2399 4253 2692 4308; x_wconf 91' lang='lat' dir='ltr'>bonorum</span> <span class='ocrx_word' id='word_1_689' title='bbox 2712 4269 2955 4324; x_wconf 88' lang='lat' dir='ltr'>operum</span> <span class='ocrx_word' id='word_1_690' title='bbox 2981 4254 3260 4309; x_wconf 87' lang='lat' dir='ltr'>exercitio</span> <span class='ocrx_word' id='word_1_691' title='bbox 3283 4253 3566 4325; x_wconf 86' lang='lat' dir='ltr'>probatus</span> <span class='ocrx_word' id='word_1_692' title='bbox 3587 4253 3684 4322; x_wconf 91' lang='lat' dir='ltr'>sit,</span> 
     </span>
    </p>
   </div>
   <div class='ocr_carea' id='block_1_93' title="bbox 2032 4341 3685 4414">
    <p class='ocr_par' dir='ltr' id='par_1_93' title="bbox 2032 4341 3685 4414">
     <span class='ocr_line' id='line_1_93' title="bbox 2032 4341 3685 4414; baseline 0.001 -19"><span class='ocrx_word' id='word_1_693' title='bbox 2032 4356 2099 4395; x_wconf 94' lang='lat' dir='ltr'>ac</span> <span class='ocrx_word' id='word_1_694' title='bbox 2128 4343 2393 4396; x_wconf 86' lang='lat' dir='ltr'>virtutum</span> <span class='ocrx_word' id='word_1_695' title='bbox 2424 4343 2675 4412; x_wconf 82' lang='lat' dir='ltr'>operibus</span> <span class='ocrx_word' id='word_1_696' title='bbox 2705 4345 3019 4409; x_wconf 83' lang='lat' dir='ltr'>instructus,</span> <span class='ocrx_word' id='word_1_697' title='bbox 3052 4348 3120 4397; x_wconf 95' lang='lat' dir='ltr'>ut</span> <span class='ocrx_word' id='word_1_698' title='bbox 3147 4343 3412 4414; x_wconf 89' lang='lat' dir='ltr'>loquitur</span> <span class='ocrx_word' id='word_1_699' title='bbox 3432 4341 3685 4413; x_wconf 88' lang='lat' dir='ltr'>Cyrillus</span> 
     </span>
    </p>
   </div>
   <div class='ocr_carea' id='block_1_94' title="bbox 2033 4431 3686 4503">
    <p class='ocr_par' dir='ltr' id='par_1_94' title="bbox 2033 4431 3686 4503">
     <span class='ocr_line' id='line_1_94' title="bbox 2033 4431 3686 4503; baseline 0 -19"><span class='ocrx_word' id='word_1_700' title='bbox 2033 4435 2143 4484; x_wconf 87' lang='lat' dir='ltr'>cat.</span> <span class='ocrx_word' id='word_1_701' title='bbox 2176 4431 2230 4497; x_wconf 90' lang='lat'>3,</span> <span class='ocrx_word' id='word_1_702' title='bbox 2263 4447 2322 4484; x_wconf 94' lang='lat' dir='ltr'>n.</span> <span class='ocrx_word' id='word_1_703' title='bbox 2357 4432 2410 4495; x_wconf 79' lang='grc'><strong>4,</strong></span> <span class='ocrx_word' id='word_1_704' title='bbox 2442 4447 2576 4486; x_wconf 91' lang='lat' dir='ltr'>cum</span> <span class='ocrx_word' id='word_1_705' title='bbox 2611 4436 2807 4486; x_wconf 88' lang='lat' dir='ltr'>tamen</span> <span class='ocrx_word' id='word_1_706' title='bbox 2841 4448 2875 4486; x_wconf 89' lang='lat' dir='ltr'>a</span> <span class='ocrx_word' id='word_1_707' title='bbox 2906 4448 3083 4503; x_wconf 90' lang='lat' dir='ltr'>regno</span> <span class='ocrx_word' id='word_1_708' title='bbox 3116 4432 3400 4487; x_wconf 63' lang='lat' dir='ltr'>caelorum</span> <span class='ocrx_word' id='word_1_709' title='bbox 3442 4434 3686 4501; x_wconf 91' lang='lat' dir='ltr'>propter</span> 
     </span>
    </p>
   </div>
   <div class='ocr_carea' id='block_1_95' title="bbox 2031 4518 3681 4590">
    <p class='ocr_par' dir='ltr' id='par_1_95' title="bbox 2031 4518 3681 4590">
     <span class='ocr_line' id='line_1_95' title="bbox 2031 4518 3681 4590; baseline 0 -17"><span class='ocrx_word' id='word_1_710' title='bbox 2031 4518 2308 4590; x_wconf 88' lang='lat' dir='ltr'>baptismi</span> <span class='ocrx_word' id='word_1_711' title='bbox 2340 4519 2633 4575; x_wconf 90' lang='lat' dir='ltr'>defectum</span> <span class='ocrx_word' id='word_1_712' title='bbox 2666 4521 2836 4575; x_wconf 92' lang='lat' dir='ltr'>illum</span> <span class='ocrx_word' id='word_1_713' title='bbox 2888 4520 3180 4576; x_wconf 87' lang='lat' dir='ltr'>excludat.</span> <span class='ocrx_word' id='word_1_714' title='bbox 3229 4519 3446 4586; x_wconf 91' lang='lat' dir='ltr'>Tertio,</span> <span class='ocrx_word' id='word_1_715' title='bbox 3480 4523 3590 4574; x_wconf 87' lang='lat' dir='ltr'>cat.</span> <span class='ocrx_word' id='word_1_716' title='bbox 3627 4522 3681 4586; x_wconf 90' lang='grc'><strong>5,</strong></span> 
     </span>
    </p>
   </div>
   <div class='ocr_carea' id='block_1_96' title="bbox 259 4603 3682 4690">
    <p class='ocr_par' dir='ltr' id='par_1_96' title="bbox 259 4603 3682 4690">
     <span class='ocr_line' id='line_1_96' title="bbox 259 4603 3682 4690; baseline -0.003 -15"><span class='ocrx_word' id='word_1_717' title='bbox 259 4620 533 4676; x_wconf 88' lang='lat' dir='ltr'>medium</span> <span class='ocrx_word' id='word_1_718' title='bbox 569 4617 890 4690; x_wconf 89' lang='lat' dir='ltr'>quemdam</span> <span class='ocrx_word' id='word_1_719' title='bbox 914 4621 978 4671; x_wconf 91' lang='lat' dir='ltr'>ut</span> <span class='ocrx_word' id='word_1_720' title='bbox 1015 4615 1270 4672; x_wconf 86' lang='lat' dir='ltr'>felicitas</span> <span class='ocrx_word' id='word_1_721' title='bbox 1302 4613 1384 4668; x_wconf 90' lang='lat' dir='ltr'>ita</span> <span class='ocrx_word' id='word_1_722' title='bbox 1404 4618 1462 4668; x_wconf 91' lang='lat' dir='ltr'>et</span> <span class='ocrx_word' id='word_1_723' title='bbox 1497 4613 1794 4685; x_wconf 86' lang='lat' dir='ltr'>supplicii,</span> <span class='ocrx_word' id='word_1_724' title='bbox 1823 4630 1922 4668; x_wconf 89' lang='lat' dir='ltr'>ex-</span> <span class='ocrx_word' id='word_1_725' title='bbox 1955 4603 1998 4668; x_wconf 86' lang='lat' dir='ltr'>D</span> <span class='ocrx_word' id='word_1_726' title='bbox 2032 4625 2092 4663; x_wconf 84' lang='grc' dir='ltr'>ιι.</span> <span class='ocrx_word' id='word_1_727' title='bbox 2127 4611 2179 4674; x_wconf 82' lang='grc'><strong>6,</strong></span> <span class='ocrx_word' id='word_1_728' title='bbox 2212 4609 2295 4664; x_wconf 90' lang='lat' dir='ltr'>ait</span> <span class='ocrx_word' id='word_1_729' title='bbox 2335 4608 2758 4674; x_wconf 88' lang='lat' dir='ltr'>Abrahamum,</span> <span class='ocrx_word' id='word_1_730' title='bbox 2820 4626 2955 4664; x_wconf 88' lang='lat' dir='ltr'>cum</span> <span class='ocrx_word' id='word_1_731' title='bbox 2987 4609 3179 4665; x_wconf 81' lang='lat' dir='ltr'>filium</span> <span class='ocrx_word' id='word_1_732' title='bbox 3237 4608 3682 4664; x_wconf 82' lang='lat' dir='ltr'>sacriﬁcaturus</span> 
     </span>
    </p>
   </div>
   <div class='ocr_carea' id='block_1_97' title="bbox 262 4701 1914 4782">
    <p class='ocr_par' dir='ltr' id='par_1_97' title="bbox 262 4701 1914 4782">
     <span class='ocr_line' id='line_1_97' title="bbox 262 4701 1914 4782; baseline -0.004 -17"><span class='ocrx_word' id='word_1_733' title='bbox 262 4716 491 4782; x_wconf 77' lang='lat' dir='ltr'>partem</span> <span class='ocrx_word' id='word_1_734' title='bbox 507 4708 705 4763; x_wconf 92' lang='lat' dir='ltr'>locum</span> <span class='ocrx_word' id='word_1_735' title='bbox 724 4723 824 4762; x_wconf 76' lang='lat' dir='ltr'>eo:</span> <span class='ocrx_word' id='word_1_736' title='bbox 839 4706 1110 4777; x_wconf 84' lang='lat' dir='ltr'>excipere</span> <span class='ocrx_word' id='word_1_737' title='bbox 1122 4704 1357 4761; x_wconf 90' lang='lat' dir='ltr'>docent.</span> <span class='ocrx_word' id='word_1_738' title='bbox 1373 4701 1740 4769; x_wconf 83' lang='lat' dir='ltr'>Ambrosius,</span> <span class='ocrx_word' id='word_1_739' title='bbox 1758 4702 1858 4758; x_wconf 91' lang='lat' dir='ltr'>lib.</span> <span class='ocrx_word' id='word_1_740' title='bbox 1876 4720 1914 4758; x_wconf 88' lang='grc' dir='ltr'>ιι</span> 
     </span>
    </p>
   </div>
   <div class='ocr_carea' id='block_1_98' title="bbox 264 4791 1913 4869">
    <p class='ocr_par' dir='ltr' id='par_1_98' title="bbox 264 4791 1913 4869">
     <span class='ocr_line' id='line_1_98' title="bbox 264 4791 1913 4869; baseline -0.005 -13"><span class='ocrx_word' id='word_1_741' title='bbox 264 4803 339 4856; x_wconf 85' lang='lat' dir='ltr'>De</span> <span class='ocrx_word' id='word_1_742' title='bbox 361 4799 602 4864; x_wconf 68' lang='lat' dir='ltr'>Abi-ah,</span> <span class='ocrx_word' id='word_1_743' title='bbox 634 4813 765 4869; x_wconf 90' lang='lat' dir='ltr'>cap,</span> <span class='ocrx_word' id='word_1_744' title='bbox 793 4799 879 4863; x_wconf 89' lang='lat'>11,</span> <span class='ocrx_word' id='word_1_745' title='bbox 910 4813 969 4850; x_wconf 83' lang='grc' dir='ltr'>ιι.</span> <span class='ocrx_word' id='word_1_746' title='bbox 1001 4797 1087 4862; x_wconf 77' lang='grc'>84,</span> <span class='ocrx_word' id='word_1_747' title='bbox 1112 4794 1390 4863; x_wconf 85' lang='lat' dir='ltr'>infantem</span> <span class='ocrx_word' id='word_1_748' title='bbox 1411 4798 1469 4847; x_wconf 91' lang='lat' dir='ltr'>et</span> <span class='ocrx_word' id='word_1_749' title='bbox 1499 4791 1769 4847; x_wconf 91' lang='lat' dir='ltr'>adultum</span> <span class='ocrx_word' id='word_1_750' title='bbox 1795 4792 1913 4847; x_wconf 88' lang='lat' dir='ltr'>ali-</span> 
     </span>
    </p>
   </div>
   <div class='ocr_carea' id='block_1_99' title="bbox 264 4882 1914 4960">
    <p class='ocr_par' dir='ltr' id='par_1_99' title="bbox 264 4882 1914 4960">
     <span class='ocr_line' id='line_1_99' title="bbox 264 4882 1914 4960; baseline -0.005 -16"><span class='ocrx_word' id='word_1_751' title='bbox 264 4905 374 4960; x_wconf 85' lang='lat' dir='ltr'>qua</span> <span class='ocrx_word' id='word_1_752' title='bbox 396 4893 741 4960; x_wconf 75' lang='lat' dir='ltr'>praeventum</span> <span class='ocrx_word' id='word_1_753' title='bbox 799 4886 1134 4950; x_wconf 82' lang='lat' dir='ltr'>necessitate,</span> <span class='ocrx_word' id='word_1_754' title='bbox 1196 4899 1271 4938; x_wconf 89' lang='lat' dir='ltr'>ne</span> <span class='ocrx_word' id='word_1_755' title='bbox 1300 4882 1663 4954; x_wconf 90' lang='lat' dir='ltr'>baptismum</span> <span class='ocrx_word' id='word_1_756' title='bbox 1723 4883 1914 4938; x_wconf 89' lang='lat' dir='ltr'>susci-</span> 
     </span>
    </p>
   </div>
   <div class='ocr_carea' id='block_1_100' title="bbox 262 4970 1916 5051">
    <p class='ocr_par' dir='ltr' id='par_1_100' title="bbox 262 4970 1916 5051">
     <span class='ocr_line' id='line_1_100' title="bbox 262 4970 1916 5051; baseline -0.01 -17"><span class='ocrx_word' id='word_1_757' title='bbox 262 4981 449 5051; x_wconf 88' lang='lat' dir='ltr'>piant,</span> <span class='ocrx_word' id='word_1_758' title='bbox 480 4995 514 5031; x_wconf 88' lang='lat' dir='ltr'>a</span> <span class='ocrx_word' id='word_1_759' title='bbox 542 4991 722 5048; x_wconf 91' lang='lat' dir='ltr'>regno</span> <span class='ocrx_word' id='word_1_760' title='bbox 756 4974 1039 5029; x_wconf 74' lang='lat' dir='ltr'>cmlorum</span> <span class='ocrx_word' id='word_1_761' title='bbox 1089 4972 1385 5038; x_wconf 84' lang='lat' dir='ltr'>excludit;</span> <span class='ocrx_word' id='word_1_762' title='bbox 1429 4977 1486 5027; x_wconf 90' lang='lat' dir='ltr'>et</span> <span class='ocrx_word' id='word_1_763' title='bbox 1536 4971 1771 5027; x_wconf 90' lang='lat' dir='ltr'>subdit:</span> <span class='ocrx_word' id='word_1_764' title='bbox 1805 4970 1916 5019; x_wconf 83' lang='lat' dir='ltr'>Ha-</span> 
     </span>
    </p>
   </div>
   <div class='ocr_carea' id='block_1_101' title="bbox 261 5059 1915 5124">
    <p class='ocr_par' dir='ltr' id='par_1_101' title="bbox 261 5059 1915 5124">
     <span class='ocr_line' id='line_1_101' title="bbox 261 5059 1915 5124; baseline -0.004 -7"><span class='ocrx_word' id='word_1_765' title='bbox 261 5069 422 5116; x_wconf 82' lang='lat' dir='ltr'>beant</span> <span class='ocrx_word' id='word_1_766' title='bbox 450 5075 635 5115; x_wconf 88' lang='lat' dir='ltr'>tamen</span> <span class='ocrx_word' id='word_1_767' title='bbox 659 5065 825 5114; x_wconf 89' lang='lat' dir='ltr'>illam</span> <span class='ocrx_word' id='word_1_768' title='bbox 855 5070 1103 5124; x_wconf 85' lang='lat' dir='ltr'>opertam</span> <span class='ocrx_word' id='word_1_769' title='bbox 1122 5075 1426 5122; x_wconf 77' lang='lat' dir='ltr'>poenarum</span> <span class='ocrx_word' id='word_1_770' title='bbox 1458 5059 1876 5109; x_wconf 85' lang='lat' dir='ltr'>immunitatem</span> <span class='ocrx_word' id='word_1_771' title='bbox 1897 5076 1915 5110; x_wconf 89' lang='lat'><em>:</em></span> 
     </span>
    </p>
   </div>
   <div class='ocr_carea' id='block_1_102' title="bbox 258 5149 1914 5215">
    <p class='ocr_par' dir='ltr' id='par_1_102' title="bbox 258 5149 1914 5215">
     <span class='ocr_line' id='line_1_102' title="bbox 258 5149 1914 5215; baseline -0.005 -9"><span class='ocrx_word' id='word_1_772' title='bbox 258 5158 443 5206; x_wconf 78' lang='lat' dir='ltr'>nescio</span> <span class='ocrx_word' id='word_1_773' title='bbox 471 5171 547 5204; x_wconf 88' lang='lat' dir='ltr'>an</span> <span class='ocrx_word' id='word_1_774' title='bbox 577 5153 810 5203; x_wconf 81' lang='lat' dir='ltr'>habeant</span> <span class='ocrx_word' id='word_1_775' title='bbox 837 5151 1002 5215; x_wconf 77' lang='lat' dir='ltr'>regni</span> <span class='ocrx_word' id='word_1_776' title='bbox 1023 5151 1306 5200; x_wconf 87' lang='lat' dir='ltr'>honorem.</span> <span class='ocrx_word' id='word_1_777' title='bbox 1328 5151 1394 5204; x_wconf 86' lang='lat' dir='ltr'>In</span> <span class='ocrx_word' id='word_1_778' title='bbox 1417 5149 1624 5205; x_wconf 85' lang='lat' dir='ltr'>eodem</span> <span class='ocrx_word' id='word_1_779' title='bbox 1645 5150 1914 5206; x_wconf 78' lang='lat' dir='ltr'>fortassis</span> 
     </span>
    </p>
   </div>
   <div class='ocr_carea' id='block_1_103' title="bbox 259 5239 1913 5315">
    <p class='ocr_par' dir='ltr' id='par_1_103' title="bbox 259 5239 1913 5315">
     <span class='ocr_line' id='line_1_103' title="bbox 259 5239 1913 5315; baseline -0.004 -12"><span class='ocrx_word' id='word_1_780' title='bbox 259 5247 471 5302; x_wconf 89' lang='lat' dir='ltr'>ordine</span> <span class='ocrx_word' id='word_1_781' title='bbox 504 5245 686 5301; x_wconf 85' lang='lat' dir='ltr'>locari</span> <span class='ocrx_word' id='word_1_782' title='bbox 718 5247 986 5315; x_wconf 89' lang='lat' dir='ltr'>possunt,</span> <span class='ocrx_word' id='word_1_783' title='bbox 1020 5241 1120 5313; x_wconf 91' lang='lat' dir='ltr'>qui</span> <span class='ocrx_word' id='word_1_784' title='bbox 1163 5239 1420 5295; x_wconf 88' lang='lat' dir='ltr'>infantes</span> <span class='ocrx_word' id='word_1_785' title='bbox 1452 5239 1580 5298; x_wconf 84' lang='lat' dir='ltr'>sine</span> <span class='ocrx_word' id='word_1_786' title='bbox 1617 5240 1913 5311; x_wconf 91' lang='lat' dir='ltr'>baptismo</span> 
     </span>
    </p>
   </div>
   <div class='ocr_carea' id='block_1_104' title="bbox 266 5328 1909 5396">
    <p class='ocr_par' dir='ltr' id='par_1_104' title="bbox 266 5328 1909 5396">
     <span class='ocr_line' id='line_1_104' title="bbox 266 5328 1909 5396; baseline -0.005 -4"><span class='ocrx_word' id='word_1_787' title='bbox 266 5336 626 5392; x_wconf 90' lang='lat' dir='ltr'>decedentes</span> <span class='ocrx_word' id='word_1_788' title='bbox 657 5334 718 5387; x_wconf 91' lang='lat' dir='ltr'>in</span> <span class='ocrx_word' id='word_1_789' title='bbox 749 5333 860 5386; x_wconf 92' lang='lat' dir='ltr'>hoc</span> <span class='ocrx_word' id='word_1_790' title='bbox 890 5330 1084 5385; x_wconf 91' lang='lat' dir='ltr'>medio</span> <span class='ocrx_word' id='word_1_791' title='bbox 1115 5329 1244 5384; x_wconf 91' lang='lat' dir='ltr'>loco</span> <span class='ocrx_word' id='word_1_792' title='bbox 1276 5328 1685 5396; x_wconf 87' lang='lat' dir='ltr'>constituunt;</span> <span class='ocrx_word' id='word_1_793' title='bbox 1717 5335 1783 5384; x_wconf 91' lang='lat' dir='ltr'>ut</span> <span class='ocrx_word' id='word_1_794' title='bbox 1808 5347 1909 5385; x_wconf 86' lang='lat' dir='ltr'>au-</span> 
     </span>
    </p>
   </div>
   <div class='ocr_carea' id='block_1_105' title="bbox 258 5418 1912 5494">
    <p class='ocr_par' dir='ltr' id='par_1_105' title="bbox 258 5418 1912 5494">
     <span class='ocr_line' id='line_1_105' title="bbox 258 5418 1912 5494; baseline -0.006 -13"><span class='ocrx_word' id='word_1_795' title='bbox 258 5434 387 5482; x_wconf 88' lang='lat' dir='ltr'>ctor</span> <span class='ocrx_word' id='word_1_796' title='bbox 413 5418 1240 5494; x_wconf 63' lang='lat' dir='ltr'>QuaestionumadAntiochum,</span> <span class='ocrx_word' id='word_1_797' title='bbox 1265 5421 1475 5487; x_wconf 68' lang='lat' dir='ltr'>quaest.</span> <span class='ocrx_word' id='word_1_798' title='bbox 1503 5419 1623 5483; x_wconf 90' lang='grc'><strong>115,</strong></span> <span class='ocrx_word' id='word_1_799' title='bbox 1648 5421 1789 5474; x_wconf 89' lang='lat' dir='ltr'>tom.</span> <span class='ocrx_word' id='word_1_800' title='bbox 1814 5419 1912 5483; x_wconf 85' lang='grc' dir='ltr'>ΙΙΙ,</span> 
     </span>
    </p>
   </div>
   <div class='ocr_carea' id='block_1_106' title="bbox 258 5506 1913 5583">
    <p class='ocr_par' dir='ltr' id='par_1_106' title="bbox 258 5506 1913 5583">
     <span class='ocr_line' id='line_1_106' title="bbox 258 5506 1913 5583; baseline -0.005 -12"><span class='ocrx_word' id='word_1_801' title='bbox 258 5517 570 5578; x_wconf 81' lang='lat' dir='ltr'>Athanas.,</span> <span class='ocrx_word' id='word_1_802' title='bbox 603 5528 760 5583; x_wconf 87' lang='lat' dir='ltr'>pag.,</span> <span class='ocrx_word' id='word_1_803' title='bbox 793 5511 936 5572; x_wconf 85' lang='lat'>296;</span> <span class='ocrx_word' id='word_1_804' title='bbox 969 5507 1213 5561; x_wconf 87' lang='lat' dir='ltr'>Severus</span> <span class='ocrx_word' id='word_1_805' title='bbox 1243 5506 1595 5574; x_wconf 88' lang='lat' dir='ltr'>Antiochen,</span> <span class='ocrx_word' id='word_1_806' title='bbox 1624 5514 1833 5563; x_wconf 89' lang='lat' dir='ltr'>catena</span> <span class='ocrx_word' id='word_1_807' title='bbox 1854 5511 1913 5562; x_wconf 89' lang='lat' dir='ltr'>in</span> 
     </span>
    </p>
   </div>
   <div class='ocr_carea' id='block_1_107' title="bbox 257 5595 1910 5671">
    <p class='ocr_par' dir='ltr' id='par_1_107' title="bbox 257 5595 1910 5671">
     <span class='ocr_line' id='line_1_107' title="bbox 257 5595 1910 5671; baseline -0.005 -11"><span class='ocrx_word' id='word_1_808' title='bbox 257 5608 442 5668; x_wconf 66' lang='lat' dir='ltr'>10am,</span> <span class='ocrx_word' id='word_1_809' title='bbox 475 5601 552 5659; x_wconf 88' lang='lat' dir='ltr'>ad</span> <span class='ocrx_word' id='word_1_810' title='bbox 583 5617 717 5671; x_wconf 88' lang='lat' dir='ltr'>cap.</span> <span class='ocrx_word' id='word_1_811' title='bbox 751 5614 832 5664; x_wconf 85' lang='grc' dir='ltr'>ιιι,</span> <span class='ocrx_word' id='word_1_812' title='bbox 865 5597 897 5666; x_wconf 58' lang='grc' dir='ltr'><em>ᾗ</em></span> <span class='ocrx_word' id='word_1_813' title='bbox 927 5597 957 5650; x_wconf 84' lang='grc'><strong>3</strong></span> <span class='ocrx_word' id='word_1_814' title='bbox 983 5613 996 5663; x_wconf 90' lang='grc'>;</span> <span class='ocrx_word' id='word_1_815' title='bbox 1034 5595 1278 5668; x_wconf 83' lang='lat' dir='ltr'>[CXCIX]</span> <span class='ocrx_word' id='word_1_816' title='bbox 1317 5595 1556 5650; x_wconf 89' lang='lat' dir='ltr'>Cosmas</span> <span class='ocrx_word' id='word_1_817' title='bbox 1589 5597 1910 5669; x_wconf 64' lang='lat' dir='ltr'>Egyptius,</span> 
     </span>
    </p>
   </div>
   <div class='ocr_carea' id='block_1_108' title="bbox 262 5685 1910 5769">
    <p class='ocr_par' dir='ltr' id='par_1_108' title="bbox 262 5685 1910 5769">
     <span class='ocr_line' id='line_1_108' title="bbox 262 5685 1910 5769; baseline -0.001 -23"><span class='ocrx_word' id='word_1_818' title='bbox 262 5694 368 5752; x_wconf 83' lang='lat' dir='ltr'>lib.</span> <span class='ocrx_word' id='word_1_819' title='bbox 391 5711 489 5762; x_wconf 74' lang='grc' dir='ltr'>νιι,</span> <span class='ocrx_word' id='word_1_820' title='bbox 509 5705 648 5769; x_wconf 77' lang='lat' dir='ltr'>pag.</span> <span class='ocrx_word' id='word_1_821' title='bbox 674 5689 809 5756; x_wconf 81' lang='lat'>295;</span> <span class='ocrx_word' id='word_1_822' title='bbox 836 5690 1042 5743; x_wconf 86' lang='lat' dir='ltr'>auctor</span> <span class='ocrx_word' id='word_1_823' title='bbox 1066 5685 1432 5750; x_wconf 63' lang='lat' dir='ltr'>Quastionum</span> <span class='ocrx_word' id='word_1_824' title='bbox 1449 5685 1523 5742; x_wconf 86' lang='lat' dir='ltr'>ad</span> <span class='ocrx_word' id='word_1_825' title='bbox 1559 5687 1910 5761; x_wconf 69' lang='lat' dir='ltr'>orthodoeos,</span> 
     </span>
    </p>
   </div>
   <div class='ocr_carea' id='block_1_109' title="bbox 2029 4696 3680 4769">
    <p class='ocr_par' dir='ltr' id='par_1_109' title="bbox 2029 4696 3680 4769">
     <span class='ocr_line' id='line_1_109' title="bbox 2029 4696 3680 4769; baseline 0 -17"><span class='ocrx_word' id='word_1_826' title='bbox 2029 4696 2322 4769; x_wconf 88' lang='lat' dir='ltr'>colligarit</span> <span class='ocrx_word' id='word_1_827' title='bbox 2350 4703 2408 4752; x_wconf 94' lang='lat' dir='ltr'>et</span> <span class='ocrx_word' id='word_1_828' title='bbox 2430 4697 2604 4768; x_wconf 80' lang='lat' dir='ltr'>lignis</span> <span class='ocrx_word' id='word_1_829' title='bbox 2637 4698 3006 4769; x_wconf 90' lang='lat' dir='ltr'>imposuerit,</span> <span class='ocrx_word' id='word_1_830' title='bbox 3044 4699 3328 4753; x_wconf 86' lang='lat' dir='ltr'>voluntate</span> <span class='ocrx_word' id='word_1_831' title='bbox 3351 4715 3419 4754; x_wconf 90' lang='lat' dir='ltr'>ac</span> <span class='ocrx_word' id='word_1_832' title='bbox 3467 4699 3680 4753; x_wconf 91' lang='lat' dir='ltr'>merito</span> 
     </span>
    </p>
   </div>
   <div class='ocr_carea' id='block_1_110' title="bbox 2022 4787 3679 4858">
    <p class='ocr_par' dir='ltr' id='par_1_110' title="bbox 2022 4787 3679 4858">
     <span class='ocr_line' id='line_1_110' title="bbox 2022 4787 3679 4858; baseline -0.001 -17"><span class='ocrx_word' id='word_1_833' title='bbox 2022 4788 2368 4854; x_wconf 67' lang='lat' dir='ltr'>saciiﬁeasse,</span> <span class='ocrx_word' id='word_1_834' title='bbox 2398 4791 2509 4842; x_wconf 89' lang='lat' dir='ltr'>Deo</span> <span class='ocrx_word' id='word_1_835' title='bbox 2536 4787 2810 4842; x_wconf 81' lang='lat' dir='ltr'>sacriﬁcii</span> <span class='ocrx_word' id='word_1_836' title='bbox 2835 4787 3679 4858; x_wconf 89' lang='lat' dir='ltr'>exsecutionemimpediente.</span> 
     </span>
    </p>
   </div>
   <div class='ocr_carea' id='block_1_111' title="bbox 2024 4874 3682 4946">
    <p class='ocr_par' dir='ltr' id='par_1_111' title="bbox 2024 4874 3682 4946">
     <span class='ocr_line' id='line_1_111' title="bbox 2024 4874 3682 4946; baseline 0.002 -19"><span class='ocrx_word' id='word_1_837' title='bbox 2024 4875 2228 4928; x_wconf 89' lang='lat' dir='ltr'>Nonne</span> <span class='ocrx_word' id='word_1_838' title='bbox 2259 4874 2535 4928; x_wconf 88' lang='lat' dir='ltr'>similiter</span> <span class='ocrx_word' id='word_1_839' title='bbox 2559 4876 2824 4946; x_wconf 85' lang='lat' dir='ltr'>martyrii</span> <span class='ocrx_word' id='word_1_840' title='bbox 2850 4875 3152 4930; x_wconf 89' lang='lat' dir='ltr'>voluntate</span> <span class='ocrx_word' id='word_1_841' title='bbox 3180 4893 3246 4932; x_wconf 88' lang='lat' dir='ltr'>ac</span> <span class='ocrx_word' id='word_1_842' title='bbox 3269 4875 3588 4942; x_wconf 89' lang='lat' dir='ltr'>desiderio,</span> <span class='ocrx_word' id='word_1_843' title='bbox 3614 4891 3682 4930; x_wconf 88' lang='lat' dir='ltr'>ac</span> 
     </span>
    </p>
   </div>
   <div class='ocr_carea' id='block_1_112' title="bbox 2026 4961 3678 5038">
    <p class='ocr_par' dir='ltr' id='par_1_112' title="bbox 2026 4961 3678 5038">
     <span class='ocr_line' id='line_1_112' title="bbox 2026 4961 3678 5038; baseline 0.001 -22"><span class='ocrx_word' id='word_1_844' title='bbox 2026 4961 2257 5017; x_wconf 90' lang='lat' dir='ltr'>sincera</span> <span class='ocrx_word' id='word_1_845' title='bbox 2287 4964 2471 5018; x_wconf 89' lang='lat' dir='ltr'>animi</span> <span class='ocrx_word' id='word_1_846' title='bbox 2503 4963 2956 5036; x_wconf 70' lang='lat' dir='ltr'>praaparatione,</span> <span class='ocrx_word' id='word_1_847' title='bbox 2981 4966 3250 5038; x_wconf 84' lang='lat' dir='ltr'>martyrii</span> <span class='ocrx_word' id='word_1_848' title='bbox 3273 4965 3460 5037; x_wconf 90' lang='lat' dir='ltr'>ipsius</span> <span class='ocrx_word' id='word_1_849' title='bbox 3496 4965 3678 5019; x_wconf 82' lang='lat' dir='ltr'>meri-</span> 
     </span>
    </p>
   </div>
   <div class='ocr_carea' id='block_1_113' title="bbox 2025 5051 3676 5124">
    <p class='ocr_par' dir='ltr' id='par_1_113' title="bbox 2025 5051 3676 5124">
     <span class='ocr_line' id='line_1_113' title="bbox 2025 5051 3676 5124; baseline 0.002 -19"><span class='ocrx_word' id='word_1_850' title='bbox 2025 5056 2150 5106; x_wconf 91' lang='lat' dir='ltr'>tum</span> <span class='ocrx_word' id='word_1_851' title='bbox 2177 5053 2506 5122; x_wconf 90' lang='lat' dir='ltr'>comparari</span> <span class='ocrx_word' id='word_1_852' title='bbox 2565 5051 2805 5124; x_wconf 84' lang='lat' dir='ltr'>potest?</span> <span class='ocrx_word' id='word_1_853' title='bbox 2861 5053 3134 5109; x_wconf 85' lang='lat' dir='ltr'>Ambros.</span> <span class='ocrx_word' id='word_1_854' title='bbox 3171 5054 3272 5110; x_wconf 92' lang='lat' dir='ltr'>lib.</span> <span class='ocrx_word' id='word_1_855' title='bbox 3309 5072 3350 5109; x_wconf 92' lang='grc' dir='ltr'>ιι</span> <span class='ocrx_word' id='word_1_856' title='bbox 3401 5055 3474 5108; x_wconf 90' lang='lat' dir='ltr'>De</span> <span class='ocrx_word' id='word_1_857' title='bbox 3505 5055 3676 5120; x_wconf 85' lang='lat' dir='ltr'>Isaac,</span> 
     </span>
    </p>
   </div>
   <div class='ocr_carea' id='block_1_114' title="bbox 2025 5141 3674 5214">
    <p class='ocr_par' dir='ltr' id='par_1_114' title="bbox 2025 5141 3674 5214">
     <span class='ocr_line' id='line_1_114' title="bbox 2025 5141 3674 5214; baseline 0.001 -20"><span class='ocrx_word' id='word_1_858' title='bbox 2025 5157 2073 5194; x_wconf 93' lang='lat' dir='ltr'>c.</span> <span class='ocrx_word' id='word_1_859' title='bbox 2107 5142 2161 5206; x_wconf 89' lang='lat'>8,</span> <span class='ocrx_word' id='word_1_860' title='bbox 2193 5156 2252 5194; x_wconf 87' lang='grc' dir='ltr'>ιι.</span> <span class='ocrx_word' id='word_1_861' title='bbox 2287 5142 2375 5207; x_wconf 83' lang='lat'>&#39;76,</span> <span class='ocrx_word' id='word_1_862' title='bbox 2409 5141 2600 5210; x_wconf 77' lang='lat' dir='ltr'>Cujus,</span> <span class='ocrx_word' id='word_1_863' title='bbox 2625 5143 2818 5214; x_wconf 87' lang='lat' dir='ltr'>inquit</span> <span class='ocrx_word' id='word_1_864' title='bbox 2847 5144 3121 5213; x_wconf 90' lang='lat' dir='ltr'>(mortem</span> <span class='ocrx_word' id='word_1_865' title='bbox 3148 5150 3476 5214; x_wconf 84' lang='lat' dir='ltr'>martyrum</span> <span class='ocrx_word' id='word_1_866' title='bbox 3499 5142 3674 5197; x_wconf 90' lang='lat' dir='ltr'>intel-</span> 
     </span>
    </p>
   </div>
   <div class='ocr_carea' id='block_1_115' title="bbox 2029 5229 3678 5301">
    <p class='ocr_par' dir='ltr' id='par_1_115' title="bbox 2029 5229 3678 5301">
     <span class='ocr_line' id='line_1_115' title="bbox 2029 5229 3678 5301; baseline -0.004 -17"><span class='ocrx_word' id='word_1_867' title='bbox 2029 5229 2195 5301; x_wconf 84' lang='lat' dir='ltr'>ligit),</span> <span class='ocrx_word' id='word_1_868' title='bbox 2229 5244 2340 5281; x_wconf 83' lang='lat' dir='ltr'>non</span> <span class='ocrx_word' id='word_1_869' title='bbox 2362 5239 2440 5278; x_wconf 81' lang='lat' dir='ltr'>est</span> <span class='ocrx_word' id='word_1_870' title='bbox 2475 5233 2662 5294; x_wconf 89' lang='lat' dir='ltr'>impar</span> <span class='ocrx_word' id='word_1_871' title='bbox 2689 5232 3089 5297; x_wconf 77' lang='lat' dir='ltr'>Charitas,un</span> <span class='ocrx_word' id='word_1_872' title='bbox 3113 5233 3678 5296; x_wconf 57' lang='lat' dir='ltr'>adaequatus-marty-</span> 
     </span>
    </p>
   </div>
   <div class='ocr_carea' id='block_1_116' title="bbox 2023 5323 3679 5387">
    <p class='ocr_par' dir='ltr' id='par_1_116' title="bbox 2023 5323 3679 5387">
     <span class='ocr_line' id='line_1_116' title="bbox 2023 5323 3679 5387; baseline -0.005 -11"><span class='ocrx_word' id='word_1_873' title='bbox 2023 5342 2154 5376; x_wconf 90' lang='lat' dir='ltr'>rum</span> <span class='ocrx_word' id='word_1_874' title='bbox 2176 5324 2454 5387; x_wconf 83' lang='lat' dir='ltr'>passioni,</span> <span class='ocrx_word' id='word_1_875' title='bbox 2491 5331 2553 5372; x_wconf 91' lang='lat' dir='ltr'>ut</span> <span class='ocrx_word' id='word_1_876' title='bbox 2580 5328 2804 5383; x_wconf 76' lang='lat' dir='ltr'>auferat</span> <span class='ocrx_word' id='word_1_877' title='bbox 2839 5323 3107 5372; x_wconf 87' lang='lat' dir='ltr'>meritum</span> <span class='ocrx_word' id='word_1_878' title='bbox 3132 5324 3483 5372; x_wconf 83' lang='lat' dir='ltr'>delictorum.</span> <span class='ocrx_word' id='word_1_879' title='bbox 3518 5323 3679 5377; x_wconf 83' lang='lat' dir='ltr'>Hanc</span> 
     </span>
    </p>
   </div>
   <div class='ocr_carea' id='block_1_117' title="bbox 2023 5410 3678 5484">
    <p class='ocr_par' dir='ltr' id='par_1_117' title="bbox 2023 5410 3678 5484">
     <span class='ocr_line' id='line_1_117' title="bbox 2023 5410 3678 5484; baseline -0.005 -12"><span class='ocrx_word' id='word_1_880' title='bbox 2023 5416 2097 5472; x_wconf 89' lang='lat' dir='ltr'>ad</span> <span class='ocrx_word' id='word_1_881' title='bbox 2130 5413 2480 5484; x_wconf 89' lang='lat' dir='ltr'>martyrium</span> <span class='ocrx_word' id='word_1_882' title='bbox 2510 5412 3026 5483; x_wconf 67' lang='lat' dir='ltr'>prmparationem,</span> <span class='ocrx_word' id='word_1_883' title='bbox 3051 5428 3182 5482; x_wconf 63' lang='lat' dir='ltr'>quae</span> <span class='ocrx_word' id='word_1_884' title='bbox 3205 5410 3472 5482; x_wconf 85' lang='lat' dir='ltr'>martyrii</span> <span class='ocrx_word' id='word_1_885' title='bbox 3495 5410 3678 5465; x_wconf 89' lang='lat' dir='ltr'>meri-</span> 
     </span>
    </p>
   </div>
   <div class='ocr_carea' id='block_1_118' title="bbox 2023 5498 3679 5572">
    <p class='ocr_par' dir='ltr' id='par_1_118' title="bbox 2023 5498 3679 5572">
     <span class='ocr_line' id='line_1_118' title="bbox 2023 5498 3679 5572; baseline -0.005 -11"><span class='ocrx_word' id='word_1_886' title='bbox 2023 5511 2147 5560; x_wconf 91' lang='lat' dir='ltr'>tum</span> <span class='ocrx_word' id='word_1_887' title='bbox 2173 5503 2496 5569; x_wconf 90' lang='lat' dir='ltr'>contineat,</span> <span class='ocrx_word' id='word_1_888' title='bbox 2513 5517 2848 5572; x_wconf 88' lang='lat' dir='ltr'>supponere</span> <span class='ocrx_word' id='word_1_889' title='bbox 2871 5517 3188 5572; x_wconf 87' lang='lat' dir='ltr'>possumus</span> <span class='ocrx_word' id='word_1_890' title='bbox 3204 5501 3262 5555; x_wconf 91' lang='lat' dir='ltr'>in</span> <span class='ocrx_word' id='word_1_891' title='bbox 3282 5499 3546 5562; x_wconf 91' lang='lat' dir='ltr'>homine,</span> <span class='ocrx_word' id='word_1_892' title='bbox 3575 5498 3679 5570; x_wconf 90' lang='lat' dir='ltr'>qui</span> 
     </span>
    </p>
   </div>
   <div class='ocr_carea' id='block_1_119' title="bbox 2021 5588 3676 5667">
    <p class='ocr_par' dir='ltr' id='par_1_119' title="bbox 2021 5588 3676 5667">
     <span class='ocr_line' id='line_1_119' title="bbox 2021 5588 3676 5667; baseline -0.005 -17"><span class='ocrx_word' id='word_1_893' title='bbox 2021 5592 2302 5667; x_wconf 85' lang='lat' dir='ltr'>baptismi</span> <span class='ocrx_word' id='word_1_894' title='bbox 2323 5591 2512 5664; x_wconf 86' lang='lat' dir='ltr'>gratia</span> <span class='ocrx_word' id='word_1_895' title='bbox 2532 5590 2699 5646; x_wconf 90' lang='lat' dir='ltr'>nullo</span> <span class='ocrx_word' id='word_1_896' title='bbox 2724 5607 2830 5646; x_wconf 92' lang='lat' dir='ltr'>suo</span> <span class='ocrx_word' id='word_1_897' title='bbox 2851 5590 2988 5644; x_wconf 87' lang='lat' dir='ltr'>vitio</span> <span class='ocrx_word' id='word_1_898' title='bbox 3016 5606 3083 5646; x_wconf 90' lang='lat' dir='ltr'>ac</span> <span class='ocrx_word' id='word_1_899' title='bbox 3119 5588 3478 5663; x_wconf 87' lang='lat' dir='ltr'>negligentia</span> <span class='ocrx_word' id='word_1_900' title='bbox 3511 5588 3676 5642; x_wconf 85' lang='lat' dir='ltr'>frau-</span> 
     </span>
    </p>
   </div>
   <div class='ocr_carea' id='block_1_120' title="bbox 2024 5677 3671 5755">
    <p class='ocr_par' dir='ltr' id='par_1_120' title="bbox 2024 5677 3671 5755">
     <span class='ocr_line' id='line_1_120' title="bbox 2024 5677 3671 5755; baseline -0.01 -14"><span class='ocrx_word' id='word_1_901' title='bbox 2024 5685 2198 5743; x_wconf 89' lang='lat' dir='ltr'>datur</span> <span class='ocrx_word' id='word_1_902' title='bbox 2213 5701 2227 5754; x_wconf 86' lang='lat'><strong>;</strong></span> <span class='ocrx_word' id='word_1_903' title='bbox 2253 5681 2507 5755; x_wconf 84' lang='lat' dir='ltr'>Cyrillus</span> <span class='ocrx_word' id='word_1_904' title='bbox 2527 5686 2726 5739; x_wconf 86' lang='lat' dir='ltr'>autem</span> <span class='ocrx_word' id='word_1_905' title='bbox 2743 5696 2865 5737; x_wconf 92' lang='lat' dir='ltr'>non</span> <span class='ocrx_word' id='word_1_906' title='bbox 2878 5679 3112 5737; x_wconf 87' lang='lat' dir='ltr'>dubitat</span> <span class='ocrx_word' id='word_1_907' title='bbox 3125 5678 3408 5751; x_wconf 86' lang='lat' dir='ltr'>martyriu</span> <span class='ocrx_word' id='word_1_908' title='bbox 3419 5693 3474 5730; x_wconf 91' lang='lat' dir='ltr'>m</span> <span class='ocrx_word' id='word_1_909' title='bbox 3488 5677 3671 5730; x_wconf 83' lang='lat' dir='ltr'>vicem</span> 
     </span>
    </p>
   </div>
  </div>
