  <div class='ocr_page' id='page_1' title='image "/cluster/home/n/w/nwhite01/storage/ocr_20150623/33/mdp.39015078384412/127.png"; bbox 0 0 4108 6270; ppageno 0'>
   <div class='ocr_carea' id='block_1_1' title="bbox 423 342 543 424">
    <p class='ocr_par' dir='ltr' id='par_1_1' title="bbox 423 342 543 424">
     <span class='ocr_line' id='line_1_1' title="bbox 423 342 543 424; baseline -0.017 0"><span class='ocrx_word' id='word_1_1' title='bbox 423 342 543 424; x_wconf 78' lang='lat'><strong>&#39;239</strong></span> 
     </span>
    </p>
   </div>
   <div class='ocr_carea' id='block_1_2' title="bbox 1614 344 2644 414">
    <p class='ocr_par' dir='ltr' id='par_1_2' title="bbox 1614 344 2644 414">
     <span class='ocr_line' id='line_1_2' title="bbox 1614 344 2644 414; baseline -0.009 0"><span class='ocrx_word' id='word_1_2' title='bbox 1614 355 1715 414; x_wconf 87' lang='lat' dir='ltr'><strong>DE</strong></span> <span class='ocrx_word' id='word_1_3' title='bbox 1758 346 2154 413; x_wconf 80' lang='lat' dir='ltr'><strong>DOCTBINA</strong></span> <span class='ocrx_word' id='word_1_4' title='bbox 2198 346 2265 406; x_wconf 91' lang='lat' dir='ltr'><strong>S.</strong></span> <span class='ocrx_word' id='word_1_5' title='bbox 2311 344 2644 408; x_wconf 80' lang='lat' dir='ltr'><strong>CYRILLI.</strong></span> 
     </span>
    </p>
   </div>
   <div class='ocr_carea' id='block_1_3' title="bbox 3710 347 3831 408">
    <p class='ocr_par' dir='ltr' id='par_1_3' title="bbox 3710 347 3831 408">
     <span class='ocr_line' id='line_1_3' title="bbox 3710 347 3831 408; baseline 0.008 -1"><span class='ocrx_word' id='word_1_6' title='bbox 3710 347 3831 408; x_wconf 70' lang='grc' dir='ltr'><strong>2ιο</strong></span> 
     </span>
    </p>
   </div>
   <div class='ocr_carea' id='block_1_4' title="bbox 424 472 3832 570">
    <p class='ocr_par' dir='ltr' id='par_1_4' title="bbox 424 472 3832 570">
     <span class='ocr_line' id='line_1_4' title="bbox 424 472 3832 570; baseline -0.004 -18"><span class='ocrx_word' id='word_1_7' title='bbox 424 472 803 570; x_wconf 86' lang='lat' dir='ltr'><strong>baptismatis</strong></span> <span class='ocrx_word' id='word_1_8' title='bbox 823 493 1172 566; x_wconf 85' lang='lat' dir='ltr'><strong>adimplere.</strong></span> <span class='ocrx_word' id='word_1_9' title='bbox 1199 494 1439 562; x_wconf 88' lang='lat' dir='ltr'><strong>Quarto,</strong></span> <span class='ocrx_word' id='word_1_10' title='bbox 1462 492 1745 549; x_wconf 88' lang='lat' dir='ltr'><strong>meritum</strong></span> <span class='ocrx_word' id='word_1_11' title='bbox 1766 493 1824 545; x_wconf 88' lang='lat' dir='ltr'><strong>et</strong></span> <span class='ocrx_word' id='word_1_12' title='bbox 1850 487 1971 542; x_wconf 87' lang='lat' dir='ltr'><strong>vim</strong></span> <span class='ocrx_word' id='word_1_13' title='bbox 1997 482 2071 540; x_wconf 91' lang='lat' dir='ltr'><strong>ad</strong></span> <span class='ocrx_word' id='word_1_14' title='bbox 2101 483 2157 552; x_wconf 69' lang='grc' dir='ltr'>Α</span> <span class='ocrx_word' id='word_1_15' title='bbox 2175 493 2375 545; x_wconf 79' lang='lat' dir='ltr'><strong>potest.</strong></span> <span class='ocrx_word' id='word_1_16' title='bbox 2412 481 2569 537; x_wconf 86' lang='lat' dir='ltr'>Nihil</span> <span class='ocrx_word' id='word_1_17' title='bbox 2591 480 2890 554; x_wconf 84' lang='lat' dir='ltr'><strong>prioribus</strong></span> <span class='ocrx_word' id='word_1_18' title='bbox 2911 480 3223 554; x_wconf 78' lang='lat' dir='ltr'><strong>Augustini</strong></span> <span class='ocrx_word' id='word_1_19' title='bbox 3245 484 3303 536; x_wconf 89' lang='lat' dir='ltr'><strong>et</strong></span> <span class='ocrx_word' id='word_1_20' title='bbox 3320 480 3622 537; x_wconf 79' lang='lat' dir='ltr'><strong>Ambrosii</strong></span> <span class='ocrx_word' id='word_1_21' title='bbox 3655 482 3832 538; x_wconf 86' lang='lat' dir='ltr'><strong>testi-</strong></span> 
     </span>
    </p>
   </div>
   <div class='ocr_carea' id='block_1_5' title="bbox 427 573 2069 655">
    <p class='ocr_par' dir='ltr' id='par_1_5' title="bbox 427 573 2069 655">
     <span class='ocr_line' id='line_1_5' title="bbox 427 573 2069 655; baseline -0.01 -11"><span class='ocrx_word' id='word_1_22' title='bbox 427 586 683 644; x_wconf 89' lang='lat' dir='ltr'><strong>salutem</strong></span> <span class='ocrx_word' id='word_1_23' title='bbox 714 586 832 640; x_wconf 85' lang='lat' dir='ltr'><strong>sive</strong></span> <span class='ocrx_word' id='word_1_24' title='bbox 852 582 1133 655; x_wconf 81' lang='lat' dir='ltr'><strong>baptismi</strong></span> <span class='ocrx_word' id='word_1_25' title='bbox 1158 583 1417 654; x_wconf 87' lang='lat' dir='ltr'><strong>suscepti</strong></span> <span class='ocrx_word' id='word_1_26' title='bbox 1443 583 1561 638; x_wconf 90' lang='lat' dir='ltr'><strong>sive</strong></span> <span class='ocrx_word' id='word_1_27' title='bbox 1583 578 1849 652; x_wconf 81' lang='lat' dir='ltr'><strong>martyrii</strong></span> <span class='ocrx_word' id='word_1_28' title='bbox 1875 573 2069 646; x_wconf 85' lang='lat' dir='ltr'><strong>Cyril-</strong></span> 
     </span>
    </p>
   </div>
   <div class='ocr_carea' id='block_1_6' title="bbox 426 664 2071 751">
    <p class='ocr_par' dir='ltr' id='par_1_6' title="bbox 426 664 2071 751">
     <span class='ocr_line' id='line_1_6' title="bbox 426 664 2071 751; baseline -0.01 -16"><span class='ocrx_word' id='word_1_29' title='bbox 426 678 524 735; x_wconf 92' lang='lat' dir='ltr'><strong>lus</strong></span> <span class='ocrx_word' id='word_1_30' title='bbox 547 679 717 751; x_wconf 91' lang='lat' dir='ltr'><strong>ponit</strong></span> <span class='ocrx_word' id='word_1_31' title='bbox 754 678 817 732; x_wconf 92' lang='lat' dir='ltr'><strong>in</strong></span> <span class='ocrx_word' id='word_1_32' title='bbox 839 675 979 731; x_wconf 85' lang='lat' dir='ltr'><strong>ﬁdei</strong></span> <span class='ocrx_word' id='word_1_33' title='bbox 1015 674 1409 741; x_wconf 85' lang='lat' dir='ltr'><strong>confessione,</strong></span> <span class='ocrx_word' id='word_1_34' title='bbox 1444 674 1571 744; x_wconf 89' lang='lat' dir='ltr'><strong>[CC]</strong></span> <span class='ocrx_word' id='word_1_35' title='bbox 1602 677 1668 727; x_wconf 92' lang='lat' dir='ltr'><strong>ut</strong></span> <span class='ocrx_word' id='word_1_36' title='bbox 1689 688 1757 726; x_wconf 92' lang='lat' dir='ltr'><strong>ex</strong></span> <span class='ocrx_word' id='word_1_37' title='bbox 1791 668 1905 741; x_wconf 89' lang='lat' dir='ltr'><strong>ipsi</strong></span> <span class='ocrx_word' id='word_1_38' title='bbox 1925 664 2071 722; x_wconf 87' lang='lat' dir='ltr'><strong>vidi-</strong></span> 
     </span>
    </p>
   </div>
   <div class='ocr_carea' id='block_1_7' title="bbox 428 754 2074 839">
    <p class='ocr_par' dir='ltr' id='par_1_7' title="bbox 428 754 2074 839">
     <span class='ocr_line' id='line_1_7' title="bbox 428 754 2074 839; baseline -0.012 -12"><span class='ocrx_word' id='word_1_39' title='bbox 428 786 565 827; x_wconf 88' lang='lat' dir='ltr'><strong>mus</strong></span> <span class='ocrx_word' id='word_1_40' title='bbox 586 785 716 839; x_wconf 91' lang='lat' dir='ltr'><strong>sup.</strong></span> <span class='ocrx_word' id='word_1_41' title='bbox 743 783 908 822; x_wconf 92' lang='lat' dir='ltr'><strong>num.</strong></span> <span class='ocrx_word' id='word_1_42' title='bbox 933 767 1019 821; x_wconf 66' lang='lat'><strong>64.</strong></span> <span class='ocrx_word' id='word_1_43' title='bbox 1045 764 1223 835; x_wconf 93' lang='lat' dir='ltr'><strong>Atqui</strong></span> <span class='ocrx_word' id='word_1_44' title='bbox 1246 764 1424 818; x_wconf 88' lang='lat' dir='ltr'><strong>homo</strong></span> <span class='ocrx_word' id='word_1_45' title='bbox 1446 762 1614 817; x_wconf 91' lang='lat' dir='ltr'><strong>nulla</strong></span> <span class='ocrx_word' id='word_1_46' title='bbox 1634 777 1741 818; x_wconf 91' lang='lat' dir='ltr'><strong>sua</strong></span> <span class='ocrx_word' id='word_1_47' title='bbox 1764 758 1941 829; x_wconf 89' lang='lat' dir='ltr'><strong>culpa</strong></span> <span class='ocrx_word' id='word_1_48' title='bbox 1967 754 2074 809; x_wconf 90' lang='lat' dir='ltr'><strong>ba-</strong></span> 
     </span>
    </p>
   </div>
   <div class='ocr_carea' id='block_1_8' title="bbox 426 848 2071 933">
    <p class='ocr_par' dir='ltr' id='par_1_8' title="bbox 426 848 2071 933">
     <span class='ocr_line' id='line_1_8' title="bbox 426 848 2071 933; baseline -0.007 -19"><span class='ocrx_word' id='word_1_49' title='bbox 426 859 646 933; x_wconf 90' lang='lat' dir='ltr'><strong>ptismo</strong></span> <span class='ocrx_word' id='word_1_50' title='bbox 677 857 958 928; x_wconf 85' lang='lat' dir='ltr'><strong>privatus,</strong></span> <span class='ocrx_word' id='word_1_51' title='bbox 991 854 1185 926; x_wconf 89' lang='lat' dir='ltr'><strong>potuit</strong></span> <span class='ocrx_word' id='word_1_52' title='bbox 1230 852 1407 908; x_wconf 83' lang='lat' dir='ltr'><strong>ﬁdem</strong></span> <span class='ocrx_word' id='word_1_53' title='bbox 1434 850 1707 908; x_wconf 84' lang='lat' dir='ltr'><strong>conﬁteri</strong></span> <span class='ocrx_word' id='word_1_54' title='bbox 1746 848 1836 905; x_wconf 87' lang='lat' dir='ltr'><strong>vel</strong></span> <span class='ocrx_word' id='word_1_55' title='bbox 1874 863 2071 903; x_wconf 90' lang='lat' dir='ltr'><strong>coram</strong></span> 
     </span>
    </p>
   </div>
   <div class='ocr_carea' id='block_1_9' title="bbox 428 938 2070 1020">
    <p class='ocr_par' dir='ltr' id='par_1_9' title="bbox 428 938 2070 1020">
     <span class='ocr_line' id='line_1_9' title="bbox 428 938 2070 1020; baseline -0.006 -17"><span class='ocrx_word' id='word_1_56' title='bbox 428 947 697 1020; x_wconf 83' lang='lat' dir='ltr'><strong>tyrannis</strong></span> <span class='ocrx_word' id='word_1_57' title='bbox 723 950 826 1002; x_wconf 89' lang='lat' dir='ltr'><strong>aut</strong></span> <span class='ocrx_word' id='word_1_58' title='bbox 854 942 1167 1009; x_wconf 73' lang='lat' dir='ltr'><strong>hmreticis,</strong></span> <span class='ocrx_word' id='word_1_59' title='bbox 1210 947 1313 997; x_wconf 91' lang='lat' dir='ltr'><strong>aut</strong></span> <span class='ocrx_word' id='word_1_60' title='bbox 1340 942 1563 1013; x_wconf 83' lang='lat' dir='ltr'><strong>alioqui</strong></span> <span class='ocrx_word' id='word_1_61' title='bbox 1596 939 1737 996; x_wconf 86' lang='lat' dir='ltr'><strong>fidei</strong></span> <span class='ocrx_word' id='word_1_62' title='bbox 1790 938 2070 1008; x_wconf 89' lang='lat' dir='ltr'><strong>inimicis,</strong></span> 
     </span>
    </p>
   </div>
   <div class='ocr_carea' id='block_1_10' title="bbox 427 1026 2073 1101">
    <p class='ocr_par' dir='ltr' id='par_1_10' title="bbox 427 1026 2073 1101">
     <span class='ocr_line' id='line_1_10' title="bbox 427 1026 2073 1101; baseline -0.006 -10"><span class='ocrx_word' id='word_1_63' title='bbox 427 1037 520 1091; x_wconf 87' lang='lat' dir='ltr'><strong>vel</strong></span> <span class='ocrx_word' id='word_1_64' title='bbox 541 1037 603 1091; x_wconf 89' lang='lat' dir='ltr'><strong>in</strong></span> <span class='ocrx_word' id='word_1_65' title='bbox 623 1034 886 1091; x_wconf 84' lang='lat' dir='ltr'><strong>Ecclesia</strong></span> <span class='ocrx_word' id='word_1_66' title='bbox 904 1048 1105 1089; x_wconf 90' lang='lat' dir='ltr'><strong>coram</strong></span> <span class='ocrx_word' id='word_1_67' title='bbox 1131 1030 1538 1088; x_wconf 86' lang='lat' dir='ltr'><strong>sacerdotibus</strong></span> <span class='ocrx_word' id='word_1_68' title='bbox 1560 1028 1903 1101; x_wconf 87' lang='lat' dir='ltr'><strong>Symbolum</strong></span> <span class='ocrx_word' id='word_1_69' title='bbox 1921 1026 2073 1082; x_wconf 90' lang='lat' dir='ltr'><strong>reci-</strong></span> 
     </span>
    </p>
   </div>
   <div class='ocr_carea' id='block_1_11' title="bbox 427 1115 2071 1194">
    <p class='ocr_par' dir='ltr' id='par_1_11' title="bbox 427 1115 2071 1194">
     <span class='ocr_line' id='line_1_11' title="bbox 427 1115 2071 1194; baseline -0.007 -13"><span class='ocrx_word' id='word_1_70' title='bbox 427 1124 632 1181; x_wconf 86' lang='lat' dir='ltr'><strong>tando.</strong></span> <span class='ocrx_word' id='word_1_71' title='bbox 662 1122 886 1179; x_wconf 83' lang='lat' dir='ltr'><strong>Habere</strong></span> <span class='ocrx_word' id='word_1_72' title='bbox 909 1122 1087 1194; x_wconf 80' lang='lat' dir='ltr'><strong>igitur</strong></span> <span class='ocrx_word' id='word_1_73' title='bbox 1103 1120 1377 1176; x_wconf 88' lang='lat' dir='ltr'><strong>debetvel</strong></span> <span class='ocrx_word' id='word_1_74' title='bbox 1400 1119 1667 1190; x_wconf 86' lang='lat' dir='ltr'><strong>martyrii</strong></span> <span class='ocrx_word' id='word_1_75' title='bbox 1682 1116 1771 1173; x_wconf 88' lang='lat' dir='ltr'><strong>vel</strong></span> <span class='ocrx_word' id='word_1_76' title='bbox 1792 1115 2071 1188; x_wconf 87' lang='lat' dir='ltr'><strong>baptismi</strong></span> 
     </span>
    </p>
   </div>
   <div class='ocr_carea' id='block_1_12' title="bbox 426 1204 2069 1282">
    <p class='ocr_par' dir='ltr' id='par_1_12' title="bbox 426 1204 2069 1282">
     <span class='ocr_line' id='line_1_12' title="bbox 426 1204 2069 1282; baseline -0.006 -13"><span class='ocrx_word' id='word_1_77' title='bbox 426 1214 729 1270; x_wconf 91' lang='lat' dir='ltr'><strong>meritum.</strong></span> <span class='ocrx_word' id='word_1_78' title='bbox 762 1214 842 1267; x_wconf 92' lang='lat' dir='ltr'><strong>Ea</strong></span> <span class='ocrx_word' id='word_1_79' title='bbox 872 1227 967 1266; x_wconf 90' lang='lat' dir='ltr'><strong>me</strong></span> <span class='ocrx_word' id='word_1_80' title='bbox 1020 1215 1367 1282; x_wconf 86' lang='lat' dir='ltr'><strong>permovent</strong></span> <span class='ocrx_word' id='word_1_81' title='bbox 1394 1214 1462 1263; x_wconf 92' lang='lat' dir='ltr'><strong>ut</strong></span> <span class='ocrx_word' id='word_1_82' title='bbox 1515 1206 1775 1275; x_wconf 90' lang='lat' dir='ltr'><strong>credam,</strong></span> <span class='ocrx_word' id='word_1_83' title='bbox 1831 1204 1991 1276; x_wconf 92' lang='lat' dir='ltr'><strong>quod</strong></span> <span class='ocrx_word' id='word_1_84' title='bbox 2022 1205 2069 1260; x_wconf 92' lang='lat' dir='ltr'><strong>si</strong></span> 
     </span>
    </p>
   </div>
   <div class='ocr_carea' id='block_1_13' title="bbox 426 1296 2070 1375">
    <p class='ocr_par' dir='ltr' id='par_1_13' title="bbox 426 1296 2070 1375">
     <span class='ocr_line' id='line_1_13' title="bbox 426 1296 2070 1375; baseline -0.005 -16"><span class='ocrx_word' id='word_1_85' title='bbox 426 1304 682 1375; x_wconf 86' lang='lat' dir='ltr'><strong>Cyrillus</strong></span> <span class='ocrx_word' id='word_1_86' title='bbox 712 1302 806 1357; x_wconf 91' lang='lat' dir='ltr'><strong>his</strong></span> <span class='ocrx_word' id='word_1_87' title='bbox 827 1301 950 1357; x_wconf 89' lang='lat' dir='ltr'><strong>suis</strong></span> <span class='ocrx_word' id='word_1_88' title='bbox 971 1300 1281 1373; x_wconf 88' lang='lat' dir='ltr'><strong>principiis</strong></span> <span class='ocrx_word' id='word_1_89' title='bbox 1306 1299 1677 1361; x_wconf 88' lang='lat' dir='ltr'><strong>attendisset,</strong></span> <span class='ocrx_word' id='word_1_90' title='bbox 1710 1301 1816 1353; x_wconf 91' lang='lat' dir='ltr'><strong>aut</strong></span> <span class='ocrx_word' id='word_1_91' title='bbox 1845 1296 2070 1368; x_wconf 87' lang='lat' dir='ltr'><strong>specia-</strong></span> 
     </span>
    </p>
   </div>
   <div class='ocr_carea' id='block_1_14' title="bbox 425 1384 2071 1460">
    <p class='ocr_par' dir='ltr' id='par_1_14' title="bbox 425 1384 2071 1460">
     <span class='ocr_line' id='line_1_14' title="bbox 425 1384 2071 1460; baseline -0.005 -11"><span class='ocrx_word' id='word_1_92' title='bbox 425 1394 543 1450; x_wconf 89' lang='lat' dir='ltr'><strong>lius</strong></span> <span class='ocrx_word' id='word_1_93' title='bbox 566 1394 638 1447; x_wconf 89' lang='lat' dir='ltr'><strong>de</strong></span> <span class='ocrx_word' id='word_1_94' title='bbox 669 1408 847 1448; x_wconf 90' lang='lat' dir='ltr'><strong>causa</strong></span> <span class='ocrx_word' id='word_1_95' title='bbox 866 1389 1127 1446; x_wconf 90' lang='lat' dir='ltr'><strong>hominis</strong></span> <span class='ocrx_word' id='word_1_96' title='bbox 1159 1390 1287 1445; x_wconf 90' lang='lat' dir='ltr'><strong>sine</strong></span> <span class='ocrx_word' id='word_1_97' title='bbox 1309 1388 1603 1460; x_wconf 89' lang='lat' dir='ltr'><strong>baptismo</strong></span> <span class='ocrx_word' id='word_1_98' title='bbox 1626 1386 1794 1442; x_wconf 90' lang='lat' dir='ltr'><strong>nulla</strong></span> <span class='ocrx_word' id='word_1_99' title='bbox 1826 1401 1932 1442; x_wconf 91' lang='lat' dir='ltr'><strong>sua</strong></span> <span class='ocrx_word' id='word_1_100' title='bbox 1952 1384 2071 1440; x_wconf 85' lang='lat' dir='ltr'><strong>cul-</strong></span> 
     </span>
    </p>
   </div>
   <div class='ocr_carea' id='block_1_15' title="bbox 424 1474 2070 1556">
    <p class='ocr_par' dir='ltr' id='par_1_15' title="bbox 424 1474 2070 1556">
     <span class='ocr_line' id='line_1_15' title="bbox 424 1474 2070 1556; baseline -0.005 -17"><span class='ocrx_word' id='word_1_101' title='bbox 424 1501 502 1556; x_wconf 90' lang='lat' dir='ltr'><strong>pa</strong></span> <span class='ocrx_word' id='word_1_102' title='bbox 531 1481 871 1538; x_wconf 87' lang='lat' dir='ltr'><strong>decedentis</strong></span> <span class='ocrx_word' id='word_1_103' title='bbox 902 1484 1139 1553; x_wconf 84' lang='lat' dir='ltr'><strong>rogatus</strong></span> <span class='ocrx_word' id='word_1_104' title='bbox 1169 1477 1415 1546; x_wconf 78' lang='lat' dir='ltr'><strong>fuisset;</strong></span> <span class='ocrx_word' id='word_1_105' title='bbox 1444 1492 1877 1549; x_wconf 89' lang='lat' dir='ltr'><strong>responsurum</strong></span> <span class='ocrx_word' id='word_1_106' title='bbox 1899 1474 2070 1531; x_wconf 91' lang='lat' dir='ltr'><strong>illum</strong></span> 
     </span>
    </p>
   </div>
   <div class='ocr_carea' id='block_1_16' title="bbox 423 1564 2070 1639">
    <p class='ocr_par' dir='ltr' id='par_1_16' title="bbox 423 1564 2070 1639">
     <span class='ocr_line' id='line_1_16' title="bbox 423 1564 2070 1639; baseline -0.006 -11"><span class='ocrx_word' id='word_1_107' title='bbox 423 1572 630 1639; x_wconf 85' lang='lat' dir='ltr'><strong>fuisse,</strong></span> <span class='ocrx_word' id='word_1_108' title='bbox 662 1570 968 1625; x_wconf 86' lang='lat' dir='ltr'><strong>hominem</strong></span> <span class='ocrx_word' id='word_1_109' title='bbox 1015 1568 1186 1623; x_wconf 90' lang='lat' dir='ltr'><strong>illum</strong></span> <span class='ocrx_word' id='word_1_110' title='bbox 1236 1568 1283 1622; x_wconf 91' lang='lat' dir='ltr'><strong>si</strong></span> <span class='ocrx_word' id='word_1_111' title='bbox 1337 1566 1560 1638; x_wconf 89' lang='lat' dir='ltr'><strong>alioqui</strong></span> <span class='ocrx_word' id='word_1_112' title='bbox 1609 1570 1852 1637; x_wconf 89' lang='lat' dir='ltr'><strong>peccata</strong></span> <span class='ocrx_word' id='word_1_113' title='bbox 1895 1564 2070 1637; x_wconf 80' lang='lat' dir='ltr'><strong>digne</strong></span> 
     </span>
    </p>
   </div>
   <div class='ocr_carea' id='block_1_17' title="bbox 427 1655 2074 1727">
    <p class='ocr_par' dir='ltr' id='par_1_17' title="bbox 427 1655 2074 1727">
     <span class='ocr_line' id='line_1_17' title="bbox 427 1655 2074 1727; baseline -0.005 -11"><span class='ocrx_word' id='word_1_114' title='bbox 427 1659 823 1726; x_wconf 87' lang='lat' dir='ltr'><strong>emendasset,</strong></span> <span class='ocrx_word' id='word_1_115' title='bbox 849 1657 1059 1712; x_wconf 90' lang='lat' dir='ltr'><strong>salutis</strong></span> <span class='ocrx_word' id='word_1_116' title='bbox 1073 1661 1375 1727; x_wconf 83' lang='lat' dir='ltr'><strong>expertem</strong></span> <span class='ocrx_word' id='word_1_117' title='bbox 1397 1672 1516 1710; x_wconf 93' lang='lat' dir='ltr'><strong>non</strong></span> <span class='ocrx_word' id='word_1_118' title='bbox 1530 1655 1816 1710; x_wconf 86' lang='lat' dir='ltr'><strong>futurum.</strong></span> <span class='ocrx_word' id='word_1_119' title='bbox 1840 1655 1919 1708; x_wconf 90' lang='lat' dir='ltr'><strong>De</strong></span> <span class='ocrx_word' id='word_1_120' title='bbox 1939 1656 2074 1709; x_wconf 89' lang='lat' dir='ltr'><strong>Am-</strong></span> 
     </span>
    </p>
   </div>
   <div class='ocr_carea' id='block_1_18' title="bbox 425 1743 2068 1820">
    <p class='ocr_par' dir='ltr' id='par_1_18' title="bbox 425 1743 2068 1820">
     <span class='ocr_line' id='line_1_18' title="bbox 425 1743 2068 1820; baseline -0.004 -15"><span class='ocrx_word' id='word_1_121' title='bbox 425 1748 609 1805; x_wconf 90' lang='lat' dir='ltr'><strong>brosii</strong></span> <span class='ocrx_word' id='word_1_122' title='bbox 643 1753 701 1803; x_wconf 91' lang='lat' dir='ltr'><strong>et</strong></span> <span class='ocrx_word' id='word_1_123' title='bbox 719 1746 1033 1820; x_wconf 84' lang='lat' dir='ltr'><strong>Augustini</strong></span> <span class='ocrx_word' id='word_1_124' title='bbox 1060 1745 1218 1801; x_wconf 91' lang='lat' dir='ltr'><strong>circa</strong></span> <span class='ocrx_word' id='word_1_125' title='bbox 1239 1745 1479 1817; x_wconf 85' lang='lat' dir='ltr'><strong>expetiti</strong></span> <span class='ocrx_word' id='word_1_126' title='bbox 1502 1743 1877 1815; x_wconf 86' lang='lat' dir='ltr'><strong>baptismatis</strong></span> <span class='ocrx_word' id='word_1_127' title='bbox 1899 1743 2068 1798; x_wconf 81' lang='lat' dir='ltr'><strong>sufﬁ-</strong></span> 
     </span>
    </p>
   </div>
   <div class='ocr_carea' id='block_1_19' title="bbox 426 1833 2146 1932">
    <p class='ocr_par' dir='ltr' id='par_1_19' title="bbox 426 1833 2146 1932">
     <span class='ocr_line' id='line_1_19' title="bbox 426 1833 2146 1932; baseline -0.003 -37"><span class='ocrx_word' id='word_1_128' title='bbox 426 1839 705 1895; x_wconf 88' lang='lat' dir='ltr'><strong>cientiam</strong></span> <span class='ocrx_word' id='word_1_129' title='bbox 736 1837 1031 1893; x_wconf 87' lang='lat' dir='ltr'><strong>sententia</strong></span> <span class='ocrx_word' id='word_1_130' title='bbox 1055 1835 1302 1891; x_wconf 91' lang='lat' dir='ltr'><strong>dubium</strong></span> <span class='ocrx_word' id='word_1_131' title='bbox 1320 1835 1553 1932; x_wconf 72' lang='lat' dir='ltr'><strong>nullum</strong></span> <span class='ocrx_word' id='word_1_132' title='bbox 1575 1849 1704 1889; x_wconf 92' lang='lat' dir='ltr'><strong>esse</strong></span> <span class='ocrx_word' id='word_1_133' title='bbox 1728 1838 1941 1932; x_wconf 70' lang='lat' dir='ltr'><strong>potest.</strong></span> <span class='ocrx_word' id='word_1_134' title='bbox 1968 1833 2072 1890; x_wconf 87' lang='lat' dir='ltr'><strong>Vix</strong></span> <span class='ocrx_word' id='word_1_135' title='bbox 2098 1866 2146 1932; x_wconf 81' lang='grc' dir='ltr'><strong>Β</strong></span> 
     </span>
    </p>
   </div>
   <div class='ocr_carea' id='block_1_20' title="bbox 426 1921 2068 1999">
    <p class='ocr_par' dir='ltr' id='par_1_20' title="bbox 426 1921 2068 1999">
     <span class='ocr_line' id='line_1_20' title="bbox 426 1921 2068 1999; baseline -0.004 -16"><span class='ocrx_word' id='word_1_136' title='bbox 426 1933 627 1984; x_wconf 87' lang='lat' dir='ltr'><strong>tamen</strong></span> <span class='ocrx_word' id='word_1_137' title='bbox 643 1927 798 1999; x_wconf 90' lang='lat' dir='ltr'><strong>apud</strong></span> <span class='ocrx_word' id='word_1_138' title='bbox 810 1925 1097 1998; x_wconf 87' lang='lat' dir='ltr'><strong>Cyrillum</strong></span> <span class='ocrx_word' id='word_1_139' title='bbox 1111 1923 1510 1996; x_wconf 88' lang='lat' dir='ltr'><strong>expressiores</strong></span> <span class='ocrx_word' id='word_1_140' title='bbox 1528 1926 1848 1977; x_wconf 90' lang='lat' dir='ltr'><strong>occurrunt</strong></span> <span class='ocrx_word' id='word_1_141' title='bbox 1860 1921 2068 1977; x_wconf 89' lang='lat' dir='ltr'><strong>adver-</strong></span> 
     </span>
    </p>
   </div>
   <div class='ocr_carea' id='block_1_21' title="bbox 418 2004 2069 2088">
    <p class='ocr_par' dir='ltr' id='par_1_21' title="bbox 418 2004 2069 2088">
     <span class='ocr_line' id='line_1_21' title="bbox 418 2004 2069 2088; baseline -0.005 -15"><span class='ocrx_word' id='word_1_142' title='bbox 418 2004 527 2073; x_wconf 14' lang='lat' dir='ltr'><strong>‘sus</strong></span> <span class='ocrx_word' id='word_1_143' title='bbox 543 2034 672 2072; x_wconf 90' lang='lat' dir='ltr'><strong>eam</strong></span> <span class='ocrx_word' id='word_1_144' title='bbox 690 2016 1029 2088; x_wconf 89' lang='lat' dir='ltr'><strong>opinionem</strong></span> <span class='ocrx_word' id='word_1_145' title='bbox 1046 2013 1376 2069; x_wconf 67' lang='lat' dir='ltr'><strong>sententiae.</strong></span> <span class='ocrx_word' id='word_1_146' title='bbox 1395 2011 1761 2080; x_wconf 89' lang='lat' dir='ltr'><strong>Ambrosius,</strong></span> <span class='ocrx_word' id='word_1_147' title='bbox 1775 2011 1877 2065; x_wconf 90' lang='lat' dir='ltr'><strong>lib.</strong></span> <span class='ocrx_word' id='word_1_148' title='bbox 1909 2028 1967 2067; x_wconf 90' lang='lat' dir='ltr'><strong>Il.</strong></span> <span class='ocrx_word' id='word_1_149' title='bbox 1990 2015 2069 2065; x_wconf 88' lang='lat' dir='ltr'><strong>De</strong></span> 
     </span>
    </p>
   </div>
   <div class='ocr_carea' id='block_1_22' title="bbox 424 2098 2067 2178">
    <p class='ocr_par' dir='ltr' id='par_1_22' title="bbox 424 2098 2067 2178">
     <span class='ocr_line' id='line_1_22' title="bbox 424 2098 2067 2178; baseline -0.009 -16"><span class='ocrx_word' id='word_1_150' title='bbox 424 2107 662 2162; x_wconf 82' lang='lat' dir='ltr'><strong>Abrah..</strong></span> <span class='ocrx_word' id='word_1_151' title='bbox 693 2122 820 2178; x_wconf 90' lang='lat' dir='ltr'><strong>cap.</strong></span> <span class='ocrx_word' id='word_1_152' title='bbox 846 2107 931 2170; x_wconf 92' lang='grc'><strong>11,</strong></span> <span class='ocrx_word' id='word_1_153' title='bbox 957 2120 1121 2159; x_wconf 90' lang='lat' dir='ltr'><strong>num.</strong></span> <span class='ocrx_word' id='word_1_154' title='bbox 1144 2104 1234 2170; x_wconf 87' lang='lat'><strong>79,</strong></span> <span class='ocrx_word' id='word_1_155' title='bbox 1266 2100 1439 2149; x_wconf 84' lang='lat' dir='ltr'><strong>Nemo</strong></span> <span class='ocrx_word' id='word_1_156' title='bbox 1467 2098 1712 2148; x_wconf 77' lang='lat' dir='ltr'><strong>ascendit</strong></span> <span class='ocrx_word' id='word_1_157' title='bbox 1745 2098 1806 2146; x_wconf 85' lang='lat' dir='ltr'><strong>in</strong></span> <span class='ocrx_word' id='word_1_158' title='bbox 1826 2113 2067 2174; x_wconf 80' lang='lat' dir='ltr'><strong>regnum</strong></span> 
     </span>
    </p>
   </div>
   <div class='ocr_carea' id='block_1_23' title="bbox 424 2188 2066 2256">
    <p class='ocr_par' dir='ltr' id='par_1_23' title="bbox 424 2188 2066 2256">
     <span class='ocr_line' id='line_1_23' title="bbox 424 2188 2066 2256; baseline -0.004 -12"><span class='ocrx_word' id='word_1_159' title='bbox 424 2196 689 2244; x_wconf 81' lang='lat' dir='ltr'><strong>caelorum</strong></span> <span class='ocrx_word' id='word_1_160' title='bbox 722 2195 836 2243; x_wconf 80' lang='lat' dir='ltr'><strong>nisi</strong></span> <span class='ocrx_word' id='word_1_161' title='bbox 877 2208 985 2254; x_wconf 89' lang='lat' dir='ltr'><strong>per</strong></span> <span class='ocrx_word' id='word_1_162' title='bbox 1020 2206 1228 2256; x_wconf 87' lang='lat' dir='ltr'><strong>aquam</strong></span> <span class='ocrx_word' id='word_1_163' title='bbox 1279 2191 1671 2252; x_wconf 74' lang='lat' dir='ltr'><strong>baptismatis;</strong></span> <span class='ocrx_word' id='word_1_164' title='bbox 1699 2194 1752 2238; x_wconf 88' lang='lat' dir='ltr'><strong>et</strong></span> <span class='ocrx_word' id='word_1_165' title='bbox 1798 2204 1944 2239; x_wconf 91' lang='lat' dir='ltr'><strong>num.</strong></span> <span class='ocrx_word' id='word_1_166' title='bbox 1985 2188 2066 2247; x_wconf 76' lang='lat'><strong>84,</strong></span> 
     </span>
    </p>
   </div>
   <div class='ocr_carea' id='block_1_24' title="bbox 423 2279 2067 2349">
    <p class='ocr_par' dir='ltr' id='par_1_24' title="bbox 423 2279 2067 2349">
     <span class='ocr_line' id='line_1_24' title="bbox 423 2279 2067 2349; baseline -0.001 -19"><span class='ocrx_word' id='word_1_167' title='bbox 423 2304 450 2330; x_wconf 70' lang='grc' dir='ltr'><strong><em>α</em></strong></span> <span class='ocrx_word' id='word_1_168' title='bbox 480 2286 609 2336; x_wconf 76' lang='grc' dir='ltr'><strong>Νι.ςὶ</strong></span> <span class='ocrx_word' id='word_1_169' title='bbox 637 2284 766 2349; x_wconf 88' lang='lat' dir='ltr'><strong>quis</strong></span> <span class='ocrx_word' id='word_1_170' title='bbox 795 2291 1028 2332; x_wconf 86' lang='lat' dir='ltr'><strong>renatus</strong></span> <span class='ocrx_word' id='word_1_171' title='bbox 1073 2281 1253 2344; x_wconf 76' lang='lat' dir='ltr'><strong>fuerit</strong></span> <span class='ocrx_word' id='word_1_172' title='bbox 1294 2282 1354 2338; x_wconf 82' lang='grc' dir='ltr'><strong>³ο,</strong></span> <span class='ocrx_word' id='word_1_173' title='bbox 1386 2301 1411 2326; x_wconf 70' lang='grc' dir='ltr'><strong>κ</strong></span> <span class='ocrx_word' id='word_1_174' title='bbox 1461 2284 1561 2338; x_wconf 87' lang='lat' dir='ltr'><strong>etc,</strong></span> <span class='ocrx_word' id='word_1_175' title='bbox 1602 2280 1804 2343; x_wconf 78' lang='lat' dir='ltr'><strong>Utique</strong></span> <span class='ocrx_word' id='word_1_176' title='bbox 1836 2279 2067 2328; x_wconf 86' lang='lat' dir='ltr'><strong>nullum</strong></span> 
     </span>
    </p>
   </div>
   <div class='ocr_carea' id='block_1_25' title="bbox 421 2372 2068 2439">
    <p class='ocr_par' dir='ltr' id='par_1_25' title="bbox 421 2372 2068 2439">
     <span class='ocr_line' id='line_1_25' title="bbox 421 2372 2068 2439; baseline -0.004 -14"><span class='ocrx_word' id='word_1_177' title='bbox 421 2377 644 2439; x_wconf 79' lang='lat' dir='ltr'><strong>excipit,</strong></span> <span class='ocrx_word' id='word_1_178' title='bbox 676 2391 788 2424; x_wconf 90' lang='lat' dir='ltr'><strong>non</strong></span> <span class='ocrx_word' id='word_1_179' title='bbox 820 2377 1118 2437; x_wconf 76' lang='lat' dir='ltr'><strong>infantem,</strong></span> <span class='ocrx_word' id='word_1_180' title='bbox 1153 2388 1261 2422; x_wconf 89' lang='lat' dir='ltr'><strong>non</strong></span> <span class='ocrx_word' id='word_1_181' title='bbox 1291 2372 1486 2437; x_wconf 81' lang='lat' dir='ltr'><strong>aliqua</strong></span> <span class='ocrx_word' id='word_1_182' title='bbox 1508 2380 1862 2433; x_wconf 82' lang='lat' dir='ltr'><strong>praeventum</strong></span> <span class='ocrx_word' id='word_1_183' title='bbox 1892 2385 2068 2419; x_wconf 86' lang='lat' dir='ltr'><strong>neces-</strong></span> 
     </span>
    </p>
   </div>
   <div class='ocr_carea' id='block_1_26' title="bbox 419 2451 2065 2523">
    <p class='ocr_par' dir='ltr' id='par_1_26' title="bbox 419 2451 2065 2523">
     <span class='ocr_line' id='line_1_26' title="bbox 419 2451 2065 2523; baseline -0.002 -13"><span class='ocrx_word' id='word_1_184' title='bbox 419 2458 603 2507; x_wconf 79' lang='lat' dir='ltr'><strong>sitate.</strong></span> <span class='ocrx_word' id='word_1_185' title='bbox 629 2456 703 2505; x_wconf 85' lang='lat' dir='ltr'><strong>In</strong></span> <span class='ocrx_word' id='word_1_186' title='bbox 723 2456 875 2517; x_wconf 65' lang='grc' dir='ltr'><strong>μναῖ.</strong></span> <span class='ocrx_word' id='word_1_187' title='bbox 910 2472 1099 2522; x_wconf 83' lang='lat' dir='ltr'><strong>cxvm,</strong></span> <span class='ocrx_word' id='word_1_188' title='bbox 1133 2471 1308 2510; x_wconf 89' lang='lat' dir='ltr'><strong>serm.</strong></span> <span class='ocrx_word' id='word_1_189' title='bbox 1343 2454 1398 2523; x_wconf 91' lang='lat'><strong>3,</strong></span> <span class='ocrx_word' id='word_1_190' title='bbox 1429 2469 1595 2509; x_wconf 90' lang='lat' dir='ltr'><strong>num.</strong></span> <span class='ocrx_word' id='word_1_191' title='bbox 1652 2454 1737 2519; x_wconf 87' lang='grc'><strong>13,</strong></span> <span class='ocrx_word' id='word_1_192' title='bbox 1774 2451 2065 2523; x_wconf 89' lang='lat' dir='ltr'><strong>triplicem</strong></span> 
     </span>
    </p>
   </div>
   <div class='ocr_carea' id='block_1_27' title="bbox 419 2541 2069 2619">
    <p class='ocr_par' dir='ltr' id='par_1_27' title="bbox 419 2541 2069 2619">
     <span class='ocr_line' id='line_1_27' title="bbox 419 2541 2069 2619; baseline -0.004 -18"><span class='ocrx_word' id='word_1_193' title='bbox 419 2546 784 2619; x_wconf 88' lang='lat' dir='ltr'><strong>baptismum</strong></span> <span class='ocrx_word' id='word_1_194' title='bbox 829 2543 1177 2616; x_wconf 82' lang='lat' dir='ltr'><strong>distinguit:</strong></span> <span class='ocrx_word' id='word_1_195' title='bbox 1237 2543 1514 2598; x_wconf 73' lang='lat' dir='ltr'><strong>Ecclesiae</strong></span> <span class='ocrx_word' id='word_1_196' title='bbox 1571 2541 1932 2612; x_wconf 87' lang='lat' dir='ltr'><strong>baptismum</strong></span> <span class='ocrx_word' id='word_1_197' title='bbox 1963 2557 2069 2612; x_wconf 91' lang='lat' dir='ltr'><strong>per</strong></span> 
     </span>
    </p>
   </div>
   <div class='ocr_carea' id='block_1_28' title="bbox 419 2629 2065 2706">
    <p class='ocr_par' dir='ltr' id='par_1_28' title="bbox 419 2629 2065 2706">
     <span class='ocr_line' id='line_1_28' title="bbox 419 2629 2065 2706; baseline -0.005 -15"><span class='ocrx_word' id='word_1_198' title='bbox 419 2652 635 2706; x_wconf 88' lang='lat' dir='ltr'><strong>aquam</strong></span> <span class='ocrx_word' id='word_1_199' title='bbox 668 2640 727 2688; x_wconf 90' lang='lat' dir='ltr'><strong>et</strong></span> <span class='ocrx_word' id='word_1_200' title='bbox 754 2633 1036 2704; x_wconf 89' lang='lat' dir='ltr'><strong>Spiritum</strong></span> <span class='ocrx_word' id='word_1_201' title='bbox 1070 2636 1373 2697; x_wconf 85' lang='lat' dir='ltr'><strong>sanctum;</strong></span> <span class='ocrx_word' id='word_1_202' title='bbox 1423 2629 1783 2701; x_wconf 88' lang='lat' dir='ltr'><strong>baptismum</strong></span> <span class='ocrx_word' id='word_1_203' title='bbox 1829 2629 2065 2701; x_wconf 87' lang='lat' dir='ltr'><strong>sangui-</strong></span> 
     </span>
    </p>
   </div>
   <div class='ocr_carea' id='block_1_29' title="bbox 417 2717 2065 2793">
    <p class='ocr_par' dir='ltr' id='par_1_29' title="bbox 417 2717 2065 2793">
     <span class='ocr_line' id='line_1_29' title="bbox 417 2717 2065 2793; baseline -0.003 -16"><span class='ocrx_word' id='word_1_204' title='bbox 417 2724 544 2791; x_wconf 89' lang='lat' dir='ltr'><strong>nis;</strong></span> <span class='ocrx_word' id='word_1_205' title='bbox 568 2728 625 2777; x_wconf 92' lang='lat' dir='ltr'><strong>et</strong></span> <span class='ocrx_word' id='word_1_206' title='bbox 648 2720 1177 2793; x_wconf 85' lang='lat' dir='ltr'><strong>baptismumignis</strong></span> <span class='ocrx_word' id='word_1_207' title='bbox 1198 2718 1523 2792; x_wconf 82' lang='lat' dir='ltr'><strong>purgatorii</strong></span> <span class='ocrx_word' id='word_1_208' title='bbox 1545 2718 1607 2772; x_wconf 91' lang='lat' dir='ltr'><strong>in</strong></span> <span class='ocrx_word' id='word_1_209' title='bbox 1626 2717 1963 2790; x_wconf 85' lang='lat' dir='ltr'><strong>diejudicii.</strong></span> <span class='ocrx_word' id='word_1_210' title='bbox 1986 2719 2065 2772; x_wconf 90' lang='lat' dir='ltr'><strong>De</strong></span> 
     </span>
    </p>
   </div>
   <div class='ocr_carea' id='block_1_30' title="bbox 414 2806 2065 2884">
    <p class='ocr_par' dir='ltr' id='par_1_30' title="bbox 414 2806 2065 2884">
     <span class='ocr_line' id='line_1_30' title="bbox 414 2806 2065 2884; baseline -0.012 -12"><span class='ocrx_word' id='word_1_211' title='bbox 414 2811 737 2884; x_wconf 83' lang='lat' dir='ltr'><strong>mysteriis,</strong></span> <span class='ocrx_word' id='word_1_212' title='bbox 770 2827 897 2882; x_wconf 89' lang='lat' dir='ltr'><strong>cap.</strong></span> <span class='ocrx_word' id='word_1_213' title='bbox 926 2812 979 2879; x_wconf 76' lang='grc'><strong>4,</strong></span> <span class='ocrx_word' id='word_1_214' title='bbox 1014 2827 1072 2865; x_wconf 86' lang='lat' dir='ltr'><strong>Il.</strong></span> <span class='ocrx_word' id='word_1_215' title='bbox 1098 2813 1187 2876; x_wconf 83' lang='lat'><strong>20,</strong></span> <span class='ocrx_word' id='word_1_216' title='bbox 1222 2808 1407 2857; x_wconf 74' lang='lat' dir='ltr'><strong>Credit</strong></span> <span class='ocrx_word' id='word_1_217' title='bbox 1440 2807 1611 2855; x_wconf 87' lang='lat' dir='ltr'><strong>etiam</strong></span> <span class='ocrx_word' id='word_1_218' title='bbox 1641 2806 2065 2856; x_wconf 84' lang='lat' dir='ltr'><strong>catechumenus</strong></span> 
     </span>
    </p>
   </div>
   <div class='ocr_carea' id='block_1_31' title="bbox 414 2893 2067 2956">
    <p class='ocr_par' dir='ltr' id='par_1_31' title="bbox 414 2893 2067 2956">
     <span class='ocr_line' id='line_1_31' title="bbox 414 2893 2067 2956; baseline -0.005 -7"><span class='ocrx_word' id='word_1_219' title='bbox 414 2900 478 2950; x_wconf 88' lang='lat' dir='ltr'><strong>in</strong></span> <span class='ocrx_word' id='word_1_220' title='bbox 513 2913 730 2949; x_wconf 87' lang='lat' dir='ltr'><strong>crucem</strong></span> <span class='ocrx_word' id='word_1_221' title='bbox 759 2900 827 2948; x_wconf 89' lang='lat' dir='ltr'><strong>D.</strong></span> <span class='ocrx_word' id='word_1_222' title='bbox 857 2898 1013 2946; x_wconf 84' lang='lat' dir='ltr'><strong>Jesu.</strong></span> <span class='ocrx_word' id='word_1_223' title='bbox 1044 2897 1151 2947; x_wconf 86' lang='lat' dir='ltr'><strong>Sed</strong></span> <span class='ocrx_word' id='word_1_224' title='bbox 1180 2895 1298 2944; x_wconf 87' lang='lat' dir='ltr'><strong>nisi</strong></span> <span class='ocrx_word' id='word_1_225' title='bbox 1329 2893 1644 2956; x_wconf 76' lang='lat' dir='ltr'><strong>baptizatus</strong></span> <span class='ocrx_word' id='word_1_226' title='bbox 1671 2893 1851 2955; x_wconf 77' lang='lat' dir='ltr'><strong>fuerit</strong></span> <span class='ocrx_word' id='word_1_227' title='bbox 1882 2893 1945 2942; x_wconf 87' lang='lat' dir='ltr'><strong>in</strong></span> <span class='ocrx_word' id='word_1_228' title='bbox 1975 2908 2067 2941; x_wconf 87' lang='lat' dir='ltr'><strong>no-</strong></span> 
     </span>
    </p>
   </div>
   <div class='ocr_carea' id='block_1_32' title="bbox 409 2983 2062 3048">
    <p class='ocr_par' dir='ltr' id='par_1_32' title="bbox 409 2983 2062 3048">
     <span class='ocr_line' id='line_1_32' title="bbox 409 2983 2062 3048; baseline -0.004 -9"><span class='ocrx_word' id='word_1_229' title='bbox 409 2992 565 3040; x_wconf 86' lang='lat' dir='ltr'><strong>mine</strong></span> <span class='ocrx_word' id='word_1_230' title='bbox 591 2989 785 3039; x_wconf 85' lang='lat' dir='ltr'><strong>Patris</strong></span> <span class='ocrx_word' id='word_1_231' title='bbox 811 2997 862 3037; x_wconf 84' lang='lat' dir='ltr'><strong>et</strong></span> <span class='ocrx_word' id='word_1_232' title='bbox 886 2987 1028 3037; x_wconf 57' lang='lat' dir='ltr'><strong>Ivilii</strong></span> <span class='ocrx_word' id='word_1_233' title='bbox 1056 2994 1104 3035; x_wconf 89' lang='lat' dir='ltr'><strong>et</strong></span> <span class='ocrx_word' id='word_1_234' title='bbox 1135 2985 1392 3048; x_wconf 87' lang='lat' dir='ltr'><strong>Spiritus</strong></span> <span class='ocrx_word' id='word_1_235' title='bbox 1445 2984 1646 3042; x_wconf 88' lang='lat' dir='ltr'><strong>sancti,</strong></span> <span class='ocrx_word' id='word_1_236' title='bbox 1677 2983 2062 3032; x_wconf 77' lang='lat' dir='ltr'><strong>remissionem</strong></span> 
     </span>
    </p>
   </div>
   <div class='ocr_carea' id='block_1_33' title="bbox 408 3074 2064 3143">
    <p class='ocr_par' dir='ltr' id='par_1_33' title="bbox 408 3074 2064 3143">
     <span class='ocr_line' id='line_1_33' title="bbox 408 3074 2064 3143; baseline -0.005 -12"><span class='ocrx_word' id='word_1_237' title='bbox 408 3096 521 3131; x_wconf 85' lang='lat' dir='ltr'><strong>non</strong></span> <span class='ocrx_word' id='word_1_238' title='bbox 542 3089 722 3143; x_wconf 85' lang='lat' dir='ltr'><strong>potest</strong></span> <span class='ocrx_word' id='word_1_239' title='bbox 751 3079 999 3141; x_wconf 84' lang='lat' dir='ltr'><strong>accipere</strong></span> <span class='ocrx_word' id='word_1_240' title='bbox 1018 3085 1394 3139; x_wconf 74' lang='lat' dir='ltr'><strong>peccatorum,</strong></span> <span class='ocrx_word' id='word_1_241' title='bbox 1424 3089 1523 3124; x_wconf 88' lang='lat' dir='ltr'><strong>nec</strong></span> <span class='ocrx_word' id='word_1_242' title='bbox 1567 3075 1771 3138; x_wconf 66' lang='lat' dir='ltr'><strong>gratia:</strong></span> <span class='ocrx_word' id='word_1_243' title='bbox 1794 3074 2064 3135; x_wconf 89' lang='lat' dir='ltr'><strong>spiritua-</strong></span> 
     </span>
    </p>
   </div>
   <div class='ocr_carea' id='block_1_34' title="bbox 409 3164 2065 3242">
    <p class='ocr_par' dir='ltr' id='par_1_34' title="bbox 409 3164 2065 3242">
     <span class='ocr_line' id='line_1_34' title="bbox 409 3164 2065 3242; baseline -0.003 -18"><span class='ocrx_word' id='word_1_244' title='bbox 409 3173 485 3221; x_wconf 79' lang='lat' dir='ltr'><strong>lis</strong></span> <span class='ocrx_word' id='word_1_245' title='bbox 513 3187 727 3220; x_wconf 83' lang='lat' dir='ltr'><strong>munus</strong></span> <span class='ocrx_word' id='word_1_246' title='bbox 754 3170 1004 3219; x_wconf 78' lang='lat' dir='ltr'><strong>haurire.</strong></span> <span class='ocrx_word' id='word_1_247' title='bbox 1034 3168 1396 3242; x_wconf 81' lang='lat' dir='ltr'><strong>Augustinus</strong></span> <span class='ocrx_word' id='word_1_248' title='bbox 1418 3183 1654 3238; x_wconf 89' lang='lat' dir='ltr'><strong>quoque</strong></span> <span class='ocrx_word' id='word_1_249' title='bbox 1677 3166 1864 3221; x_wconf 82' lang='lat' dir='ltr'><strong>multa</strong></span> <span class='ocrx_word' id='word_1_250' title='bbox 1883 3164 2065 3221; x_wconf 88' lang='lat' dir='ltr'><strong>habet</strong></span> 
     </span>
    </p>
   </div>
   <div class='ocr_carea' id='block_1_35' title="bbox 2181 570 3833 645">
    <p class='ocr_par' dir='ltr' id='par_1_35' title="bbox 2181 570 3833 645">
     <span class='ocr_line' id='line_1_35' title="bbox 2181 570 3833 645; baseline 0.004 -24"><span class='ocrx_word' id='word_1_251' title='bbox 2181 570 2403 625; x_wconf 90' lang='lat' dir='ltr'><strong>moniis</strong></span> <span class='ocrx_word' id='word_1_252' title='bbox 2433 572 2589 642; x_wconf 89' lang='lat' dir='ltr'><strong>apud</strong></span> <span class='ocrx_word' id='word_1_253' title='bbox 2619 571 2905 642; x_wconf 85' lang='lat' dir='ltr'><strong>Cyrillum</strong></span> <span class='ocrx_word' id='word_1_254' title='bbox 2935 570 3292 643; x_wconf 84' lang='lat' dir='ltr'><strong>expressius.</strong></span> <span class='ocrx_word' id='word_1_255' title='bbox 3346 571 3643 627; x_wconf 87' lang='lat' dir='ltr'><strong>Potuisset</strong></span> <span class='ocrx_word' id='word_1_256' title='bbox 3672 588 3833 645; x_wconf 87' lang='lat' dir='ltr'><strong>ergo,</strong></span> 
     </span>
    </p>
   </div>
   <div class='ocr_carea' id='block_1_36' title="bbox 2183 657 3835 730">
    <p class='ocr_par' dir='ltr' id='par_1_36' title="bbox 2183 657 3835 730">
     <span class='ocr_line' id='line_1_36' title="bbox 2183 657 3835 730; baseline 0.005 -19"><span class='ocrx_word' id='word_1_257' title='bbox 2183 657 2233 712; x_wconf 88' lang='lat' dir='ltr'><strong>si</strong></span> <span class='ocrx_word' id='word_1_258' title='bbox 2265 661 2659 729; x_wconf 73' lang='lat' dir='ltr'><strong>quaastionem</strong></span> <span class='ocrx_word' id='word_1_259' title='bbox 2688 666 2950 716; x_wconf 88' lang='lat' dir='ltr'><strong>nostram</strong></span> <span class='ocrx_word' id='word_1_260' title='bbox 2981 661 3315 717; x_wconf 88' lang='lat' dir='ltr'><strong>accuratius</strong></span> <span class='ocrx_word' id='word_1_261' title='bbox 3343 662 3765 730; x_wconf 86' lang='lat' dir='ltr'><strong>examinasset,</strong></span> <span class='ocrx_word' id='word_1_262' title='bbox 3797 678 3835 719; x_wconf 85' lang='lat' dir='ltr'><strong>a</strong></span> 
     </span>
    </p>
   </div>
   <div class='ocr_carea' id='block_1_37' title="bbox 2184 750 2973 807">
    <p class='ocr_par' dir='ltr' id='par_1_37' title="bbox 2184 750 2973 807">
     <span class='ocr_line' id='line_1_37' title="bbox 2184 750 2973 807; baseline 0.006 -7"><span class='ocrx_word' id='word_1_263' title='bbox 2184 762 2290 801; x_wconf 88' lang='lat' dir='ltr'><strong>sua</strong></span> <span class='ocrx_word' id='word_1_264' title='bbox 2323 750 2615 805; x_wconf 88' lang='lat' dir='ltr'><strong>sententia</strong></span> <span class='ocrx_word' id='word_1_265' title='bbox 2647 750 2973 807; x_wconf 90' lang='lat' dir='ltr'><strong>discedere.</strong></span> 
     </span>
    </p>
   </div>
   <div class='ocr_carea' id='block_1_38' title="bbox 2500 839 3515 900">
    <p class='ocr_par' dir='ltr' id='par_1_38' title="bbox 2500 839 3515 900">
     <span class='ocr_line' id='line_1_38' title="bbox 2500 839 3515 900; baseline 0.002 -14"><span class='ocrx_word' id='word_1_266' title='bbox 2500 839 2580 886; x_wconf 88' lang='lat' dir='ltr'><strong>De</strong></span> <span class='ocrx_word' id='word_1_267' title='bbox 2607 840 2878 900; x_wconf 85' lang='lat' dir='ltr'><strong>baptismo</strong></span> <span class='ocrx_word' id='word_1_268' title='bbox 2904 840 2972 889; x_wconf 90' lang='lat' dir='ltr'><strong>ab</strong></span> <span class='ocrx_word' id='word_1_269' title='bbox 3000 839 3270 890; x_wconf 85' lang='lat' dir='ltr'><strong>haereticis</strong></span> <span class='ocrx_word' id='word_1_270' title='bbox 3300 840 3515 890; x_wconf 86' lang='lat' dir='ltr'><strong>collato.</strong></span> 
     </span>
    </p>
   </div>
   <div class='ocr_carea' id='block_1_39' title="bbox 2252 926 3833 1000">
    <p class='ocr_par' dir='ltr' id='par_1_39' title="bbox 2252 926 3833 1000">
     <span class='ocr_line' id='line_1_39' title="bbox 2252 926 3833 1000; baseline 0.006 -22"><span class='ocrx_word' id='word_1_271' title='bbox 2252 926 2342 979; x_wconf 89' lang='lat'><strong>6‘7.</strong></span> <span class='ocrx_word' id='word_1_272' title='bbox 2363 927 2529 982; x_wconf 86' lang='lat' dir='ltr'><strong>Hunc</strong></span> <span class='ocrx_word' id='word_1_273' title='bbox 2549 929 2804 1000; x_wconf 89' lang='lat' dir='ltr'><strong>Cyrillus</strong></span> <span class='ocrx_word' id='word_1_274' title='bbox 2832 929 3066 984; x_wconf 91' lang='lat' dir='ltr'><strong>nullum</strong></span> <span class='ocrx_word' id='word_1_275' title='bbox 3090 936 3147 985; x_wconf 91' lang='lat' dir='ltr'><strong>et</strong></span> <span class='ocrx_word' id='word_1_276' title='bbox 3171 930 3519 997; x_wconf 90' lang='lat' dir='ltr'><strong>invalidum,</strong></span> <span class='ocrx_word' id='word_1_277' title='bbox 3545 936 3605 987; x_wconf 91' lang='lat' dir='ltr'><strong>et</strong></span> <span class='ocrx_word' id='word_1_278' title='bbox 3628 932 3699 987; x_wconf 90' lang='lat' dir='ltr'><strong>ab</strong></span> <span class='ocrx_word' id='word_1_279' title='bbox 3721 934 3833 989; x_wconf 91' lang='lat' dir='ltr'><strong>Ec—</strong></span> 
     </span>
    </p>
   </div>
   <div class='ocr_carea' id='block_1_40' title="bbox 2181 1016 3829 1092">
    <p class='ocr_par' dir='ltr' id='par_1_40' title="bbox 2181 1016 3829 1092">
     <span class='ocr_line' id='line_1_40' title="bbox 2181 1016 3829 1092; baseline 0.004 -21"><span class='ocrx_word' id='word_1_280' title='bbox 2181 1016 2364 1072; x_wconf 90' lang='lat' dir='ltr'><strong>clesia</strong></span> <span class='ocrx_word' id='word_1_281' title='bbox 2393 1019 2593 1073; x_wconf 88' lang='lat' dir='ltr'><strong>iterari</strong></span> <span class='ocrx_word' id='word_1_282' title='bbox 2621 1019 2886 1075; x_wconf 86' lang='lat' dir='ltr'><strong>declarat</strong></span> <span class='ocrx_word' id='word_1_283' title='bbox 2912 1020 3006 1075; x_wconf 88' lang='lat' dir='ltr'><strong>his</strong></span> <span class='ocrx_word' id='word_1_284' title='bbox 3034 1026 3259 1092; x_wconf 88' lang='lat' dir='ltr'><strong>procat.</strong></span> <span class='ocrx_word' id='word_1_285' title='bbox 3310 1037 3476 1078; x_wconf 90' lang='lat' dir='ltr'><strong>num.</strong></span> <span class='ocrx_word' id='word_1_286' title='bbox 3531 1026 3563 1076; x_wconf 89' lang='lat'><strong>&#39;7</strong></span> <span class='ocrx_word' id='word_1_287' title='bbox 3593 1023 3790 1078; x_wconf 89' lang='lat' dir='ltr'><strong>verbis</strong></span> <span class='ocrx_word' id='word_1_288' title='bbox 3815 1040 3829 1077; x_wconf 89' lang='lat'><strong>:</strong></span> 
     </span>
    </p>
   </div>
   <div class='ocr_carea' id='block_1_41' title="bbox 2179 1105 3832 1179">
    <p class='ocr_par' dir='ltr' id='par_1_41' title="bbox 2179 1105 3832 1179">
     <span class='ocr_line' id='line_1_41' title="bbox 2179 1105 3832 1179; baseline 0.004 -25"><span class='ocrx_word' id='word_1_289' title='bbox 2179 1105 2301 1155; x_wconf 88' lang='lat' dir='ltr'><strong>Non</strong></span> <span class='ocrx_word' id='word_1_290' title='bbox 2352 1107 2481 1156; x_wconf 86' lang='lat' dir='ltr'><strong>licet</strong></span> <span class='ocrx_word' id='word_1_291' title='bbox 2528 1106 2610 1157; x_wconf 92' lang='lat' dir='ltr'><strong>bis</strong></span> <span class='ocrx_word' id='word_1_292' title='bbox 2664 1115 2767 1157; x_wconf 87' lang='lat' dir='ltr'><strong>aut</strong></span> <span class='ocrx_word' id='word_1_293' title='bbox 2797 1116 2881 1158; x_wconf 88' lang='lat' dir='ltr'><strong>ter</strong></span> <span class='ocrx_word' id='word_1_294' title='bbox 2936 1110 3225 1159; x_wconf 80' lang='lat' dir='ltr'><strong>lavacrum</strong></span> <span class='ocrx_word' id='word_1_295' title='bbox 3265 1111 3564 1174; x_wconf 75' lang='lat' dir='ltr'><strong>suscipere.</strong></span> <span class='ocrx_word' id='word_1_296' title='bbox 3595 1147 3637 1179; x_wconf 26' lang='grc' dir='ltr'><strong>,θ</strong></span> <span class='ocrx_word' id='word_1_297' title='bbox 3672 1112 3832 1161; x_wconf 86' lang='lat' dir='ltr'><strong>Unus</strong></span> 
     </span>
    </p>
   </div>
   <div class='ocr_carea' id='block_1_42' title="bbox 2180 1197 3829 1265">
    <p class='ocr_par' dir='ltr' id='par_1_42' title="bbox 2180 1197 3829 1265">
     <span class='ocr_line' id='line_1_42' title="bbox 2180 1197 3829 1265; baseline 0.002 -19"><span class='ocrx_word' id='word_1_298' title='bbox 2180 1199 2333 1247; x_wconf 91' lang='lat' dir='ltr'><strong>enim</strong></span> <span class='ocrx_word' id='word_1_299' title='bbox 2363 1197 2667 1256; x_wconf 76' lang='lat' dir='ltr'><strong>Dominus,</strong></span> <span class='ocrx_word' id='word_1_300' title='bbox 2719 1208 2770 1249; x_wconf 86' lang='lat' dir='ltr'><strong>et</strong></span> <span class='ocrx_word' id='word_1_301' title='bbox 2796 1216 2917 1250; x_wconf 89' lang='lat' dir='ltr'><strong>una</strong></span> <span class='ocrx_word' id='word_1_302' title='bbox 2942 1201 3097 1265; x_wconf 81' lang='lat' dir='ltr'><strong>ﬁdes,</strong></span> <span class='ocrx_word' id='word_1_303' title='bbox 3128 1210 3179 1250; x_wconf 86' lang='lat' dir='ltr'><strong>et</strong></span> <span class='ocrx_word' id='word_1_304' title='bbox 3230 1216 3413 1251; x_wconf 88' lang='lat' dir='ltr'><strong>unum</strong></span> <span class='ocrx_word' id='word_1_305' title='bbox 3463 1202 3740 1264; x_wconf 83' lang='lat' dir='ltr'><strong>baptisma</strong></span> <span class='ocrx_word' id='word_1_306' title='bbox 3763 1204 3829 1249; x_wconf 74' lang='grc'><strong>1³.</strong></span> 
     </span>
    </p>
   </div>
   <div class='ocr_carea' id='block_1_43' title="bbox 2178 1285 3830 1353">
    <p class='ocr_par' dir='ltr' id='par_1_43' title="bbox 2178 1285 3830 1353">
     <span class='ocr_line' id='line_1_43' title="bbox 2178 1285 3830 1353; baseline 0.002 -18"><span class='ocrx_word' id='word_1_307' title='bbox 2178 1285 2328 1352; x_wconf 84' lang='lat' dir='ltr'><strong>[CCI]</strong></span> <span class='ocrx_word' id='word_1_308' title='bbox 2363 1289 2615 1337; x_wconf 68' lang='lat' dir='ltr'><strong>{heretici</strong></span> <span class='ocrx_word' id='word_1_309' title='bbox 2678 1303 2921 1353; x_wconf 78' lang='lat' dir='ltr'><strong>namque</strong></span> <span class='ocrx_word' id='word_1_310' title='bbox 2971 1291 3316 1340; x_wconf 78' lang='lat' dir='ltr'><strong>solummodo</strong></span> <span class='ocrx_word' id='word_1_311' title='bbox 3362 1292 3830 1353; x_wconf 77' lang='lat' dir='ltr'><strong>rebaptizantur;</strong></span> 
     </span>
    </p>
   </div>
   <div class='ocr_carea' id='block_1_44' title="bbox 2176 1376 3824 1443">
    <p class='ocr_par' dir='ltr' id='par_1_44' title="bbox 2176 1376 3824 1443">
     <span class='ocr_line' id='line_1_44' title="bbox 2176 1376 3824 1443; baseline 0.004 -17"><span class='ocrx_word' id='word_1_312' title='bbox 2176 1376 2459 1442; x_wconf 86' lang='lat' dir='ltr'><strong>siquidem</strong></span> <span class='ocrx_word' id='word_1_313' title='bbox 2490 1379 2657 1440; x_wconf 85' lang='lat' dir='ltr'><strong>prius</strong></span> <span class='ocrx_word' id='word_1_314' title='bbox 2690 1380 2842 1429; x_wconf 87' lang='lat' dir='ltr'><strong>illud</strong></span> <span class='ocrx_word' id='word_1_315' title='bbox 2873 1382 3151 1443; x_wconf 77' lang='lat' dir='ltr'><strong>baptisma</strong></span> <span class='ocrx_word' id='word_1_316' title='bbox 3179 1397 3292 1431; x_wconf 86' lang='lat' dir='ltr'><strong>non</strong></span> <span class='ocrx_word' id='word_1_317' title='bbox 3320 1389 3459 1431; x_wconf 86' lang='lat' dir='ltr'><strong>erat.</strong></span> <span class='ocrx_word' id='word_1_318' title='bbox 3490 1384 3556 1437; x_wconf 84' lang='lat' dir='ltr'><strong>In</strong></span> <span class='ocrx_word' id='word_1_319' title='bbox 3573 1383 3668 1438; x_wconf 84' lang='lat' dir='ltr'><strong>his</strong></span> <span class='ocrx_word' id='word_1_320' title='bbox 3698 1400 3824 1439; x_wconf 83' lang='lat' dir='ltr'><strong>ver-</strong></span> 
     </span>
    </p>
   </div>
   <div class='ocr_carea' id='block_1_45' title="bbox 2177 1466 3824 1543">
    <p class='ocr_par' dir='ltr' id='par_1_45' title="bbox 2177 1466 3824 1543">
     <span class='ocr_line' id='line_1_45' title="bbox 2177 1466 3824 1543; baseline 0.004 -21"><span class='ocrx_word' id='word_1_321' title='bbox 2177 1466 2268 1523; x_wconf 87' lang='lat' dir='ltr'><strong>bis</strong></span> <span class='ocrx_word' id='word_1_322' title='bbox 2299 1467 2415 1524; x_wconf 91' lang='lat' dir='ltr'><strong>duo</strong></span> <span class='ocrx_word' id='word_1_323' title='bbox 2448 1468 2902 1542; x_wconf 89' lang='lat' dir='ltr'><strong>distinguenda:</strong></span> <span class='ocrx_word' id='word_1_324' title='bbox 2960 1471 3164 1543; x_wconf 90' lang='lat' dir='ltr'><strong>Cyrilli</strong></span> <span class='ocrx_word' id='word_1_325' title='bbox 3195 1472 3395 1543; x_wconf 92' lang='lat' dir='ltr'><strong>opinio</strong></span> <span class='ocrx_word' id='word_1_326' title='bbox 3449 1471 3521 1527; x_wconf 92' lang='lat' dir='ltr'><strong>de</strong></span> <span class='ocrx_word' id='word_1_327' title='bbox 3562 1472 3824 1529; x_wconf 89' lang='lat' dir='ltr'><strong>invalido</strong></span> 
     </span>
    </p>
   </div>
   <div class='ocr_carea' id='block_1_46' title="bbox 2178 1557 3829 1633">
    <p class='ocr_par' dir='ltr' id='par_1_46' title="bbox 2178 1557 3829 1633">
     <span class='ocr_line' id='line_1_46' title="bbox 2178 1557 3829 1633; baseline 0.004 -22"><span class='ocrx_word' id='word_1_328' title='bbox 2178 1557 2593 1613; x_wconf 71' lang='lat' dir='ltr'><strong>haereticorum</strong></span> <span class='ocrx_word' id='word_1_329' title='bbox 2606 1557 3266 1630; x_wconf 71' lang='lat' dir='ltr'><strong>baptismo,etEcclesim</strong></span> <span class='ocrx_word' id='word_1_330' title='bbox 3280 1561 3829 1633; x_wconf 69' lang='lat' dir='ltr'><strong>Hierosolymitana:</strong></span> 
     </span>
    </p>
   </div>
   <div class='ocr_carea' id='block_1_47' title="bbox 2176 1646 3833 1725">
    <p class='ocr_par' dir='ltr' id='par_1_47' title="bbox 2176 1646 3833 1725">
     <span class='ocr_line' id='line_1_47' title="bbox 2176 1646 3833 1725; baseline 0.004 -24"><span class='ocrx_word' id='word_1_331' title='bbox 2176 1646 2237 1701; x_wconf 91' lang='lat' dir='ltr'><strong>in</strong></span> <span class='ocrx_word' id='word_1_332' title='bbox 2256 1647 2376 1702; x_wconf 93' lang='lat' dir='ltr'><strong>illis</strong></span> <span class='ocrx_word' id='word_1_333' title='bbox 2396 1648 2830 1720; x_wconf 85' lang='lat' dir='ltr'><strong>rebaptizandis</strong></span> <span class='ocrx_word' id='word_1_334' title='bbox 2848 1666 3014 1706; x_wconf 90' lang='lat' dir='ltr'><strong>usus.</strong></span> <span class='ocrx_word' id='word_1_335' title='bbox 3033 1652 3186 1717; x_wconf 65' lang='lat' dir='ltr'><strong>Hac,</strong></span> <span class='ocrx_word' id='word_1_336' title='bbox 3210 1651 3476 1722; x_wconf 87' lang='lat' dir='ltr'><strong>inquam,</strong></span> <span class='ocrx_word' id='word_1_337' title='bbox 3498 1651 3833 1725; x_wconf 84' lang='lat' dir='ltr'><strong>distinguo;</strong></span> 
     </span>
    </p>
   </div>
   <div class='ocr_carea' id='block_1_48' title="bbox 2175 1737 3830 1812">
    <p class='ocr_par' dir='ltr' id='par_1_48' title="bbox 2175 1737 3830 1812">
     <span class='ocr_line' id='line_1_48' title="bbox 2175 1737 3830 1812; baseline 0.004 -21"><span class='ocrx_word' id='word_1_338' title='bbox 2175 1737 2371 1808; x_wconf 92' lang='lat' dir='ltr'><strong>potuit</strong></span> <span class='ocrx_word' id='word_1_339' title='bbox 2391 1738 2551 1793; x_wconf 89' lang='lat' dir='ltr'><strong>enim</strong></span> <span class='ocrx_word' id='word_1_340' title='bbox 2564 1738 2816 1809; x_wconf 88' lang='lat' dir='ltr'><strong>Cyrillus</strong></span> <span class='ocrx_word' id='word_1_341' title='bbox 2826 1740 3163 1812; x_wconf 89' lang='lat' dir='ltr'><strong>generalem</strong></span> <span class='ocrx_word' id='word_1_342' title='bbox 3182 1740 3294 1795; x_wconf 86' lang='lat' dir='ltr'><strong>sibi</strong></span> <span class='ocrx_word' id='word_1_343' title='bbox 3309 1740 3380 1796; x_wconf 91' lang='lat' dir='ltr'><strong>de</strong></span> <span class='ocrx_word' id='word_1_344' title='bbox 3403 1741 3568 1796; x_wconf 91' lang='lat' dir='ltr'><strong>nullo</strong></span> <span class='ocrx_word' id='word_1_345' title='bbox 3584 1746 3642 1798; x_wconf 92' lang='lat' dir='ltr'><strong>et</strong></span> <span class='ocrx_word' id='word_1_346' title='bbox 3658 1758 3830 1798; x_wconf 89' lang='lat' dir='ltr'><strong>casso</strong></span> 
     </span>
    </p>
   </div>
   <div class='ocr_carea' id='block_1_49' title="bbox 2177 1825 3832 1900">
    <p class='ocr_par' dir='ltr' id='par_1_49' title="bbox 2177 1825 3832 1900">
     <span class='ocr_line' id='line_1_49' title="bbox 2177 1825 3832 1900; baseline 0.004 -20"><span class='ocrx_word' id='word_1_347' title='bbox 2177 1825 2591 1881; x_wconf 65' lang='lat' dir='ltr'><strong>haereticorum</strong></span> <span class='ocrx_word' id='word_1_348' title='bbox 2613 1827 2880 1883; x_wconf 90' lang='lat' dir='ltr'><strong>omnium</strong></span> <span class='ocrx_word' id='word_1_349' title='bbox 2901 1828 3196 1900; x_wconf 88' lang='lat' dir='ltr'><strong>baptismo</strong></span> <span class='ocrx_word' id='word_1_350' title='bbox 3217 1828 3543 1885; x_wconf 80' lang='lat' dir='ltr'><strong>informare</strong></span> <span class='ocrx_word' id='word_1_351' title='bbox 3582 1835 3794 1886; x_wconf 85' lang='lat' dir='ltr'><strong>senten</strong></span> <span class='ocrx_word' id='word_1_352' title='bbox 3808 1861 3832 1874; x_wconf 89' lang='lat'><strong>-</strong></span> 
     </span>
    </p>
   </div>
   <div class='ocr_carea' id='block_1_50' title="bbox 2179 1915 3830 1989">
    <p class='ocr_par' dir='ltr' id='par_1_50' title="bbox 2179 1915 3830 1989">
     <span class='ocr_line' id='line_1_50' title="bbox 2179 1915 3830 1989; baseline 0.004 -21"><span class='ocrx_word' id='word_1_353' title='bbox 2179 1915 2341 1981; x_wconf 89' lang='lat' dir='ltr'><strong>tiam,</strong></span> <span class='ocrx_word' id='word_1_354' title='bbox 2369 1931 2440 1969; x_wconf 86' lang='lat' dir='ltr'><strong>ex</strong></span> <span class='ocrx_word' id='word_1_355' title='bbox 2470 1932 2538 1971; x_wconf 92' lang='lat' dir='ltr'><strong>eo</strong></span> <span class='ocrx_word' id='word_1_356' title='bbox 2557 1916 2715 1987; x_wconf 88' lang='lat' dir='ltr'><strong>quod</strong></span> <span class='ocrx_word' id='word_1_357' title='bbox 2736 1918 3060 1973; x_wconf 90' lang='lat' dir='ltr'><strong>nonnullos</strong></span> <span class='ocrx_word' id='word_1_358' title='bbox 3079 1917 3139 1972; x_wconf 92' lang='lat' dir='ltr'><strong>in</strong></span> <span class='ocrx_word' id='word_1_359' title='bbox 3172 1934 3279 1973; x_wconf 91' lang='lat' dir='ltr'><strong>sua</strong></span> <span class='ocrx_word' id='word_1_360' title='bbox 3298 1918 3561 1975; x_wconf 87' lang='lat' dir='ltr'><strong>Ecclesia</strong></span> <span class='ocrx_word' id='word_1_361' title='bbox 3589 1919 3830 1989; x_wconf 90' lang='lat' dir='ltr'><strong>viderit,</strong></span> 
     </span>
    </p>
   </div>
   <div class='ocr_carea' id='block_1_51' title="bbox 2175 2003 3829 2079">
    <p class='ocr_par' dir='ltr' id='par_1_51' title="bbox 2175 2003 3829 2079">
     <span class='ocr_line' id='line_1_51' title="bbox 2175 2003 3829 2079; baseline 0.002 -20"><span class='ocrx_word' id='word_1_362' title='bbox 2175 2004 2315 2059; x_wconf 91' lang='lat' dir='ltr'><strong>dum</strong></span> <span class='ocrx_word' id='word_1_363' title='bbox 2347 2003 2419 2059; x_wconf 92' lang='lat' dir='ltr'><strong>ad</strong></span> <span class='ocrx_word' id='word_1_364' title='bbox 2449 2005 2802 2062; x_wconf 88' lang='lat' dir='ltr'><strong>catholicam</strong></span> <span class='ocrx_word' id='word_1_365' title='bbox 2831 2012 3226 2073; x_wconf 89' lang='lat' dir='ltr'><strong>revertuntur,</strong></span> <span class='ocrx_word' id='word_1_366' title='bbox 3275 2007 3646 2079; x_wconf 79' lang='lat' dir='ltr'><strong>rebaptizari.</strong></span> <span class='ocrx_word' id='word_1_367' title='bbox 3694 2009 3829 2064; x_wconf 89' lang='lat' dir='ltr'><strong>Pri-</strong></span> 
     </span>
    </p>
   </div>
   <div class='ocr_carea' id='block_1_52' title="bbox 2178 2093 3826 2170">
    <p class='ocr_par' dir='ltr' id='par_1_52' title="bbox 2178 2093 3826 2170">
     <span class='ocr_line' id='line_1_52' title="bbox 2178 2093 3826 2170; baseline 0.004 -23"><span class='ocrx_word' id='word_1_368' title='bbox 2178 2109 2342 2148; x_wconf 89' lang='lat' dir='ltr'><strong>mum</strong></span> <span class='ocrx_word' id='word_1_369' title='bbox 2373 2093 2571 2165; x_wconf 89' lang='lat' dir='ltr'><strong>itaque</strong></span> <span class='ocrx_word' id='word_1_370' title='bbox 2602 2093 2673 2149; x_wconf 90' lang='lat' dir='ltr'><strong>de</strong></span> <span class='ocrx_word' id='word_1_371' title='bbox 2695 2095 2894 2167; x_wconf 88' lang='lat' dir='ltr'><strong>Cyrilli</strong></span> <span class='ocrx_word' id='word_1_372' title='bbox 2925 2097 3220 2151; x_wconf 88' lang='lat' dir='ltr'><strong>sententia</strong></span> <span class='ocrx_word' id='word_1_373' title='bbox 3248 2113 3373 2170; x_wconf 86' lang='lat' dir='ltr'><strong>ago.</strong></span> <span class='ocrx_word' id='word_1_374' title='bbox 3409 2098 3515 2152; x_wconf 85' lang='lat' dir='ltr'><strong>Vix</strong></span> <span class='ocrx_word' id='word_1_375' title='bbox 3563 2098 3826 2154; x_wconf 90' lang='lat' dir='ltr'><strong>dubitari</strong></span> 
     </span>
    </p>
   </div>
   <div class='ocr_carea' id='block_1_53' title="bbox 2176 2182 3828 2256">
    <p class='ocr_par' dir='ltr' id='par_1_53' title="bbox 2176 2182 3828 2256">
     <span class='ocr_line' id='line_1_53' title="bbox 2176 2182 3828 2256; baseline 0.005 -21"><span class='ocrx_word' id='word_1_376' title='bbox 2176 2187 2372 2253; x_wconf 89' lang='lat' dir='ltr'><strong>potest</strong></span> <span class='ocrx_word' id='word_1_377' title='bbox 2400 2182 2548 2253; x_wconf 81' lang='lat' dir='ltr'><strong>quin</strong></span> <span class='ocrx_word' id='word_1_378' title='bbox 2579 2184 2916 2256; x_wconf 83' lang='lat' dir='ltr'><strong>generalem</strong></span> <span class='ocrx_word' id='word_1_379' title='bbox 2943 2185 3015 2241; x_wconf 90' lang='lat' dir='ltr'><strong>de</strong></span> <span class='ocrx_word' id='word_1_380' title='bbox 3041 2184 3321 2241; x_wconf 86' lang='lat' dir='ltr'><strong>omnibus</strong></span> <span class='ocrx_word' id='word_1_381' title='bbox 3364 2186 3661 2243; x_wconf 62' lang='lat' dir='ltr'><strong>haereticis</strong></span> <span class='ocrx_word' id='word_1_382' title='bbox 3689 2205 3828 2244; x_wconf 91' lang='lat' dir='ltr'><strong>sen-</strong></span> 
     </span>
    </p>
   </div>
   <div class='ocr_carea' id='block_1_54' title="bbox 2177 2270 3836 2348">
    <p class='ocr_par' dir='ltr' id='par_1_54' title="bbox 2177 2270 3836 2348">
     <span class='ocr_line' id='line_1_54' title="bbox 2177 2270 3836 2348; baseline 0.005 -24"><span class='ocrx_word' id='word_1_383' title='bbox 2177 2270 2425 2326; x_wconf 88' lang='lat' dir='ltr'><strong>tentiam</strong></span> <span class='ocrx_word' id='word_1_384' title='bbox 2458 2273 2841 2343; x_wconf 89' lang='lat' dir='ltr'><strong>pronuntiet;</strong></span> <span class='ocrx_word' id='word_1_385' title='bbox 2875 2274 2985 2329; x_wconf 91' lang='lat' dir='ltr'><strong>hoc</strong></span> <span class='ocrx_word' id='word_1_386' title='bbox 3014 2274 3177 2330; x_wconf 90' lang='lat' dir='ltr'><strong>enim</strong></span> <span class='ocrx_word' id='word_1_387' title='bbox 3207 2275 3568 2342; x_wconf 87' lang='lat' dir='ltr'><strong>testimonio,</strong></span> <span class='ocrx_word' id='word_1_388' title='bbox 3588 2292 3703 2348; x_wconf 89' lang='lat' dir='ltr'><strong>quo</strong></span> <span class='ocrx_word' id='word_1_389' title='bbox 3735 2294 3836 2333; x_wconf 88' lang='lat' dir='ltr'><strong>re-</strong></span> 
     </span>
    </p>
   </div>
   <div class='ocr_carea' id='block_1_55' title="bbox 2177 2360 3827 2436">
    <p class='ocr_par' dir='ltr' id='par_1_55' title="bbox 2177 2360 3827 2436">
     <span class='ocr_line' id='line_1_55' title="bbox 2177 2360 3827 2436; baseline 0.005 -22"><span class='ocrx_word' id='word_1_390' title='bbox 2177 2376 2314 2415; x_wconf 90' lang='lat' dir='ltr'><strong>vera</strong></span> <span class='ocrx_word' id='word_1_391' title='bbox 2340 2360 2444 2417; x_wconf 91' lang='lat' dir='ltr'><strong>ille</strong></span> <span class='ocrx_word' id='word_1_392' title='bbox 2477 2377 2641 2417; x_wconf 90' lang='lat' dir='ltr'><strong>error</strong></span> <span class='ocrx_word' id='word_1_393' title='bbox 2697 2364 2998 2429; x_wconf 88' lang='lat' dir='ltr'><strong>evertitur,</strong></span> <span class='ocrx_word' id='word_1_394' title='bbox 3047 2380 3189 2420; x_wconf 86' lang='lat' dir='ltr'><strong>unus</strong></span> <span class='ocrx_word' id='word_1_395' title='bbox 3218 2366 3497 2431; x_wconf 84' lang='lat' dir='ltr'><strong>Dominus,</strong></span> <span class='ocrx_word' id='word_1_396' title='bbox 3529 2382 3644 2421; x_wconf 88' lang='lat' dir='ltr'><strong>una</strong></span> <span class='ocrx_word' id='word_1_397' title='bbox 3669 2368 3827 2436; x_wconf 78' lang='lat' dir='ltr'><strong>ﬁdes,</strong></span> 
     </span>
    </p>
   </div>
   <div class='ocr_carea' id='block_1_56' title="bbox 2175 2450 3828 2521">
    <p class='ocr_par' dir='ltr' id='par_1_56' title="bbox 2175 2450 3828 2521">
     <span class='ocr_line' id='line_1_56' title="bbox 2175 2450 3828 2521; baseline 0.005 -18"><span class='ocrx_word' id='word_1_398' title='bbox 2175 2465 2347 2504; x_wconf 88' lang='lat' dir='ltr'><strong>unum</strong></span> <span class='ocrx_word' id='word_1_399' title='bbox 2370 2450 2658 2521; x_wconf 84' lang='lat' dir='ltr'><strong>baptisma,</strong></span> <span class='ocrx_word' id='word_1_400' title='bbox 2675 2452 2747 2507; x_wconf 92' lang='lat' dir='ltr'><strong>ad</strong></span> <span class='ocrx_word' id='word_1_401' title='bbox 2772 2453 3049 2508; x_wconf 87' lang='lat' dir='ltr'><strong>eumdem</strong></span> <span class='ocrx_word' id='word_1_402' title='bbox 3062 2470 3325 2509; x_wconf 89' lang='lat' dir='ltr'><strong>errorem</strong></span> <span class='ocrx_word' id='word_1_403' title='bbox 3347 2455 3828 2512; x_wconf 84' lang='lat' dir='ltr'><strong>conﬁrmandum</strong></span> 
     </span>
    </p>
   </div>
   <div class='ocr_carea' id='block_1_57' title="bbox 2176 2541 3829 2613">
    <p class='ocr_par' dir='ltr' id='par_1_57' title="bbox 2176 2541 3829 2613">
     <span class='ocr_line' id='line_1_57' title="bbox 2176 2541 3829 2613; baseline 0.005 -20"><span class='ocrx_word' id='word_1_404' title='bbox 2176 2541 2363 2594; x_wconf 86' lang='lat' dir='ltr'><strong>utitur</strong></span> <span class='ocrx_word' id='word_1_405' title='bbox 2391 2555 2526 2595; x_wconf 93' lang='lat' dir='ltr'><strong>cum</strong></span> <span class='ocrx_word' id='word_1_406' title='bbox 2557 2541 2850 2613; x_wconf 87' lang='lat' dir='ltr'><strong>Cypriano</strong></span> <span class='ocrx_word' id='word_1_407' title='bbox 2877 2559 2890 2596; x_wconf 90' lang='lat'><strong>:</strong></span> <span class='ocrx_word' id='word_1_408' title='bbox 2919 2542 3303 2610; x_wconf 89' lang='lat' dir='ltr'><strong>concludens,</strong></span> <span class='ocrx_word' id='word_1_409' title='bbox 3337 2545 3490 2600; x_wconf 88' lang='lat' dir='ltr'><strong>sicut</strong></span> <span class='ocrx_word' id='word_1_410' title='bbox 3521 2550 3688 2601; x_wconf 85' lang='lat' dir='ltr'><strong>extra</strong></span> <span class='ocrx_word' id='word_1_411' title='bbox 3716 2547 3829 2602; x_wconf 85' lang='lat' dir='ltr'><strong>Ec-</strong></span> 
     </span>
    </p>
   </div>
   <div class='ocr_carea' id='block_1_58' title="bbox 2176 2630 3829 2709">
    <p class='ocr_par' dir='ltr' id='par_1_58' title="bbox 2176 2630 3829 2709">
     <span class='ocr_line' id='line_1_58' title="bbox 2176 2630 3829 2709; baseline 0.005 -25"><span class='ocrx_word' id='word_1_412' title='bbox 2176 2630 2420 2686; x_wconf 90' lang='lat' dir='ltr'><strong>clesiam</strong></span> <span class='ocrx_word' id='word_1_413' title='bbox 2452 2648 2561 2688; x_wconf 86' lang='lat' dir='ltr'><strong>nec</strong></span> <span class='ocrx_word' id='word_1_414' title='bbox 2589 2649 2723 2688; x_wconf 89' lang='lat' dir='ltr'><strong>vere</strong></span> <span class='ocrx_word' id='word_1_415' title='bbox 2774 2633 3060 2689; x_wconf 87' lang='lat' dir='ltr'><strong>Dominus</strong></span> <span class='ocrx_word' id='word_1_416' title='bbox 3107 2634 3343 2700; x_wconf 90' lang='lat' dir='ltr'><strong>colitur,</strong></span> <span class='ocrx_word' id='word_1_417' title='bbox 3392 2652 3502 2692; x_wconf 91' lang='lat' dir='ltr'><strong>nec</strong></span> <span class='ocrx_word' id='word_1_418' title='bbox 3530 2638 3829 2709; x_wconf 90' lang='lat' dir='ltr'><strong>reperitur</strong></span> 
     </span>
    </p>
   </div>
   <div class='ocr_carea' id='block_1_59' title="bbox 2173 2720 3821 2796">
    <p class='ocr_par' dir='ltr' id='par_1_59' title="bbox 2173 2720 3821 2796">
     <span class='ocr_line' id='line_1_59' title="bbox 2173 2720 3821 2796; baseline 0.005 -23"><span class='ocrx_word' id='word_1_419' title='bbox 2173 2734 2310 2774; x_wconf 91' lang='lat' dir='ltr'><strong>vera</strong></span> <span class='ocrx_word' id='word_1_420' title='bbox 2340 2720 2507 2788; x_wconf 84' lang='lat' dir='ltr'><strong>fides,</strong></span> <span class='ocrx_word' id='word_1_421' title='bbox 2540 2722 2621 2777; x_wconf 88' lang='lat' dir='ltr'><strong>ita</strong></span> <span class='ocrx_word' id='word_1_422' title='bbox 2651 2737 2759 2777; x_wconf 87' lang='lat' dir='ltr'><strong>nec</strong></span> <span class='ocrx_word' id='word_1_423' title='bbox 2789 2738 2994 2777; x_wconf 88' lang='lat' dir='ltr'><strong>verum</strong></span> <span class='ocrx_word' id='word_1_424' title='bbox 3026 2740 3092 2778; x_wconf 89' lang='lat' dir='ltr'><strong>ac</strong></span> <span class='ocrx_word' id='word_1_425' title='bbox 3124 2729 3317 2779; x_wconf 90' lang='lat' dir='ltr'><strong>ratum</strong></span> <span class='ocrx_word' id='word_1_426' title='bbox 3349 2724 3821 2796; x_wconf 85' lang='lat' dir='ltr'><strong>baptismumin-</strong></span> 
     </span>
    </p>
   </div>
   <div class='ocr_carea' id='block_1_60' title="bbox 2173 2809 3820 2888">
    <p class='ocr_par' dir='ltr' id='par_1_60' title="bbox 2173 2809 3820 2888">
     <span class='ocr_line' id='line_1_60' title="bbox 2173 2809 3820 2888; baseline 0.005 -25"><span class='ocrx_word' id='word_1_427' title='bbox 2173 2809 2379 2865; x_wconf 89' lang='lat' dir='ltr'><strong>veniri.</strong></span> <span class='ocrx_word' id='word_1_428' title='bbox 2405 2813 2530 2865; x_wconf 87' lang='lat' dir='ltr'><strong>Non</strong></span> <span class='ocrx_word' id='word_1_429' title='bbox 2551 2816 2687 2866; x_wconf 91' lang='lat' dir='ltr'><strong>utar</strong></span> <span class='ocrx_word' id='word_1_430' title='bbox 2714 2813 2825 2868; x_wconf 89' lang='lat' dir='ltr'><strong>hoc</strong></span> <span class='ocrx_word' id='word_1_431' title='bbox 2847 2812 2975 2868; x_wconf 88' lang='lat' dir='ltr'><strong>loco</strong></span> <span class='ocrx_word' id='word_1_432' title='bbox 3006 2812 3082 2870; x_wconf 90' lang='lat' dir='ltr'><strong>ad</strong></span> <span class='ocrx_word' id='word_1_433' title='bbox 3111 2814 3513 2870; x_wconf 87' lang='lat' dir='ltr'><strong>excusandum</strong></span> <span class='ocrx_word' id='word_1_434' title='bbox 3534 2816 3820 2888; x_wconf 88' lang='lat' dir='ltr'><strong>Cyrillum</strong></span> 
     </span>
    </p>
   </div>
   <div class='ocr_carea' id='block_1_61' title="bbox 2175 2900 3823 2973">
    <p class='ocr_par' dir='ltr' id='par_1_61' title="bbox 2175 2900 3823 2973">
     <span class='ocr_line' id='line_1_61' title="bbox 2175 2900 3823 2973; baseline 0.005 -19"><span class='ocrx_word' id='word_1_435' title='bbox 2175 2915 2245 2955; x_wconf 91' lang='lat' dir='ltr'><strong>ea</strong></span> <span class='ocrx_word' id='word_1_436' title='bbox 2270 2900 2638 2965; x_wconf 89' lang='lat' dir='ltr'><strong>defensione,</strong></span> <span class='ocrx_word' id='word_1_437' title='bbox 2679 2917 2858 2973; x_wconf 91' lang='lat' dir='ltr'><strong>quam</strong></span> <span class='ocrx_word' id='word_1_438' title='bbox 2907 2903 3246 2960; x_wconf 91' lang='lat' dir='ltr'><strong>Theodorus</strong></span> <span class='ocrx_word' id='word_1_439' title='bbox 3288 2904 3515 2961; x_wconf 86' lang='lat' dir='ltr'><strong>Studita</strong></span> <span class='ocrx_word' id='word_1_440' title='bbox 3561 2905 3663 2961; x_wconf 92' lang='lat' dir='ltr'><strong>lib.</strong></span> <span class='ocrx_word' id='word_1_441' title='bbox 3695 2923 3716 2962; x_wconf 87' lang='grc' dir='ltr'>ι</span> <span class='ocrx_word' id='word_1_442' title='bbox 3744 2908 3823 2963; x_wconf 86' lang='lat' dir='ltr'><strong>ad</strong></span> 
     </span>
    </p>
   </div>
   <div class='ocr_carea' id='block_1_62' title="bbox 2173 2991 3821 3064">
    <p class='ocr_par' dir='ltr' id='par_1_62' title="bbox 2173 2991 3821 3064">
     <span class='ocr_line' id='line_1_62' title="bbox 2173 2991 3821 3064; baseline 0.005 -20"><span class='ocrx_word' id='word_1_443' title='bbox 2173 2991 2345 3061; x_wconf 89' lang='lat' dir='ltr'><strong>epist.</strong></span> <span class='ocrx_word' id='word_1_444' title='bbox 2378 2992 2447 3045; x_wconf 78' lang='grc'><strong>4-0</strong></span> <span class='ocrx_word' id='word_1_445' title='bbox 2477 2991 2548 3046; x_wconf 83' lang='lat' dir='ltr'><strong>ad</strong></span> <span class='ocrx_word' id='word_1_446' title='bbox 2595 2992 3019 3049; x_wconf 82' lang='lat' dir='ltr'><strong>Constitutiones</strong></span> <span class='ocrx_word' id='word_1_447' title='bbox 3069 2994 3394 3064; x_wconf 76' lang='lat' dir='ltr'><strong>apostolicos</strong></span> <span class='ocrx_word' id='word_1_448' title='bbox 3447 3001 3505 3050; x_wconf 92' lang='lat' dir='ltr'><strong>et</strong></span> <span class='ocrx_word' id='word_1_449' title='bbox 3534 2996 3821 3053; x_wconf 88' lang='lat' dir='ltr'><strong>Basilium</strong></span> 
     </span>
    </p>
   </div>
   <div class='ocr_carea' id='block_1_63' title="bbox 2173 3079 3820 3159">
    <p class='ocr_par' dir='ltr' id='par_1_63' title="bbox 2173 3079 3820 3159">
     <span class='ocr_line' id='line_1_63' title="bbox 2173 3079 3820 3159; baseline 0.004 -25"><span class='ocrx_word' id='word_1_450' title='bbox 2173 3079 2434 3148; x_wconf 89' lang='lat' dir='ltr'><strong>adhibet,</strong></span> <span class='ocrx_word' id='word_1_451' title='bbox 2464 3097 2599 3136; x_wconf 89' lang='lat' dir='ltr'><strong>cum</strong></span> <span class='ocrx_word' id='word_1_452' title='bbox 2643 3082 2818 3137; x_wconf 87' lang='lat' dir='ltr'><strong>ambo</strong></span> <span class='ocrx_word' id='word_1_453' title='bbox 2874 3083 3291 3139; x_wconf 64' lang='lat' dir='ltr'><strong>haereticorum</strong></span> <span class='ocrx_word' id='word_1_454' title='bbox 3348 3083 3644 3156; x_wconf 84' lang='lat' dir='ltr'><strong>baptisma</strong></span> <span class='ocrx_word' id='word_1_455' title='bbox 3671 3088 3820 3159; x_wconf 83' lang='lat' dir='ltr'><strong>reji-</strong></span> 
     </span>
    </p>
   </div>
   <div class='ocr_carea' id='block_1_64' title="bbox 2170 3170 3821 3233">
    <p class='ocr_par' dir='ltr' id='par_1_64' title="bbox 2170 3170 3821 3233">
     <span class='ocr_line' id='line_1_64' title="bbox 2170 3170 3821 3233; baseline -0.001 -8"><span class='ocrx_word' id='word_1_456' title='bbox 2170 3170 2369 3226; x_wconf 82' lang='lat' dir='ltr'><strong>ciunt:</strong></span> <span class='ocrx_word' id='word_1_457' title='bbox 2398 3170 2682 3225; x_wconf 87' lang='lat' dir='ltr'><strong>nimirum</strong></span> <span class='ocrx_word' id='word_1_458' title='bbox 2712 3171 3023 3233; x_wconf 84' lang='lat' dir='ltr'><strong>Apostolico</strong></span> <span class='ocrx_word' id='word_1_459' title='bbox 3057 3187 3265 3221; x_wconf 83' lang='lat' dir='ltr'><strong>canone</strong></span> <span class='ocrx_word' id='word_1_460' title='bbox 3291 3187 3378 3221; x_wconf 90' lang='lat' dir='ltr'><strong>eos</strong></span> <span class='ocrx_word' id='word_1_461' title='bbox 3419 3172 3703 3224; x_wconf 63' lang='lat' dir='ltr'><strong>haereticos</strong></span> <span class='ocrx_word' id='word_1_462' title='bbox 3733 3192 3821 3224; x_wconf 68' lang='lat' dir='ltr'><strong>ro-</strong></span> 
     </span>
    </p>
   </div>
   <div class='ocr_carea' id='block_1_65' title="bbox 411 3235 3826 3333">
    <p class='ocr_par' dir='ltr' id='par_1_65' title="bbox 411 3235 3826 3333">
     <span class='ocr_line' id='line_1_65' title="bbox 411 3235 3826 3333; baseline -0.003 -15"><span class='ocrx_word' id='word_1_463' title='bbox 411 3280 531 3318; x_wconf 75' lang='lat' dir='ltr'><strong>suaa</strong></span> <span class='ocrx_word' id='word_1_464' title='bbox 564 3263 751 3333; x_wconf 87' lang='lat' dir='ltr'><strong>ipsius</strong></span> <span class='ocrx_word' id='word_1_465' title='bbox 777 3261 1089 3317; x_wconf 74' lang='lat' dir='ltr'><strong>sententiae</strong></span> <span class='ocrx_word' id='word_1_466' title='bbox 1120 3235 1192 3315; x_wconf 82' lang='lat' dir='ltr'><strong>de</strong></span> <span class='ocrx_word' id='word_1_467' title='bbox 1216 3235 1534 3314; x_wconf 51' lang='lat' dir='ltr'><strong>sufficio—nti</strong></span> <span class='ocrx_word' id='word_1_468' title='bbox 1567 3258 1641 3313; x_wconf 86' lang='lat' dir='ltr'><strong>ad</strong></span> <span class='ocrx_word' id='word_1_469' title='bbox 1673 3258 1925 3314; x_wconf 87' lang='lat' dir='ltr'><strong>salutem</strong></span> <span class='ocrx_word' id='word_1_470' title='bbox 1952 3256 2057 3311; x_wconf 93' lang='lat' dir='ltr'><strong>ba-</strong></span> <span class='ocrx_word' id='word_1_471' title='bbox 2087 3235 2131 3304; x_wconf 69' lang='grc' dir='ltr'><strong>(ἶ</strong></span> <span class='ocrx_word' id='word_1_472' title='bbox 2169 3258 2307 3317; x_wconf 85' lang='lat' dir='ltr'><strong>cari,</strong></span> <span class='ocrx_word' id='word_1_473' title='bbox 2341 3259 2444 3322; x_wconf 83' lang='lat' dir='ltr'><strong>qui</strong></span> <span class='ocrx_word' id='word_1_474' title='bbox 2473 3260 2531 3309; x_wconf 86' lang='lat' dir='ltr'><strong>in</strong></span> <span class='ocrx_word' id='word_1_475' title='bbox 2558 3274 2760 3309; x_wconf 81' lang='lat' dir='ltr'><strong>nomen</strong></span> <span class='ocrx_word' id='word_1_476' title='bbox 2800 3259 2994 3309; x_wconf 82' lang='lat' dir='ltr'><strong>Patris</strong></span> <span class='ocrx_word' id='word_1_477' title='bbox 3023 3268 3072 3308; x_wconf 88' lang='lat' dir='ltr'><strong>et</strong></span> <span class='ocrx_word' id='word_1_478' title='bbox 3102 3260 3248 3309; x_wconf 74' lang='lat' dir='ltr'><strong>Filii</strong></span> <span class='ocrx_word' id='word_1_479' title='bbox 3274 3268 3324 3309; x_wconf 83' lang='lat' dir='ltr'><strong>et</strong></span> <span class='ocrx_word' id='word_1_480' title='bbox 3357 3260 3610 3323; x_wconf 80' lang='lat' dir='ltr'><strong>Spiritus</strong></span> <span class='ocrx_word' id='word_1_481' title='bbox 3636 3268 3826 3315; x_wconf 77' lang='lat' dir='ltr'><strong>sancti</strong></span> 
     </span>
    </p>
   </div>
   <div class='ocr_carea' id='block_1_66' title="bbox 409 3346 2055 3427">
    <p class='ocr_par' dir='ltr' id='par_1_66' title="bbox 409 3346 2055 3427">
     <span class='ocr_line' id='line_1_66' title="bbox 409 3346 2055 3427; baseline -0.005 -20"><span class='ocrx_word' id='word_1_482' title='bbox 409 3352 611 3427; x_wconf 87' lang='lat' dir='ltr'><strong>ptismi</strong></span> <span class='ocrx_word' id='word_1_483' title='bbox 644 3356 774 3406; x_wconf 88' lang='lat' dir='ltr'><strong>voto</strong></span> <span class='ocrx_word' id='word_1_484' title='bbox 832 3353 1147 3405; x_wconf 89' lang='lat' dir='ltr'><strong>contraria.</strong></span> <span class='ocrx_word' id='word_1_485' title='bbox 1207 3349 1392 3403; x_wconf 87' lang='lat' dir='ltr'><strong>Serm.</strong></span> <span class='ocrx_word' id='word_1_486' title='bbox 1425 3350 1479 3414; x_wconf 73' lang='grc'><strong>4,</strong></span> <span class='ocrx_word' id='word_1_487' title='bbox 1529 3363 1694 3402; x_wconf 89' lang='lat' dir='ltr'><strong>num.</strong></span> <span class='ocrx_word' id='word_1_488' title='bbox 1728 3349 1781 3416; x_wconf 88' lang='lat'><strong>9,</strong></span> <span class='ocrx_word' id='word_1_489' title='bbox 1841 3362 1969 3416; x_wconf 86' lang='lat' dir='ltr'><strong>cap.</strong></span> <span class='ocrx_word' id='word_1_490' title='bbox 2003 3346 2055 3412; x_wconf 91' lang='lat'><strong>8,</strong></span> 
     </span>
    </p>
   </div>
   <div class='ocr_carea' id='block_1_67' title="bbox 411 3438 2059 3503">
    <p class='ocr_par' dir='ltr' id='par_1_67' title="bbox 411 3438 2059 3503">
     <span class='ocr_line' id='line_1_67' title="bbox 411 3438 2059 3503; baseline -0.005 -13"><span class='ocrx_word' id='word_1_491' title='bbox 411 3440 843 3491; x_wconf 85' lang='lat' dir='ltr'><strong>Catechumenos</strong></span> <span class='ocrx_word' id='word_1_492' title='bbox 863 3452 1040 3503; x_wconf 85' lang='lat' dir='ltr'><strong>usque</strong></span> <span class='ocrx_word' id='word_1_493' title='bbox 1058 3439 1130 3487; x_wconf 87' lang='lat' dir='ltr'><strong>ad</strong></span> <span class='ocrx_word' id='word_1_494' title='bbox 1150 3438 1485 3499; x_wconf 82' lang='lat' dir='ltr'><strong>baptismum</strong></span> <span class='ocrx_word' id='word_1_495' title='bbox 1500 3443 1928 3499; x_wconf 84' lang='lat' dir='ltr'><strong>persequuntur</strong></span> <span class='ocrx_word' id='word_1_496' title='bbox 1939 3448 2059 3496; x_wconf 89' lang='lat' dir='ltr'><strong>pec-</strong></span> 
     </span>
    </p>
   </div>
   <div class='ocr_carea' id='block_1_68' title="bbox 402 3527 2058 3592">
    <p class='ocr_par' dir='ltr' id='par_1_68' title="bbox 402 3527 2058 3592">
     <span class='ocr_line' id='line_1_68' title="bbox 402 3527 2058 3592; baseline -0.005 -11"><span class='ocrx_word' id='word_1_497' title='bbox 402 3541 557 3592; x_wconf 84' lang='lat' dir='ltr'><strong>cata,-</strong></span> <span class='ocrx_word' id='word_1_498' title='bbox 586 3533 745 3580; x_wconf 86' lang='lat' dir='ltr'><strong>tract.</strong></span> <span class='ocrx_word' id='word_1_499' title='bbox 778 3529 837 3580; x_wconf 85' lang='grc'><strong>13</strong></span> <span class='ocrx_word' id='word_1_500' title='bbox 893 3529 955 3578; x_wconf 88' lang='lat' dir='ltr'><strong>in</strong></span> <span class='ocrx_word' id='word_1_501' title='bbox 1001 3530 1191 3587; x_wconf 84' lang='lat' dir='ltr'><strong>Jean.,</strong></span> <span class='ocrx_word' id='word_1_502' title='bbox 1223 3543 1277 3577; x_wconf 89' lang='lat' dir='ltr'><strong>n.</strong></span> <span class='ocrx_word' id='word_1_503' title='bbox 1309 3527 1382 3586; x_wconf 81' lang='lat' dir='ltr'><strong>l7,</strong></span> <span class='ocrx_word' id='word_1_504' title='bbox 1439 3527 1941 3589; x_wconf 78' lang='lat' dir='ltr'><strong>Quantumcunque</strong></span> <span class='ocrx_word' id='word_1_505' title='bbox 1975 3540 2058 3573; x_wconf 88' lang='lat' dir='ltr'><strong>ca-</strong></span> 
     </span>
    </p>
   </div>
   <div class='ocr_carea' id='block_1_69' title="bbox 401 3613 2059 3683">
    <p class='ocr_par' dir='ltr' id='par_1_69' title="bbox 401 3613 2059 3683">
     <span class='ocr_line' id='line_1_69' title="bbox 401 3613 2059 3683; baseline -0.005 -14"><span class='ocrx_word' id='word_1_506' title='bbox 401 3619 762 3670; x_wconf 86' lang='lat' dir='ltr'><strong>techumenus</strong></span> <span class='ocrx_word' id='word_1_507' title='bbox 782 3619 1063 3683; x_wconf 76' lang='lat' dir='ltr'><strong>proﬁciat,</strong></span> <span class='ocrx_word' id='word_1_508' title='bbox 1078 3616 1257 3666; x_wconf 88' lang='lat' dir='ltr'><strong>adhuc</strong></span> <span class='ocrx_word' id='word_1_509' title='bbox 1283 3616 1571 3665; x_wconf 82' lang='lat' dir='ltr'><strong>sarcinam</strong></span> <span class='ocrx_word' id='word_1_510' title='bbox 1594 3613 1921 3677; x_wconf 85' lang='lat' dir='ltr'><strong>iniquitatis</strong></span> <span class='ocrx_word' id='word_1_511' title='bbox 1939 3627 2059 3662; x_wconf 67' lang='lat' dir='ltr'><strong>suae</strong></span> 
     </span>
    </p>
   </div>
   <div class='ocr_carea' id='block_1_70' title="bbox 402 3704 2058 3775">
    <p class='ocr_par' dir='ltr' id='par_1_70' title="bbox 402 3704 2058 3775">
     <span class='ocr_line' id='line_1_70' title="bbox 402 3704 2058 3775; baseline -0.004 -15"><span class='ocrx_word' id='word_1_512' title='bbox 402 3718 603 3775; x_wconf 77' lang='lat' dir='ltr'><strong>portat.</strong></span> <span class='ocrx_word' id='word_1_513' title='bbox 635 3711 760 3761; x_wconf 73' lang='lat' dir='ltr'><strong>Non</strong></span> <span class='ocrx_word' id='word_1_514' title='bbox 790 3710 887 3759; x_wconf 85' lang='lat' dir='ltr'><strong>illi</strong></span> <span class='ocrx_word' id='word_1_515' title='bbox 919 3709 1251 3768; x_wconf 82' lang='lat' dir='ltr'><strong>dimittitur,</strong></span> <span class='ocrx_word' id='word_1_516' title='bbox 1282 3707 1399 3757; x_wconf 86' lang='lat' dir='ltr'><strong>nisi</strong></span> <span class='ocrx_word' id='word_1_517' title='bbox 1438 3722 1564 3756; x_wconf 88' lang='lat' dir='ltr'><strong>cum</strong></span> <span class='ocrx_word' id='word_1_518' title='bbox 1599 3707 1753 3755; x_wconf 82' lang='lat' dir='ltr'><strong>venit</strong></span> <span class='ocrx_word' id='word_1_519' title='bbox 1781 3704 1853 3753; x_wconf 88' lang='lat' dir='ltr'><strong>ad</strong></span> <span class='ocrx_word' id='word_1_520' title='bbox 1885 3705 2058 3765; x_wconf 85' lang='lat' dir='ltr'><strong>bapti-</strong></span> 
     </span>
    </p>
   </div>
   <div class='ocr_carea' id='block_1_71' title="bbox 402 3793 2058 3863">
    <p class='ocr_par' dir='ltr' id='par_1_71' title="bbox 402 3793 2058 3863">
     <span class='ocr_line' id='line_1_71' title="bbox 402 3793 2058 3863; baseline -0.004 -14"><span class='ocrx_word' id='word_1_521' title='bbox 402 3815 589 3849; x_wconf 86' lang='lat' dir='ltr'><strong>smum</strong></span> <span class='ocrx_word' id='word_1_522' title='bbox 608 3816 628 3861; x_wconf 83' lang='lat'><strong>,&#39;</strong></span> <span class='ocrx_word' id='word_1_523' title='bbox 656 3802 737 3849; x_wconf 86' lang='lat' dir='ltr'><strong>De</strong></span> <span class='ocrx_word' id='word_1_524' title='bbox 764 3797 942 3863; x_wconf 82' lang='lat' dir='ltr'><strong>symb.</strong></span> <span class='ocrx_word' id='word_1_525' title='bbox 977 3798 1049 3848; x_wconf 88' lang='lat' dir='ltr'><strong>ad</strong></span> <span class='ocrx_word' id='word_1_526' title='bbox 1094 3797 1527 3854; x_wconf 84' lang='lat' dir='ltr'><strong>catechumenos,</strong></span> <span class='ocrx_word' id='word_1_527' title='bbox 1575 3798 1739 3845; x_wconf 84' lang='lat' dir='ltr'><strong>tract.</strong></span> <span class='ocrx_word' id='word_1_528' title='bbox 1773 3795 1819 3854; x_wconf 83' lang='grc'><strong>1,</strong></span> <span class='ocrx_word' id='word_1_529' title='bbox 1849 3809 1969 3859; x_wconf 87' lang='lat' dir='ltr'><strong>cap.</strong></span> <span class='ocrx_word' id='word_1_530' title='bbox 2006 3793 2058 3857; x_wconf 86' lang='lat'><strong>8,</strong></span> 
     </span>
    </p>
   </div>
   <div class='ocr_carea' id='block_1_72' title="bbox 404 3883 2056 3952">
    <p class='ocr_par' dir='ltr' id='par_1_72' title="bbox 404 3883 2056 3952">
     <span class='ocr_line' id='line_1_72' title="bbox 404 3883 2056 3952; baseline -0.004 -13"><span class='ocrx_word' id='word_1_531' title='bbox 404 3904 463 3939; x_wconf 88' lang='lat' dir='ltr'><strong>n.</strong></span> <span class='ocrx_word' id='word_1_532' title='bbox 502 3889 576 3952; x_wconf 83' lang='lat'><strong>15,</strong></span> <span class='ocrx_word' id='word_1_533' title='bbox 612 3887 997 3938; x_wconf 82' lang='lat' dir='ltr'><strong>Catechumeni</strong></span> <span class='ocrx_word' id='word_1_534' title='bbox 1051 3886 1309 3950; x_wconf 85' lang='lat' dir='ltr'><strong>quandiu</strong></span> <span class='ocrx_word' id='word_1_535' title='bbox 1364 3894 1518 3942; x_wconf 87' lang='lat' dir='ltr'><strong>sunt,</strong></span> <span class='ocrx_word' id='word_1_536' title='bbox 1550 3900 1716 3947; x_wconf 82' lang='lat' dir='ltr'><strong>super</strong></span> <span class='ocrx_word' id='word_1_537' title='bbox 1770 3883 1895 3932; x_wconf 84' lang='lat' dir='ltr'><strong>illos</strong></span> <span class='ocrx_word' id='word_1_538' title='bbox 1927 3892 2056 3933; x_wconf 85' lang='lat' dir='ltr'><strong>sunt</strong></span> 
     </span>
    </p>
   </div>
   <div class='ocr_carea' id='block_1_73' title="bbox 389 3974 2055 4048">
    <p class='ocr_par' dir='ltr' id='par_1_73' title="bbox 389 3974 2055 4048">
     <span class='ocr_line' id='line_1_73' title="bbox 389 3974 2055 4048; baseline -0.005 -11"><span class='ocrx_word' id='word_1_539' title='bbox 389 3987 621 4042; x_wconf 76' lang='lat' dir='ltr'><strong>peccata</strong></span> <span class='ocrx_word' id='word_1_540' title='bbox 647 3994 879 4038; x_wconf 72' lang='lat' dir='ltr'><strong>eorum;</strong></span> <span class='ocrx_word' id='word_1_541' title='bbox 910 3994 1089 4034; x_wconf 89' lang='lat' dir='ltr'><strong>serm.</strong></span> <span class='ocrx_word' id='word_1_542' title='bbox 1121 3976 1211 4047; x_wconf 88' lang='lat'><strong>27,</strong></span> <span class='ocrx_word' id='word_1_543' title='bbox 1242 3993 1301 4032; x_wconf 91' lang='lat' dir='ltr'><strong>n.</strong></span> <span class='ocrx_word' id='word_1_544' title='bbox 1336 3979 1389 4042; x_wconf 84' lang='lat'><strong>6,</strong></span> <span class='ocrx_word' id='word_1_545' title='bbox 1422 3993 1526 4048; x_wconf 90' lang='lat' dir='ltr'><strong>pro</strong></span> <span class='ocrx_word' id='word_1_546' title='bbox 1553 3975 1783 4031; x_wconf 87' lang='lat' dir='ltr'><strong>occulto</strong></span> <span class='ocrx_word' id='word_1_547' title='bbox 1828 3975 1932 4030; x_wconf 91' lang='lat' dir='ltr'><strong>Dei</strong></span> <span class='ocrx_word' id='word_1_548' title='bbox 1953 3974 2055 4046; x_wconf 83' lang='lat' dir='ltr'><strong>ju-</strong></span> 
     </span>
    </p>
   </div>
   <div class='ocr_carea' id='block_1_74' title="bbox 399 4064 2051 4140">
    <p class='ocr_par' dir='ltr' id='par_1_74' title="bbox 399 4064 2051 4140">
     <span class='ocr_line' id='line_1_74' title="bbox 399 4064 2051 4140; baseline -0.006 -20"><span class='ocrx_word' id='word_1_549' title='bbox 399 4069 555 4125; x_wconf 83' lang='lat' dir='ltr'><strong>dicio</strong></span> <span class='ocrx_word' id='word_1_550' title='bbox 577 4068 777 4137; x_wconf 68' lang='lat' dir='ltr'><strong>habet,</strong></span> <span class='ocrx_word' id='word_1_551' title='bbox 801 4067 960 4140; x_wconf 84' lang='lat' dir='ltr'><strong>quod</strong></span> <span class='ocrx_word' id='word_1_552' title='bbox 984 4067 1082 4115; x_wconf 88' lang='lat' dir='ltr'><strong>ille</strong></span> <span class='ocrx_word' id='word_1_553' title='bbox 1093 4081 1221 4116; x_wconf 89' lang='lat' dir='ltr'><strong>cum</strong></span> <span class='ocrx_word' id='word_1_554' title='bbox 1233 4065 1659 4114; x_wconf 86' lang='lat' dir='ltr'><strong>catechumenus</strong></span> <span class='ocrx_word' id='word_1_555' title='bbox 1679 4065 1812 4113; x_wconf 88' lang='lat' dir='ltr'><strong>bene</strong></span> <span class='ocrx_word' id='word_1_556' title='bbox 1823 4064 2051 4130; x_wconf 70' lang='lat' dir='ltr'><strong>vixerit,</strong></span> 
     </span>
    </p>
   </div>
   <div class='ocr_carea' id='block_1_75' title="bbox 395 4153 2055 4215">
    <p class='ocr_par' dir='ltr' id='par_1_75' title="bbox 395 4153 2055 4215">
     <span class='ocr_line' id='line_1_75' title="bbox 395 4153 2055 4215; baseline -0.006 -6"><span class='ocrx_word' id='word_1_557' title='bbox 395 4159 586 4208; x_wconf 89' lang='lat' dir='ltr'><strong>subita</strong></span> <span class='ocrx_word' id='word_1_558' title='bbox 614 4157 791 4207; x_wconf 87' lang='lat' dir='ltr'><strong>ruina</strong></span> <span class='ocrx_word' id='word_1_559' title='bbox 820 4164 1077 4206; x_wconf 87' lang='lat' dir='ltr'><strong>mortuus</strong></span> <span class='ocrx_word' id='word_1_560' title='bbox 1095 4162 1168 4204; x_wconf 80' lang='lat' dir='ltr'><strong>est</strong></span> <span class='ocrx_word' id='word_1_561' title='bbox 1199 4162 1248 4203; x_wconf 92' lang='lat' dir='ltr'><strong>et</strong></span> <span class='ocrx_word' id='word_1_562' title='bbox 1269 4155 1341 4203; x_wconf 89' lang='lat' dir='ltr'><strong>ad</strong></span> <span class='ocrx_word' id='word_1_563' title='bbox 1365 4153 1706 4215; x_wconf 84' lang='lat' dir='ltr'><strong>baptismum</strong></span> <span class='ocrx_word' id='word_1_564' title='bbox 1730 4166 1843 4201; x_wconf 84' lang='lat' dir='ltr'><strong>non</strong></span> <span class='ocrx_word' id='word_1_565' title='bbox 1856 4167 2055 4215; x_wconf 83' lang='lat' dir='ltr'><strong>perve-</strong></span> 
     </span>
    </p>
   </div>
   <div class='ocr_carea' id='block_1_76' title="bbox 400 4240 2045 4319">
    <p class='ocr_par' dir='ltr' id='par_1_76' title="bbox 400 4240 2045 4319">
     <span class='ocr_line' id='line_1_76' title="bbox 400 4240 2045 4319; baseline -0.001 -22"><span class='ocrx_word' id='word_1_566' title='bbox 400 4248 509 4304; x_wconf 86' lang='lat' dir='ltr'><strong>nit.</strong></span> <span class='ocrx_word' id='word_1_567' title='bbox 538 4246 798 4319; x_wconf 82' lang='lat' dir='ltr'><strong>Epistola</strong></span> <span class='ocrx_word' id='word_1_568' title='bbox 827 4247 950 4314; x_wconf 87' lang='lat'><strong>228,</strong></span> <span class='ocrx_word' id='word_1_569' title='bbox 985 4244 1293 4300; x_wconf 89' lang='lat' dir='ltr'><strong>consultus</strong></span> <span class='ocrx_word' id='word_1_570' title='bbox 1314 4243 1386 4297; x_wconf 90' lang='lat' dir='ltr'><strong>de</strong></span> <span class='ocrx_word' id='word_1_571' title='bbox 1417 4248 1720 4314; x_wconf 87' lang='lat' dir='ltr'><strong>pastorum</strong></span> <span class='ocrx_word' id='word_1_572' title='bbox 1750 4240 1884 4313; x_wconf 79' lang='lat' dir='ltr'><strong>fuga</strong></span> <span class='ocrx_word' id='word_1_573' title='bbox 1904 4246 2045 4296; x_wconf 91' lang='lat' dir='ltr'><strong>tem-</strong></span> 
     </span>
    </p>
   </div>
   <div class='ocr_carea' id='block_1_77' title="bbox 400 4330 2053 4409">
    <p class='ocr_par' dir='ltr' id='par_1_77' title="bbox 400 4330 2053 4409">
     <span class='ocr_line' id='line_1_77' title="bbox 400 4330 2053 4409; baseline -0.005 -16"><span class='ocrx_word' id='word_1_574' title='bbox 400 4353 543 4409; x_wconf 89' lang='lat' dir='ltr'><strong>pore</strong></span> <span class='ocrx_word' id='word_1_575' title='bbox 573 4334 1024 4409; x_wconf 87' lang='lat' dir='ltr'><strong>persecutionis,</strong></span> <span class='ocrx_word' id='word_1_576' title='bbox 1058 4338 1227 4387; x_wconf 91' lang='lat' dir='ltr'><strong>notat</strong></span> <span class='ocrx_word' id='word_1_577' title='bbox 1257 4347 1324 4386; x_wconf 92' lang='lat' dir='ltr'><strong>eo</strong></span> <span class='ocrx_word' id='word_1_578' title='bbox 1356 4336 1618 4402; x_wconf 90' lang='lat' dir='ltr'><strong>tempore</strong></span> <span class='ocrx_word' id='word_1_579' title='bbox 1674 4330 2053 4402; x_wconf 89' lang='lat' dir='ltr'><strong>potissimum</strong></span> 
     </span>
    </p>
   </div>
   <div class='ocr_carea' id='block_1_78' title="bbox 399 4418 2050 4490">
    <p class='ocr_par' dir='ltr' id='par_1_78' title="bbox 399 4418 2050 4490">
     <span class='ocr_line' id='line_1_78' title="bbox 399 4418 2050 4490; baseline -0.007 -6"><span class='ocrx_word' id='word_1_580' title='bbox 399 4427 474 4484; x_wconf 87' lang='lat' dir='ltr'><strong>ad</strong></span> <span class='ocrx_word' id='word_1_581' title='bbox 496 4424 820 4481; x_wconf 88' lang='lat' dir='ltr'><strong>Ecclesiam</strong></span> <span class='ocrx_word' id='word_1_582' title='bbox 833 4421 1107 4479; x_wconf 91' lang='lat' dir='ltr'><strong>concurri</strong></span> <span class='ocrx_word' id='word_1_583' title='bbox 1133 4421 1346 4485; x_wconf 89' lang='lat' dir='ltr'><strong>solere,</strong></span> <span class='ocrx_word' id='word_1_584' title='bbox 1371 4435 1505 4475; x_wconf 91' lang='lat' dir='ltr'><strong>cum</strong></span> <span class='ocrx_word' id='word_1_585' title='bbox 1537 4419 1639 4474; x_wconf 88' lang='lat' dir='ltr'><strong>alii</strong></span> <span class='ocrx_word' id='word_1_586' title='bbox 1663 4418 2050 4490; x_wconf 87' lang='lat' dir='ltr'><strong>baptismum,</strong></span> 
     </span>
    </p>
   </div>
   <div class='ocr_carea' id='block_1_79' title="bbox 397 4508 2047 4586">
    <p class='ocr_par' dir='ltr' id='par_1_79' title="bbox 397 4508 2047 4586">
     <span class='ocr_line' id='line_1_79' title="bbox 397 4508 2047 4586; baseline -0.005 -15"><span class='ocrx_word' id='word_1_587' title='bbox 397 4516 500 4571; x_wconf 86' lang='lat' dir='ltr'><strong>alii</strong></span> <span class='ocrx_word' id='word_1_588' title='bbox 514 4515 575 4569; x_wconf 93' lang='lat' dir='ltr'><strong>in</strong></span> <span class='ocrx_word' id='word_1_589' title='bbox 593 4512 945 4586; x_wconf 76' lang='lat' dir='ltr'><strong>pmnitentia</strong></span> <span class='ocrx_word' id='word_1_590' title='bbox 967 4509 1275 4567; x_wconf 89' lang='lat' dir='ltr'><strong>constituti</strong></span> <span class='ocrx_word' id='word_1_591' title='bbox 1308 4508 1395 4563; x_wconf 86' lang='lat' dir='ltr'><strong>vel</strong></span> <span class='ocrx_word' id='word_1_592' title='bbox 1422 4508 1823 4564; x_wconf 90' lang='lat' dir='ltr'><strong>admissorum</strong></span> <span class='ocrx_word' id='word_1_593' title='bbox 1838 4523 2017 4578; x_wconf 88' lang='lat' dir='ltr'><strong>pecca</strong></span> <span class='ocrx_word' id='word_1_594' title='bbox 2031 4541 2047 4548; x_wconf 95' lang='lat'><strong><em>-</em></strong></span> 
     </span>
    </p>
   </div>
   <div class='ocr_carea' id='block_1_80' title="bbox 2162 3349 3825 3426">
    <p class='ocr_par' dir='ltr' id='par_1_80' title="bbox 2162 3349 3825 3426">
     <span class='ocr_line' id='line_1_80' title="bbox 2162 3349 3825 3426; baseline 0.001 -29"><span class='ocrx_word' id='word_1_595' title='bbox 2162 3363 2262 3397; x_wconf 89' lang='lat' dir='ltr'><strong>nec</strong></span> <span class='ocrx_word' id='word_1_596' title='bbox 2293 3349 2565 3410; x_wconf 78' lang='lat' dir='ltr'><strong>baptizati</strong></span> <span class='ocrx_word' id='word_1_597' title='bbox 2593 3351 2711 3398; x_wconf 86' lang='lat' dir='ltr'><strong>sint</strong></span> <span class='ocrx_word' id='word_1_598' title='bbox 2739 3365 2837 3398; x_wconf 91' lang='lat' dir='ltr'><strong>nec</strong></span> <span class='ocrx_word' id='word_1_599' title='bbox 2863 3351 3157 3412; x_wconf 72' lang='lat' dir='ltr'><strong>baptizent.</strong></span> <span class='ocrx_word' id='word_1_600' title='bbox 3192 3351 3462 3407; x_wconf 78' lang='lat' dir='ltr'><strong>Alienam</strong></span> <span class='ocrx_word' id='word_1_601' title='bbox 3487 3354 3646 3409; x_wconf 81' lang='lat' dir='ltr'><strong>enim</strong></span> <span class='ocrx_word' id='word_1_602' title='bbox 3664 3371 3699 3409; x_wconf 72' lang='grc' dir='ltr'><strong>θ,</strong></span> <span class='ocrx_word' id='word_1_603' title='bbox 3718 3357 3825 3426; x_wconf 77' lang='lat' dir='ltr'><strong>Cy-</strong></span> 
     </span>
    </p>
   </div>
   <div class='ocr_carea' id='block_1_81' title="bbox 2161 3437 3820 3500">
    <p class='ocr_par' dir='ltr' id='par_1_81' title="bbox 2161 3437 3820 3500">
     <span class='ocr_line' id='line_1_81' title="bbox 2161 3437 3820 3500; baseline 0.005 -9"><span class='ocrx_word' id='word_1_604' title='bbox 2161 3437 2297 3492; x_wconf 91' lang='lat' dir='ltr'><strong>rillo</strong></span> <span class='ocrx_word' id='word_1_605' title='bbox 2330 3454 2541 3493; x_wconf 90' lang='lat' dir='ltr'><strong>censeo</strong></span> <span class='ocrx_word' id='word_1_606' title='bbox 2573 3439 2871 3494; x_wconf 88' lang='lat' dir='ltr'><strong>insuetam</strong></span> <span class='ocrx_word' id='word_1_607' title='bbox 2904 3440 3055 3495; x_wconf 90' lang='lat' dir='ltr'><strong>hanc</strong></span> <span class='ocrx_word' id='word_1_608' title='bbox 3086 3456 3154 3495; x_wconf 91' lang='lat' dir='ltr'><strong>ac</strong></span> <span class='ocrx_word' id='word_1_609' title='bbox 3184 3441 3520 3496; x_wconf 88' lang='lat' dir='ltr'><strong>restrictam</strong></span> <span class='ocrx_word' id='word_1_610' title='bbox 3570 3443 3820 3500; x_wconf 71' lang='lat' dir='ltr'><strong>haeresis</strong></span> 
     </span>
    </p>
   </div>
   <div class='ocr_carea' id='block_1_82' title="bbox 2162 3527 3820 3600">
    <p class='ocr_par' dir='ltr' id='par_1_82' title="bbox 2162 3527 3820 3600">
     <span class='ocr_line' id='line_1_82' title="bbox 2162 3527 3820 3600; baseline 0.005 -19"><span class='ocrx_word' id='word_1_611' title='bbox 2162 3527 2468 3582; x_wconf 91' lang='lat' dir='ltr'><strong>notionem</strong></span> <span class='ocrx_word' id='word_1_612' title='bbox 2494 3544 2507 3595; x_wconf 89' lang='lat'><strong>;</strong></span> <span class='ocrx_word' id='word_1_613' title='bbox 2540 3544 2650 3584; x_wconf 89' lang='lat' dir='ltr'><strong>nec</strong></span> <span class='ocrx_word' id='word_1_614' title='bbox 2673 3527 2746 3583; x_wconf 93' lang='lat' dir='ltr'><strong>ab</strong></span> <span class='ocrx_word' id='word_1_615' title='bbox 2778 3545 2846 3584; x_wconf 91' lang='lat' dir='ltr'><strong>eo</strong></span> <span class='ocrx_word' id='word_1_616' title='bbox 2868 3528 3251 3600; x_wconf 90' lang='lat' dir='ltr'><strong>reprobatum</strong></span> <span class='ocrx_word' id='word_1_617' title='bbox 3269 3531 3595 3587; x_wconf 88' lang='lat' dir='ltr'><strong>universim</strong></span> <span class='ocrx_word' id='word_1_618' title='bbox 3628 3533 3820 3590; x_wconf 73' lang='lat' dir='ltr'><strong>haere-</strong></span> 
     </span>
    </p>
   </div>
   <div class='ocr_carea' id='block_1_83' title="bbox 2162 3618 3819 3695">
    <p class='ocr_par' dir='ltr' id='par_1_83' title="bbox 2162 3618 3819 3695">
     <span class='ocr_line' id='line_1_83' title="bbox 2162 3618 3819 3695; baseline 0.004 -23"><span class='ocrx_word' id='word_1_619' title='bbox 2162 3618 2415 3673; x_wconf 85' lang='lat' dir='ltr'><strong>ticorum</strong></span> <span class='ocrx_word' id='word_1_620' title='bbox 2448 3618 2809 3690; x_wconf 90' lang='lat' dir='ltr'><strong>baptismum</strong></span> <span class='ocrx_word' id='word_1_621' title='bbox 2840 3619 3041 3675; x_wconf 91' lang='lat' dir='ltr'><strong>miror.</strong></span> <span class='ocrx_word' id='word_1_622' title='bbox 3075 3620 3449 3677; x_wconf 88' lang='lat' dir='ltr'><strong>Celebratum</strong></span> <span class='ocrx_word' id='word_1_623' title='bbox 3470 3638 3673 3678; x_wconf 88' lang='lat' dir='ltr'><strong>revera</strong></span> <span class='ocrx_word' id='word_1_624' title='bbox 3684 3623 3819 3695; x_wconf 91' lang='lat' dir='ltr'><strong>jam</strong></span> 
     </span>
    </p>
   </div>
   <div class='ocr_carea' id='block_1_84' title="bbox 2159 3707 3818 3784">
    <p class='ocr_par' dir='ltr' id='par_1_84' title="bbox 2159 3707 3818 3784">
     <span class='ocr_line' id='line_1_84' title="bbox 2159 3707 3818 3784; baseline 0.004 -23"><span class='ocrx_word' id='word_1_625' title='bbox 2159 3707 2356 3762; x_wconf 84' lang='lat' dir='ltr'><strong>fuerat</strong></span> <span class='ocrx_word' id='word_1_626' title='bbox 2384 3707 2720 3778; x_wconf 88' lang='lat' dir='ltr'><strong>plenarium</strong></span> <span class='ocrx_word' id='word_1_627' title='bbox 2751 3708 2901 3763; x_wconf 91' lang='lat' dir='ltr'><strong>illud</strong></span> <span class='ocrx_word' id='word_1_628' title='bbox 2932 3708 3254 3764; x_wconf 91' lang='lat' dir='ltr'><strong>concilium</strong></span> <span class='ocrx_word' id='word_1_629' title='bbox 3298 3714 3608 3781; x_wconf 88' lang='lat' dir='ltr'><strong>tantopere</strong></span> <span class='ocrx_word' id='word_1_630' title='bbox 3658 3712 3818 3784; x_wconf 91' lang='lat' dir='ltr'><strong>apud</strong></span> 
     </span>
    </p>
   </div>
   <div class='ocr_carea' id='block_1_85' title="bbox 2162 3796 3816 3871">
    <p class='ocr_par' dir='ltr' id='par_1_85' title="bbox 2162 3796 3816 3871">
     <span class='ocr_line' id='line_1_85' title="bbox 2162 3796 3816 3871; baseline 0.005 -22"><span class='ocrx_word' id='word_1_631' title='bbox 2162 3796 2556 3868; x_wconf 88' lang='lat' dir='ltr'><strong>Augustinum</strong></span> <span class='ocrx_word' id='word_1_632' title='bbox 2588 3796 2991 3864; x_wconf 90' lang='lat' dir='ltr'><strong>decantatum,</strong></span> <span class='ocrx_word' id='word_1_633' title='bbox 3024 3814 3141 3868; x_wconf 90' lang='lat' dir='ltr'><strong>quo</strong></span> <span class='ocrx_word' id='word_1_634' title='bbox 3188 3798 3406 3871; x_wconf 84' lang='lat' dir='ltr'><strong>agitata</strong></span> <span class='ocrx_word' id='word_1_635' title='bbox 3449 3799 3816 3871; x_wconf 88' lang='lat' dir='ltr'><strong>Stephanum</strong></span> 
     </span>
    </p>
   </div>
   <div class='ocr_carea' id='block_1_86' title="bbox 2162 3884 3816 3957">
    <p class='ocr_par' dir='ltr' id='par_1_86' title="bbox 2162 3884 3816 3957">
     <span class='ocr_line' id='line_1_86' title="bbox 2162 3884 3816 3957; baseline 0.004 -18"><span class='ocrx_word' id='word_1_636' title='bbox 2162 3884 2318 3940; x_wconf 89' lang='lat' dir='ltr'><strong>inter</strong></span> <span class='ocrx_word' id='word_1_637' title='bbox 2348 3891 2406 3939; x_wconf 88' lang='lat' dir='ltr'><strong>et</strong></span> <span class='ocrx_word' id='word_1_638' title='bbox 2426 3885 2784 3957; x_wconf 89' lang='lat' dir='ltr'><strong>Cyprianum</strong></span> <span class='ocrx_word' id='word_1_639' title='bbox 2808 3885 2880 3941; x_wconf 91' lang='lat' dir='ltr'><strong>de</strong></span> <span class='ocrx_word' id='word_1_640' title='bbox 2922 3886 3113 3941; x_wconf 90' lang='lat' dir='ltr'><strong>valido</strong></span> <span class='ocrx_word' id='word_1_641' title='bbox 3146 3886 3473 3943; x_wconf 88' lang='lat' dir='ltr'><strong>invalidove</strong></span> <span class='ocrx_word' id='word_1_642' title='bbox 3506 3888 3816 3945; x_wconf 66' lang='lat' dir='ltr'><strong>haeretico-</strong></span> 
     </span>
    </p>
   </div>
   <div class='ocr_carea' id='block_1_87' title="bbox 2160 3974 3816 4047">
    <p class='ocr_par' dir='ltr' id='par_1_87' title="bbox 2160 3974 3816 4047">
     <span class='ocr_line' id='line_1_87' title="bbox 2160 3974 3816 4047; baseline 0.004 -18"><span class='ocrx_word' id='word_1_643' title='bbox 2160 3992 2291 4029; x_wconf 90' lang='lat' dir='ltr'><strong>rum</strong></span> <span class='ocrx_word' id='word_1_644' title='bbox 2324 3974 2680 4047; x_wconf 87' lang='lat' dir='ltr'><strong>baptismate</strong></span> <span class='ocrx_word' id='word_1_645' title='bbox 2732 3978 3033 4032; x_wconf 89' lang='lat' dir='ltr'><strong>contentio</strong></span> <span class='ocrx_word' id='word_1_646' title='bbox 3090 3977 3261 4033; x_wconf 82' lang='lat' dir='ltr'><strong>ﬁnita</strong></span> <span class='ocrx_word' id='word_1_647' title='bbox 3288 3983 3434 4034; x_wconf 90' lang='lat' dir='ltr'><strong>erat.</strong></span> <span class='ocrx_word' id='word_1_648' title='bbox 3494 3980 3622 4035; x_wconf 84' lang='lat' dir='ltr'><strong>Sive</strong></span> <span class='ocrx_word' id='word_1_649' title='bbox 3654 3981 3816 4036; x_wconf 88' lang='lat' dir='ltr'><strong>enim</strong></span> 
     </span>
    </p>
   </div>
   <div class='ocr_carea' id='block_1_88' title="bbox 2160 4065 3816 4137">
    <p class='ocr_par' dir='ltr' id='par_1_88' title="bbox 2160 4065 3816 4137">
     <span class='ocr_line' id='line_1_88' title="bbox 2160 4065 3816 4137; baseline 0.004 -18"><span class='ocrx_word' id='word_1_650' title='bbox 2160 4065 2529 4130; x_wconf 86' lang='lat' dir='ltr'><strong>Arelatense,</strong></span> <span class='ocrx_word' id='word_1_651' title='bbox 2569 4065 2688 4120; x_wconf 91' lang='lat' dir='ltr'><strong>sive</strong></span> <span class='ocrx_word' id='word_1_652' title='bbox 2720 4065 3044 4137; x_wconf 69' lang='lat' dir='ltr'><strong>Nicmnum,</strong></span> <span class='ocrx_word' id='word_1_653' title='bbox 3072 4066 3394 4122; x_wconf 87' lang='lat' dir='ltr'><strong>obscurum</strong></span> <span class='ocrx_word' id='word_1_654' title='bbox 3426 4067 3578 4124; x_wconf 92' lang='lat' dir='ltr'><strong>illud</strong></span> <span class='ocrx_word' id='word_1_655' title='bbox 3617 4069 3816 4125; x_wconf 79' lang='lat' dir='ltr'><strong>conci-</strong></span> 
     </span>
    </p>
   </div>
   <div class='ocr_carea' id='block_1_89' title="bbox 2158 4153 3814 4226">
    <p class='ocr_par' dir='ltr' id='par_1_89' title="bbox 2158 4153 3814 4226">
     <span class='ocr_line' id='line_1_89' title="bbox 2158 4153 3814 4226; baseline 0.004 -19"><span class='ocrx_word' id='word_1_656' title='bbox 2158 4153 2305 4208; x_wconf 91' lang='lat' dir='ltr'><strong>lium</strong></span> <span class='ocrx_word' id='word_1_657' title='bbox 2348 4153 2589 4218; x_wconf 88' lang='lat' dir='ltr'><strong>dixeris,</strong></span> <span class='ocrx_word' id='word_1_658' title='bbox 2633 4159 2954 4225; x_wconf 85' lang='lat' dir='ltr'><strong>utrumque</strong></span> <span class='ocrx_word' id='word_1_659' title='bbox 2998 4154 3357 4226; x_wconf 89' lang='lat' dir='ltr'><strong>jamdudum</strong></span> <span class='ocrx_word' id='word_1_660' title='bbox 3425 4157 3814 4214; x_wconf 89' lang='lat' dir='ltr'><strong>terminatum</strong></span> 
     </span>
    </p>
   </div>
   <div class='ocr_carea' id='block_1_90' title="bbox 2158 4242 3814 4318">
    <p class='ocr_par' dir='ltr' id='par_1_90' title="bbox 2158 4242 3814 4318">
     <span class='ocr_line' id='line_1_90' title="bbox 2158 4242 3814 4318; baseline 0.004 -21"><span class='ocrx_word' id='word_1_661' title='bbox 2158 4242 2367 4298; x_wconf 88' lang='lat' dir='ltr'><strong>fuerat.</strong></span> <span class='ocrx_word' id='word_1_662' title='bbox 2395 4244 2608 4297; x_wconf 86' lang='lat' dir='ltr'><strong>Verum</strong></span> <span class='ocrx_word' id='word_1_663' title='bbox 2641 4242 2812 4315; x_wconf 80' lang='lat' dir='ltr'><strong>longe</strong></span> <span class='ocrx_word' id='word_1_664' title='bbox 2839 4243 3017 4298; x_wconf 88' lang='lat' dir='ltr'><strong>etiam</strong></span> <span class='ocrx_word' id='word_1_665' title='bbox 3040 4250 3172 4315; x_wconf 91' lang='lat' dir='ltr'><strong>post</strong></span> <span class='ocrx_word' id='word_1_666' title='bbox 3192 4244 3298 4300; x_wconf 88' lang='lat' dir='ltr'><strong>illa</strong></span> <span class='ocrx_word' id='word_1_667' title='bbox 3318 4250 3587 4318; x_wconf 85' lang='lat' dir='ltr'><strong>tempora</strong></span> <span class='ocrx_word' id='word_1_668' title='bbox 3602 4254 3814 4304; x_wconf 88' lang='lat' dir='ltr'><strong>notum</strong></span> 
     </span>
    </p>
   </div>
   <div class='ocr_carea' id='block_1_91' title="bbox 2158 4331 3814 4408">
    <p class='ocr_par' dir='ltr' id='par_1_91' title="bbox 2158 4331 3814 4408">
     <span class='ocr_line' id='line_1_91' title="bbox 2158 4331 3814 4408; baseline 0.004 -21"><span class='ocrx_word' id='word_1_669' title='bbox 2158 4337 2247 4387; x_wconf 88' lang='lat' dir='ltr'><strong>est</strong></span> <span class='ocrx_word' id='word_1_670' title='bbox 2278 4331 2498 4387; x_wconf 83' lang='lat' dir='ltr'><strong>multos</strong></span> <span class='ocrx_word' id='word_1_671' title='bbox 2528 4333 2732 4387; x_wconf 89' lang='lat' dir='ltr'><strong>Patres</strong></span> <span class='ocrx_word' id='word_1_672' title='bbox 2750 4332 3166 4388; x_wconf 82' lang='lat' dir='ltr'><strong>haereticorum</strong></span> <span class='ocrx_word' id='word_1_673' title='bbox 3200 4333 3495 4406; x_wconf 90' lang='lat' dir='ltr'><strong>baptisma</strong></span> <span class='ocrx_word' id='word_1_674' title='bbox 3514 4353 3620 4408; x_wconf 89' lang='lat' dir='ltr'><strong>pro</strong></span> <span class='ocrx_word' id='word_1_675' title='bbox 3642 4337 3814 4394; x_wconf 90' lang='lat' dir='ltr'><strong>nullo</strong></span> 
     </span>
    </p>
   </div>
   <div class='ocr_carea' id='block_1_92' title="bbox 2158 4420 3812 4497">
    <p class='ocr_par' dir='ltr' id='par_1_92' title="bbox 2158 4420 3812 4497">
     <span class='ocr_line' id='line_1_92' title="bbox 2158 4420 3812 4497; baseline 0.005 -22"><span class='ocrx_word' id='word_1_676' title='bbox 2158 4420 2471 4475; x_wconf 90' lang='lat' dir='ltr'><strong>habuisse:</strong></span> <span class='ocrx_word' id='word_1_677' title='bbox 2498 4420 2616 4475; x_wconf 89' lang='lat' dir='ltr'><strong>sive</strong></span> <span class='ocrx_word' id='word_1_678' title='bbox 2639 4420 2907 4476; x_wconf 90' lang='lat' dir='ltr'><strong>nondum</strong></span> <span class='ocrx_word' id='word_1_679' title='bbox 2939 4422 3081 4477; x_wconf 87' lang='lat' dir='ltr'><strong>satis</strong></span> <span class='ocrx_word' id='word_1_680' title='bbox 3101 4423 3336 4492; x_wconf 83' lang='lat' dir='ltr'><strong>cognita</strong></span> <span class='ocrx_word' id='word_1_681' title='bbox 3356 4429 3417 4479; x_wconf 88' lang='lat' dir='ltr'><strong>et</strong></span> <span class='ocrx_word' id='word_1_682' title='bbox 3448 4424 3718 4497; x_wconf 85' lang='lat' dir='ltr'><strong>evulgata</strong></span> <span class='ocrx_word' id='word_1_683' title='bbox 3745 4427 3812 4483; x_wconf 91' lang='lat' dir='ltr'><strong>in</strong></span> 
     </span>
    </p>
   </div>
   <div class='ocr_carea' id='block_1_93' title="bbox 2157 4508 3811 4586">
    <p class='ocr_par' dir='ltr' id='par_1_93' title="bbox 2157 4508 3811 4586">
     <span class='ocr_line' id='line_1_93' title="bbox 2157 4508 3811 4586; baseline 0.004 -21"><span class='ocrx_word' id='word_1_684' title='bbox 2157 4510 2395 4565; x_wconf 90' lang='lat' dir='ltr'><strong>Oriente</strong></span> <span class='ocrx_word' id='word_1_685' title='bbox 2427 4508 2604 4580; x_wconf 87' lang='lat' dir='ltr'><strong>hujus</strong></span> <span class='ocrx_word' id='word_1_686' title='bbox 2641 4509 2893 4581; x_wconf 89' lang='lat' dir='ltr'><strong>plenarii</strong></span> <span class='ocrx_word' id='word_1_687' title='bbox 2938 4512 3175 4567; x_wconf 91' lang='lat' dir='ltr'><strong>concilii</strong></span> <span class='ocrx_word' id='word_1_688' title='bbox 3208 4511 3502 4582; x_wconf 80' lang='lat' dir='ltr'><strong>deﬁnitio,</strong></span> <span class='ocrx_word' id='word_1_689' title='bbox 3547 4515 3705 4586; x_wconf 90' lang='lat' dir='ltr'><strong>quod</strong></span> <span class='ocrx_word' id='word_1_690' title='bbox 3736 4516 3811 4572; x_wconf 90' lang='lat' dir='ltr'><strong>de</strong></span> 
     </span>
    </p>
   </div>
   <div class='ocr_carea' id='block_1_94' title="bbox 397 4593 3812 4670">
    <p class='ocr_par' dir='ltr' id='par_1_94' title="bbox 397 4593 3812 4670">
     <span class='ocr_line' id='line_1_94' title="bbox 397 4593 3812 4670; baseline 0.001 -12"><span class='ocrx_word' id='word_1_691' title='bbox 397 4609 595 4659; x_wconf 90' lang='lat' dir='ltr'><strong>torum</strong></span> <span class='ocrx_word' id='word_1_692' title='bbox 627 4603 871 4670; x_wconf 89' lang='lat' dir='ltr'><strong>conscii,</strong></span> <span class='ocrx_word' id='word_1_693' title='bbox 906 4599 1341 4657; x_wconf 90' lang='lat' dir='ltr'><strong>absolutionem</strong></span> <span class='ocrx_word' id='word_1_694' title='bbox 1370 4598 1677 4670; x_wconf 89' lang='lat' dir='ltr'><strong>apeccatis</strong></span> <span class='ocrx_word' id='word_1_695' title='bbox 1706 4598 2044 4669; x_wconf 86' lang='lat' dir='ltr'><strong>requirant:</strong></span> <span class='ocrx_word' id='word_1_696' title='bbox 2081 4593 2121 4658; x_wconf 89' lang='lat' dir='ltr'><strong>D</strong></span> <span class='ocrx_word' id='word_1_697' title='bbox 2156 4598 2487 4653; x_wconf 86' lang='lat' dir='ltr'><strong>Arelatensi</strong></span> <span class='ocrx_word' id='word_1_698' title='bbox 2512 4598 2764 4653; x_wconf 90' lang='lat' dir='ltr'><strong>concilio</strong></span> <span class='ocrx_word' id='word_1_699' title='bbox 2788 4598 3011 4654; x_wconf 87' lang='lat' dir='ltr'><strong>dictum</strong></span> <span class='ocrx_word' id='word_1_700' title='bbox 3038 4601 3142 4669; x_wconf 88' lang='lat' dir='ltr'><strong>sit;</strong></span> <span class='ocrx_word' id='word_1_701' title='bbox 3169 4601 3292 4657; x_wconf 89' lang='lat' dir='ltr'><strong>sive</strong></span> <span class='ocrx_word' id='word_1_702' title='bbox 3316 4619 3436 4658; x_wconf 91' lang='lat' dir='ltr'><strong>non</strong></span> <span class='ocrx_word' id='word_1_703' title='bbox 3461 4604 3605 4659; x_wconf 79' lang='lat' dir='ltr'><strong>satis</strong></span> <span class='ocrx_word' id='word_1_704' title='bbox 3626 4604 3812 4662; x_wconf 87' lang='lat' dir='ltr'><strong>diser-</strong></span> 
     </span>
    </p>
   </div>
   <div class='ocr_carea' id='block_1_95' title="bbox 397 4686 2042 4755">
    <p class='ocr_par' dir='ltr' id='par_1_95' title="bbox 397 4686 2042 4755">
     <span class='ocr_line' id='line_1_95' title="bbox 397 4686 2042 4755; baseline -0.004 -8"><span class='ocrx_word' id='word_1_705' title='bbox 397 4698 525 4748; x_wconf 91' lang='lat' dir='ltr'><strong>tum</strong></span> <span class='ocrx_word' id='word_1_706' title='bbox 555 4707 629 4746; x_wconf 93' lang='lat' dir='ltr'><strong>ne</strong></span> <span class='ocrx_word' id='word_1_707' title='bbox 658 4692 913 4747; x_wconf 90' lang='lat' dir='ltr'><strong>ministri</strong></span> <span class='ocrx_word' id='word_1_708' title='bbox 945 4690 1085 4747; x_wconf 90' lang='lat' dir='ltr'><strong>huic</strong></span> <span class='ocrx_word' id='word_1_709' title='bbox 1106 4688 1445 4743; x_wconf 89' lang='lat' dir='ltr'><strong>necessitati</strong></span> <span class='ocrx_word' id='word_1_710' title='bbox 1477 4686 1693 4755; x_wconf 91' lang='lat' dir='ltr'><strong>desint,</strong></span> <span class='ocrx_word' id='word_1_711' title='bbox 1725 4704 1826 4742; x_wconf 89' lang='lat' dir='ltr'><strong>eos</strong></span> <span class='ocrx_word' id='word_1_712' title='bbox 1848 4687 2042 4741; x_wconf 87' lang='lat' dir='ltr'><strong>consi-</strong></span> 
     </span>
    </p>
   </div>
   <div class='ocr_carea' id='block_1_96' title="bbox 400 4775 2048 4852">
    <p class='ocr_par' dir='ltr' id='par_1_96' title="bbox 400 4775 2048 4852">
     <span class='ocr_line' id='line_1_96' title="bbox 400 4775 2048 4852; baseline -0.009 -15"><span class='ocrx_word' id='word_1_713' title='bbox 400 4781 609 4837; x_wconf 89' lang='lat' dir='ltr'><strong>derare</strong></span> <span class='ocrx_word' id='word_1_714' title='bbox 644 4779 836 4852; x_wconf 85' lang='lat' dir='ltr'><strong>jubet,</strong></span> <span class='ocrx_word' id='word_1_715' title='bbox 891 4795 952 4834; x_wconf 93' lang='lat' dir='ltr'><strong>n.</strong></span> <span class='ocrx_word' id='word_1_716' title='bbox 984 4780 1019 4833; x_wconf 88' lang='lat'><strong>8</strong></span> <span class='ocrx_word' id='word_1_717' title='bbox 1045 4796 1058 4834; x_wconf 89' lang='lat'><strong>:</strong></span> <span class='ocrx_word' id='word_1_718' title='bbox 1093 4777 1379 4831; x_wconf 83' lang='lat' dir='ltr'><strong>Quantum</strong></span> <span class='ocrx_word' id='word_1_719' title='bbox 1407 4775 1647 4825; x_wconf 77' lang='lat' dir='ltr'><strong>exitium</strong></span> <span class='ocrx_word' id='word_1_720' title='bbox 1674 4775 1934 4838; x_wconf 81' lang='lat' dir='ltr'><strong>sequitur</strong></span> <span class='ocrx_word' id='word_1_721' title='bbox 1961 4790 2048 4823; x_wconf 87' lang='lat' dir='ltr'><strong>eos</strong></span> 
     </span>
    </p>
   </div>
   <div class='ocr_carea' id='block_1_97' title="bbox 399 4865 2052 4938">
    <p class='ocr_par' dir='ltr' id='par_1_97' title="bbox 399 4865 2052 4938">
     <span class='ocr_line' id='line_1_97' title="bbox 399 4865 2052 4938; baseline -0.004 -18"><span class='ocrx_word' id='word_1_722' title='bbox 399 4872 501 4938; x_wconf 88' lang='lat' dir='ltr'><strong>qui</strong></span> <span class='ocrx_word' id='word_1_723' title='bbox 528 4872 594 4920; x_wconf 87' lang='lat' dir='ltr'><strong>de</strong></span> <span class='ocrx_word' id='word_1_724' title='bbox 622 4871 728 4920; x_wconf 90' lang='lat' dir='ltr'><strong>isto</strong></span> <span class='ocrx_word' id='word_1_725' title='bbox 755 4870 949 4918; x_wconf 63' lang='lat' dir='ltr'><strong>seculo</strong></span> <span class='ocrx_word' id='word_1_726' title='bbox 978 4869 1063 4917; x_wconf 86' lang='lat' dir='ltr'><strong>vel</strong></span> <span class='ocrx_word' id='word_1_727' title='bbox 1095 4883 1210 4917; x_wconf 87' lang='lat' dir='ltr'><strong>non</strong></span> <span class='ocrx_word' id='word_1_728' title='bbox 1258 4867 1570 4931; x_wconf 80' lang='lat' dir='ltr'><strong>regenerati</strong></span> <span class='ocrx_word' id='word_1_729' title='bbox 1616 4873 1837 4923; x_wconf 73' lang='lat' dir='ltr'><strong>exeunt,</strong></span> <span class='ocrx_word' id='word_1_730' title='bbox 1870 4866 1955 4913; x_wconf 78' lang='lat' dir='ltr'><strong>vel</strong></span> <span class='ocrx_word' id='word_1_731' title='bbox 1984 4865 2052 4914; x_wconf 89' lang='lat' dir='ltr'><strong>li-</strong></span> 
     </span>
    </p>
   </div>
   <div class='ocr_carea' id='block_1_98' title="bbox 397 4955 2049 5024">
    <p class='ocr_par' dir='ltr' id='par_1_98' title="bbox 397 4955 2049 5024">
     <span class='ocr_line' id='line_1_98' title="bbox 397 4955 2049 5024; baseline -0.004 -14"><span class='ocrx_word' id='word_1_732' title='bbox 397 4960 536 5024; x_wconf 81' lang='lat' dir='ltr'><strong>gati.</strong></span> <span class='ocrx_word' id='word_1_733' title='bbox 575 4960 829 5012; x_wconf 83' lang='lat' dir='ltr'><strong>Quantus</strong></span> <span class='ocrx_word' id='word_1_734' title='bbox 859 4960 1046 5007; x_wconf 87' lang='lat' dir='ltr'><strong>luctus</strong></span> <span class='ocrx_word' id='word_1_735' title='bbox 1073 4957 1467 5023; x_wconf 79' lang='lat' dir='ltr'><strong>ﬂdelium,qui</strong></span> <span class='ocrx_word' id='word_1_736' title='bbox 1500 4970 1587 5003; x_wconf 89' lang='lat' dir='ltr'><strong>eos</strong></span> <span class='ocrx_word' id='word_1_737' title='bbox 1612 4970 1797 5004; x_wconf 87' lang='lat' dir='ltr'><strong>secum</strong></span> <span class='ocrx_word' id='word_1_738' title='bbox 1828 4956 1890 5003; x_wconf 90' lang='lat' dir='ltr'><strong>in</strong></span> <span class='ocrx_word' id='word_1_739' title='bbox 1921 4955 2049 5004; x_wconf 76' lang='lat' dir='ltr'><strong>vitae</strong></span> 
     </span>
    </p>
   </div>
   <div class='ocr_carea' id='block_1_99' title="bbox 398 5044 2049 5117">
    <p class='ocr_par' dir='ltr' id='par_1_99' title="bbox 398 5044 2049 5117">
     <span class='ocr_line' id='line_1_99' title="bbox 398 5044 2049 5117; baseline -0.003 -19"><span class='ocrx_word' id='word_1_740' title='bbox 398 5057 623 5100; x_wconf 72' lang='lat' dir='ltr'><strong>aeterna:</strong></span> <span class='ocrx_word' id='word_1_741' title='bbox 642 5047 835 5110; x_wconf 88' lang='lat' dir='ltr'><strong>requie</strong></span> <span class='ocrx_word' id='word_1_742' title='bbox 855 5061 966 5094; x_wconf 89' lang='lat' dir='ltr'><strong>non</strong></span> <span class='ocrx_word' id='word_1_743' title='bbox 991 5045 1284 5094; x_wconf 87' lang='lat' dir='ltr'><strong>habebunt.</strong></span> <span class='ocrx_word' id='word_1_744' title='bbox 1310 5045 1471 5101; x_wconf 86' lang='lat' dir='ltr'><strong>Idem</strong></span> <span class='ocrx_word' id='word_1_745' title='bbox 1496 5050 1694 5100; x_wconf 80' lang='lat' dir='ltr'><strong>tamen</strong></span> <span class='ocrx_word' id='word_1_746' title='bbox 1718 5044 1889 5117; x_wconf 78' lang='lat' dir='ltr'><strong>longe</strong></span> <span class='ocrx_word' id='word_1_747' title='bbox 1911 5050 2049 5100; x_wconf 81' lang='lat' dir='ltr'><strong>ante</strong></span> 
     </span>
    </p>
   </div>
   <div class='ocr_carea' id='block_1_100' title="bbox 402 5133 2048 5206">
    <p class='ocr_par' dir='ltr' id='par_1_100' title="bbox 402 5133 2048 5206">
     <span class='ocr_line' id='line_1_100' title="bbox 402 5133 2048 5206; baseline -0.005 -10"><span class='ocrx_word' id='word_1_748' title='bbox 402 5140 508 5196; x_wconf 92' lang='lat' dir='ltr'><strong>lib.</strong></span> <span class='ocrx_word' id='word_1_749' title='bbox 534 5154 585 5192; x_wconf 79' lang='grc' dir='ltr'><strong>ιν</strong></span> <span class='ocrx_word' id='word_1_750' title='bbox 626 5139 702 5192; x_wconf 85' lang='lat' dir='ltr'><strong>De</strong></span> <span class='ocrx_word' id='word_1_751' title='bbox 734 5136 1023 5205; x_wconf 85' lang='lat' dir='ltr'><strong>baptismo,</strong></span> <span class='ocrx_word' id='word_1_752' title='bbox 1055 5152 1184 5206; x_wconf 89' lang='lat' dir='ltr'><strong>cap.</strong></span> <span class='ocrx_word' id='word_1_753' title='bbox 1229 5138 1316 5201; x_wconf 92' lang='lat'><strong>22,</strong></span> <span class='ocrx_word' id='word_1_754' title='bbox 1345 5152 1404 5189; x_wconf 90' lang='lat' dir='ltr'><strong>n.</strong></span> <span class='ocrx_word' id='word_1_755' title='bbox 1439 5136 1528 5199; x_wconf 84' lang='lat'><strong>29,</strong></span> <span class='ocrx_word' id='word_1_756' title='bbox 1553 5150 1828 5205; x_wconf 86' lang='lat' dir='ltr'><strong>expresse</strong></span> <span class='ocrx_word' id='word_1_757' title='bbox 1851 5133 2048 5190; x_wconf 89' lang='lat' dir='ltr'><strong>decla-</strong></span> 
     </span>
    </p>
   </div>
   <div class='ocr_carea' id='block_1_101' title="bbox 397 5221 2054 5295">
    <p class='ocr_par' dir='ltr' id='par_1_101' title="bbox 397 5221 2054 5295">
     <span class='ocr_line' id='line_1_101' title="bbox 397 5221 2054 5295; baseline -0.004 -20"><span class='ocrx_word' id='word_1_758' title='bbox 397 5234 509 5295; x_wconf 71' lang='lat' dir='ltr'><strong>rat,</strong></span> <span class='ocrx_word' id='word_1_759' title='bbox 544 5240 655 5275; x_wconf 87' lang='lat' dir='ltr'><strong>non</strong></span> <span class='ocrx_word' id='word_1_760' title='bbox 669 5231 891 5273; x_wconf 83' lang='lat' dir='ltr'><strong>tantum</strong></span> <span class='ocrx_word' id='word_1_761' title='bbox 903 5222 1223 5283; x_wconf 87' lang='lat' dir='ltr'><strong>passionem</strong></span> <span class='ocrx_word' id='word_1_762' title='bbox 1229 5236 1337 5283; x_wconf 85' lang='lat' dir='ltr'><strong>pro</strong></span> <span class='ocrx_word' id='word_1_763' title='bbox 1350 5222 1575 5271; x_wconf 82' lang='lat' dir='ltr'><strong>nomine</strong></span> <span class='ocrx_word' id='word_1_764' title='bbox 1597 5221 1809 5271; x_wconf 81' lang='lat' dir='ltr'><strong>Christi</strong></span> <span class='ocrx_word' id='word_1_765' title='bbox 1832 5223 1889 5271; x_wconf 88' lang='lat' dir='ltr'><strong>id</strong></span> <span class='ocrx_word' id='word_1_766' title='bbox 1906 5222 2054 5285; x_wconf 82' lang='lat' dir='ltr'><strong>quod</strong></span> 
     </span>
    </p>
   </div>
   <div class='ocr_carea' id='block_1_102' title="bbox 396 5312 2047 5378">
    <p class='ocr_par' dir='ltr' id='par_1_102' title="bbox 396 5312 2047 5378">
     <span class='ocr_line' id='line_1_102' title="bbox 396 5312 2047 5378; baseline -0.001 -13"><span class='ocrx_word' id='word_1_767' title='bbox 396 5332 465 5365; x_wconf 67' lang='lat' dir='ltr'><strong>ea:</strong></span> <span class='ocrx_word' id='word_1_768' title='bbox 513 5314 784 5378; x_wconf 82' lang='lat' dir='ltr'><strong>baptismo</strong></span> <span class='ocrx_word' id='word_1_769' title='bbox 824 5313 1009 5361; x_wconf 85' lang='lat' dir='ltr'><strong>deerat</strong></span> <span class='ocrx_word' id='word_1_770' title='bbox 1036 5327 1195 5373; x_wconf 84' lang='lat' dir='ltr'><strong>posse</strong></span> <span class='ocrx_word' id='word_1_771' title='bbox 1234 5313 1512 5375; x_wconf 85' lang='lat' dir='ltr'><strong>supplere,</strong></span> <span class='ocrx_word' id='word_1_772' title='bbox 1569 5312 1664 5360; x_wconf 90' lang='lat' dir='ltr'><strong>sed</strong></span> <span class='ocrx_word' id='word_1_773' title='bbox 1690 5313 1859 5361; x_wconf 85' lang='lat' dir='ltr'><strong>etiam</strong></span> <span class='ocrx_word' id='word_1_774' title='bbox 1879 5313 2047 5378; x_wconf 77' lang='lat' dir='ltr'><strong>ﬁdem</strong></span> 
     </span>
    </p>
   </div>
   <div class='ocr_carea' id='block_1_103' title="bbox 399 5400 2046 5467">
    <p class='ocr_par' dir='ltr' id='par_1_103' title="bbox 399 5400 2046 5467">
     <span class='ocr_line' id='line_1_103' title="bbox 399 5400 2046 5467; baseline -0.002 -12"><span class='ocrx_word' id='word_1_775' title='bbox 399 5406 919 5467; x_wconf 83' lang='lat' dir='ltr'><strong>conversionemque</strong></span> <span class='ocrx_word' id='word_1_776' title='bbox 930 5401 1109 5451; x_wconf 84' lang='lat' dir='ltr'><strong>cordis</strong></span> <span class='ocrx_word' id='word_1_777' title='bbox 1130 5418 1148 5462; x_wconf 87' lang='lat'><strong>,-</strong></span> <span class='ocrx_word' id='word_1_778' title='bbox 1175 5405 1229 5449; x_wconf 77' lang='lat' dir='ltr'><strong>si</strong></span> <span class='ocrx_word' id='word_1_779' title='bbox 1249 5404 1395 5462; x_wconf 78' lang='lat' dir='ltr'><strong>forte</strong></span> <span class='ocrx_word' id='word_1_780' title='bbox 1419 5401 1493 5450; x_wconf 90' lang='lat' dir='ltr'><strong>ad</strong></span> <span class='ocrx_word' id='word_1_781' title='bbox 1510 5400 1899 5451; x_wconf 85' lang='lat' dir='ltr'><strong>celebrandum</strong></span> <span class='ocrx_word' id='word_1_782' title='bbox 1920 5418 2046 5467; x_wconf 78' lang='lat' dir='ltr'><strong>my-</strong></span> 
     </span>
    </p>
   </div>
   <div class='ocr_carea' id='block_1_104' title="bbox 397 5494 2045 5558">
    <p class='ocr_par' dir='ltr' id='par_1_104' title="bbox 397 5494 2045 5558">
     <span class='ocr_line' id='line_1_104' title="bbox 397 5494 2045 5558; baseline -0.002 -12"><span class='ocrx_word' id='word_1_783' title='bbox 397 5497 635 5547; x_wconf 82' lang='lat' dir='ltr'><strong>sterium</strong></span> <span class='ocrx_word' id='word_1_784' title='bbox 647 5494 929 5558; x_wconf 76' lang='lat' dir='ltr'><strong>baptismi,</strong></span> <span class='ocrx_word' id='word_1_785' title='bbox 945 5494 1005 5543; x_wconf 87' lang='lat' dir='ltr'><strong>in</strong></span> <span class='ocrx_word' id='word_1_786' title='bbox 1026 5494 1313 5556; x_wconf 84' lang='lat' dir='ltr'><strong>angustiis</strong></span> <span class='ocrx_word' id='word_1_787' title='bbox 1330 5501 1638 5555; x_wconf 84' lang='lat' dir='ltr'><strong>temporum</strong></span> <span class='ocrx_word' id='word_1_788' title='bbox 1652 5495 1916 5545; x_wconf 84' lang='lat' dir='ltr'><strong>succurri</strong></span> <span class='ocrx_word' id='word_1_789' title='bbox 1935 5511 2045 5545; x_wconf 88' lang='lat' dir='ltr'><strong>non</strong></span> 
     </span>
    </p>
   </div>
   <div class='ocr_carea' id='block_1_105' title="bbox 469 5664 1470 5740">
    <p class='ocr_par' dir='ltr' id='par_1_105' title="bbox 469 5664 1470 5740">
     <span class='ocr_line' id='line_1_105' title="bbox 469 5664 1470 5740; baseline -0.006 -13"><span class='ocrx_word' id='word_1_790' title='bbox 469 5667 519 5705; x_wconf 78' lang='grc' dir='ltr'><strong>⁸ο</strong></span> <span class='ocrx_word' id='word_1_791' title='bbox 546 5669 711 5726; x_wconf 84' lang='lat' dir='ltr'><strong>Joan.</strong></span> <span class='ocrx_word' id='word_1_792' title='bbox 744 5683 828 5740; x_wconf 82' lang='lat' dir='ltr'><strong>III,</strong></span> <span class='ocrx_word' id='word_1_793' title='bbox 858 5668 913 5725; x_wconf 86' lang='lat'><strong>3.</strong></span> <span class='ocrx_word' id='word_1_794' title='bbox 986 5665 1030 5705; x_wconf 72' lang='grc'><strong>³1</strong></span> <span class='ocrx_word' id='word_1_795' title='bbox 1062 5664 1276 5738; x_wconf 86' lang='lat' dir='ltr'><strong>Ephes.</strong></span> <span class='ocrx_word' id='word_1_796' title='bbox 1309 5682 1384 5736; x_wconf 77' lang='grc' dir='ltr'><strong>ιν,</strong></span> <span class='ocrx_word' id='word_1_797' title='bbox 1416 5668 1470 5721; x_wconf 76' lang='lat'><strong>5.</strong></span> 
     </span>
    </p>
   </div>
   <div class='ocr_carea' id='block_1_106' title="bbox 2154 4689 3806 4761">
    <p class='ocr_par' dir='ltr' id='par_1_106' title="bbox 2154 4689 3806 4761">
     <span class='ocr_line' id='line_1_106' title="bbox 2154 4689 3806 4761; baseline 0.005 -19"><span class='ocrx_word' id='word_1_798' title='bbox 2154 4694 2213 4742; x_wconf 89' lang='lat' dir='ltr'><strong>ta</strong></span> <span class='ocrx_word' id='word_1_799' title='bbox 2233 4704 2630 4759; x_wconf 85' lang='lat' dir='ltr'><strong>expressaque</strong></span> <span class='ocrx_word' id='word_1_800' title='bbox 2646 4689 2769 4744; x_wconf 89' lang='lat' dir='ltr'><strong>visa</strong></span> <span class='ocrx_word' id='word_1_801' title='bbox 2784 4689 3041 4761; x_wconf 90' lang='lat' dir='ltr'><strong>sit,quod</strong></span> <span class='ocrx_word' id='word_1_802' title='bbox 3064 4689 3139 4745; x_wconf 91' lang='lat' dir='ltr'><strong>ad</strong></span> <span class='ocrx_word' id='word_1_803' title='bbox 3161 4690 3480 4747; x_wconf 90' lang='lat' dir='ltr'><strong>concilium</strong></span> <span class='ocrx_word' id='word_1_804' title='bbox 3501 4693 3806 4751; x_wconf 67' lang='lat' dir='ltr'><strong>Nicaenum</strong></span> 
     </span>
    </p>
   </div>
   <div class='ocr_carea' id='block_1_107' title="bbox 2155 4777 3810 4848">
    <p class='ocr_par' dir='ltr' id='par_1_107' title="bbox 2155 4777 3810 4848">
     <span class='ocr_line' id='line_1_107' title="bbox 2155 4777 3810 4848; baseline 0.006 -18"><span class='ocrx_word' id='word_1_805' title='bbox 2155 4777 2431 4848; x_wconf 89' lang='lat' dir='ltr'><strong>pertinet.</strong></span> <span class='ocrx_word' id='word_1_806' title='bbox 2491 4777 2635 4831; x_wconf 92' lang='lat' dir='ltr'><strong>Cum</strong></span> <span class='ocrx_word' id='word_1_807' title='bbox 2669 4778 2829 4832; x_wconf 89' lang='lat' dir='ltr'><strong>enim</strong></span> <span class='ocrx_word' id='word_1_808' title='bbox 2868 4778 2930 4832; x_wconf 90' lang='lat' dir='ltr'><strong>in</strong></span> <span class='ocrx_word' id='word_1_809' title='bbox 2962 4795 3029 4834; x_wconf 94' lang='lat' dir='ltr'><strong>eo</strong></span> <span class='ocrx_word' id='word_1_810' title='bbox 3087 4780 3390 4835; x_wconf 88' lang='lat' dir='ltr'><strong>Novatiani</strong></span> <span class='ocrx_word' id='word_1_811' title='bbox 3446 4788 3810 4840; x_wconf 87' lang='lat' dir='ltr'><strong>revertentes</strong></span> 
     </span>
    </p>
   </div>
   <div class='ocr_carea' id='block_1_108' title="bbox 2158 4864 3814 4943">
    <p class='ocr_par' dir='ltr' id='par_1_108' title="bbox 2158 4864 3814 4943">
     <span class='ocr_line' id='line_1_108' title="bbox 2158 4864 3814 4943; baseline 0.005 -24"><span class='ocrx_word' id='word_1_812' title='bbox 2158 4865 2287 4919; x_wconf 88' lang='lat' dir='ltr'><strong>sine</strong></span> <span class='ocrx_word' id='word_1_813' title='bbox 2318 4881 2465 4920; x_wconf 89' lang='lat' dir='ltr'><strong>novo</strong></span> <span class='ocrx_word' id='word_1_814' title='bbox 2497 4864 2791 4936; x_wconf 90' lang='lat' dir='ltr'><strong>baptismo</strong></span> <span class='ocrx_word' id='word_1_815' title='bbox 2825 4867 3003 4938; x_wconf 90' lang='lat' dir='ltr'><strong>recipi</strong></span> <span class='ocrx_word' id='word_1_816' title='bbox 3029 4867 3356 4939; x_wconf 89' lang='lat' dir='ltr'><strong>jubeantur</strong></span> <span class='ocrx_word' id='word_1_817' title='bbox 3372 4885 3502 4925; x_wconf 89' lang='lat' dir='ltr'><strong>can.</strong></span> <span class='ocrx_word' id='word_1_818' title='bbox 3536 4872 3590 4938; x_wconf 92' lang='lat'><strong>8,</strong></span> <span class='ocrx_word' id='word_1_819' title='bbox 3616 4873 3814 4943; x_wconf 89' lang='lat' dir='ltr'><strong>sequi-</strong></span> 
     </span>
    </p>
   </div>
   <div class='ocr_carea' id='block_1_109' title="bbox 2158 4954 3808 5027">
    <p class='ocr_par' dir='ltr' id='par_1_109' title="bbox 2158 4954 3808 5027">
     <span class='ocr_line' id='line_1_109' title="bbox 2158 4954 3808 5027; baseline 0.005 -19"><span class='ocrx_word' id='word_1_820' title='bbox 2158 4957 2254 5008; x_wconf 89' lang='lat' dir='ltr'><strong>tur</strong></span> <span class='ocrx_word' id='word_1_821' title='bbox 2282 4969 2507 5009; x_wconf 24' lang='lat' dir='ltr'><strong>revera.</strong></span> <span class='ocrx_word' id='word_1_822' title='bbox 2532 4954 2892 5027; x_wconf 90' lang='lat' dir='ltr'><strong>baptismum</strong></span> <span class='ocrx_word' id='word_1_823' title='bbox 2943 4956 3359 5013; x_wconf 74' lang='lat' dir='ltr'><strong>hmreticorum</strong></span> <span class='ocrx_word' id='word_1_824' title='bbox 3392 4975 3515 5015; x_wconf 90' lang='lat' dir='ltr'><strong>non</strong></span> <span class='ocrx_word' id='word_1_825' title='bbox 3572 4977 3703 5016; x_wconf 89' lang='lat' dir='ltr'><strong>esse</strong></span> <span class='ocrx_word' id='word_1_826' title='bbox 3732 4961 3808 5016; x_wconf 91' lang='lat' dir='ltr'><strong>ob</strong></span> 
     </span>
    </p>
   </div>
   <div class='ocr_carea' id='block_1_110' title="bbox 2157 5044 3811 5117">
    <p class='ocr_par' dir='ltr' id='par_1_110' title="bbox 2157 5044 3811 5117">
     <span class='ocr_line' id='line_1_110' title="bbox 2157 5044 3811 5117; baseline 0.005 -21"><span class='ocrx_word' id='word_1_827' title='bbox 2157 5058 2338 5097; x_wconf 91' lang='lat' dir='ltr'><strong>unam</strong></span> <span class='ocrx_word' id='word_1_828' title='bbox 2362 5058 2600 5098; x_wconf 90' lang='lat' dir='ltr'><strong>causam</strong></span> <span class='ocrx_word' id='word_1_829' title='bbox 2627 5044 2872 5099; x_wconf 76' lang='lat' dir='ltr'><strong>haaresis</strong></span> <span class='ocrx_word' id='word_1_830' title='bbox 2893 5044 3126 5100; x_wconf 91' lang='lat' dir='ltr'><strong>nullum</strong></span> <span class='ocrx_word' id='word_1_831' title='bbox 3153 5063 3166 5111; x_wconf 91' lang='lat'><strong>;</strong></span> <span class='ocrx_word' id='word_1_832' title='bbox 3191 5046 3295 5101; x_wconf 87' lang='lat' dir='ltr'><strong>sed</strong></span> <span class='ocrx_word' id='word_1_833' title='bbox 3317 5048 3511 5117; x_wconf 91' lang='lat' dir='ltr'><strong>potuit</strong></span> <span class='ocrx_word' id='word_1_834' title='bbox 3535 5047 3637 5103; x_wconf 89' lang='lat' dir='ltr'><strong>illa</strong></span> <span class='ocrx_word' id='word_1_835' title='bbox 3667 5064 3811 5104; x_wconf 88' lang='lat' dir='ltr'><strong>con-</strong></span> 
     </span>
    </p>
   </div>
   <div class='ocr_carea' id='block_1_111' title="bbox 2157 5131 3811 5208">
    <p class='ocr_par' dir='ltr' id='par_1_111' title="bbox 2157 5131 3811 5208">
     <span class='ocr_line' id='line_1_111' title="bbox 2157 5131 3811 5208; baseline 0.005 -23"><span class='ocrx_word' id='word_1_836' title='bbox 2157 5131 2381 5186; x_wconf 88' lang='lat' dir='ltr'><strong>secutio</strong></span> <span class='ocrx_word' id='word_1_837' title='bbox 2403 5148 2523 5187; x_wconf 93' lang='lat' dir='ltr'><strong>non</strong></span> <span class='ocrx_word' id='word_1_838' title='bbox 2556 5133 2779 5188; x_wconf 88' lang='lat' dir='ltr'><strong>attendi</strong></span> <span class='ocrx_word' id='word_1_839' title='bbox 2807 5150 2820 5200; x_wconf 91' lang='lat'><strong>;</strong></span> <span class='ocrx_word' id='word_1_840' title='bbox 2847 5138 3137 5205; x_wconf 67' lang='lat' dir='ltr'><strong>praeterea</strong></span> <span class='ocrx_word' id='word_1_841' title='bbox 3156 5150 3277 5189; x_wconf 90' lang='lat' dir='ltr'><strong>non</strong></span> <span class='ocrx_word' id='word_1_842' title='bbox 3300 5134 3504 5191; x_wconf 87' lang='lat' dir='ltr'><strong>deerat</strong></span> <span class='ocrx_word' id='word_1_843' title='bbox 3519 5138 3811 5208; x_wconf 84' lang='lat' dir='ltr'><strong>exceptio-</strong></span> 
     </span>
    </p>
   </div>
   <div class='ocr_carea' id='block_1_112' title="bbox 2156 5221 3810 5297">
    <p class='ocr_par' dir='ltr' id='par_1_112' title="bbox 2156 5221 3810 5297">
     <span class='ocr_line' id='line_1_112' title="bbox 2156 5221 3810 5297; baseline 0.005 -21"><span class='ocrx_word' id='word_1_844' title='bbox 2156 5222 2218 5276; x_wconf 91' lang='lat' dir='ltr'><strong>ni</strong></span> <span class='ocrx_word' id='word_1_845' title='bbox 2248 5221 2436 5290; x_wconf 92' lang='lat' dir='ltr'><strong>locus,</strong></span> <span class='ocrx_word' id='word_1_846' title='bbox 2468 5238 2603 5278; x_wconf 91' lang='lat' dir='ltr'><strong>cum</strong></span> <span class='ocrx_word' id='word_1_847' title='bbox 2660 5224 2960 5278; x_wconf 88' lang='lat' dir='ltr'><strong>Novatiani</strong></span> <span class='ocrx_word' id='word_1_848' title='bbox 3000 5225 3218 5295; x_wconf 89' lang='lat' dir='ltr'><strong>passim</strong></span> <span class='ocrx_word' id='word_1_849' title='bbox 3277 5242 3382 5297; x_wconf 89' lang='lat' dir='ltr'><strong>pro</strong></span> <span class='ocrx_word' id='word_1_850' title='bbox 3414 5227 3810 5284; x_wconf 87' lang='lat' dir='ltr'><strong>schismaticis</strong></span> 
     </span>
    </p>
   </div>
   <div class='ocr_carea' id='block_1_113' title="bbox 2156 5311 3809 5387">
    <p class='ocr_par' dir='ltr' id='par_1_113' title="bbox 2156 5311 3809 5387">
     <span class='ocr_line' id='line_1_113' title="bbox 2156 5311 3809 5387; baseline 0.004 -22"><span class='ocrx_word' id='word_1_851' title='bbox 2156 5311 2344 5383; x_wconf 85' lang='lat' dir='ltr'><strong>magis</strong></span> <span class='ocrx_word' id='word_1_852' title='bbox 2374 5327 2551 5382; x_wconf 86' lang='lat' dir='ltr'><strong>quam</strong></span> <span class='ocrx_word' id='word_1_853' title='bbox 2584 5329 2687 5384; x_wconf 90' lang='lat' dir='ltr'><strong>pro</strong></span> <span class='ocrx_word' id='word_1_854' title='bbox 2719 5312 3013 5368; x_wconf 74' lang='lat' dir='ltr'><strong>haareticis</strong></span> <span class='ocrx_word' id='word_1_855' title='bbox 3066 5313 3445 5380; x_wconf 74' lang='lat' dir='ltr'><strong>haberentur,</strong></span> <span class='ocrx_word' id='word_1_856' title='bbox 3494 5321 3809 5387; x_wconf 87' lang='lat' dir='ltr'><strong>ratamque</strong></span> 
     </span>
    </p>
   </div>
   <div class='ocr_carea' id='block_1_114' title="bbox 2157 5401 3810 5472">
    <p class='ocr_par' dir='ltr' id='par_1_114' title="bbox 2157 5401 3810 5472">
     <span class='ocr_line' id='line_1_114' title="bbox 2157 5401 3810 5472; baseline 0.003 -17"><span class='ocrx_word' id='word_1_857' title='bbox 2157 5401 2488 5472; x_wconf 87' lang='lat' dir='ltr'><strong>baptizandi</strong></span> <span class='ocrx_word' id='word_1_858' title='bbox 2510 5402 2831 5458; x_wconf 85' lang='lat' dir='ltr'><strong>formulam</strong></span> <span class='ocrx_word' id='word_1_859' title='bbox 2846 5419 2959 5458; x_wconf 89' lang='lat' dir='ltr'><strong>nec</strong></span> <span class='ocrx_word' id='word_1_860' title='bbox 2974 5404 3165 5457; x_wconf 86' lang='lat' dir='ltr'><strong>verbis</strong></span> <span class='ocrx_word' id='word_1_861' title='bbox 3183 5420 3292 5458; x_wconf 89' lang='lat' dir='ltr'><strong>nec</strong></span> <span class='ocrx_word' id='word_1_862' title='bbox 3322 5411 3520 5460; x_wconf 91' lang='lat' dir='ltr'><strong>mente</strong></span> <span class='ocrx_word' id='word_1_863' title='bbox 3537 5422 3772 5461; x_wconf 89' lang='lat' dir='ltr'><strong>corrum</strong></span> <span class='ocrx_word' id='word_1_864' title='bbox 3788 5436 3810 5447; x_wconf 93' lang='lat'><strong>-</strong></span> 
     </span>
    </p>
   </div>
   <div class='ocr_carea' id='block_1_115' title="bbox 2154 5494 3808 5568">
    <p class='ocr_par' dir='ltr' id='par_1_115' title="bbox 2154 5494 3808 5568">
     <span class='ocr_line' id='line_1_115' title="bbox 2154 5494 3808 5568; baseline 0.002 -20"><span class='ocrx_word' id='word_1_865' title='bbox 2154 5498 2378 5564; x_wconf 90' lang='lat' dir='ltr'><strong>perent.</strong></span> <span class='ocrx_word' id='word_1_866' title='bbox 2418 5495 2560 5548; x_wconf 88' lang='lat' dir='ltr'><strong>Nam</strong></span> <span class='ocrx_word' id='word_1_867' title='bbox 2591 5494 2868 5566; x_wconf 88' lang='lat' dir='ltr'><strong>plurimis</strong></span> <span class='ocrx_word' id='word_1_868' title='bbox 2920 5494 3107 5551; x_wconf 87' lang='lat' dir='ltr'><strong>visum</strong></span> <span class='ocrx_word' id='word_1_869' title='bbox 3158 5501 3267 5565; x_wconf 90' lang='lat' dir='ltr'><strong>est,</strong></span> <span class='ocrx_word' id='word_1_870' title='bbox 3304 5511 3423 5551; x_wconf 90' lang='lat' dir='ltr'><strong>non</strong></span> <span class='ocrx_word' id='word_1_871' title='bbox 3456 5496 3644 5551; x_wconf 89' lang='lat' dir='ltr'><strong>solam</strong></span> <span class='ocrx_word' id='word_1_872' title='bbox 3676 5514 3808 5568; x_wconf 68' lang='lat' dir='ltr'><strong>quas</strong></span> 
     </span>
    </p>
   </div>
  </div>
