4134 6264
341 325 460 388 ﬂ!

1701 322 2212 386 DlSSERTATIO
2258 326 2368 386 IlI.

3625 333 3744 396 242

342 460 520 516 verbo
546 459 746 526 ﬁebat,
775 459 876 515 sed
900 476 1030 515 eam
1055 473 1312 530 quoque,
1331 476 1471 531 ‘qum
1495 475 1674 531 prava
1705 459 1991 514 duntaxat
2023 457 2074 526 Α
2108 456 2327 511 schatis
2353 476 2386 512 a
2408 461 2672 514 Romana
2692 459 3101 516 dissidentem.
3132 463 3254 516 Non
3270 462 3663 518 refertutrum
3685 483 3745 520 1n

337 547 1852 622 interpretationeinducebatur,formzebaptismalis
1875 563 2000 602 cor-

339 641 700 712 ruptionem,
735 639 970 694 irritum
995 639 1300 694 etnullum
1333 639 1692 710 baptismum
1731 637 1993 692 efﬁcere.

339 731 427 784 Ita
451 729 710 783 sensisse
728 728 959 784 videtur
981 729 1362 794 Athanasius,
1382 734 1527 784 orat.
1556 732 1605 792 2,
1634 746 1691 782 ιι.
1715 728 1784 781 42
1815 732 1872 781 et
1903 728 1991 793 43,

340 820 506 873 aiens
558 819 780 873 multas
829 820 1086 874 hzereses
1118 820 1176 873 in
1210 819 1501 889 baptismo
1552 818 1646 872 SS.
1683 815 1986 871 Trinitatis

339 925 730 980 personarum
762 911 1007 964 nomina
1036 910 1277 979 quidem
1325 908 1709 980 pronuntiare
1744 925 1755 960 :
1791 923 1990 960 verum

337 1014 472 1052 cum
503 1004 661 1052 recte
685 1015 805 1052 non
828 999 1106 1063 sentiant,
1131 997 1400 1052 inutilem
1421 1014 1548 1051 esse
1568 1012 1746 1067 quam
1765 995 1990 1050 donant

334 1103 572 1157 aquam.
608 1088 843 1142 Niczeno
877 1087 977 1142 ille
1019 1087 1271 1144 concilio
1318 1085 1671 1142 interfuerat
1715 1086 1982 1156 Optatus,

335 1193 678 1248 quanquam
731 1177 1064 1242 Africanus,
1122 1193 1300 1247 quam
1335 1175 1693 1247 provinciam
1749 1174 1985 1245 proprie

329 1265 688 1336 respiciebat
717 1266 1082 1320 Arelatensis
1114 1265 1350 1320 concilii
1384 1281 1572 1320 canon
1608 1265 1638 1317 8
1666 1280 1677 1317 :
1713 1264 1979 1334 Optatus,

325 1356 598 1426 inquam,
648 1355 1042 1422 Milevitanus,
1093 1355 1195 1410 lib.
1242 1361 1383 1409 cont.
1437 1355 1885 1420 Parmenianum,
1920 1368 1978 1406 n.

327 1449 414 1512 12;
450 1446 966 1500 schismaticorum
1003 1445 1296 1516 baptisma
1333 1443 1612 1515 probans,
1667 1441 1980 1496 haeretico-

322 1550 459 1588 rum
491 1533 712 1588 diserte
747 1534 958 1605 rejicit.
994 1536 1066 1588 At
1098 1534 1198 1588 lib.
1230 1551 1289 1597 11,
1324 1551 1382 1588 ιι.
1417 1534 1470 1600 8,
1504 1539 1560 1586 et
1615 1532 1696 1586 lib
1768 1550 1818 1595 v,
1853 1549 1910 1584 n.
1950 1534 1970 1584 1

322 1628 386 1676 et
413 1625 467 1692 3,
502 1639 680 1678 omne
709 1623 911 1678 datum
946 1623 1005 1677 in
1056 1623 1298 1677 nomine
1348 1621 1650 1676 Trinitatis
1682 1620 1976 1691 baptisma

319 1711 579 1783 probare
603 1711 855 1778 videtur,
880 1711 1054 1767 modo
1080 1718 1279 1767 tamen
1315 1711 1469 1766 adsit
1499 1716 1659 1766 recta
1689 1710 1782 1780 (ex
1807 1714 1972 1781 parte

2104 545 2476 616 baptismatis
2509 548 2925 604 haereticorum
2957 566 3132 605 causa
3164 552 3368 606 eadem
3400 569 3632 622 cuoque
3665 553 3747 608 di-

2101 638 2343 692 versitas
2366 638 2560 692 locum
2593 639 2858 706 haberet,
2883 657 3017 694 cum
3040 646 3235 695 tamen
3261 641 3318 695 id
3344 648 3498 696 esset
3521 641 3591 698 de
3625 661 3742 714 quo

2100 727 2409 799 agebatur:
2447 729 2871 800 silentiumque
2897 729 3045 784 illud
3068 730 3418 784 nonnullam
3449 732 3745 788 submini—

2099 822 2245 871 strat
2276 818 2636 873 contrarium
2666 819 3065 889 praesumendi
3087 835 3325 873 causam
3352 835 3364 874 :
3400 836 3742 891 quanquam

2097 905 2388 977 exemplo.
2408 905 2566 977 quod
2591 908 2648 960 in
2669 907 2860 978 ipsum
2893 911 3236 977 retorquere
3272 907 3330 960 in
3347 915 3622 978 promptu
3648 926 3741 962 es-

2093 1001 2201 1062 set,
2234 1012 2355 1050 non
2386 995 2614 1050 videtur
2644 1013 2859 1051 usurus
2890 996 3070 1050 fuisse
3104 997 3501 1052 Firmilianus.
3553 998 3734 1051 Euse-

2091 1084 2224 1139 bius
2256 1090 2475 1148 tamen,
2532 1085 2632 1138 lib.
2682 1103 2750 1138 vn
2784 1087 2940 1151 Hist.,
3000 1101 3127 1158 cap.
3163 1089 3215 1149 2,
3278 1085 3349 1140 de
3409 1092 3548 1142 nata
3580 1087 3736 1142 inter

2089 1175 2338 1229 Asianos
2360 1180 2416 1229 et
2433 1177 2763 1230 Romanum
2789 1175 3129 1247 pontificem
3150 1177 3547 1231 controversia
3579 1177 3737 1232 circa

2088 1262 2446 1334 baptismum
2481 1262 2917 1331 haereticorum,
2947 1281 3128 1336 agens
3161 1265 3242 1319 ait
3270 1266 3564 1328 antiquam
3609 1281 3740 1315 con-

2083 1351 2434 1399 suetudinem
2453 1353 2778 1407 invaluisse,
2799 1362 2860 1400 ut
2891 1353 2951 1400 in
2982 1353 3388 1403 hominibusad
3407 1355 3732 1404 catholicam

2083 1443 2318 1490 reversis
2352 1443 2471 1488 sola
2499 1458 2776 1490 manuum
2831 1445 3112 1503 impositio
3142 1460 3268 1492 cum
3308 1447 3730 1505 precationibus

2082 1531 2455 1585 adhiberetur.
2489 1533 2551 1586 Id
2592 1534 2720 1588 sine
2752 1534 2931 1589 dubio
2963 1535 3279 1606 provinciae
3315 1553 3436 1590 suae
3469 1535 3732 1590 Paleasti-

2079 1630 2172 1668 nae
2196 1633 2306 1672 usu
2331 1622 2681 1678 aestimabat.
2711 1627 2781 1677 At
2829 1626 3252 1679 Constitutiones
3303 1627 3614 1694 apostolicae
3646 1627 3720 1682 ad

2076 1723 2250 1762 usum
2283 1711 2675 1767 Ecclesiarum
2721 1714 2900 1785 Syriae
2933 1720 2990 1767 et
3017 1713 3346 1769 Palmstinae
3397 1713 3716 1768 maximam

317 1802 500 1872 [CCII]
536 1801 748 1856 saltem
806 1803 1184 1872 suscipientis
1227 1817 1404 1872 quem
1448 1802 1752 1855 credentem
1783 1804 1968 1865 vocat,
2007 1827 2048 1892 Β
2080 1803 2305 1867 partem
2330 1818 2595 1870 cmpressz
2618 1802 2718 1856 lib.
2748 1820 2815 1866 νι,
2850 1819 2976 1873 cap.
3011 1806 3094 1869 15,
3144 1803 3502 1875 baptismum
3540 1803 3724 1858 htere-

317 1889 391 1944 ab
423 1897 692 1960 operante
723 1907 830 1945 seu
873 1891 1146 1945 ministro
1180 1890 1571 1962 distinguens)
1606 1890 1666 1944 in
1697 1889 1970 1943 eamdem

318 1980 673 2034 Trinitatem
707 1979 875 2034 ﬁdes.
909 1981 1092 2045 Quam
1114 1980 1354 2050 quidem
1387 1979 1767 2049 suscipientis
1791 1977 1971 2032 fidem

317 2085 456 2124 cum
481 2074 602 2123 tam
622 2068 886 2124 studiose
911 2069 1179 2140 requirit,
1202 2069 1431 2123 videtur
1450 2067 1522 2122 ad
1541 2072 1800 2122 mentem
1835 2083 1970 2121 con-

317 2159 443 2214 cilii
480 2159 846 2215 Arelatensis
875 2159 1085 2215 facere.
1126 2159 1397 2227 Basilius,
1421 2159 1590 2230 epist.
1628 2161 1650 2213 1
1683 2158 1968 2213 canonica

313 2265 448 2303 can.
480 2252 529 2315 1,
554 2265 686 2321 pag.
713 2252 801 2313 20,
832 2265 966 2304 cum
990 2264 1564 2321 parasynagogarum
1604 2247 1965 2319 baptismum

308 2336 1130 2400 admittat.schismaticorum
1147 2354 1251 2408 pro
1266 2335 1692 2392 consuetudine
1706 2335 1967 2390 locorum

309 2426 498 2498 recipi
524 2426 615 2482 vel
638 2427 1033 2498 rejicijubeat
1051 2445 1064 2495 ;
1082 2426 1495 2481 litereticorum
1511 2430 1854 2481 constanter
1877 2424 1961 2478 uti

310 2516 548 2571 nullum
571 2533 926 2587 cassumque
962 2516 1254 2588 repudiat,
1298 2515 1531 2571 tametsi
1555 2515 1616 2569 in
1641 2517 1873 2570 Patrem
1908 2518 1966 2570 et

315 2605 530 2660 Filium
549 2612 607 2660 et
626 2605 915 2676 Spiritum
931 2612 1201 2661 sanctum
1216 2605 1957 2676 baptizent.Nazianzenus,

315 2702 464 2750 orat.
499 2699 588 2764 40,
622 2714 682 2751 11.
715 2699 805 2763 25,
840 2713 969 2768 pag,
1005 2699 1128 2765 637,
1161 2695 1426 2766 quemvis
1471 2693 1750 2766 baptismi
1783 2694 1959 2748 mini-

310 2791 499 2840 strum
530 2785 764 2857 probat,
825 2785 999 2840 modo
1059 2785 1352 2840 catholica
1402 2783 1514 2838 ﬁde
1549 2783 1958 2850 informatum,

312 2875 680 2946 S.Ephraem,
705 2881 852 2930 orat.
879 2875 950 2930 de
973 2876 1027 2929 S.
1052 2874 1388 2941 Basilio,Gr.
1417 2873 1533 2940 ed.,
1561 2890 1617 2944 p.
1651 2873 1776 2937 403,
1798 2873 1958 2928 Aria-

316 2981 417 3018 nos
445 2966 547 3032 ait,
583 2983 720 3021 cum
757 2965 1016 3020 Valentis
1076 2965 1264 3019 filium
1314 2963 1622 3035 parvulum
1655 2963 1956 3032 (sexennis

309 3059 447 3124 erat)
470 3055 859 3126 baptizarent,
884 3071 1031 3124 aqua
1053 3055 1371 3125 baptizasse,
1394 3071 1502 3108 non
1547 3055 1782 3123 Spiritu.
1817 3052 1954 3124 Epi-

300 3145 559 3216 phanius
582 3144 1087 3216 Anacephalzeosi,
1122 3161 1284 3198 num.
1322 3146 1372 3208 5,
1407 3161 1463 3214 p.
1500 3143 1862 3210 151,aliquos
1883 3157 1951 3188 ex

2085 1886 2330 1942 ticorum
2367 1890 2448 1943 uti
2478 1891 2710 1945 nullum
2744 1891 3040 1962 rejiciunt.
3078 1892 3215 1945 Utut
3268 1891 3363 1957 sit,
3398 1891 3721 1947 Ecclesiam

2083 1975 2679 2048 Hierosolymitanam
2697 1981 2913 2034 Nicaeni
2929 1980 3165 2036 concilii
3179 1980 3434 2035 decretis
3446 1980 3724 2036 adhaesis-

2082 2080 2143 2119 se
2159 2067 2369 2120 merito
2385 2067 2522 2139 jure
2539 2069 2924 2141 supponitur;
2951 2086 3220 2141 quosque
3239 2070 3556 2124 concilium
3579 2070 3726 2124 illud

2081 2154 2392 2211 haereticos
2423 2158 2551 2214 sine
2586 2177 2733 2213 novo
2765 2159 3118 2230 baptismate
3149 2161 3332 2232 recipi
3375 2161 3567 2232 jubet,
3602 2179 3723 2216 non

2081 2244 2282 2315 [CClll]
2304 2246 2717 2318 rebaptizasse.
2751 2249 2926 2304 Pauci
2980 2249 3040 2303 in
3088 2266 3156 2304 ea
3187 2267 3248 2303 se
3281 2249 3353 2304 ad
3385 2252 3716 2305 conversio-

2077 2351 2215 2389 nem
2251 2337 2581 2391 offerebant
2611 2338 2896 2406 hzeretici,
2935 2340 3034 2409 qui
3069 2356 3188 2394 non
3218 2340 3396 2394 vitato
3428 2339 3722 2411 baptismo

2075 2431 2405 2480 uterentur.
2431 2427 2632 2481 Nullos
2655 2427 2806 2482 alios
2819 2427 2890 2483 ab
2909 2429 3204 2484 hzereticis
3227 2446 3539 2484 conversos
3558 2435 3723 2484 notat

2075 2515 2326 2586 Cyrillus
2340 2522 2555 2587 praeter
2569 2517 2942 2584 Manichzeos,
2959 2518 3115 2589 quod
3131 2519 3203 2574 ad
3219 2519 3577 2590 baptismum
3603 2537 3722 2575 una

2073 2622 2205 2660 cum
2225 2606 2455 2660 caeteris
2474 2606 2844 2678 praeparabat
2860 2612 2971 2663 cat.
3010 2607 3100 2674 15,
3131 2625 3186 2662 ιι.
3223 2611 3308 2674 15,
3342 2625 3458 2679 quo
3491 2607 3620 2663 loco
3645 2608 3719 2662 ad

2071 2711 2171 2750 eos
2203 2711 2538 2750 sermonem
2571 2702 2918 2751 convertens
2951 2696 3069 2752 ait:
3101 2696 3456 2744 Erudiantur
3501 2698 3603 2760 qui
3648 2712 3716 2743 ex

2067 2783 2390 2832 Manichxis
2420 2785 2671 2832 conversi
2702 2794 2852 2847 sunt,
2887 2800 2986 2833 nec
3013 2786 3262 2846 amplius
3297 2785 3614 2834 luminaria
3636 2786 3714 2834 di-

2069 2874 2305 2922 vinitate
2334 2875 2552 2934 donent.
2592 2882 2726 2944 etc.,
2753 2894 2882 2947 quae
2914 2876 2986 2931 ad
3005 2875 3704 2948 conversosjamdudum,

2066 2980 2133 3018 ac
2166 2965 2442 3020 fidelibus
2476 2965 2756 3021 diuturno
2791 2972 3055 3037 tempore
3085 2971 3446 3038 aggregatos,
3478 2983 3601 3020 non
3623 2967 3708 3019 vi-

2066 3053 2280 3110 dentur
2300 3055 2414 3110 dici
2447 3057 2729 3128 potuisse.
2764 3060 2834 3112 At
2865 3056 3167 3111 Manichzei
3207 3056 3570 3126 baptismum
3602 3056 3704 3110 ha-

2061 3144 2322 3200 buerunt
2351 3163 2384 3201 a
2417 3145 2678 3218 legitimo
2713 3146 2990 3201 Ecclesia:
3023 3146 3138 3200 ritu
3170 3145 3316 3200 adeo
3361 3145 3706 3216 discrepan-

300 3195 553 3216 r——-————
582 3195 1087 3216 '——""r—""‘"'1
1124 3195 1283 3198 -—w———~
1328 3195 1372 3208 ν-
1409 3195 1463 3214 [⁷
1728 3195 1748 3205 ι
2061 3195 2320 3200 η-ν----
2353 3195 2384 3201 —
2417 3195 2674 3218 -σο---ηη
2714 3195 2989 3201 -ν-ι---η-
3024 3195 3138 3200 --ν-
3172 3195 3309 3200 -ηη
3366 3195 3672 3216 παπ-τη-

299 3233 714 3282 Catholicorum
732 3235 1008 3295 partibus,
1027 3234 1258 3294 privata
1275 3233 1384 3281 sibi
1421 3233 1666 3292 factione
1687 3235 1944 3294 conﬂata,
1978 3195 2024 3270 Ο
2064 3241 2202 3301 tem,
2236 3240 2300 3290 ut,
2330 3236 2507 3291 etiam
2549 3237 2798 3307 qumstio
2836 3236 2912 3291 sit
2942 3252 3061 3289 non
3104 3235 3278 3290 facile
3310 3234 3706 3306 explicabilis,

285 3336 501 3391 prceter
531 3325 793 3373 Ecclesiae
813 3323 1269 3371 consuetudinem
1299 3331 1347 3370 et
1369 3322 1515 3370 citra
1543 3321 1770 3370 concilii
1790 3336 1947 3383 gene-

288 3420 438 3468 ralis
478 3419 780 3477 decretum,
815 3430 904 3462 eos
958 3416 1059 3478 qui
1086 3415 1154 3463 ab
1207 3413 1444 3462 Arianis
1495 3414 1565 3461 ad
1593 3428 1728 3461 suas
1752 3421 1944 3474 partes

289 3516 594 3560 transeunt
623 3509 830 3556 iterum
861 3506 1148 3568 baptizare
1177 3521 1289 3554 non
1334 3507 1531 3562 vereri,
1584 3503 1696 3564 ait;
1723 3520 1849 3553 cum
1880 3520 1945 3554 ea

285 3615 375 3647 rcs
396 3597 750 3647 universalis
778 3593 1218 3658 synodijudicio
1240 3593 1421 3642 decisa
1443 3608 1553 3640 non
1578 3593 1672 3647 sit,
1706 3594 1831 3647 Non
1851 3610 1941 3647 er-

277 3706 351 3761 go
387 3688 690 3742 Nicmnam
723 3684 1017 3756 synodum
1059 3682 1460 3738 arbitrabatur
1492 3698 1732 3737 causam
1773 3681 1938 3737 illam

275 3777 568 3832 ﬁnivisse.
605 3774 971 3839 Ambrosius,
997 3774 1072 3827 De
1102 3772 1396 3842 mysteriis,
1423 3788 1550 3843 cap.
1576 3772 1629 3840 4,
1655 3787 1819 3827 num.
1843 3771 1935 3838 23,

275 3867 401 3915 Non
431 3871 600 3912 sanat
633 3862 942 3924 baptismus
964 3861 1355 3925 perﬁdorum;
1397 3875 1509 3908 non
1560 3860 1815 3916 mundat,
1845 3860 1939 3910 sed

267 3957 528 4017 polluit;
560 3954 826 4010 Asterius
861 3956 1212 4008 Amasenus.
1266 3954 1323 4006 in
1365 3951 1510 4022 psal.
1559 3968 1658 4014 v1;
1689 3953 1932 4006 Monum.

276 4047 426 4100 Eect.
459 4045 556 4100 Gr.
589 4043 864 4108 Coteler.,
900 4048 1038 4096 tom.
1071 4043 1142 4108 ll,
1177 4059 1232 4112 p.
1267 4043 1356 4103 61.
1388 4040 1698 4112 parvulum
1723 4039 1796 4096 ab
1820 4041 1936 4095 bte-

274 4136 482 4190 reticis
509 4133 884 4204 baptizatum,
921 4148 1031 4186 non
1067 4133 1424 4201 baptizatum,
1461 4131 1554 4186 sed
1576 4130 1634 4186 in
1681 4131 1932 4186 haeresim

270 4227 608 4291 immersam,
645 4227 704 4276 et
727 4221 798 4276 ab
822 4222 948 4292 ipso
967 4221 1098 4275 vita:
1123 4221 1394 4292 ingressu
1427 4223 1791 4288 naufragium
1820 4221 1931 4287 iam

272 4330 497 4385 passum
527 4328 635 4368 esse
693 4311 976 4376 decernit;
1013 4310 1426 4380 Hieronymus,
1483 4326 1824 4381 quanquam
1867 4311 1929 4364 in

277 4403 518 4474 Dialogo
542 4408 733 4456 contra
763 4401 1141 4468 Luciferianos
1177 4400 1593 4454 haereticorum
1634 4399 1928 4470 baptisma

275 4493 497 4547 diserte
519 4490 872 4555 defenderit,
899 4490 959 4544 in
990 4489 1194 4543 multis
1236 4495 1435 4544 tamen
1460 4489 1606 4544 locis
1629 4507 1732 4559 pro
1757 4489 1923 4543 nullo

2057 3342 2200 3380 num
2221 3326 2464 3380 omnino
2485 3325 2844 3397 baptismum
2875 3329 3281 3396 agnoscerent.
3302 3325 3517 3379 Eorum
3541 3329 3700 3379 certe

2054 3414 2382 3485 baptismus
2416 3421 2578 3470 tanta
2600 3415 2941 3486 impuritate
2963 3431 3030 3470 ac
3053 3415 3311 3470 foeditate
3335 3416 3698 3470 contamina-

2054 3510 2147 3558 tus
2171 3510 2315 3573 erat,
2333 3511 2396 3559 ut
2428 3521 2500 3559 ne
2531 3505 2694 3559 illius
2713 3504 2956 3559 modum
2980 3510 3233 3573 enarret,
3253 3504 3476 3576 pudore
3491 3522 3696 3576 sepro-

2052 3595 2242 3650 hiberi
2277 3596 2529 3668 Cyrillus
2561 3596 2719 3652 dicat
2747 3602 2862 3651 cat.
2898 3600 2949 3664 5,
2983 3615 3039 3652 n.
3075 3599 3162 3651 33.
3188 3597 3334 3652 Cum
3371 3597 3508 3652 totis
3536 3603 3692 3652 cate-

2051 3685 2326 3740 chesibus
2349 3686 2699 3741 Maniclueos
2722 3704 2842 3758 prae
2861 3686 3048 3740 oculis
3066 3685 3691 3757 babeat,studioseque

2049 3774 2210 3828 omni
2243 3774 2371 3829 loco
2405 3775 2676 3846 exagitet,
2709 3775 2866 3846 quod
2900 3775 2959 3829 in
2992 3775 3175 3830 nullis
3214 3775 3346 3830 aliis
3394 3775 3690 3829 haereticis

2045 3864 2239 3920 facere
2258 3864 2741 3936 deprehenditur,
2763 3865 3034 3920 concludi
3057 3865 3194 3920 inde
3209 3866 3390 3936 possit
3407 3865 3515 3918 hos
3535 3881 3685 3936 pene

2046 3971 2196 4010 unos
2213 3955 2325 4009 hoc
2353 3960 2614 4024 tempore
2637 3955 2697 4008 in
2720 3954 3254 4026 Hierosolymitana
3270 3954 3524 4025 parmcia
3542 3971 3684 4010 cono

2045 4049 2296 4115 spectos.
2330 4043 2531 4100 Fuisse
2556 4043 2959 4098 Marcionistas
2982 4042 3042 4097 in
3076 4041 3387 4097 Palaastina
3409 4045 3574 4098 testis
3597 4049 3687 4098 est

2041 4133 2429 4204 Epiphanius,
2463 4132 2674 4188 haeresi
2705 4134 2792 4199 42,
2820 4148 2984 4187 num.
3008 4135 3056 4199 1,
3091 4131 3280 4204 deque
3312 4149 3518 4188 eorum
3542 4150 3680 4188 con-

2040 4223 2351 4279 venticulis
2385 4239 2454 4278 ac
2483 4223 2806 4278 Dominicis
2854 4222 3118 4293 loquitur
3145 4222 3402 4294 Cyrillus
3434 4229 3544 4278 cat.
3585 4225 3672 4288 18,

2037 4332 2097 4370 n.
2132 4319 2218 4382 26,
2245 4332 2345 4370 eos
2374 4331 2508 4370 cum
2536 4314 2870 4370 Manichreis
2902 4316 3288 4387 coniungens.
3327 4315 3405 4370 De
3438 4316 3677 4371 Marcio-

2038 4405 2209 4460 nistis
2246 4404 2426 4460 dubia
2445 4421 2541 4458 res
2571 4421 2715 4460 num
2741 4411 3088 4460 consuetam
3119 4404 3399 4477 baptismi
3423 4404 3677 4460 formam

2035 4492 2476 4546 commutarint.
2511 4491 2730 4546 Horum
2761 4491 3056 4562 baptisma
3111 4491 3382 4554 Basilius,
3416 4491 3585 4560 epist.
3625 4495 3674 4559 1,

277 4582 568 4650 irritoque
591 4579 810 4634 habere
833 4579 1084 4642 videtur,
1105 4583 1170 4632 ut
1189 4580 1246 4632 in
1276 4579 1656 4645 Ecclesiasten,
1677 4593 1805 4648 cap.
1831 4594 1920 4644 vn,
1956 4568 2001 4634 D
2032 4597 2162 4636 can.
2201 4585 2249 4647 1,
2277 4581 2348 4636 ab
2383 4580 2550 4634 initio
2573 4581 2860 4652 rejectum
2879 4584 3128 4635 testatur
3146 4579 3299 4634 sicut
3324 4579 3673 4635 Manichzeo-

268 4671 420 4738 #27,
445 4668 550 4724 lib.
584 4685 599 4722 1
649 4670 709 4722 in
742 4669 951 4731 Oseam,
994 4683 1119 4738 cap.
1152 4667 1271 4735 11,?
1312 4670 1365 4734 5,
1391 4672 1448 4722 et
1485 4665 1588 4721 lib.
1643 4683 1724 4735 111,
1768 4684 1818 4722 c.
1863 4684 1918 4736 χ,

275 4761 308 4827 ᾖ
342 4763 430 4826 10,
467 4763 526 4813 et
559 4774 685 4828 cap.
719 4758 896 4824 11111,)“;
944 4758 1013 4823 4;
1047 4761 1107 4811 et
1150 4759 1209 4811 in
1241 4757 1460 4826 Ephes.,
1512 4772 1640 4828 cap.
1690 4773 1766 4824 1v,
1799 4757 1832 4824 ᾗ
1863 4759 1915 4812 6.

271 4851 406 4904 Haec
437 4847 511 4903 ad
535 4847 934 4903 excusandam
958 4846 1160 4918 Cyrilli
1181 4847 1524 4917 opinionem
1548 4845 1784 4902 abunde
1803 4845 1920 4901 suf-

268 4939 512 4994 ﬁciunt:
537 4953 717 5009 quam
747 4941 927 4999 certe,
949 4935 997 4990 si
1021 4952 1141 4990 non
1164 4936 1358 5004 citius,
1401 4935 1611 4991 saltem
1633 4952 1789 4990 anno
1811 4936 1910 4989 381

265 5029 544 5094 correxit,
571 5045 706 5084 cum
729 5029 790 5083 in
822 5027 1076 5083 concilio
1108 5028 1763 5099 Constantinopolitano
1798 5045 1918 5084 una

263 5135 398 5174 cum
423 5119 655 5173 caeteris
680 5117 974 5180 Patribus,
1001 5133 1227 5172 canone
1251 5121 1304 5184 7,
1328 5117 1548 5173 multos
1569 5135 1640 5173 ex
1678 5119 1912 5173 haereti-

263 5209 347 5262 cis
378 5209 507 5262 sine
534 5207 890 5279 baptismate
913 5222 1066 5260 novo
1091 5206 1274 5277 recipi
1299 5206 1574 5262 decrevit.
1601 5209 1682 5262 De
1703 5207 1913 5263 Eccle-

265 5299 365 5353 site
397 5297 953 5368 Hierosolymitanae
983 5302 1120 5351 ante
1143 5295 1265 5350 hac
1285 5301 1550 5368 tempora
1570 5297 1631 5352 in
1654 5297 1914 5369 rebapti-

265 5388 464 5443 zandis
491 5387 793 5442 hmreticis
823 5402 956 5451 usu,
981 5387 1108 5457 jam
1141 5402 1346 5456 pauca.

326 5480 410 5532 68.
451 5477 614 5532 Hanc
651 5475 972 5530 Ecclesiam
1014 5474 1478 5546 repraesentabat
1507 5474 1650 5530 olim
1701 5475 1907 5530 Firmi-

264 5566 455 5622 lianus
482 5565 558 5622 ad
581 5565 940 5636 Cyprianum
966 5563 1253 5631 scribens,
1276 5564 1361 5618 uti
1404 5563 1651 5619 diversis
1674 5565 1733 5618 in
1769 5582 1908 5620 con-

260 5655 686 5713 suetudinibus
718 5670 784 5709 ac
816 5653 1114 5725 praecipue
1135 5653 1293 5709 circa
1318 5653 1782 5711 celebrationem
1810 5656 1914 5710 Pa-

2032 4687 2184 4738 rum,
2245 4670 2795 4726 Valentinianorum
2828 4674 2885 4724 et
2933 4671 3410 4741 Pepuzenorum;
3445 4671 3672 4742 aitque,

2031 4759 2200 4830 epist.
2232 4759 2287 4826 2,
2321 4776 2451 4815 can.
2513 4761 2602 4826 47,
2637 4759 3042 4814 Marcionistas
3092 4758 3164 4813 ab
3223 4759 3486 4815 Ecclesia
3515 4759 3669 4834 [sua]

2029 4864 2148 4902 non
2181 4848 2386 4920 recipi,
2419 4848 2533 4903 nisi
2568 4849 2628 4902 in
2676 4853 2946 4903 nostrum
2986 4847 3346 4918 baptismum
3397 4849 3673 4920 baptizati

2027 4936 2268 4992 fuerint.
2303 4937 2444 4993 Inde
2477 4953 2598 4992 non
2631 4936 2853 5009 injuria
2882 4935 3184 4991 dubitatur
3215 4954 3360 4992 num
3391 4953 3527 4993 vera
3564 4937 3671 4993 ba-

2027 5025 2229 5096 ptismi
2261 5025 2518 5082 formula
2547 5031 2874 5082 uterentur.
2900 5026 3060 5082 Hanc
3091 5031 3269 5096 certe,
3303 5027 3503 5098 Cyrilli
3535 5045 3668 5084 sen-

2026 5116 2234 5184 tentia,
2269 5117 2318 5170 si
2355 5133 2475 5171 non
2494 5116 2714 5181 verbis,
2733 5121 2794 5171 at
2814 5121 3013 5172 mente
3036 5122 3093 5172 et
3115 5117 3508 5190 intelligentia
3536 5136 3670 5191 gra-

2024 5205 2265 5260 vissime
2297 5206 2787 5278 corrumpebant:
2827 5207 3004 5262 unius
3056 5207 3356 5262 Trinitatis
3387 5207 3516 5263 loco
3551 5214 3670 5263 tres

2025 5295 2167 5350 deos
2196 5294 2588 5366 praedicantes
2620 5301 2732 5352 cat.
2770 5299 2855 5363 16,
2878 5313 3044 5351 num.
3078 5298 3111 5350 4
3144 5301 3202 5351 et
3231 5301 3278 5361 1,
3314 5297 3668 5368 Patremque

2026 5390 2084 5440 et
2113 5385 2396 5456 Spiritum
2428 5390 2722 5452 sanctum,
2755 5403 3007 5456 quorum
3040 5385 3100 5440 in
3141 5403 3360 5443 nomen
3419 5386 3674 5458 baptiza-

2022 5491 2174 5542 mus,
2208 5492 2241 5530 a
2280 5475 2554 5530 Creatore
2615 5475 2821 5530 mundi
2868 5481 2927 5530 et
2951 5476 3173 5546 Spiritu
3204 5476 3304 5546 qui
3349 5475 3667 5547 prophetas

2023 5563 2332 5635 inspiravit
2346 5569 2708 5636 separantes.
2725 5565 2862 5628 Quae
2878 5564 3118 5635 quidem
3148 5564 3475 5620 secundum
3496 5565 3669 5618 intel-

2022 5653 2328 5726 ligentiam
2349 5654 2720 5726 baptismalis
2731 5653 2938 5709 formae
2950 5654 3271 5724 corruptio,
3291 5652 3595 5708 sufﬁciens
3607 5656 3673 5704 ut
