4108 6270
421 357 538 416 243

1597 353 1698 413 DE
1742 351 2138 414 DOCTBINA
2181 351 2244 412 S.
2293 351 2621 413 GYRILLI.

3690 352 3814 413 2“

403 486 662 541 vidimus
682 502 742 543 n.
762 487 851 554 67,
881 484 1312 540 nonnullorum
1335 485 1614 557 opinione
1637 485 2049 558 rebaptizatio-
2078 484 2135 553 Α
2166 485 2542 558 ingenueque
2565 482 2830 557 profiteri
2851 484 3150 556 aquitatis
3173 501 3302 541 esse
3333 484 3628 541 duxerint.
3651 487 3817 541 Unus

404 576 500 631 nis
521 576 998 632 fundamentum.
1026 575 1181 630 Nihil
1204 576 1406 647 itaque
1429 578 1560 631 miri
1581 577 1652 644 si,
1679 577 2050 648 quodtamen

406 665 574 721 nullo
608 669 994 720 monumento
1017 665 1255 736 probari
1280 671 1493 736 potest,
1533 667 1916 737 Jerosolymis
1957 683 2050 720 re-

404 753 846 825 baptizarentur
877 753 1286 808 Marcionista.
1341 755 1770 827 Cataphrygum
1816 772 2051 825 quoque

407 861 513 899 seu
545 844 1040 897 Montanistarum
1073 847 1131 897 et
1162 847 1596 914 Pepuzenorum
1627 845 1905 898 meminit
1943 845 2053 916 Cy-

405 932 599 1001 rillus,
632 936 748 986 cat.
785 934 870 993 16,
904 947 1070 996 num,
1103 933 1156 998 8,
1189 949 1337 1002 quos
1368 933 1688 987 concilium
1725 933 2050 1000 Nicanum,

408 1039 538 1078 can.
567 1023 655 1088 17,
679 1021 1096 1088 Laodicenum,
1117 1037 1248 1076 can.
1277 1022 1332 1089 8,
1367 1028 1426 1076 et
1445 1023 2052 1093 Constantinopotita-

407 1126 576 1178 num,
608 1126 739 1164 can.
783 1113 835 1176 7,
870 1127 1020 1164 novo
1052 1127 1185 1165 cum
1215 1109 1570 1182 baptismate
1601 1111 1829 1166 admitti
1855 1112 2057 1182 praci-

407 1201 616 1272 piunt:
678 1215 789 1254 nec
821 1199 1062 1267 mirum,
1112 1200 1159 1253 si
1192 1217 1312 1254 non
1370 1217 1549 1255 sensu
1609 1201 1824 1269 solum,
1853 1217 2052 1255 verum

409 1290 584 1344 etiam
604 1288 820 1358 verbis,
842 1289 904 1342 in
933 1293 1161 1344 Patrem
1185 1295 1242 1343 et
1265 1290 1477 1344 Filium
1503 1296 1561 1345 et
1583 1293 1924 1347 Montanum
1953 1292 2053 1347 ba-

406 1377 724 1450 ptizabant,
759 1394 827 1432 ex
859 1377 1034 1433 Basil.
1061 1379 1230 1450 epist.
1270 1384 1291 1433 1
1327 1396 1456 1434 can.
1494 1385 1542 1436 1.
1587 1381 1953 1436 Sabellianos
1987 1399 2057 1436 ex

405 1467 650 1522 nomine
669 1483 824 1538 sape
847 1467 1110 1538 appellat
1129 1468 1415 1539 Cyrillus;
1443 1470 1944 1526 Paulianistarum
1965 1488 2052 1526 er-

405 1573 605 1611 rorem
642 1555 987 1626 aliquando,
1024 1573 1245 1612 nomen
1276 1575 1582 1629 nunquam
1615 1565 1904 1615 recenset.
1941 1561 2057 1615 Hos

407 1645 621 1702 concil.
646 1645 971 1711 Nicanum,
995 1662 1125 1700 can.
1152 1647 1237 1713 19,
1272 1646 1407 1702 illos
1440 1647 2055 1720 Constantinopolita-

407 1751 574 1802 num,
592 1751 718 1790 can.
748 1737 801 1799 7,
830 1733 903 1788 ad
927 1734 1251 1790 Ecclesiam
1275 1741 1637 1792 revertentes
1665 1737 1942 1808 baptizari
1958 1737 2057 1808 ju-

406 1823 569 1879 bent.
599 1822 756 1878 Nihil
788 1823 860 1878 de
888 1824 1183 1879 veteribus
1207 1825 1506 1880 hareticis
1527 1826 1599 1880 ab
1632 1825 1851 1898 Cyrillo
1885 1842 2053 1880 com-
2089 1844 2133 1910 Β

407 1912 753 1968 memoratis
784 1911 998 1980 dicam,
1033 1912 1268 1968 Simone
1301 1916 1482 1986 Mago,
1516 1914 1861 1984 Menandro,
1887 1915 2049 1969 Basi-

409 2000 550 2071 lide,
611 1999 922 2067 Gnosticis,
957 2000 1408 2072 Valentinianis,
1469 2009 1602 2072 etc.,
1659 2021 1913 2075 quorum
1952 2004 2056 2058 illa

413 2095 584 2145 atate
613 2105 766 2160 pene
810 2088 1114 2144 exstincta
1172 2090 1449 2160 haereses,
1481 2092 1675 2147 adhuc
1716 2093 1919 2148 vitiata
1963 2092 2055 2147 vel

413 2178 607 2234 verbis
656 2177 744 2234 vel
801 2177 1196 2250 intelligentia
1250 2187 1407 2235 certe
1466 2180 1742 2253 baptismi
1800 2181 2057 2237 formula

414 2272 671 2324 utentes.
700 2267 948 2323 Arianos
980 2268 1232 2340 Cyrillus
1265 2286 1298 2324 a
1339 2270 1583 2326 diversis
1613 2271 1837 2326 exsiliis
1870 2271 2055 2326 redux

418 2357 548 2412 sine
570 2355 747 2411 dubio
771 2356 989 2412 multos
1013 2357 1074 2411 in
1096 2358 1419 2413 Ecclesiam
1453 2361 1675 2431 recepit
1699 2377 1710 2414 :
1733 2377 2054 2431 eorumque

416 2445 637 2502 multos
666 2445 738 2500 ab
769 2446 1142 2501 invasoribus
1164 2447 1440 2503 Ecclesia
1463 2466 1582 2503 sua
1602 2449 1835 2504 Arianis
1865 2450 2053 2521 bapti-

410 2541 568 2590 zatos
599 2535 866 2590 offendit.
911 2538 981 2590 At
1037 2553 1240 2591 eorum
1273 2538 1472 2592 nullos
1519 2555 1668 2593 novo
1701 2539 2054 2610 baptismate

412 2625 682 2679 initiasse
713 2623 922 2695 igitur:
957 2625 1156 2694 [CCIV]
1189 2642 1438 2696 seseque
1470 2628 1936 2698 suppponendus
1966 2634 2056 2683 est

413 2713 818 2768 conformasse
849 2712 963 2784 legi
995 2730 1102 2783 per
1135 2719 1316 2768 totam
1348 2715 1672 2771 Ecclesiam
1695 2718 2051 2788 constituta,

409 2808 475 2858 ut
508 2801 635 2856 sola
653 2801 873 2856 Nicani
906 2801 1141 2856 concilii
1167 2803 1816 2876 subscriptione,eaque
1837 2805 2056 2877 profes-

411 2890 577 2946 sione
601 2889 760 2960 quod
783 2890 1032 2961 Spiritus
1055 2896 1293 2946 sanctus
1314 2898 1584 2949 creatura
1623 2911 1741 2950 non
1774 2895 1869 2963 sit,
1902 2896 2054 2950 reci-

410 2984 716 3053 perentur.
751 2981 1119 3050 Praceptum
1150 2979 1209 3034 id
1261 2986 1386 3035 erat
1416 2982 1476 3035 in
1509 3000 1674 3038 conc.
1729 2985 1894 3040 Alex.
1945 2985 2052 3040 sub

410 3070 732 3124 Athanasio
757 3085 852 3124 an.
887 3072 1010 3137 362,
1047 3075 1104 3123 et
1133 3086 1165 3124 a
1196 3071 1440 3126 Paulino
1466 3074 1834 3130 Antiocheno
1857 3093 2054 3130 assen-

411 3175 573 3225 sum;
629 3175 662 3213 a
690 3158 923 3225 Basilio,
960 3159 1130 3229 epist.
1181 3163 1307 3225 203,
1340 3176 1469 3232 pag.
1512 3166 1635 3231 222,
1669 3169 1727 3219 et
1756 3183 1789 3220 a
1821 3166 2050 3221 Liberio

2160 590 2229 628 ex
2264 575 2349 629 eis
2377 579 2484 640 est,
2512 591 2689 645 quem
2721 590 2827 647 ego
2858 575 3103 630 honoris
3124 590 3303 630 causa
3335 575 3606 643 nomino,
3628 576 3815 629 Erne-

2159 668 2284 718 stus
2311 664 2582 734 Grabius,
2603 665 2773 736 cujus
2797 669 2996 719 tamen
3017 664 3354 736 Cyrilliana
3377 665 3690 718 sententia
3713 680 3816 718 ex-

2158 753 2464 823 plicationi
2498 754 2559 808 in
2591 754 2867 808 omnibus
2896 754 3186 808 assentire
3216 770 3336 808 non
3364 770 3609 824 possum
3635 771 3647 807 :
3692 769 3818 823 qua

2159 842 2231 897 de
2263 859 2326 897 re
2361 843 2467 897 sub
2503 843 2682 897 finem
2715 843 2926 914 capitis
2952 847 3036 907 H,
3083 859 3251 897 num.
3277 843 3368 904 91,
3411 841 3687 895 nonnihil
3719 841 3819 896 di-

2159 937 2362 986 cturus
2393 948 2544 986 sum.
2581 931 2836 986 Aliunde
2871 948 2938 986 ea
2964 931 3167 1002 Cyrilli
3201 932 3525 1001 antiquitas
3548 936 3605 984 et
3621 930 3821 985 Eccle-

2161 1021 2263 1075 sia
2285 1021 2837 1092 Hierosolymitana
2865 1021 3188 1076 auctoritas
3207 1026 3317 1086 est,
3337 1026 3403 1074 ut
3425 1021 3472 1074 si
3496 1020 3818 1074 Catholicis

2161 1107 2431 1176 dedatur,
2465 1109 2724 1164 haretici
2756 1109 2869 1164 sibi
2919 1125 3100 1163 causa
3146 1108 3434 1164 cecidisse
3484 1108 3814 1164 videantur.

2161 1197 2555 1263 Quamobrem
2588 1198 2818 1253 nullum
2843 1215 2962 1253 non
2985 1197 3244 1270 lapidem
3270 1197 3818 1252 movitAlbertinus

2159 1293 2226 1341 ut
2256 1287 2540 1358 Cyrillum
2564 1287 2736 1342 nobis
2761 1289 3046 1359 eriperet:
3099 1286 3541 1357 salebrosisque
3583 1287 3645 1340 in
3667 1286 3817 1341 locis

2160 1393 2294 1432 cum
2328 1394 2387 1432 se
2419 1378 2636 1432 versari
2669 1393 2787 1432 non
2810 1377 3128 1449 ignoraret,
3147 1382 3379 1432 tantum
3412 1375 3813 1431 nihilominus

2163 1468 2224 1522 in
2257 1467 2517 1538 speciem
2553 1466 2666 1522 sibi
2697 1467 2880 1521 sumit
2910 1466 3160 1536 ﬁducia,
3182 1471 3247 1521 ut
3265 1465 3430 1521 nullo
3462 1465 3798 1538 magisloco

2163 1557 2445 1626 sejactet,
2477 1556 2962 1626 adversariosque
2994 1572 3133 1610 suos
3153 1571 3363 1610 omnes
3401 1555 3637 1618 bardos,
3673 1560 3809 1610 stu-

2161 1645 2354 1717 pidos,
2407 1645 2735 1716 imperitos,
2781 1645 2932 1699 nihil
2983 1645 3180 1700 videre
3229 1644 3405 1700 dicat.
3456 1646 3538 1699 Ex
3570 1644 3690 1698 illis
3722 1649 3818 1699 est

2163 1732 2439 1787 videlicet
2458 1733 2674 1804 quibus
2704 1732 2854 1787 nihil
2887 1733 3045 1787 intra
3075 1737 3165 1788 est
3198 1732 3419 1798 oleum,
3453 1733 3605 1786 nihil
3651 1737 3821 1788 extra

2165 1822 2226 1876 in
2257 1838 2408 1876 nuce
2440 1821 2592 1876 duri.
2625 1821 2784 1876 Adeo
2819 1822 3166 1892 perstrinxit
3195 1821 3398 1876 oculos
3430 1822 3666 1876 Thoma
3693 1821 3818 1875 Mil-

2166 1911 2296 1965 lesii
2319 1911 2613 1982 jactantia
2628 1911 2776 1978 hac,
2808 1917 2875 1965 ut
2894 1910 3130 1966 abunde
3152 1911 3339 1966 fracta
3377 1910 3448 1966 ab
3477 1910 3580 1965 illo
3613 1911 3818 1965 existi-

2162 2018 2332 2056 mans
2359 2000 2710 2072 deprompta
2738 2017 2774 2056 a
2817 2001 3135 2056 Catholicis
3184 2019 3254 2056 ex
3301 2001 3518 2072 Cyrillo
3565 2001 3625 2055 in
3657 2002 3804 2054 Pro-

2161 2095 2446 2146 testantes
2489 2090 2604 2146 tela
2631 2107 2646 2155 ;
2679 2089 2828 2144 nihil
2860 2091 2922 2145 in
2950 2090 3072 2145 suis
3102 2090 3177 2144 ad
3207 2091 3548 2146 catecheses
3584 2096 3809 2162 mysta-

2162 2180 2394 2252 gogicas
2423 2180 2580 2234 notis
2611 2179 2684 2234 ad
2714 2179 2818 2234 illa
2857 2179 3058 2250 Cyrilli
3093 2181 3435 2235 testimonia
3480 2179 3552 2233 de
3583 2195 3645 2234 se
3675 2196 3813 2234 res-

2161 2269 2440 2340 pondeat,
2475 2269 2578 2323 sed
2607 2285 2810 2323 verum
2851 2268 3090 2323 illorum
3126 2285 3366 2324 sensum
3399 2286 3468 2323 ex
3499 2268 3811 2324 Albertino

2161 2359 2642 2430 requirijubeat:
2668 2359 2837 2429 cujus
2869 2359 3160 2428 integrum
3180 2363 3357 2429 caput
3381 2358 3707 2413 secundum
3740 2375 3817 2412 ex

2162 2447 2314 2502 libro
2347 2447 2606 2502 secundo
2638 2449 2713 2500 De
2743 2453 3079 2501 sacramento
3111 2447 3200 2501 vel
3232 2447 3426 2518 potius
3459 2452 3668 2501 contra
3708 2462 3808 2500 sa-

2162 2542 2528 2592 cramentum
2559 2535 2962 2602 Eucharistia,
2994 2535 3293 2606 praclara
3317 2536 3505 2590 instar
3525 2535 3811 2606 appendi-

2163 2627 2248 2681 cis
2278 2625 2350 2680 ad
2383 2625 2606 2680 calcem
2639 2642 2760 2679 sua
2790 2625 3140 2680 Oxoniensis
3184 2625 3462 2679 editionis
3515 2624 3808 2696 appinxit.

2162 2715 2300 2769 Mihi
2332 2715 2468 2769 ﬁdei
2496 2731 2732 2784 quoque
2755 2729 2902 2768 mea
2941 2713 3311 2768 vindicandae
3341 2713 3675 2784 exemplum
3705 2713 3815 2768 de-

2161 2804 2249 2858 dit
2275 2803 2572 2876 ;ac[CCV]
2610 2803 3025 2858 necessitatem
3065 2803 3366 2874 imposuit,
3409 2820 3483 2857 ne
3516 2803 3713 2857 minus
3745 2803 3816 2856 in

2163 2892 2609 2964 propugnandis
2632 2892 2936 2947 catholica
2970 2892 3253 2946 doctrina
3276 2891 3572 2963 prasidiis
3597 2891 3820 2946 studio-

2163 2999 2262 3037 sus
2291 2982 2511 3048 videar,
2536 2997 2712 3051 quam
2749 2981 2849 3034 ille
2877 2981 2936 3034 in
2981 2980 3412 3052 oppugnandis.
3460 2983 3666 3035 Parato
3699 2981 3814 3034 ita-

2163 3089 2276 3142 que
2298 3072 2359 3125 in
2383 3071 2512 3142 ejus
2539 3070 2795 3125 editione
2823 3071 3015 3124 toxico
3042 3071 3444 3125 necessarium
3467 3071 3528 3124 in
3565 3070 3672 3124 hac
3702 3086 3810 3124 no-

2163 3165 2284 3215 stra
2312 3159 2645 3214 antidotum
2677 3175 2978 3230 Opponere
3009 3159 3190 3214 officii
3215 3158 3330 3214 mei
3372 3175 3500 3214 esse
3541 3158 3679 3213 duxi
3707 3175 3718 3211 :
3755 3163 3818 3212 et

407 3252 541 3318 post
560 3217 888 3301 concilium
909 3217 1312 3317 ’Ariminense',
1340 3217 1510 3306 lteste
1552 3217 2049 3326 Siricio—epistilv,
2079 3217 2124 3285 α
2162 3265 2502 3320 quanquam
2523 3248 2596 3303 ad
2615 3217 2906 3319 prolixam
2928 3248 3217 3304 Albertini
3251 3247 3678 3303 CathOIiCOI‘um
3709 3263 3809 3301 ar-

409 3335 485 3390 ad
506 3335 831 3390 Himerium
860 3337 1196 3404 Tarracon.,
1229 3354 1356 3393 can.
1384 3343 1433 3406 '7,
1479 3341 1643 3411 quod,
1676 3342 1871 3413 inquit
1903 3344 2052 3398 Siri-

411 3424 558 3490 cius,
584 3429 727 3479 totus
749 3425 940 3480 Oriens
981 3426 1351 3497 Occidensque
1385 3430 1643 3484 custodit.
1698 3433 2050 3488 Pneumato-

410 3513 654 3568 machos
673 3512 925 3583 Cyrillus
947 3530 1042 3568 an.
1077 3516 1200 3586 380,
1233 3523 1440 3588 agente
1466 3519 1716 3575 Melania
1739 3527 1795 3576 et
1815 3523 2048 3592 Ruﬁno,

408 3604 686 3659 Ecclesiae
739 3604 1181 3673 reconciliavit;
1241 3607 1414 3661 ambo
1453 3610 1729 3664 Romana
1775 3612 2052 3668 Ecclesia

409 3693 858 3750 consuetudinis
896 3693 1145 3762 astricti,
1190 3695 1537 3767 rebaptizari
1569 3715 1668 3754 eos
1702 3717 1812 3755 nec
1842 3701 2050 3773 proba-

405 3784 630 3838 vissent
681 3799 790 3838 nec
848 3784 1266 3839 assensissent.
1326 3785 1488 3841 Idem
1535 3789 1742 3844 eodem
1787 3796 2052 3863 tempore

409 3889 577 3928 suam
627 3872 1020 3928 schismaticis
1079 3873 1519 3944 Apollinaristis
1573 3895 1679 3948 per
1709 3881 2053 3950 Gregorium

405 3962 736 4032 Nyssenum
769 3961 1254 4018 communionem
1313 3965 1632 4033 efferebat;
1695 3984 1878 4024 novus
1910 3986 2051 4024 sane

404 4049 735 4122 baptismus
768 4068 887 4105 non
940 4052 1400 4123 proponebatur.
1435 4056 1515 4108 Ex
1547 4056 1638 4110 his
1668 4058 1944 4113 omnibus
1993 4057 2052 4112 id

402 4140 721 4210 probatum
756 4146 813 4194 et
843 4141 1177 4195 confectum
1211 4159 1364 4210 reor,
1400 4144 1724 4200 Ecclesiam
1758 4148 2052 4220 Jerosoly-

406 4229 696 4284 mitanam
729 4235 993 4300 tempore.
1015 4230 1326 4301 Cyrilli,ac
1361 4234 1646 4305 Cyrillum
1683 4237 1898 4308 ipsum,
1931 4256 2052 4294 non

406 4334 614 4373 omnes
648 4317 722 4373 ad
751 4317 1075 4372 Ecclesiam
1106 4325 1468 4377 revertentes
1519 4324 1829 4382 hareticos
1859 4327 2052 4400 bapti-

402 4423 564 4463 zasse
591 4424 603 4461 :
628 4424 737 4463 nec
765 4407 1002 4478 probari
1035 4425 1207 4478 posse
1231 4409 1378 4464 alios
1412 4411 1482 4466 ab
1509 4413 1594 4468 eis
1638 4416 2050 4488 rebaptizatos,

402 4501 618 4567 prater
647 4513 747 4551 eos
799 4512 946 4567 quos
1008 4496 1095 4551 vel
1155 4499 1407 4554 concilia
1434 4500 1503 4556 de
1564 4520 1709 4558 novo
1765 4505 2047 4577 baptizari

2157 3343 2572 3410 gumentorum
2596 3337 3062 3392 confutationem
3087 3337 3245 3392 brevi
3271 3337 3536 3392 oratione
3562 3351 3810 3407 respon-

2157 3427 2285 3482 deri
2316 3444 2435 3482 non
2466 3427 2674 3498 possit,
2707 3427 2853 3481 mihi
2885 3426 3140 3481 liberum
3173 3444 3292 3481 non
3323 3427 3435 3480 fuit
3472 3443 3622 3481 onus
3653 3423 3809 3478 illud

2158 3517 2435 3588 effugere.
2470 3517 2597 3570 Non
2628 3515 2833 3587 ignoro
2867 3515 3157 3569 Albertini
3200 3515 3606 3570 cavillationes
3647 3515 3809 3584 jam-

2157 3604 2383 3660 dudum
2416 3605 2477 3659 in
2508 3604 2677 3659 libris
2708 3605 2923 3660 eximia
2954 3604 3284 3660 eruditione
3319 3610 3376 3658 et
3418 3605 3716 3658 rationum
3752 3601 3809 3655 vi

2158 3694 2507 3765 conscriptis
2539 3693 2809 3765 explosas
2840 3699 3016 3764 atque
3049 3694 3268 3764 ejectas
3299 3710 3450 3756 esse,
3501 3697 3568 3747 ut
3599 3708 3808 3746 eorum

2157 3785 2479 3858 diligentia
2529 3785 2621 3839 vix
2671 3784 2995 3855 quidquam
3045 3784 3223 3855 adjici
3272 3801 3444 3855 posse
3497 3783 3806 3850 videatur;

2157 3891 2384 3945 nosque
2415 3891 2484 3928 ex
2516 3890 2721 3928 eorum
2747 3873 3039 3928 industria
3068 3874 3323 3929 multum
3367 3872 3710 3944 profecisse,
3736 3888 3811 3927 ac

2157 3963 2348 4018 multa
2370 3962 2440 4018 ab
2457 3962 2814 4017 eisdelibata
2830 3962 2944 4016 huc
2965 3962 3223 4017 fatemur
3239 3961 3809 4030 contulisse,horum

2156 4052 2402 4124 vestigia
2423 4051 2590 4122 sequi
2614 4051 2774 4106 laudi
2799 4051 3122 4106 ducentes:
3157 4067 3359 4106 verum
3391 4067 3596 4107 eorum
3629 4067 3812 4107 causa.

2158 4141 2435 4196 nonnihil
2467 4157 2501 4195 a
2523 4146 2726 4195 nostra
2747 4140 3078 4195 dissimilis.
3100 4141 3193 4194 Illi
3223 4141 3497 4212 ampliori
3531 4141 3590 4194 in
3617 4139 3809 4194 stadio

2155 4231 2354 4302 positi,
2375 4245 2614 4285 causam
2632 4231 2876 4284 Patrum
2896 4229 3162 4285 omnium
3186 4229 3470 4285 tuendam
3495 4229 3810 4294 habentes,

2157 4336 2278 4374 non
2328 4324 2601 4390 suscepta
2647 4318 3014 4390 singulorum
3069 4317 3468 4390 iudagatione,
3507 4316 3814 4391 generalia

2157 4408 2533 4465 solummodo
2565 4408 2860 4479 principia
2888 4413 3066 4478 atque
3098 4413 3452 4480 argumenta
3481 4406 3812 4479 protulere,

2159 4516 2289 4570 qua
2325 4497 2574 4570 singulis
2607 4497 2904 4568 applicata
2935 4497 3048 4552 vim
3081 4498 3514 4552 sententiarum
3559 4496 3632 4551 ab
3663 4495 3812 4566 ipsis

401 4585 794 4656 praecipiunt;
826 4585 918 4640 vel
950 4586 1151 4641 vitiata
1182 4587 1392 4643 saltem
1426 4592 1620 4661 quoad
1656 4575 1897 4650 sensum
1943 4595 2044 4652 ba.
2076 4575 2126 4641 D
2157 4588 2554 4660 profectarum
2583 4587 2874 4657 aperiant,
2904 4591 2962 4640 et
2990 4585 3170 4641 falsas
3201 4603 3412 4642 omnes
3455 4587 3814 4656 interpreta-

402 4672 700 4742 ptismatis
730 4673 988 4730 formula
1017 4691 1156 4730 usos
1187 4692 1316 4733 esse
1352 4686 1602 4736 constat.

1046 4784 1276 4838 CAPUT
1316 4786 1413 4841 IX.

402 4887 482 4934 De
507 4888 653 4936 νεαΖί
696 4887 903 4937 Christi
923 4893 1235 4950 prwsmtia
1283 4894 1343 4942 in
1377 4895 1733 4948 Eucharistia
1760 4909 1812 4949 et
1860 4910 2050 4951 trans-

467 4959 972 5020 substantiationc;
1022 4963 1084 5010 in
1114 4977 1222 5025 quo
1271 4967 1468 5015 inanes
1507 4969 1790 5020 Albertini
1823 4975 1895 5021 ad
1939 4975 2050 5022 cle-

464 5028 703 5105 pandam
736 5031 850 5078 vim
890 5033 1346 5105 testimoniorum
1380 5038 1589 5102 Cyrilli
1613 5044 1856 5104 argutia?
1885 5048 2048 5105 refel-

468 5099 710 5175 luntur;
743 5102 1041 5175 generales
1079 5103 1141 5151 in
1194 5099 1650 5160 Albertihianam
1679 5099 2048 5175 respondendi

466 5169 742 5218 rationem
771 5170 1191 5222 observationes.

476 5277 562 5331 69.
596 5279 676 5332 Ea
696 5277 1174 5334 testimoniorum
1196 5283 1396 5353 Cyrilli
1428 5303 1534 5358 pro
1558 5295 1807 5362 utroque
1844 5295 2044 5350 catho-

401 5365 517 5421 lico
576 5366 846 5438 dogmate
904 5367 1248 5440 multitudo,
1288 5388 1354 5428 ac
1407 5379 1797 5448 perspicuitas
1856 5389 1943 5438 est
1973 5385 2044 5439 ab

404 5456 566 5510 omni
587 5456 721 5510 fuco
745 5460 845 5510 aut
869 5455 1133 5530 ambage,
1157 5467 1258 5515 aut
1285 5469 1686 5537 metaphorico
1710 5487 1924 5542 genere
1957 5474 2043 5528 lo-

401 5546 657 5602 cutionis
677 5545 888 5614 aliena,
905 5551 970 5600 ut
999 5563 1028 5601 e
1047 5549 1518 5612 Protestantibus
1533 5558 1885 5617 sinceriores
1907 5580 2045 5618 sen-

397 5635 597 5692 tentia
616 5651 737 5690 sua
754 5634 1156 5693 adversarium
1181 5656 1242 5695 se
1257 5641 1473 5700 habere
1488 5647 1772 5718 Cyrillum
1789 5653 2039 5710 candide

2159 4678 2353 4732 tiones
2387 4676 2648 4748 ejiciant.
2673 4674 2851 4729 Nobis
2882 4675 3187 4746 augustius
3213 4676 3470 4746 spatium
3502 4680 3563 4729 et
3583 4675 3643 4728 in
3671 4691 3816 4729 con-

2158 4771 2344 4821 tracto
2369 4765 2538 4820 labor
2568 4769 2676 4820 est.
2696 4763 2880 4818 Unius
2901 4764 3059 4819 enim
3079 4764 3279 4834 Cyrilli
3301 4765 3599 4820 sententia
3611 4762 3808 4831 nobis,

2160 4872 2228 4910 ex
2260 4853 2608 4910 accuratiori
2631 4852 2942 4908 verborum
2967 4853 3099 4925 ejus
3122 4855 3394 4908 examine
3416 4869 3483 4908 ac
3507 4857 3626 4907 toto
3649 4852 3810 4924 ejus-

2159 4944 2292 4999 dem
2325 4943 2608 4999 doctrina
2642 4959 2818 5013 scopo
2851 4948 2909 4997 et
2957 4943 3229 4998 instituto
3281 4941 3622 5015 aperienda,
3670 4940 3814 4994 illu-

2158 5034 2399 5089 stranda
2429 5049 2496 5088 ac
2525 5031 2952 5104 propugnanda
2993 5037 3101 5087 est.
3135 5031 3322 5101 Quod,
3379 5033 3497 5087 Deo
3530 5030 3809 5103 propitio,

2157 5123 2238 5177 ita
2268 5139 2377 5177 nos
2426 5121 2770 5193 prastitisse
2831 5136 3160 5190 speramus,
3219 5126 3285 5175 ut
3315 5121 3553 5176 nullum
3579 5119 3708 5191 jam
3737 5118 3809 5173 de

2155 5212 2355 5282 Cyrilli
2369 5211 2639 5265 doctrina
2651 5209 2808 5264 circa
2821 5209 3546 5264 traussubstantiationem
3566 5208 3806 5263 dubiu.n

2154 5303 2508 5372 cujusquam
2539 5299 2737 5354 animo
2768 5297 2994 5352 harere
3016 5315 3186 5368 posse
3206 5299 3486 5354 videatur.
3513 5297 3803 5352 Eumdem

2153 5409 2287 5448 cum
2323 5391 2624 5446 Albertino
2668 5388 2940 5444 ordinem
2993 5405 3329 5460 sequemur.
3364 5390 3468 5445 Ille
3500 5389 3806 5460 descripta

2153 5482 2308 5552 apud
2341 5479 2764 5536 Bellarminum
2797 5493 2866 5531 ex
2897 5477 3116 5548 Cyrillo
3148 5486 3496 5551 argumenta
3528 5478 3641 5533 sibi
3676 5478 3799 5532 sin-

2151 5571 2398 5643 gulatim
2459 5567 2684 5640 objicit,
2715 5582 3004 5636 suamque
3051 5567 3275 5624 eisdem
3334 5569 3803 5624 confutationem

2150 5660 2392 5732 subjicit
2418 5676 2431 5728 ;
2466 5675 2574 5714 nos
2604 5655 2819 5712 iisdem
2855 5659 3220 5728 argumentis
3243 5659 3459 5715 iterum
3481 5657 3806 5730 pr0positis
