4108 6270
268 390 387 448 245

1634 384 1852 445 DISSE
1864 385 2151 446 BTATIO
2199 386 2306 447 IlI.

3569 387 3689 445 246

264 538 332 577 ac
363 537 517 576 nova
546 517 853 574 interdum
901 516 1112 572 robore
1160 517 1615 585 conﬁrmmatis,
1665 519 1798 589 quis
1826 535 1925 574 re-
1953 519 2006 586 Α
2037 520 2207 590 panis
2236 520 2361 576 dari
2393 521 2453 576 in
2475 520 2842 576 Eucharistia
2873 520 3072 591 ipsum
3094 535 3308 592 corpus
3331 519 3569 575 Christi.
3597 521 3684 575 Ita

265 618 446 684 ponat
515 608 860 663 Albertinus
938 607 1286 674 referemus,
1366 607 1927 679 cavillationumque

273 702 403 772 ejus
432 698 778 753 {utilitatem
811 697 1223 752 demonstrare
1273 702 1626 768 satagemus'
1679 697 1790 752 Sed
1821 715 1928 752 an-

277 796 515 860 tequam
546 788 622 842 ad
670 804 798 841 rem
849 786 1221 852 accedamus,
1279 787 1406 857 ipsa
1447 787 1773 858 generatim
1827 787 1928 840 Al-

277 878 610 934 bertiniana
639 875 1043 946 respondendi
1067 876 1216 930 ratio
1240 892 1306 930 ac
1335 876 1525 930 forma
1541 876 1928 947 proponenda

281 975 385 1034 est,
417 967 849 1039 generalesque
899 966 961 1019 in
1003 981 1131 1020 eam
1178 965 1620 1020 observationes
1666 966 1929 1036 praamit-

277 1057 500 1111 tendaa:
560 1072 695 1126 quas
757 1055 1002 1124 quidem
1076 1054 1428 1108 universalis
1505 1054 1927 1109 confutationis

276 1147 473 1202 locum
509 1150 712 1199 tenere
743 1143 999 1214 possint,
1033 1148 1092 1196 et
1119 1159 1228 1197 nos
1251 1143 1590 1213 importuno
1615 1143 1821 1198 eadem
1854 1142 1926 1196 ad

279 1234 540 1306 singulas
596 1231 1148 1304 argumentationes
1191 1231 1499 1302 repetendi
1567 1237 1625 1286 et
1676 1233 1928 1305 ingemi-

278 1323 460 1379 nandi
491 1339 674 1377 onere
706 1321 986 1376 liberent.

343 1417 429 1466 70.
466 1416 548 1467 Ac
580 1411 777 1482 primo
809 1411 1051 1481 quidem
1083 1409 1425 1465 Albertinus
1457 1412 1692 1465 tametsi
1733 1427 1925 1465 causas

270 1520 390 1559 sua
422 1519 486 1556 se
514 1500 774 1555 maxime
806 1499 1212 1570 praeﬁdentem
1261 1505 1536 1566 ostentet,
1570 1500 1924 1571 Cyrilliano-

269 1609 402 1647 rum
462 1598 666 1645 tamen
715 1589 1191 1644 testimoniorum
1235 1590 1350 1643 vim
1407 1595 1589 1643 totam
1636 1590 1922 1653 sentiens,

269 1681 421 1736 nihil
445 1679 873 1751 praetermittit,
897 1695 1012 1748 quo
1037 1678 1268 1748 pondus
1291 1678 1412 1732 illis
1433 1695 1610 1732 omne
1628 1678 1918 1733 detrahat.

263 1769 557 1841 Cyrillum
587 1785 774 1838 ipsum
794 1767 1013 1822 invidia
1043 1768 1204 1821 omni
1237 1773 1444 1822 onerat
1470 1784 1482 1820 :
1516 1769 1921 1822 communica-

2037 609 2491 682 intelligendum
2517 611 2769 682 reponit,
2794 626 3007 682 panem
3023 625 3150 663 esse
3175 614 3376 680 typum
3393 610 3679 680 corporis,

2036 716 2140 754 seu
2172 717 2387 770 corpus
2439 700 2740 771 typicum;
2774 716 2841 754 ac
2885 699 3074 753 multa
3125 699 3392 753 cumulat
3438 698 3568 753 loca
3617 700 3678 753 in

2037 789 2252 858 quibus
2283 806 2378 843 res
2409 791 2537 860 ipsa
2566 807 2696 859 quas
2730 794 2817 843 est
2848 795 3019 860 typus
3050 792 3110 842 et
3130 789 3385 859 signum,
3430 789 3552 842 voci
3588 793 3678 859 ty-

2037 896 2146 950 pus
2178 880 2239 933 in
2272 880 2558 951 regimine
2599 880 2944 951 subjicitur:
2997 877 3501 948 quemadmodum
3533 877 3680 932 dici-

2038 975 2152 1034 tur,
2174 971 2391 1038 signum
2417 972 2865 1037 circumcisionis,
2891 977 3052 1038 typus
3079 971 3250 1035 Jonaz,
3284 985 3389 1039 pro
3428 969 3681 1024 circum-

2036 1057 2182 1112 cisio
2211 1058 2637 1126 signum,Jonas
2668 1064 2847 1128 typus.
2872 1058 3085 1128 Aitque
3117 1058 3201 1112 sic
3217 1057 3432 1111 Christi
3467 1073 3681 1128 corpus

2036 1146 2098 1200 in
2126 1153 2264 1218 typo
2293 1147 2465 1218 panis
2498 1146 2669 1202 nobis
2701 1147 2848 1214 dari,
2882 1147 3036 1201 sicut
3064 1163 3098 1200 a
3144 1146 3416 1201 Patribus
3466 1145 3684 1200 dicitur

2036 1237 2302 1289 Christus
2334 1236 2393 1289 in
2415 1241 2550 1307 typo
2583 1252 2805 1291 manna
2827 1235 3096 1306 patribus
3119 1234 3312 1303 datus,
3341 1236 3401 1289 in
3427 1235 3683 1306 imagine

2037 1330 2095 1377 et
2126 1325 2313 1395 ﬁgura
2344 1324 2666 1379 bestiarum
2700 1325 2967 1378 omnium
2991 1325 3052 1378 in
3083 1325 3275 1378 Veteri
3307 1325 3681 1378 Testamento

2037 1413 2503 1467 sacriﬁcatarum
2552 1413 2911 1468 immolatus.
2957 1412 3150 1467 Nihilo
3199 1412 3386 1484 magis
3416 1416 3682 1467 moratur

2037 1503 2193 1573 quod
2215 1521 2320 1574 per
2337 1505 2722 1558 Eucharistiae
2747 1503 3522 1574 participationem,Christo
3545 1519 3680 1557 con—

2036 1609 2288 1664 sangues
2320 1600 2378 1646 et
2410 1594 2791 1664 concorporei
2826 1593 2979 1648 efﬁci
3012 1593 3298 1647 dicamur.
3321 1591 3480 1646 Idem
3517 1591 3676 1646 enim

2035 1681 2105 1736 de
2137 1682 2432 1752 baptismo
2467 1682 2688 1736 dictum
2722 1699 2755 1735 a
2786 1682 2989 1736 multis
3017 1682 3288 1736 Patribus
3336 1680 3672 1752 pertendit:

2035 1772 2135 1840 qui
2168 1772 2408 1842 quidem
2439 1773 2560 1826 fere
2592 1789 2797 1826 omnes
2831 1772 2882 1825 id
2919 1771 2989 1825 de
3021 1770 3388 1825 Eucharistia
3417 1786 3552 1824 cum
3569 1769 3675 1823 ba-

264 1860 448 1914 tionis
483 1873 625 1912 cum
660 1856 918 1921 Arianis,
955 1856 1298 1910 variationis
1329 1857 1389 1910 in
1425 1857 1540 1911 ﬁde
1572 1862 1629 1910 et
1659 1873 1920 1911 commu-
1956 1888 2003 1953 B
2035 1863 2250 1933 ptismo
2276 1862 3007 1933 sumptaloquuntur.Nec
3040 1860 3173 1932 plus
3195 1859 3564 1914 difﬁcultatis
3586 1876 3676 1913 re-

259 1950 468 2016 nione,
501 1945 610 2000 zeli
661 1961 798 2017 erga
851 1944 1235 2015 impietatem,
1281 1946 1682 2001 contentionis
1732 1946 1924 2001 ambi-

267 2039 438 2092 tiosa
471 2036 547 2091 de
578 2035 833 2106 primatu
864 2039 1119 2089 accusat.
1164 2037 1209 2088 A
1241 2035 1598 2089 sanctissimi
1651 2035 1924 2106 praesulis

263 2143 550 2200 persona,
574 2126 637 2180 in
662 2125 792 2196 ejus
814 2125 1034 2196 scripta
1055 2126 1344 2196 impetum
1363 2125 1609 2188 faciens,
1649 2126 1922 2181 cateche-

268 2237 363 2274 ses
395 2221 456 2272 in
488 2217 858 2272 adolescentia
886 2216 1144 2271 auctoris
1174 2217 1424 2287 scriptas
1453 2233 1572 2272 non
1604 2218 1732 2271 sine
1763 2220 1923 2272 certo

268 2307 531 2362 consilio
562 2311 748 2371 notat,
767 2305 1167 2360 Romanorum
1189 2304 1462 2360 codicum
1486 2322 1516 2359 e
1543 2305 1760 2376 quibus
1786 2307 1927 2359 Pre-

270 2398 468 2453 votius
500 2395 842 2450 catecheses
865 2396 1092 2449 Graacas
1126 2394 1329 2458 edidit,
1355 2401 1688 2466 suspectam
1720 2395 1830 2450 sibi
1857 2397 1924 2450 ﬁ~

268 2487 434 2552 dem,
470 2487 860 2554 Danaumque
877 2483 1115 2539 fraudes
1144 2484 1600 2539 etinimicorum
1623 2484 1780 2540 dona
1799 2501 1922 2539 me-

272 2583 444 2632 tuere
469 2592 533 2631 se
556 2576 657 2630 ait.
683 2576 794 2629 Eas
816 2575 877 2628 in
909 2573 1084 2628 variis
1126 2573 1274 2628 locis
1313 2579 1620 2644 corruptas
1655 2591 1783 2629 esse
1817 2591 1922 2644 pro

281 2681 348 2718 re
372 2664 773 2718 demonstrata
791 2661 1291 2732 indubitabilique
1309 2663 1609 2732 supponit.
1637 2663 1922 2734 Mystago-

277 2754 542 2825 gicarum
569 2768 681 2807 nec
699 2750 976 2806 eumdem
1007 2751 1224 2822 stylum
1243 2767 1353 2805 nec
1377 2751 1645 2806 eamdem
1676 2752 1926 2806 auctori-

279 2848 460 2896 tatem
495 2857 556 2896 se
588 2846 737 2896 teste
770 2857 838 2895 ac
863 2839 1065 2911 judice
1096 2839 1382 2894 decernit.
1420 2842 1562 2895 Dato
1595 2846 1794 2895 tamen
1824 2857 1922 2895 eas

277 2930 477 3001 Cyrilli
510 2947 642 2985 vere
677 2945 827 2995 esse,
847 2927 999 2982 nihil
1031 2929 1092 2982 in
1112 2929 1196 2983 eis
1217 2929 1508 2984 contineri
1529 2929 1686 3000 quod
1720 2930 1923 2984 catho-

279 3021 401 3075 lica)
432 3037 632 3076 causa:
656 3019 869 3083 faveat,
899 3019 1212 3073 ostendere
1241 3019 1598 3091 aggreditur,
1634 3021 1790 3075 Nihil
1828 3021 1924 3074 hic

276 3110 466 3165 dicam
500 3109 572 3164 de
605 3108 968 3180 imprudenti
1013 3113 1069 3163 et
1097 3107 1306 3163 frivola
1356 3109 1648 3163 Albertini
1682 3125 1920 3164 accusa-

277 3202 433 3255 tione
465 3199 528 3253 in
561 3198 872 3270 Cyrillum,
904 3197 1242 3252 catecheses
1295 3198 1495 3268 [CCVI]
1551 3199 1700 3269 ejus,
1732 3205 1790 3253 et
1820 3199 1919 3270 qui

2036 1951 2190 2021 perit
2211 1951 2270 2005 in
2297 1968 2386 2018 eo,
2421 1951 2577 2021 quod
2606 1956 2839 2022 sumpto
2873 1956 2932 2005 et
2961 1949 3273 2004 distributo
3319 1951 3379 2004 in
3412 1949 3680 2004 membra

2035 2048 2238 2097 nostra
2261 2041 2475 2095 Christi
2508 2057 2751 2112 corpore
2785 2046 2842 2095 et
2871 2040 3157 2113 sanguine
3183 2039 3513 2094 Christiferi
3546 2039 3674 2094 effi-

2034 2132 2246 2186 cimur.
2279 2132 2460 2202 Negat
2489 2131 2647 2185 enim
2679 2129 2793 2184 dici
2828 2146 3000 2200 posse
3032 2129 3188 2200 quod
3219 2145 3419 2183 verum
3461 2129 3675 2182 Christi

2034 2237 2250 2292 corpus
2280 2221 2341 2274 in
2361 2219 2627 2274 membra
2649 2226 2853 2276 nostra
2881 2219 3276 2274 distribuitur.
3302 2218 3678 2273 Christiferos

2035 2315 2232 2364 autem
2262 2308 2391 2379 pios
2421 2308 2695 2363 homines
2727 2325 2794 2363 eo
2819 2308 2977 2379 quod
3017 2307 3315 2362 Christum
3366 2308 3428 2361 in
3479 2312 3676 2361 mente

2033 2403 2240 2471 gerant
2263 2399 2579 2469 vulgariter
2599 2397 2905 2468 appellari.
2933 2397 2986 2450 Si
3010 2397 3258 2468 objicias
3275 2395 3560 2467 Cyrillum
3582 2395 3674 2450 di-

2033 2505 2187 2557 cere,
2221 2505 2341 2542 non
2372 2487 2735 2542 credendum
2767 2486 3041 2541 sensibus
3073 2502 3287 2556 panem
3311 2491 3370 2540 et
3388 2486 3586 2540 vinum
3613 2487 3673 2540 in

2031 2577 2401 2632 Eucharistia
2425 2575 2925 2643 renuntiantibus,
2953 2575 3054 2630 sed
3074 2575 3212 2630 ﬁdei
3229 2575 3674 2646 Christicorpus

2034 2673 2091 2722 et
2121 2667 2469 2737 sanguinem
2503 2683 2631 2720 esse
2651 2665 2908 2733 docenti,
2933 2666 3034 2735 qui
3058 2665 3216 2721 enim
3238 2665 3468 2720 videtur
3480 2665 3672 2736 panis,

2032 2773 2245 2828 panem
2277 2773 2397 2811 non
2439 2773 2588 2819 esse,
2642 2761 2776 2817 etc.,
2835 2754 3157 2826 respondet
3204 2757 3407 2809 Patres
3466 2754 3674 2809 eodem

2033 2845 2209 2900 modo
2229 2846 2290 2900 in
2313 2845 2484 2916 aquis
2507 2844 2961 2916 baptismalibus
2985 2860 3265 2899 sensuum
3295 2843 3524 2915 judicio
3555 2861 3674 2898 non

2035 2951 2162 2990 esse
2197 2934 2472 2990 standum
2493 2934 2880 2989 afﬁrmavisse
2906 2950 2918 2986 :
2953 2949 3168 3004 panem
3193 2938 3250 2986 et
3274 2933 3473 2986 vinum
3493 2933 3548 2986 id
3575 2950 3675 2987 ac-

2035 3024 2348 3094 quisixisse
2366 3029 2431 3078 ut
2451 3040 2663 3094 corpus
2689 3023 2949 3093 typicum
2972 3027 3030 3076 et
3071 3022 3308 3092 sanguis
3347 3021 3486 3086 sint,
3519 3023 3677 3090 quod

2033 3118 2238 3182 gustus
2269 3128 2390 3166 non
2421 3110 2827 3182 deprehendit.
2857 3111 3001 3164 Cum
3025 3109 3281 3181 denique
3315 3109 3523 3180 objicit
3543 3109 3678 3176 sibi,

2039 3202 2194 3273 quod
2208 3200 2462 3272 Cyrillus
2477 3201 2536 3254 in
2554 3215 2719 3255 sacra
2733 3199 3153 3254 communione
3167 3215 3363 3270 regem
3376 3199 3678 3254 Christum

273 3306 369 3344 eas
400 3252 646 3342 edidere
673 3304 685 3354 ;
720 3252 1035 3341 haac’enim
1069 3303 1103 3341 a
1150 3252 1322 3341 nobis
1371 3252 1925 3358 partimuin’Prmfa-
1957 3252 2000 3317 ϐ
2037 3252 2442 3362 sluscipiddicat
2472 3288 3004 3360 etjubeatadorari
3032 3305 3044 3344 :
3086 3289 3147 3342 in
3177 3252 3454 3359 promptu
3478 3287 3674 3358 habet,

274 3380 442 3433 tione
473 3376 758 3449 generali,
782 3376 997 3446 partim
1021 3376 1083 3430 in
1105 3375 1625 3431 dissertationibus
1643 3377 1714 3433 de
1736 3378 1852 3432 vita
1868 3382 1928 3432 et

280 3467 520 3538 scriptis
551 3464 754 3537 Cyrilli
783 3465 1021 3536 repulsa
1051 3469 1109 3519 et
1149 3466 1373 3535 rejecta
1419 3472 1557 3519 sunt
1586 3483 1599 3520 :
1633 3467 1763 3537 ejus
1794 3471 1922 3521 tan-

280 3554 595 3612 tummodo
613 3554 687 3609 ad
709 3553 1147 3608 Catholicorum
1161 3560 1511 3625 argumenta
1526 3554 1924 3626 respondendi

269 3648 569 3701 rationem
602 3650 804 3714 specto
832 3659 845 3696 :
881 3660 1012 3714 qum
1041 3649 1161 3697 tota
1193 3644 1252 3697 in
1287 3643 1612 3698 subtilitate
1633 3643 1926 3699 consistit.

269 3737 425 3791 Cum
459 3734 573 3788 sibi
606 3733 814 3804 objicit
842 3749 911 3786 ex
941 3732 1180 3803 Cyrillo,
1217 3748 1336 3786 non
1371 3747 1499 3786 esse
1537 3731 1928 3787 dubitandum

269 3826 412 3896 quin
449 3821 625 3894 panis
657 3828 716 3876 et
743 3822 945 3876 vinum
978 3821 1438 3876 eucharisticum
1472 3821 1590 3875 sint
1629 3838 1842 3893 corpus
1875 3825 1932 3876 et

278 3913 522 3985 sanguis
551 3911 790 3976 Christi,
821 3910 1139 3980 respondet
1169 3910 1456 3980 mysticum
1486 3917 1538 3964 et
1580 3912 1930 3980 symbolicum

281 4018 500 4072 corpus,
528 4001 640 4056 hoc
679 4006 1152 4064 est,sacramento
1188 4006 1237 4055 et
1265 3999 1498 4054 virtute:
1547 4001 1706 4071 quod
1750 4000 1932 4054 nimi-

284 4109 418 4147 rum
451 4091 848 4146 eucharistica
877 4089 1032 4144 dona
1065 4091 1311 4162 ﬁguram
1359 4089 1622 4145 referant
1669 4092 1932 4162 corporis

287 4181 529 4241 Christi.
565 4181 813 4251 ejusque
853 4179 1014 4234 vobis
1062 4180 1337 4234 virtutem
1371 4186 1428 4234 et
1471 4180 1793 4235 efﬁcaciam
1828 4197 1935 4236 sua

286 4271 627 4342 sumptione
651 4269 1118 4324 communicent:
1144 4268 1647 4339 quemadmodum
1661 4286 1814 4340 aqua
1831 4270 1936 4324 ba-

285 4359 585 4432 ptismalis
616 4365 675 4413 et
705 4375 938 4414 sacrum
989 4363 1379 4429 unguentum,
1430 4358 1701 4429 ejusdem
1734 4359 1936 4429 Cyrilli

285 4448 606 4512 sententia,
634 4448 792 4502 nuda
809 4464 929 4502 non
952 4453 1094 4502 sunt
1113 4446 1429 4513 elementa,
1456 4446 1558 4500 sed
1574 4446 1688 4501 vim
1713 4448 1936 4502 sancti-

290 4537 510 4594 ﬁcandi
545 4538 857 4592 continent
905 4537 964 4592 Si
997 4535 1244 4607 objicias
1275 4552 1343 4590 ex
1375 4535 1663 4590 miraculo
1698 4553 1935 4592 conver-

2031 3382 2329 3436 Christum
2387 3379 2606 3450 suscipi
2661 3379 2720 3432 in
2755 3378 2921 3445 signo
2980 3393 3085 3432 suo
3117 3393 3222 3432 seu
3281 3381 3672 3447 sacramento,

2035 3469 2192 3540 quod
2223 3469 2309 3524 rei
2343 3469 2687 3539 signiﬁcatis
2721 3467 2964 3522 nomine
2979 3466 3199 3537 passim
3222 3465 3556 3537 appelletur
3581 3484 3592 3532 ;
3617 3471 3676 3520 et

2035 3557 2442 3614 adorationem
2473 3556 2650 3610 rebus
2679 3571 2713 3610 a
2745 3557 2859 3609 Deo
2895 3555 3150 3609 maxime
3201 3554 3445 3609 diversis
3494 3555 3674 3610 tribui

2039 3647 2250 3702 solere.
2287 3645 2513 3714 [CCVII]
2547 3646 2664 3698 Hoc
2697 3644 2973 3716 generale
3004 3644 3550 3699 Albertinianarum
3582 3662 3678 3699 ro-

2040 3734 2427 3805 sponsionum
2470 3749 2505 3786 a
2552 3732 2722 3786 nobis
2770 3732 3152 3803 peculiariter
3196 3733 3680 3802 exponendarum

2039 3823 2340 3895 specimen
2375 3827 2432 3876 et
2460 3821 2816 3893 exemplum.
2839 3821 3085 3875 Interim
3108 3821 3418 3891 generales
3438 3819 3511 3874 ad
3550 3837 3681 3874 eam

2039 3910 2438 3983 respondendi
2463 3910 2752 3965 rationem
2776 3911 2883 3964 has
2905 3909 3346 3963 observationes
3361 3907 3534 3976 habe,
3549 3924 3680 3978 quas

2039 4002 2270 4073 possint
2297 4017 2402 4072 pro
2429 4001 2586 4054 omni
2617 3998 3004 4070 responsione
3036 3997 3332 4052 sufﬁcere.

2112 4095 2199 4147 71.
2233 4091 2432 4144 Prima
2456 4090 2660 4160 itaque
2687 4089 2764 4142 sit
2788 4087 3141 4141 observatio:
3179 4087 3233 4141 Si
3271 4084 3680 4141 Albertiniana

2040 4180 2241 4251 Cyrilli
2265 4195 2469 4234 vocum
2495 4184 2552 4232 et
2571 4177 3000 4232 sententiarum
3035 4175 3445 4247 interpretatio
3486 4190 3683 4229 veram

2043 4270 2097 4325 S.
2117 4268 2306 4323 Patris
2322 4273 2606 4335 mentem,
2623 4272 2683 4321 et
2703 4267 2830 4337 ejus
2855 4265 3194 4320 auditorum
3221 4265 3678 4337 intelligentiam

2041 4362 2448 4428 repraesentet,
2471 4356 2586 4411 duo
2614 4361 2784 4428 juxta
2805 4354 3077 4422 ridicula,
3115 4354 3186 4410 ab
3209 4355 3370 4409 omni
3421 4355 3684 4408 humana

2043 4445 2472 4502 consuetudine
2494 4445 2898 4511 abhorrentia,
2918 4461 2986 4499 ac
3013 4460 3213 4499 rerum
3249 4448 3474 4498 natura;
3506 4443 3682 4514 plane

2043 4537 2338 4592 contraria
2368 4539 2828 4604 consequentur.
2852 4533 3048 4588 Primo
3086 4549 3328 4587 necesse
3379 4537 3469 4586 est
3491 4531 3681 4602 Cyril-

287 4629 475 4683 sionis
508 4644 676 4698 aqua;
708 4628 768 4681 in
800 4627 1022 4691 vinum,
1056 4625 1342 4697 Cyrillum
1374 4627 1726 4680 conﬁrmare
1748 4633 1931 4681 muta-
1964 4611 2009 4675 Β
2041 4625 2340 4691 lum,eum
2363 4640 2576 4694 nempe
2599 4623 2903 4677 doctorem
2927 4622 3026 4692 qui
3048 4622 3111 4674 in
3134 4620 3500 4691 exponendis
3521 4626 3677 4691 apte,

291 4719 515 4772 tionem
551 4717 720 4787 panis
753 4720 813 4771 et
840 4715 958 4769 vini
989 4716 1051 4769 in
1081 4715 1292 4770 Christi
1343 4730 1556 4786 corpus
1611 4720 1668 4770 et
1697 4715 1937 4788 sangui-

292 4823 469 4873 nem;
536 4810 739 4876 parata
788 4805 1095 4876 responsio
1146 4820 1215 4858 ex
1263 4803 1468 4858 multis
1509 4805 1936 4860 mutationibus

291 4895 714 4968 metaphoricis
746 4895 807 4949 in
849 4911 947 4949 ore
1001 4895 1239 4948 Patrum
1289 4893 1724 4951 communibus.
1757 4896 1940 4949 Aiunt

290 4987 449 5040 enim
483 4990 722 5039 sanctos
753 4983 1026 5038 homines
1045 4983 1104 5037 in
1127 4982 1367 5054 angelos
1396 4983 1800 5053 transmutari,
1821 4985 1935 5038 im-

291 5077 423 5147 pios
447 5075 507 5129 in
531 5075 751 5129 bestias
777 5091 789 5128 :
815 5078 1152 5128 sanctorum
1180 5072 1412 5126 animas
1434 5073 1848 5143 perjustitiam
1876 5089 1939 5127 in

295 5165 555 5219 divinam
589 5169 885 5230 naturam,
905 5162 1024 5216 imo
1058 5168 1115 5215 et
1140 5175 1389 5231 corpora
1419 5161 1481 5215 in
1504 5163 1939 5216 resurrectione

292 5255 355 5308 in
379 5252 711 5325 spiritalem
735 5251 950 5307 anima;
973 5255 1270 5315 naturam,
1295 5254 1354 5304 et
1384 5249 1445 5303 in
1468 5249 1656 5320 ipsam
1679 5250 1940 5305 divinam

290 5350 566 5398 naturam
601 5340 1022 5406 transmutari;
1056 5339 1354 5393 Christum
1400 5338 1520 5392 sive
1559 5339 1620 5392 in
1666 5338 1942 5395 incarna-

290 5434 473 5495 tione,
505 5432 623 5486 sive
642 5435 777 5502 post
817 5428 1228 5483 ascensionem
1253 5432 1440 5480 totum
1480 5428 1663 5482 Deum
1696 5429 1939 5496 factum,

294 5522 729 5578 humanitatem
751 5519 811 5573 in
828 5518 1085 5572 divinam
1107 5522 1383 5571 naturam
1407 5517 1688 5573 transisse
1715 5536 1728 5575 :
1758 5534 1942 5589 aquas

298 5611 578 5684 baptismi
605 5607 823 5665 Christi
853 5607 1139 5679 sanguine
1178 5605 1528 5661 rubricatas.
1569 5607 1686 5662 Sibi
1737 5607 1945 5679 objicit

301 5701 648 5761 Albertinus
681 5696 841 5768 quod
869 5695 1121 5768 Cyrillus
1153 5695 1312 5752 dicat
1341 5695 1448 5752 sub
1481 5701 1618 5767 typo
1650 5702 1708 5752 et
1755 5697 1943 5770 ﬁgura

2042 4714 2298 4768 breviter
2327 4718 2385 4768 et
2414 4711 2672 4767 dilucide
2703 4711 2922 4765 nostris
2969 4709 3342 4781 dogmatibus
3389 4709 3676 4782 singulari

2044 4803 2323 4859 facultate
2354 4802 2636 4874 praeditus
2667 4801 2797 4867 fuit,
2830 4806 2896 4854 ut
2922 4799 3012 4854 vel
3043 4798 3168 4853 sola
3196 4803 3445 4854 testatur
3474 4805 3687 4870 quarta

2046 4893 2393 4958 catechesis,
2427 4909 2562 4947 cum
2591 4889 2838 4946 rudibus
2869 4888 3182 4960 neophytis
3221 4888 3686 4944 ecclesiasticam

2047 4983 2118 5037 de
2150 4981 2521 5036 Eucharistia
2569 4978 2900 5034 doctrinam
2961 4994 3184 5048 presse,
3236 4977 3589 5049 simpliciter
3618 4995 3686 5033 ac

2048 5071 2492 5141 circumscripte
2521 5067 2968 5142 proponendam
2993 5084 3057 5122 ac
3073 5067 3490 5123 declarandam
3513 5067 3691 5122 habe-

2048 5166 2157 5228 ret,
2191 5161 2253 5214 in
2284 5159 2394 5214 hoc
2426 5159 2550 5214 solo
2596 5159 2808 5230 capite,
2855 5163 3084 5212 tantum
3135 5174 3169 5211 a
3217 5173 3324 5212 sua
3364 5156 3599 5212 dicendi
3631 5161 3691 5211 et

2049 5247 2382 5320 exponendi
2413 5247 2695 5303 facilitate
2743 5247 3064 5313 desertum,
3125 5251 3243 5300 tam
3285 5246 3584 5317 elinguem
3633 5250 3693 5300 et

2050 5339 2390 5410 imperitum
2414 5336 2608 5392 subito
2627 5337 2974 5401 evasisse,ut
3002 5334 3168 5389 nulla
3193 5334 3408 5406 quibus
3427 5341 3688 5392 mentem

2050 5445 2117 5483 ac
2146 5426 2503 5482 sententiam
2537 5441 2702 5480 suam
2735 5424 2954 5479 diserte
2985 5425 3372 5496 expediteque
3404 5442 3690 5496 propone-

2049 5523 2140 5572 ret
2169 5516 2346 5571 verba
2388 5515 2651 5570 invenire
2678 5514 2969 5585 potuerit:
3030 5520 3236 5568 contra
3284 5513 3357 5568 iis
3405 5514 3602 5569 verbis
3634 5519 3694 5569 et

2052 5605 2364 5662 sententiis
2395 5621 2592 5670 usum,
2652 5603 2866 5675 quibus
2897 5601 3156 5657 alienam
3213 5619 3478 5674 prorsus,
3534 5608 3592 5657 et
3623 5618 3692 5656 ex

2052 5700 2175 5752 toto
2205 5694 2538 5767 oppositam
2559 5693 2634 5764 ei,
2667 5708 2846 5765 quam
2868 5690 3124 5748 habebat
3141 5691 3204 5746 in
3225 5690 3447 5760 animo,
3470 5688 3693 5744 doctri-
