4134 6264
345 321 460 383 2ιῖ

1539 315 1642 376 DE
1685 308 2076 376 DOCTRINA
2119 311 2183 370 S.
2231 311 2566 372 CYBlLLI.

3627 318 3748 376 248

349 468 491 508 nam
519 451 877 519 enuntiaret,
910 454 976 504 ut
1005 465 1034 505 e
1065 450 1286 505 nostris
1325 447 1644 504 Catholicis
1694 448 1788 502 vix
1826 446 1988 517 quis-
2020 445 2075 511 Α
2105 461 2284 516 quam
2316 463 2385 500 ex
2419 445 2725 501 Albertino
2755 446 2928 502 attuli
2956 463 3016 501 n.
3049 448 3236 504 70.Ea
3265 447 3411 503 adeo
3435 449 3748 504 anaturali

357 557 537 612 quam
573 539 854 594 disertius
907 555 1086 610 quam
1125 539 1326 610 Cyrilli
1370 538 1586 606 verbis,
1637 535 1996 591 catholicum

354 630 570 702 dogma
590 629 922 701 exprimere
948 645 1014 684 ac
1038 628 1338 683 declarare
1360 627 1572 682 voleat.
1590 625 1739 690 Quid
1771 623 2001 679 facilius

362 719 583 790 Cyrillo
610 734 787 788 quam
807 718 1005 773 dicere
1034 735 1046 772 :
1076 717 1298 789 Mystici
1335 717 1508 789 panis
1544 723 1601 772 et
1619 717 1739 770 vini
1764 715 2000 787 partici-

357 826 463 880 pes
495 807 634 862 facti
668 807 832 872 estis,
866 824 995 878 qua:
1048 806 1312 878 corporis
1346 811 1403 860 et
1453 806 1755 878 sanguinis
1785 803 2002 859 Christi

359 896 757 969 appellatione
781 896 998 951 donata
1021 903 1180 961 sunt;
1214 912 1334 949 non
1355 894 1511 966 quod
1535 894 1703 965 panis
1723 900 1780 949 et
1803 895 2004 947 vinum

364 1003 496 1042 esse
529 985 847 1053 desierint;
881 985 1211 1040 reclamant
1241 985 1400 1039 enim
1451 1000 1663 1039 sensus
1703 1000 1917 1054 panem
1951 986 2009 1036 et

362 1077 566 1131 vinum
587 1081 653 1130 ut
673 1077 837 1147 prius
864 1075 1370 1141 demonstrantes;
1393 1073 1495 1129 sed
1527 1073 1703 1144 quod,
1735 1072 2008 1145 precibus

364 1165 641 1220 Ecclesiae
666 1170 724 1219 et
744 1164 995 1235 Spiritus
1015 1164 1200 1219 sancti
1224 1169 1581 1234 superventu
1621 1163 2008 1233 sanctiﬁcata,

365 1254 537 1326 panis
569 1253 764 1308 nudus
796 1259 854 1308 et
883 1252 1109 1308 nudum
1138 1254 1339 1307 vinum
1382 1269 1502 1307 non
1549 1252 1670 1306 sint
1713 1252 2008 1323 amplius;

368 1360 573 1398 verum
612 1343 860 1415 ﬁguram
884 1348 1091 1415 gerant
1111 1342 1376 1413 corporis
1410 1342 1648 1410 Christi,
1691 1341 2014 1396 occultam-

372 1449 489 1504 que
521 1432 796 1487 sensibus
830 1431 1171 1486 eorumdem
1202 1431 1478 1506 virtutem
1511 1436 1569 1485 et
1598 1430 1926 1486 efﬁcaciam
1953 1430 2014 1484 in

371 1539 436 1578 se
458 1519 848 1576 contineant?
879 1520 1028 1585 Quid
1071 1520 1411 1575 Calviniano
1447 1521 1536 1575 vel
1568 1520 2014 1591 imperitissimo

373 1611 483 1666 hac
511 1610 776 1664 oratione
808 1607 1041 1664 facilius
1072 1625 1139 1664 ac
1189 1610 1522 1680 promptius
1543 1609 1570 1663 ?
1617 1609 1834 1663 Eodem
1865 1624 2014 1679 pene

375 1698 552 1755 modo
577 1698 831 1769 Cyrillus
872 1697 987 1752 vim
1009 1714 1178 1768 aquas
1217 1698 1613 1770 baptismalis,
1647 1697 1761 1751 olei
1794 1697 2016 1752 exorci-

2107 535 2420 592 verborum
2454 552 2634 592 sensu
2689 537 2934 607 recedit,
2994 543 3342 610 tantumque
3402 538 3751 594 subtilitatis

2110 624 2542 696 complectitur,
2574 631 2639 680 ut
2668 643 2787 680 non
2819 643 2890 682 ex
2919 643 2982 681 re
3012 633 3212 683 natam
3245 645 3311 684 ac
3341 629 3528 683 menti
3561 645 3632 682 ex
3672 629 3750 683 si-

2110 714 2490 786 gniﬁcatione
2512 732 2720 770 vocum
2752 715 3030 781 oblatam,
3071 716 3174 772 sed
3216 717 3409 771 studio
3447 723 3505 772 et
3529 718 3752 788 sagaci-

2112 807 2228 857 tate
2261 803 2686 874 conquisitam,
2719 810 2778 860 et
2801 804 2875 860 ad
2907 805 3300 878 effugiendam
3331 806 3446 860 vim
3493 806 3758 861 veritatis

2112 892 2406 948 laboriose
2438 895 2764 965 excogitam
2795 911 3100 966 agnoscas.
3135 896 3267 950 Haac
3298 895 3594 966 quomodo
3625 911 3757 950 sese

2112 982 2546 1054 necphytorum
2604 989 2804 1038 mente
2863 985 3075 1040 offerre
3125 984 3316 1056 potuit
3372 984 3539 1039 nulla
3565 985 3756 1055 prius,

2115 1090 2188 1128 ne
2222 1073 2412 1128 dicam
2459 1073 2757 1128 contraria
2803 1090 3045 1144 prorsus
3094 1073 3499 1129 admonitione
3529 1091 3756 1146 prazpa-

2117 1168 2278 1230 rataa,
2314 1179 2445 1233 quae
2491 1161 2808 1218 subtilibus
2865 1169 2925 1218 et
2980 1164 3226 1218 eruditis
3285 1163 3759 1219 adversariorum

2117 1258 2458 1306 nostrorum
2490 1251 2746 1323 ingcniis
2779 1252 2963 1307 multo
2991 1252 3260 1308 fortassis
3292 1252 3492 1308 labore
3536 1269 3603 1307 ac
3630 1258 3760 1307 stu-

2118 1342 2215 1396 dio
2245 1340 2556 1396 constitit?

2191 1433 2278 1484 7'2.
2313 1429 2401 1484 Ad
2433 1429 2755 1485 secundam
2787 1429 3260 1486 observationem
3290 1431 3538 1503 gradum
3585 1431 3763 1486 facio.

2123 1521 2272 1574 Dum
2302 1518 2634 1591 perspicuis
2663 1519 2864 1589 Cyrilli
2895 1519 2968 1575 de
2999 1520 3146 1576 reali
3176 1521 3392 1574 Christi
3423 1520 3763 1592 praesentia,

2122 1610 2213 1664 vel
2243 1609 2676 1665 elementorum
2734 1611 2794 1664 in
2857 1611 2986 1681 ejus
3043 1627 3258 1682 corpus
3306 1616 3366 1666 et
3416 1611 3766 1683 sanguinem

2125 1699 2622 1755 transmutatione
2655 1700 2968 1754 sententiis
2997 1700 3147 1756 alias
3176 1700 3520 1756 Albertinus
3537 1700 3630 1755 vel
3659 1701 3769 1770 Cy-

375 1789 508 1854 zati,
541 1788 694 1843 sacri
727 1787 1062 1842 chrismatis
1089 1793 1288 1859 aperte
1319 1787 1786 1858 planissimeque
1803 1803 2018 1857 propo-
2047 1793 2094 1858 Β
2126 1789 2243 1845 rilli
2275 1789 2366 1844 vel
2397 1791 2637 1844 Patrum
2666 1794 2969 1860 comparat
3000 1792 3345 1856 sententias,
3371 1807 3519 1862 quas
3547 1791 3608 1845 in
3640 1806 3768 1844 me-

381 1878 520 1944 suit,
553 1877 721 1932 nulla
749 1876 1060 1931 verborum
1087 1893 1304 1947 pompa
1335 1882 1394 1930 et
1419 1876 1664 1949 ambage
1695 1876 2018 1946 quidquam

384 1966 642 2038 amplius
676 1966 748 2021 de
777 1967 988 2022 horum
1045 1965 1476 2021 elementorum
1523 1966 1575 2018 vi
1633 1982 1701 2020 ac
1739 1969 2026 2036 potestate

384 2057 714 2128 disputans,
741 2073 917 2126 quam
942 2072 1144 2110 eorum
1166 2054 1429 2109 conditio
1451 2053 1694 2109 ferebat.
1715 2056 1788 2107 At
1826 2054 1886 2107 in
1914 2055 2026 2107 Eu-

387 2145 688 2212 charistia,
721 2161 825 2216 pro
859 2143 1114 2215 simplici
1148 2144 1251 2198 illa
1291 2142 1578 2209 oratione,
1627 2159 1806 2213 quam
1851 2158 2031 2212 supra

386 2234 833 2305 descripsimus,
877 2233 940 2288 in
970 2233 1269 2288 contraria
1298 2232 1485 2287 fertur
1532 2231 1768 2287 omnia:
1817 2247 2029 2303 nempe

381 2341 600 2397 panem
619 2324 890 2379 etvinum
939 2329 1071 2395 post
1102 2322 1530 2378 invocationem
1553 2322 1678 2394 jam
1729 2326 2029 2377 transmu-

384 2419 528 2482 tata,
560 2430 773 2485 panem
809 2419 866 2467 et
894 2413 1097 2467 vinum
1129 2413 1285 2468 ultra
1315 2429 1445 2467 esse
1494 2416 1690 2483 negat,
1740 2409 2030 2482 quidquid

388 2520 601 2559 sensus
631 2508 838 2558 contra
869 2502 1255 2568 renuntient;
1289 2503 1391 2558 sed
1424 2519 1638 2574 corpus
1691 2506 1751 2557 et
1793 2501 2028 2572 sangui-

385 2611 529 2649 nem
552 2593 770 2648 Christi
789 2609 918 2648 esse
958 2593 1236 2660 afﬁrmat,
1290 2610 1420 2663 qua:
1465 2593 1526 2646 in
1558 2593 1744 2664 ﬁgura
1772 2591 1944 2662 panis
1977 2595 2035 2645 et

389 2683 508 2737 vini
541 2681 714 2736 nobis
745 2680 1182 2736 ministrentur:
1232 2680 1294 2733 id
1345 2697 1415 2734 ex
1459 2681 1698 2735 disertis
1731 2680 1946 2735 Christi
1977 2683 2036 2733 et

393 2769 563 2825 Pauli
583 2769 776 2824 verbis
799 2769 948 2824 citra
964 2769 1398 2824 dubitationem
1420 2769 1602 2824 ullam
1629 2768 1995 2824 credendum
2019 2785 2032 2835 ;

393 2859 721 2929 eademque
742 2863 1034 2929 potestate
1056 2857 1275 2913 factum
1323 2875 1439 2929 qua
1461 2858 1728 2913 Christus
1760 2874 1946 2929 aquas
1976 2857 2035 2912 in

389 2949 592 3004 vinum
625 2947 929 3004 convertit.
966 2949 1149 3012 Quam
1182 2947 1480 3019 elinguem
1533 2953 1591 3001 et
1628 2947 1906 3003 insanum
1938 2947 2040 3019 qui

399 3039 484 3094 ita
539 3039 817 3110 loquatur
859 3037 1316 3093 Calvinianum?
1353 3038 1646 3105 Secundo,
1696 3038 1742 3092 si
1785 3042 1949 3093 tanta
1980 3038 2041 3092 in

2131 1879 2502 1950 taphoricum
2538 1895 2779 1934 sensum
2811 1879 3230 1950 intelligendas
3262 1896 3389 1935 esse
3419 1885 3672 1945 constat,
3705 1883 3774 1933 ut

2132 1987 2202 2024 ex
2233 1969 2342 2024 hac
2373 1969 2769 2025 similitudine
2790 1969 3018 2040 priores
3040 1969 3172 2024 illas
3196 1969 3596 2041 metaphorice
3619 1987 3769 2040 quo—

2134 2075 2248 2129 que
2278 2060 2430 2114 sumi
2464 2059 2556 2114 vel
2589 2076 2760 2131 posse
2790 2058 2879 2113 vel
2912 2058 3126 2114 debere
3152 2059 3395 2130 probet;
3418 2059 3606 2114 multa
3631 2075 3772 2130 pec-

2134 2155 2228 2204 cat
2250 2149 2612 2205 Albertinus.
2645 2150 2842 2205 Primo
2873 2150 3062 2205 multa
3113 2156 3272 2217 sunt,
3303 2155 3371 2206 ut
3397 2150 3647 2206 inferius
3678 2167 3777 2205 os-

2135 2237 2396 2302 tendam,
2441 2238 2642 2308 Cyritli
2674 2239 3036 2299 testimonia.
3097 2239 3310 2309 quibus
3337 2239 3504 2293 nulla
3560 2238 3783 2293 similia

2138 2327 2199 2382 in
2236 2328 2707 2398 metaphoricum
2737 2345 2978 2384 sensum
3001 2329 3348 2399 accipienda
3378 2327 3690 2399 producit:
3714 2329 3788 2381 il-

2145 2416 2340 2471 lorum
2373 2417 2551 2489 igitur
2583 2418 2665 2473 vis
2692 2423 2816 2474 tota
2864 2423 2922 2474 et
2952 2418 3180 2490 integra
3237 2423 3460 2474 manet.
3511 2417 3784 2473 Secundo

2139 2505 2472 2561 locutiones
2517 2508 2804 2578 quasdam
2853 2508 2939 2562 uti
2988 2508 3427 2578 motaphoricas
3483 2507 3785 2579 proponit,

2140 2612 2271 2664 quae
2303 2596 2376 2650 ad
2407 2596 2666 2652 litteram
2716 2597 3040 2652 sumendis.
3092 2597 3322 2665 Isthmc,
3375 2596 3536 2652 verbi
3575 2597 3782 2670 gratia,

2139 2684 2349 2739 Isidori
2383 2685 2716 2751 Pelusiotae,
2745 2685 2849 2743 lib.
2879 2703 2941 2741 ιιι
2969 2703 2980 2740 :
3011 2687 3236 2736 Natura.
3261 2693 3455 2734 nostra
3493 2685 3785 2747 Unigeniti

2142 2773 2371 2822 cohares
2406 2776 2598 2838 eﬂecta
2626 2783 2724 2831 est,
2758 2790 2822 2823 ac
2861 2790 2968 2836 per
3009 2784 3333 2824 sanctorum
3379 2775 3779 2837 mysteriorum

2134 2856 2631 2917 participationem
2656 2871 3018 2918 concorporea
3045 2855 3158 2918 ipsi
3188 2857 3420 2918 reddita,
3441 2863 3490 2903 et
3513 2857 3574 2904 in
3601 2856 3785 2916 ipsius

2145 2950 2366 2983 carnem
2398 2943 2668 2996 censetur,
2701 2943 2751 2984 et
2778 2935 3242 2999 quemadmodum
3264 2950 3462 2997 corpus
3485 2936 3673 2997 capiti,
3701 2951 3787 2984 eo-

2145 3016 2265 3063 dem
2297 3015 2444 3063 modo
2474 3015 2584 3076 ipsi
2606 3016 2931 3077 copulatur:
2968 3021 3026 3072 et
3053 3017 3184 3072 alim
3217 3017 3442 3073 similes
3479 3018 3551 3072 ab
3601 3033 3669 3072 eo
3701 3017 3787 3072 al.

399 3103 887 3200 Cyrillo-doctore
949 3145 1016 3184 ac
1075 3128 1356 3199 magistro
1405 3103 1658 3182 infantia
1713 3133 1813 3182 aut
1838 3128 2035 3198 potius
2067 3153 2110 3220 ο
2148 3105 3080 3220 eis;
3119 3103 3789 3220 Ῐ-ιξῗηξεξθιηθηξνίωῖξξ

395 3217 613 3273 mentis
632 3217 847 3272 emotio
868 3217 1259 3288 supponenda
1283 3233 1296 3271 :
1327 3216 1738 3272 admirabilior
1764 3234 1793 3271 e
1833 3221 2040 3271 contra

393 3306 455 3360 in
479 3305 846 3360 auditoribus
863 3305 1157 3360 calliditas
1169 3321 1235 3360 ac
1251 3305 1491 3360 solertia
1511 3305 1899 3376 supponenda
1929 3310 2038 3372 est,

401 3401 468 3451 ut
488 3393 600 3466 ipsi
623 3393 882 3449 doctoris
905 3395 993 3449 sui
1013 3394 1264 3450 orationi
1299 3409 1541 3450 sensum
1574 3393 1625 3448 ei
1658 3410 1833 3464 quem
1866 3394 2042 3450 verba

395 3481 798 3556 praeferebant
853 3482 1236 3550 contrarium,
1315 3499 1448 3538 eum
1518 3498 1750 3538 summa
1808 3483 2042 3537 subtili-

398 3579 518 3628 tate
551 3572 964 3646 excogitatum,
997 3590 1030 3628 a
1076 3573 1242 3628 nullo
1288 3573 1500 3638 edocti,
1548 3573 1847 3629 communi
1897 3590 2038 3628 con-

403 3678 584 3718 sensu
617 3666 676 3716 et
705 3661 1144 3733 conspiratione
1175 3661 1544 3734 afﬁngerent.
1596 3664 1778 3718 Erant
1806 3662 1866 3716 hi
1899 3679 2042 3718 neo-

401 3752 568 3824 phyti
620 3749 693 3805 de
743 3751 972 3806 caeteris
1019 3751 1369 3806 Christianas
1417 3751 1698 3808 doctrinae
1744 3751 2042 3824 mysteriis

400 3840 689 3913 praeclare
747 3840 989 3912 quidem
1045 3841 1201 3897 docti
1257 3846 1316 3897 et
1359 3841 1652 3909 instituti;
1689 3841 1792 3898 sed
1839 3843 1937 3912 qui
1969 3841 2041 3897 de

410 3931 662 4002 [CCVIII]
698 3931 1068 3987 Eucharistia
1117 3931 1227 3986 sibi
1253 3931 1706 4004 diligentissime
1751 3931 2046 3986 occultata

398 4019 547 4074 nihil
579 4037 845 4092 unquam
872 4021 1252 4077 inaudierant
1281 4026 1417 4076 ante
1458 4021 1645 4092 ipsam
1668 4026 1903 4075 noctem
1934 4022 2040 4075 Pa-

405 4109 692 4177 schalem,
719 4110 782 4165 in
815 4127 931 4180 qua
959 4127 1091 4166 cum
1125 4116 1324 4166 essent
1353 4109 1427 4166 ad
1453 4110 1638 4165 altare
1671 4126 1905 4164 sacrum
1944 4127 2042 4165 ac-

404 4199 653 4266 cessuri,
675 4199 981 4254 brevitera
1002 4199 1342 4264 catechista,
1371 4204 1428 4252 et
1448 4205 1730 4269 quantum
1758 4216 1865 4270 per
1896 4204 2042 4255 tem-

401 4305 512 4361 pus
545 4287 755 4342 licebat
785 4286 992 4341 moniti
1016 4286 1271 4351 fuerant,
1307 4304 1582 4358 quamam
1634 4293 1789 4343 esset
1815 4295 2044 4361 myste-

402 4379 631 4433 riorum
665 4375 803 4431 inde
829 4375 975 4446 ipsis
1015 4375 1558 4431 distribuendorum
1588 4379 1760 4444 ratio,
1804 4383 1915 4434 cat.
1958 4381 2042 4446 t8,

405 4484 465 4521 n.
501 4468 588 4520 32.
623 4466 783 4531 Quod
817 4465 866 4520 si
899 4464 1152 4536 Cyrillus
1182 4465 1308 4536 ipse
1357 4481 1464 4535 per
1511 4483 1571 4520 se
1605 4467 1898 4537 praestitit,
1951 4468 2044 4523 his

2149 3196 2408 3250 litteram
2439 3195 2840 3266 intelligendas
2881 3203 3020 3252 sunt
3049 3198 3120 3254 de
3150 3199 3364 3254 Christi
3413 3199 3608 3254 carnis
3655 3214 3792 3253 cum

2149 3289 2354 3340 nostra
2373 3285 2822 3342 commistione:
2852 3291 3029 3358 atque
3061 3288 3122 3343 in
3145 3288 3257 3344 hoc
3286 3293 3494 3359 peccat
3529 3287 3689 3358 quod
3718 3285 3793 3342 ad

2150 3374 2513 3446 baptismum
2545 3377 2781 3447 proprie
2817 3375 3040 3432 dictum
3074 3377 3400 3446 transtulit,
3433 3377 3593 3449 quod
3622 3377 3661 3430 ii
3694 3378 3795 3432 Pa-

2153 3469 2272 3518 tres
2302 3462 2372 3520 de
2405 3469 2528 3519 tota
2559 3465 2837 3536 baptismi
2868 3466 3120 3532 actione,
3153 3466 3214 3521 in
3247 3483 3363 3537 qua
3409 3465 3794 3522 Eucharistia)

2152 3553 2570 3609 continebatur
2598 3556 2996 3627 participatio,
3028 3556 3250 3611 dictum
3283 3556 3538 3612 voluere.
3575 3555 3793 3623 Tertio,

2152 3660 2282 3698 cum
2317 3645 2627 3699 sententia;
2659 3644 2853 3699 omnis
2874 3661 2940 3700 ac
2964 3644 3113 3699 dicti
3135 3644 3542 3717 interpretatio
3583 3643 3656 3699 ab
3687 3643 3794 3699 ad-

2143 3733 2370 3804 junctis
2391 3734 2514 3789 fere
2537 3733 2904 3805 dependeat;
2939 3751 3188 3805 quaeque
3212 3734 3433 3805 alioqui
3456 3749 3673 3806 anceps
3707 3734 3790 3788 vi-

2151 3823 2392 3877 deretur
2421 3823 2628 3887 oratio,
2661 3839 2731 3878 ex
2753 3823 2881 3878 loco
2913 3840 3086 3894 quem
3121 3823 3369 3892 obtinet,
3383 3823 3792 3879 antecedenti-

2151 3911 2379 3982 busque
2411 3928 2478 3966 ac
2509 3912 3009 3982 consequentibus
3030 3912 3102 3967 ad
3135 3929 3376 3968 sensum
3404 3930 3525 3969 non
3546 3913 3795 3969 dubium

2152 4005 2312 4055 certo
2345 4000 2462 4055 ﬁxa
2512 3999 3023 4073 determinataque
3071 4002 3180 4069 sit;
3212 4002 3414 4074 Cyrilti
3470 4002 3796 4058 sententias

2155 4089 2438 4162 discerpit
2465 4090 2830 4159 Albertinus,
2863 4091 3212 4162 avulsasque
3233 4097 3432 4163 partes
3453 4092 3796 4164 singulatim

2155 4179 2482 4248 excutiens,
2512 4180 2583 4235 ad
2627 4181 3098 4252 metaphoricum
3147 4197 3386 4237 sensum
3436 4182 3592 4238 ﬂecti
3625 4198 3798 4254 posse

2156 4270 2444 4341 exemplis
2466 4270 2699 4342 probat.
2725 4270 2883 4326 verbi
2906 4271 3113 4342 gratia,
3149 4270 3306 4342 quod
3328 4271 3706 4343 concorporei
3742 4276 3801 4325 et

2155 4375 2527 4433 consangues
2551 4359 2755 4432 [CCIX]
2797 4360 3013 4415 Christi
3046 4361 3174 4416 fieri
3215 4359 3484 4416 dicamur
3526 4361 3646 4427 ;ait
3674 4359 3734 4414 id
3764 4377 3801 4419 ιι

2156 4449 2429 4504 Patribus
2446 4449 2668 4505 dictum
2698 4450 2768 4505 de
2811 4449 3286 4521 incorporatione
3333 4456 3536 4506 nostra
3583 4451 3645 4504 in
3668 4467 3796 4520 my-

404 4555 528 4612 fere
557 4527 748 4609 νεξδίε
779 4527 1222 4611 αδηελνίάριωιξ
1249 4552 1323 4601 In
1357 4527 1566 4616 ἠραν-α
1602 4527 1776 4614 inanis
1823 4527 2050 4604 ἀάδίιαν
2079 4527 2124 4592 Ι)
2159 4540 2370 4595 sticum
2392 4556 2604 4612 corpus
2627 4539 2863 4608 Christi,
2910 4537 3073 4594 idest
3119 4539 3442 4595 Ecclesium
3474 4555 3580 4612 per
3603 4539 3796 4610 bapti-

400 4645 550 4692 vobis
579 4658 779 4705 corpus
813 4642 1042 4701 Christi,
1075 4652 1122 4691 et
1156 4645 1216 4691 in
1245 4645 1437 4707 ﬁgura
1480 4645 1604 4694 vini
1640 4644 1870 4693 dabitur
1897 4648 2046 4696 vobis

402 4725 641 4785 sanguis
671 4723 959 4783 ejusdem?
989 4729 1102 4779 cat.
1135 4728 1222 4793 22,
1255 4741 1420 4780 num.
1454 4727 1504 4780 3.
1550 4728 1862 4791 Praeterea,
1896 4727 2047 4784 hanc

401 4817 512 4872 sibi
547 4815 975 4872 administratae
1006 4815 1445 4870 communionis
1469 4815 1788 4870 formulam
1811 4816 2046 4872 audive-

399 4911 537 4962 rant
560 4921 756 4976 corpus
800 4903 1022 4972 Christi,
1055 4911 1106 4958 et
1135 4907 1364 4978 sanguis
1395 4905 1487 4961 Chi
1506 4908 1617 4974 isti,
1641 4922 1772 4976 quae
1820 4907 2048 4977 signiﬁ-

403 4995 594 5057 cabat,
631 4994 690 5049 id
723 4993 880 5066 quod
904 4994 1049 5064 ipsis
1080 4994 1438 5050 sumendum
1480 4994 1892 5066 prmstabatur,
1917 5012 2046 5052 esse

400 5085 616 5141 Christi
658 5100 870 5155 corpus
921 5088 978 5137 et
1016 5084 1385 5156 sanguinem.
1433 5085 1534 5139 Cui
1564 5085 1650 5139 rei
1692 5085 1847 5156 jussi
1880 5091 2050 5141 erant

401 5173 775 5231 subscribere
800 5172 1214 5244 respondendo
1236 5190 1414 5242 amen,
1439 5173 1550 5229 hoc
1581 5180 1689 5242 est,
1732 5192 1918 5230 verum
1949 5181 2042 5230 est.

397 5268 549 5321 Ante
573 5263 929 5320 catechesim
953 5263 1267 5319 audierant
1290 5263 1628 5335 praelectam
1653 5264 1762 5319 sibi
1781 5281 1848 5320 ex
1864 5265 2043 5319 Paulo

403 5360 426 5410 l
458 5356 586 5411 Cor.
624 5372 702 5424 χι,
736 5356 824 5421 23,
856 5354 1194 5420 lectionem,
1229 5354 1289 5407 in
1322 5370 1438 5424 qua
1468 5353 1750 5425 frequens
1774 5359 1831 5409 et
1852 5353 2045 5408 incul-

400 5451 530 5503 cata
561 5445 825 5518 corporis
875 5443 1090 5498 Christi
1144 5444 1390 5509 mentio,
1444 5443 1644 5516 ﬁgura:
1693 5443 2043 5499 efﬁcacizeve

400 5537 585 5594 nulla.
613 5539 760 5592 llinc
783 5535 936 5591 male
961 5549 1102 5589 sane
1125 5532 1447 5604 comparati
1478 5538 1667 5601 erant,
1690 5538 1755 5587 ut
1793 5532 2046 5588 orationi

401 5628 736 5701 Cyrillianm
790 5641 918 5683 eam
977 5622 1433 5680 accomodarent
1490 5621 2044 5693 interpretationem

2157 4646 2372 4695 smum,
2400 4645 2509 4685 nec
2535 4628 2608 4684 ad
2630 4629 2758 4700 ejus
2779 4629 2974 4684 carnis
2991 4629 3505 4700 participationem
3522 4645 3796 4685 necessa-

2155 4719 2242 4773 rio
2287 4719 2603 4790 pertinere.
2666 4717 2830 4782 Quod
2887 4719 3199 4788 Christiferi
3255 4719 3531 4785 dicimur,
3590 4721 3796 4774 Patres

2158 4826 2287 4865 eam
2309 4824 2510 4863 vocem
2530 4806 2698 4879 vulgo
2722 4806 2793 4861 de
2823 4808 3053 4863 Christo
3075 4808 3134 4862 in
3176 4813 3376 4864 mente
3397 4825 3503 4880 per
3531 4825 3794 4864 amorem

2155 4903 2380 4972 gestato
2404 4897 2776 4968 interpretati
2799 4912 2810 4950 :
2834 4896 2993 4967 quod
3011 4897 3220 4952 divina:
3242 4903 3546 4954 consortes
3569 4903 3795 4952 natura:

2158 4987 2285 5043 ﬁeri
2310 5003 2417 5041 nos
2440 4984 2698 5040 afﬁrmat
2739 4984 3014 5057 Cyrillus,
3061 4985 3120 5040 id
3163 4985 3236 5041 ad
3272 4987 3484 5042 divinaa
3505 4987 3708 5059 gratia:
3735 4986 3797 5042 in
3881 4978 3884 4981 ’

2156 5076 2328 5132 nobis
2360 5074 2749 5130 inhabitantis
2781 5076 3056 5130 effectum
3106 5075 3177 5130 ab
3221 5076 3306 5131 eis
3336 5076 3544 5132 referri
3577 5076 3795 5133 solere.

2155 5166 2321 5232 Quod
2348 5164 2714 5220 adorationis
2746 5165 2806 5219 in
2836 5163 3080 5219 modum
3111 5166 3282 5236 proni
3314 5166 3528 5222 Christi
3562 5167 3799 5238 sangui-

2154 5273 2293 5312 nem
2323 5272 2555 5310 sumere
2579 5254 2919 5326 jubeamur,
2951 5253 3103 5308 nihil
3130 5254 3240 5310 hac.
3275 5272 3415 5310 voce
3455 5256 3800 5311 adorationis

2154 5347 2342 5419 magis
2373 5345 2740 5417 ambiguum,
2768 5360 2900 5414 quae
2922 5343 3168 5416 angelis,
3198 5344 3559 5412 hominibus,
3597 5345 3791 5400 inani-

2153 5440 2267 5495 mis
2287 5439 2461 5494 ctiam
2485 5436 2662 5491 rebus
2680 5433 3051 5491 adhibeatur.
3077 5435 3186 5490 Sed
3210 5452 3329 5490 non
3352 5435 3642 5504 observat,
3657 5451 3793 5490 cum

2153 5530 2407 5603 Cyrillus
2438 5544 2545 5582 nos
2601 5541 3032 5597 concorporeos
3061 5530 3119 5579 et
3165 5541 3531 5597 consangues
3574 5524 3791 5580 Christi

2155 5620 2308 5676 efﬁci
2338 5618 2441 5685 ait,
2473 5617 2694 5673 factum
2723 5613 2783 5669 id
2814 5630 3174 5686 asseverare,
3201 5628 3330 5664 cum
3359 5629 3557 5676 corpus
3585 5621 3637 5662 et
3659 5627 3787 5663 san-
