4134 6264
318 377 437 437 249

1677 364 2194 432 DISSERTATIO
2239 368 2345 428 Ill.

3607 378 3727 438 260

323 507 554 572 guinem
591 505 806 554 Christi
831 505 932 552 sub
962 511 1092 568 typo
1121 504 1297 566 panis
1343 510 1394 550 et
1422 502 1544 551 vini
1588 500 1744 550 nobis
1783 498 1967 549 οὸιαια
1997 496 2053 564 Α
2081 496 2218 552 dem
2251 506 2608 570 proponunt,
2641 501 2967 567 declarant,
3003 508 3061 558 et
3089 505 3479 574 conﬁrmant;
3514 525 3632 578 qua
3660 511 3721 564 in

325 594 759 657 sumpserimus.
791 593 920 643 Cum
969 593 1331 654 Christi/eros
1368 589 1552 654 efﬁci,-
1594 589 1810 647 addere.
1857 589 1974 636 dis-

331 684 539 734 tributo
571 685 634 732 in
670 684 918 732 membra
946 691 1138 731 nostra
1186 696 1409 743 corpore
1437 681 1564 740 eius
1593 688 1642 727 et
1671 678 1970 740 sanguine.

329 777 470 831 Cum
483 775 697 823 divinae
725 774 856 837 ﬁeri
872 781 1146 822 consortes
1171 780 1386 822 natura:
1411 789 1427 830 ;
1449 771 1505 826 id
1525 770 1736 826 eodem
1759 771 1819 825 in
1842 770 1971 826 loco

333 865 544 930 dicere,
578 867 896 934 postquam
939 861 1216 916 omnibus
1263 861 1628 932 argumentis
1678 865 1739 914 et
1783 875 1974 914 enun-

332 953 512 1008 tiandi
547 952 741 1007 modis
763 951 1408 1007 conﬁrmassetChristi
1433 949 1532 1004 Dei
1563 966 1776 1021 corpus
1811 965 1968 1004 ano-

329 1043 419 1097 bis
449 1042 671 1112 recipi:
707 1058 838 1111 quas
897 1041 1327 1096 sententiarum
1359 1040 1542 1095 series
1574 1044 1633 1094 et
1674 1038 1970 1110 colligatio

326 1133 544 1187 nullam
578 1131 737 1187 circa
756 1131 1123 1204 singularum
1143 1146 1383 1185 sensum
1403 1128 1835 1183 dubitationem
1858 1128 1970 1182 has-

329 1238 460 1275 rere
491 1219 800 1291 permittit.
832 1219 923 1273 Sic
941 1219 1331 1290 etconjuncta
1348 1216 1715 1273 adorationis
1745 1215 1968 1271 mentio

325 1327 459 1364 cum
490 1309 719 1363 Christo
753 1325 888 1381 rege
937 1314 1230 1380 suscepto,
1284 1307 1449 1362 illam
1499 1307 1573 1362 ad
1625 1322 1970 1378 supremum

324 1399 549 1454 cultum
579 1399 825 1454 omnino
868 1397 1242 1453 determinat.
1294 1398 1533 1464 Quarto,
1583 1413 1718 1451 cum
1767 1395 1970 1450 multm

323 1489 446 1543 sint
467 1488 527 1544 in
550 1487 764 1559 Cyrillo
789 1491 847 1542 et
868 1487 1001 1541 aliis
1024 1486 1296 1542 Patribus
1320 1485 1653 1552 sententia),
1691 1501 1820 1555 quae
1844 1501 1968 1539 rem

324 1593 504 1631 unam
539 1582 597 1630 et
643 1575 915 1631 eamdem
969 1575 1214 1631 diversis
1274 1575 1464 1631 modis
1512 1575 1872 1630 conﬁrment
1917 1579 1973 1629 et

325 1667 644 1722 enuntient
668 1685 681 1732 ;
705 1683 918 1737 nempe
941 1665 1082 1720 alibi
1101 1665 1245 1720 dicit
1265 1665 1480 1720 Christi
1509 1681 1724 1736 corpus
1756 1670 1812 1718 et
1841 1680 1972 1718 san-

322 1757 568 1826 guinem
600 1757 750 1810 citra
800 1755 1231 1810 dubitationem
1263 1755 1448 1810 ullam
1499 1759 1556 1808 et
1603 1759 1968 1826 repugnante

320 1845 461 1900 licet
491 1861 778 1899 sensuum
813 1843 1150 1900 testimonio
1185 1843 1344 1899 credi
1393 1842 1644 1909 debere;
1695 1842 1834 1898 alibi
1863 1859 1969 1914 pa-
2003 1869 2047 1935 Β

315 1951 460 1989 nem
492 1940 551 1988 et
608 1934 809 1988 vinum
865 1935 924 1987 in
970 1933 1182 1988 Christi
1242 1950 1457 2005 corpus
1516 1938 1573 1988 et
1617 1933 1965 2005 sanguinem

319 2040 606 2078 conversa
637 2039 804 2088 esse;
836 2023 999 2090 alibi,
1029 2023 1325 2078 Christum
1358 2039 1556 2094 regem
1576 2039 1611 2077 a
1640 2022 1812 2077 nobis
1836 2039 1967 2077 sus-

313 2113 454 2184 cipi,
518 2118 576 2168 et
633 2112 854 2168 idcirco
886 2112 1121 2169 adorari
1181 2112 1417 2178 debere,
1479 2119 1590 2168 etc.
1626 2112 1967 2168 Albertinus

313 2203 567 2276 singulis
598 2203 719 2257 illis
747 2203 1105 2259 testimoniis
1129 2202 1348 2258 similia
1365 2203 1612 2275 opponit
1634 2221 1765 2274 quae
1788 2209 1970 2259 meta-

314 2293 560 2364 phorice
589 2293 741 2347 sumi
775 2291 1053 2360 debeant,
1087 2292 1188 2347 sed
1223 2309 1292 2347 ex
1323 2292 1568 2348 diversis
1602 2293 1968 2366 argumentis

316 2383 542 2454 petita;
575 2398 710 2436 cum
743 2398 873 2438 eam
923 2381 1461 2454 metaphoricarum
1507 2381 1874 2437 locutionum
1907 2382 1968 2436 in

322 2487 444 2526 uno
477 2477 537 2526 et
567 2471 774 2526 eodem
808 2476 1154 2544 argumento
1174 2472 1683 2527 continuationem
1707 2472 1968 2543 reperire

329 2579 451 2616 non
474 2562 784 2633 potuisset.
814 2562 907 2617 Sic
955 2562 1026 2617 ad
1048 2562 1301 2634 primam
1353 2560 1690 2633 respondet,
1715 2567 1780 2616 ut
1800 2562 1969 2634 panis

331 2651 607 2706 etvinum
639 2651 1033 2707 eucharistica
1070 2650 1348 2706 dicuntur
1373 2667 1586 2722 corpus
1619 2651 1856 2717 Christi,
1890 2652 1971 2706 ita

327 2756 618 2811 pauperes
650 2757 683 2796 a
730 2740 1006 2796 Patribus
1052 2740 1168 2795 dici
1220 2741 1414 2812 ipsum
1471 2756 1600 2795 esse
1648 2741 1967 2809 Christum,

324 2828 622 2884 Christum
642 2845 770 2885 esse
794 2835 1046 2900 petram.
1064 2829 1151 2884 Ad
1170 2828 1972 2896 secundam,Patribusfami—

330 2915 470 2973 liare
504 2935 637 2974 esse
659 2919 779 2973 imo
814 2924 871 2972 et
893 2918 1203 2990 Scriptura:
1227 2923 1288 2973 ut
1314 2918 1514 2973 dicant
1560 2917 1830 2973 carnales
1862 2918 1969 2973 ho-

334 3007 513 3063 mines
547 3009 609 3064 in
641 3009 862 3066 bestias
895 3009 1297 3064 transmutari.
1324 3009 1411 3064 Ad
1433 3008 1969 3080 tertiam,Evange-

325 3095 490 3166 lium,
524 3097 768 3169 templa,
804 3104 940 3166 etc.,
973 3098 1204 3153 adorari
1237 3097 1372 3154 dici.
1408 3098 1520 3153 Sed
1551 3097 1664 3154 tria
1693 3097 1797 3154 illa
1837 3115 1969 3153 sen-

320 3188 645 3242 tentiarum
673 3204 912 3259 genera,
946 3204 1078 3258 qum
1114 3204 1249 3242 cum
1297 3188 1502 3243 multis
1555 3188 1688 3243 aliis
1719 3187 1823 3243 uni
1855 3191 1964 3243 Eu-

319 3274 618 3330 charistiae
645 3275 1006 3345 tribuuntur,
1027 3276 1129 3333 uni
1153 3275 1373 3346 pariter
1395 3292 1462 3331 ex
1485 3275 1805 3350 propositis
1841 3292 1875 3332 a
1907 3292 1968 3331 se

243 3355 246 3358 ί
320 3364 611 3436 exemplis
628 3364 1075 3422 accommodata
1093 3364 1303 3437 probet
1320 3385 1333 3434 ;
1350 3364 1859 3422 ostendatdictum
1881 3367 1971 3422 vel

322 3454 394 3510 ab
428 3455 640 3510 eodem
671 3457 842 3510 Patre
873 3455 965 3510 vel
992 3455 1170 3510 etiam
1192 3472 1223 3510 a
1245 3455 1489 3510 diversis
1511 3455 1806 3525 Patribus,
1833 3472 1970 3529 pau-

321 3560 498 3616 peres
529 3545 613 3600 ita
643 3545 839 3615 ipsum
867 3544 1166 3602 Christum
1197 3561 1348 3613 esse,
1377 3550 1442 3600 ut
1472 3544 1529 3599 id
1579 3545 1708 3616 ipsa
1753 3545 1969 3601 Christi

327 3634 729 3691 afﬁrmatione
744 3635 1195 3706 pronuntiatum
1218 3635 1446 3689 nemini
1460 3634 1709 3690 liceatin
1723 3634 1966 3690 dubium

317 3741 619 3793 revocare,
652 3742 720 3781 ac
750 3724 946 3780 dicere
997 3741 1286 3797 pauperes
1318 3740 1438 3780 non
1469 3740 1597 3780 esse
1629 3725 1926 3780 Christum
1953 3740 1965 3778 :

318 3814 463 3871 licet
495 3815 770 3871 sensibus
801 3816 1110 3872 videantur
1139 3816 1402 3872 distincti
1433 3832 1469 3871 a
1493 3814 1721 3872 Christo
1770 3815 1966 3892 homi-

316 3923 446 3976 nes,
481 3906 545 3960 in
576 3905 871 3962 Christum
904 3905 1120 3978 ipsum,
1155 3906 1440 3974 animam,
1465 3922 1700 3977 corpus,
1735 3910 1794 3960 et
1822 3905 1966 3960 divi-

318 3995 571 4050 nitatem
605 3994 732 4066 ejus
764 3993 962 4050 divina
987 3993 1419 4066 omnipotentia
1448 3994 1542 4050 cui
1569 3999 1796 4049 naturai
1828 3993 1970 4048 obe-

319 4084 493 4139 diunt
523 4088 784 4139 mutatos
818 4100 984 4150 esse;
1019 4083 1080 4138 in
1113 4083 1357 4140 domum
1388 4101 1492 4156 pro
1534 4083 1766 4139 Christo
1813 4083 1965 4139 reci-

319 4173 595 4245 piendos,
620 4177 678 4227 et
699 4171 898 4228 debita
918 4172 1147 4227 Christo
1180 4172 1523 4228 adoratione
1556 4189 1622 4228 ac
1645 4172 1808 4228 cultu
1830 4189 1967 4244 pro-

320 4261 682 4334 sequendos.
700 4261 863 4317 Idem
885 4261 1044 4316 dicas
1067 4261 1140 4316 de
1162 4262 1350 4316 altera
1371 4261 1667 4317 sententia
1689 4261 1847 4332 quod
1871 4263 1969 4317 ho-

316 4353 512 4407 mines
545 4356 1020 4408 transmutentur
1052 4352 1111 4406 in
1136 4351 1396 4407 bestias:
1441 4351 1754 4423 impudici,
1804 4351 1966 4408 verbi

317 4443 526 4514 gratia,
559 4441 622 4496 in
655 4457 861 4512 equos,
895 4441 1163 4496 iracundi
1197 4441 1258 4495 in
1289 4440 1513 4510 leones,
1533 4440 1726 4512 deque
1749 4441 1963 4498 simili-

313 4531 423 4588 bus
457 4548 606 4602 quas
639 4529 879 4602 protuli.
910 4532 1026 4586 Nec
1057 4547 1190 4586 vero
1206 4530 1592 4586 sufﬁceretut
1619 4529 1693 4584 ad
1719 4530 1963 4585 totidem

2088 603 2150 641 re
2180 588 2382 644 nullus
2409 606 2538 645 esse
2569 596 2764 662 potest
2793 592 2992 664 ﬁgurae
3023 609 3092 648 ac
3125 595 3496 652 translationi
3527 596 3724 665 locus;

2086 677 2263 732 aliam
2297 687 2582 750 separatae
2612 682 2924 752 cujusdam
2958 683 3268 738 sententiae
3291 701 3421 754 quae
3454 686 3526 740 ad
3559 704 3726 743 orna-

2086 771 2208 822 tum
2243 770 2536 824 sermonis
2576 771 2733 825 velut
2779 773 3108 842 projicitur,
3163 789 3373 828 secura
3419 776 3566 830 etin
3601 782 3724 831 tuto

2083 857 2277 927 posita
2295 859 2424 929 ejus
2447 861 2860 933 intelligentia;
2888 862 3044 917 haud
3067 867 3264 918 tamen
3283 864 3577 920 similibus
3596 883 3728 920 con-

2084 947 2403 1017 geminatis
2434 950 2776 1006 conﬁrmari
2807 957 2985 1022 atque
3015 951 3299 1007 inculcari
3329 959 3544 1023 potest,
3582 957 3726 1025 quin

2082 1042 2184 1090 aut
2214 1054 2248 1092 a
2279 1038 2518 1093 veritate
2550 1046 2653 1094 aut
2682 1039 2752 1094 ab
2786 1041 3049 1096 humana
3077 1041 3364 1112 loquendi
3409 1050 3727 1098 consuetu-

2086 1123 2221 1180 dine
2246 1127 2596 1182 recedatur?
2611 1129 3004 1194 Quamobrem
3022 1147 3094 1186 ne
3115 1130 3232 1185 vim
3257 1131 3510 1202 alicujus
3531 1133 3728 1188 catho-

2081 1214 2210 1270 licaa
2242 1218 2552 1272 sententiae
2585 1220 2859 1291 etlugisse
2893 1236 2954 1275 se
2985 1226 3150 1290 putet
3196 1220 3557 1289 Albertinus,
3589 1239 3726 1277 cum

2083 1307 2135 1361 ei
2167 1307 2526 1364 contrariam
2558 1309 3162 1381 opposuitﬁguratam
3185 1310 3582 1379 locutionem;
3609 1311 3725 1366 nisi

2080 1393 2215 1450 aliis
2235 1395 2448 1451 deinde
2470 1395 2618 1451 alias
2639 1396 2918 1452 similiter
2937 1415 3007 1454 ex
3032 1398 3239 1455 eodem
3267 1404 3614 1472 argumento
3637 1400 3728 1454 lo-

2081 1485 2350 1540 cutiones
2408 1487 2792 1556 Opposuerit:
2846 1488 3004 1558 quod
3060 1505 3256 1559 neque
3309 1489 3468 1557 fecit,
3530 1505 3722 1560 neque

2080 1591 2257 1646 porro
2287 1576 2481 1632 facere
2511 1577 2774 1647 potuisse
2799 1579 2992 1633 securi
3022 1580 3413 1637 afﬁrmamus.

2153 1667 2240 1721 73.
2274 1667 2468 1721 Tertia
2493 1665 2618 1722 hinc
2664 1668 2777 1721 erit
2801 1667 3170 1723 observatio:
3221 1684 3590 1738 quascunque
3623 1685 3724 1722 cu-

2081 1753 2271 1810 mulat
2295 1754 2637 1811 Albertinus
2659 1757 3196 1828 metaphoricarum
3221 1757 3590 1812 locutionum
3623 1773 3723 1811 ex—

2080 1843 2297 1914 empla,
2330 1861 2400 1899 ea
2429 1844 2505 1898 ad
2535 1861 2658 1900 rem
2683 1852 3039 1916 praesentem
3062 1846 3318 1913 inutilia,
3342 1861 3453 1901 nec
3475 1845 3598 1900 ulla
3627 1861 3724 1900 ra-

2079 1931 2238 1986 tione
2294 1939 2546 2003 possunt
2603 1951 2736 1989 cum
2797 1936 3167 1991 Eucharistia
3223 1936 3576 2006 comparari.
3626 1937 3720 1988 Em

2076 2037 2292 2092 nempe
2325 2038 2400 2078 ne
2431 2021 2504 2077 ad
2535 2023 2795 2079 litteram
2828 2030 3206 2080 sumerentur
3221 2025 3294 2080 ab
3330 2024 3720 2093 auditoribus,

2077 2110 2312 2168 vetabat
2340 2111 2430 2166 vel
2460 2112 2542 2167 rei
2577 2112 2766 2183 ipsius
2797 2101 3132 2170 absurditas
3172 2119 3230 2169 et
3276 2114 3723 2186 impossibilitas

2073 2201 2408 2271 perspicua,
2443 2203 2532 2257 vel
2563 2202 2838 2258 Ecclesia:
2867 2203 3014 2258 ﬁdes
3037 2209 3094 2259 et
3114 2204 3384 2260 doctrina
3403 2206 3466 2260 in
3487 2204 3723 2260 audito-

2074 2306 2207 2344 rum
2230 2291 2450 2346 animis
2470 2309 2756 2362 praasens,
2781 2298 2839 2348 et
2859 2309 3062 2348 earum
3084 2293 3454 2349 locutionum
3477 2313 3719 2352 sensum

2076 2378 2373 2451 dirigens:
2401 2398 2533 2452 quaa
2556 2399 2692 2438 cum
2733 2383 2806 2438 ad
2829 2383 3080 2438 litteram
3114 2390 3363 2454 sumptae
3395 2391 3556 2454 sunt,
3581 2403 3723 2441 con-

2076 2469 2243 2524 tinuo
2274 2469 2663 2526 reclamatum
2697 2477 2788 2527 est
2817 2477 2876 2527 et
2894 2473 3116 2543 rejecta
3137 2473 3286 2528 falsa
3309 2473 3570 2543 ﬁguratis
3593 2491 3725 2529 sen-

2078 2558 2279 2613 tentias
2312 2559 2743 2631 interpretatio.
2775 2561 3058 2632 Exempla
3095 2562 3432 2618 afferamus.
3465 2565 3728 2628 Quanta-

2079 2663 2313 2718 cunque
2344 2648 2395 2702 vi
2425 2653 2624 2704 orator
2651 2649 3022 2706 Christianus
3055 2650 3116 2704 in
3146 2652 3506 2722 pauperibus
3549 2653 3724 2707 Chri-

2081 2741 2237 2791 stum
2267 2737 2465 2808 ipsum
2496 2739 2717 2810 suscipi
2749 2737 3060 2807 declamet,
3095 2745 3154 2795 et
3199 2741 3467 2810 quamvis
3518 2741 3722 2796 multis

2081 2825 2275 2882 modis
2304 2827 2471 2881 illam
2499 2829 2854 2884 sententiam
2879 2834 3052 2884 ornet
3075 2835 3133 2884 et
3152 2837 3373 2886 verset:
3409 2837 3724 2901 quantum-

2079 2931 2314 2985 cunque
2352 2916 2584 2972 intonet
2630 2917 2949 2973 iracundos
2997 2919 3271 2974 homines
3317 2919 3520 2974 leones
3551 2937 3721 2985 esse;

2084 3020 2351 3074 rapaces,
2384 3004 2590 3075 lupos;
2620 3005 2968 3078 impudicos,
3021 3023 3203 3076 equos
3244 3008 3304 3061 in
3324 3008 3606 3062 feminam
3635 3009 3726 3062 in-

2090 3093 2424 3162 sanientes;
2449 3095 2694 3165 haecque
2716 3096 2918 3150 omnia
2935 3112 3002 3151 ex
3027 3095 3342 3166 Scripturis
3371 3098 3725 3152 conﬁrmet:

2085 3183 2353 3253 quamvis
2375 3184 2650 3240 homines
2663 3185 2860 3256 justos
2882 3185 2942 3240 in
2960 3185 3252 3256 baptismo
3275 3185 3516 3256 angelos
3546 3186 3723 3255 efﬁci,

2079 3272 2199 3327 imo
2221 3272 2558 3328 etdeiﬁcari
2583 3273 2772 3329 dicat:
2801 3290 2977 3330 nemo
3011 3273 3159 3331 adeo
3195 3274 3542 3346 imprudens
3562 3275 3719 3331 futu-

2079 3379 2181 3418 rus
2211 3368 2320 3432 est,
2353 3368 2419 3418 ut
2438 3364 2564 3420 haec
2594 3365 2797 3420 omnia
2813 3364 2887 3420 ad
2917 3365 3172 3436 rigorem
3203 3365 3414 3422 litterae
3437 3365 3723 3437 interpre-

2081 3456 2261 3507 tetur.
2301 3452 2464 3508 Idem
2495 3453 2674 3508 dicito
2725 3453 2796 3508 de
2846 3453 2976 3509 istis
3025 3471 3260 3525 quoque
3320 3453 3720 3510 locutionibus

2077 3542 2377 3598 Christum
2411 3542 2554 3599 olim
2587 3544 2649 3597 in
2681 3544 2844 3598 omni
2878 3545 3169 3600 sacriﬁcio
3188 3546 3400 3602 veteris
3431 3546 3576 3618 legis
3598 3561 3721 3600 ma-

2078 3636 2322 3698 ctatum,
2358 3631 2418 3686 in
2442 3637 2578 3704 typo
2601 3649 2824 3688 manna
2845 3633 3116 3689 Patribus
3135 3635 3484 3704 exhibitum,
3503 3635 3721 3690 addere

2081 3725 2316 3792 poterat
2351 3720 2514 3785 istas,
2539 3737 2673 3776 eum
2698 3722 2758 3776 in
2780 3722 2926 3777 Abel
2944 3723 3228 3788 occisum,
3271 3724 3332 3778 in
3353 3726 3514 3779 Isaac
3541 3725 3721 3779 sacri-

2077 3808 2339 3876 ﬁcatum,
2373 3809 2434 3864 in
2459 3811 2674 3881 Joseph
2704 3828 2739 3866 a
2765 3811 2983 3867 Iudaeis
3030 3813 3334 3868 venditum
3357 3813 3385 3866 ?
3423 3813 3719 3882 quomodo

2078 3899 2239 3954 enim
2269 3899 2396 3955 haec
2426 3899 2500 3954 ad
2530 3900 2789 3956 litteram
2820 3917 3030 3973 passus
3061 3901 3403 3958 crederetur
3433 3903 3532 3972 qui
3565 3919 3717 3957 non-

2076 3987 2218 4044 dum
2250 4005 2464 4060 corpus
2509 3988 2809 4045 habebat?
2855 4005 3038 4060 aquas
3088 3989 3470 4061 baptismales
3501 3991 3717 4046 Christi

2077 4079 2363 4149 sanguine
2394 4077 2603 4133 rubras
2653 4094 2821 4145 esse;
2859 4079 3038 4148 hujus
3085 4079 3243 4134 enim
3291 4080 3718 4150 propositionis

2067 4167 2304 4239 judices
2335 4183 2546 4222 sensus
2594 4168 2694 4238 qui
2742 4168 3104 4223 contrarium
3156 4173 3522 4224 renuntiant.
3555 4168 3717 4223 Alias

2074 4257 2514 4329 propositiones
2538 4257 2685 4312 ﬁdes
2709 4256 2983 4313 Ecclesia)
3002 4257 3341 4314 etdoctrina
3356 4258 3555 4313 animo
3569 4275 3718 4328 pras-

2075 4352 2360 4418 concepta
2385 4345 2620 4403 vetabat
2649 4347 2802 4402 sumi
2841 4352 2907 4402 ut
2948 4353 3197 4414 sonant;
3231 4365 3447 4418 nempe
3477 4347 3718 4402 homine

2073 4435 2136 4490 in
2154 4437 2589 4493 resurrectione
2617 4437 2677 4492 in
2701 4437 2944 4505 angelos
2968 4442 3422 4493 transmutatum
3447 4437 3554 4503 iri;
3588 4453 3715 4492 cor-

2075 4541 2185 4596 pus
2217 4525 2278 4581 in
2321 4526 2694 4598 spiritualem
2751 4531 2811 4581 et
2868 4527 3208 4591 aitheream,
3256 4527 3375 4581 imo
3408 4526 3470 4582 in
3501 4525 3715 4581 animos

314 4621 516 4695 Cyrilli
564 4619 913 4688 sententias,
965 4619 1209 4675 totidem
1265 4620 1328 4676 in
1359 4619 1566 4676 eodem
1614 4625 1960 4692 argumento
1991 4612 2038 4677 D
2072 4615 2464 4672 substantiam
2481 4621 2880 4684 evasurum,et
2900 4616 3716 4672 divinumefﬁciendumesse:

313 4718 644 4786 opponeret
674 4711 1112 4783 metaphoricas
1151 4711 1514 4767 locutiones:
1548 4709 1624 4767 ad
1648 4710 1794 4768 alias
1825 4728 1965 4782 quo-

316 4819 430 4874 que
461 4804 707 4858 Patrum
766 4801 837 4857 de
895 4801 1266 4857 Eucharistia
1323 4801 1783 4870 enuntiationes,
1815 4801 1963 4856 alias

316 4909 553 4964 quoque
577 4893 650 4948 iis
671 4892 734 4947 in
781 4891 990 4948 eodem
1012 4897 1359 4964 argumento
1383 4891 1565 4963 [CCX]
1595 4891 1964 4964 responden-

316 4987 402 5038 tes
425 4983 621 5054 ipsum
644 4980 903 5053 objicere
927 4985 1244 5051 oporteret.
1277 4981 1422 5035 Cum
1445 4981 1650 5036 Patres
1679 4980 1960 5053 permulti

315 5070 536 5138 dicant,
570 5069 734 5126 verbi
764 5070 973 5142 gratia,
1023 5069 1444 5126 eucharistiam
1491 5087 1614 5126 non
1646 5087 1774 5126 esse
1811 5070 1960 5142 ﬁgu-

311 5177 442 5217 ram
473 5160 740 5232 corporis
769 5159 986 5214 Christi
1037 5159 1126 5215 vel
1175 5160 1513 5231 antitypum
1562 5158 1957 5226 solummodo,

312 5251 417 5307 sed
447 5267 663 5321 corpus
696 5250 891 5320 ipsum
917 5266 930 5314 ;
965 5248 1190 5304 similes
1219 5250 1429 5305 afferat
1455 5265 1662 5304 eorum
1713 5254 1957 5304 senten-

309 5341 443 5406 tias,
477 5340 577 5411 qui
620 5344 839 5410 negent
867 5354 1158 5409 pauperes
1189 5355 1318 5394 esse
1350 5339 1591 5411 ﬁguras,
1647 5338 1955 5409 imagines,

307 5427 870 5502 repraasentationes
883 5427 1169 5497 quasdam
1187 5427 1629 5496 Christi,locum
1643 5426 1693 5497 ej
1705 5444 1771 5481 us
1783 5425 1957 5482 nobis

310 5521 440 5591 ipso
459 5518 705 5574 absente
720 5520 995 5571 tenentes
1019 5532 1032 5569 :
1065 5515 1483 5588 afﬁrmentque
1498 5515 1658 5587 ipsos
1680 5531 1815 5570 vere
1827 5531 1956 5571 esse

310 5608 634 5664 Christum.
666 5605 808 5671 Quis
838 5605 1000 5659 enim
1032 5605 1260 5661 nesciat
1289 5605 1468 5662 aliam
1501 5621 1630 5660 esse
1663 5603 1778 5659 vim
1823 5619 1958 5660 sen—

313 5698 640 5756 tentiarum
667 5694 992 5752 multarum
1014 5710 1146 5766 quae
1163 5694 1411 5754 diversis
1431 5692 1623 5753 modis
1644 5709 1772 5756 rem
1792 5710 1953 5752 eam-

2073 4722 2313 4761 carnem
2347 4712 2403 4761 et
2426 4707 2778 4778 sanguinem
2795 4723 2916 4762 non
2939 4705 3194 4778 amplius
3215 4705 3446 4773 futura;
3471 4723 3712 4762 carnem

2071 4795 2285 4852 Christi
2317 4797 2377 4850 in
2413 4795 2780 4851 divinitatem
2825 4798 3146 4862 mutatam;
3171 4811 3384 4865 corpus
3406 4795 3535 4866 ejus
3566 4794 3716 4848 divi-

2071 4885 2164 4941 nis
2217 4884 2606 4955 qualitatibus
2660 4873 3005 4950 donatumr
3043 4884 3227 4937 Deum
3284 4883 3346 4938 in
3407 4883 3715 4938 hominem

2071 4979 2398 5029 mutatum:
2434 4973 2558 5028 haec
2589 4972 2752 5026 enim
2784 4971 2986 5027 omnia
3013 4971 3110 5043 pie
3142 4976 3201 5026 et
3233 4971 3491 5026 innocue
3541 4972 3712 5028 dice-

2069 5061 2308 5130 bantur,
2325 5061 2551 5134 dirigen
2562 5065 2617 5115 te
2640 5059 3099 5132 intelligentiam
3117 5060 3295 5127 ﬁde,a
3307 5061 3542 5132 populis
3555 5067 3712 5118 recte

2069 5153 2273 5210 audita
2301 5157 2360 5208 et
2387 5151 2709 5207 intellecta.
2759 5152 2906 5206 Cum
2951 5157 3149 5208 autem
3181 5153 3306 5208 haec
3349 5153 3551 5208 omnia
3579 5153 3707 5207 hai-

2067 5243 2238 5300 retici
2271 5242 2538 5313 proximo
2570 5246 2629 5296 et
2657 5239 2825 5295 obvio
2869 5257 2936 5295 ac
2983 5240 3228 5296 litterali
3276 5257 3455 5296 sensu
3486 5240 3712 5296 intelli-

2067 5332 2261 5406 genda
2286 5330 2491 5402 [CCXI]
2522 5329 2911 5396 afﬁrmavere,
2944 5329 3226 5386 continuo
3275 5329 3620 5401 reprehensi
3652 5334 3711 5384 et

2069 5422 2141 5478 ab
2165 5419 2426 5478 Ecclesia
2447 5418 2639 5490 ejecti.
2664 5419 2790 5473 Jam
2823 5423 2888 5472 ut
2915 5418 3142 5491 integra
3160 5420 3236 5474 sit
3255 5419 3411 5474 inter
3445 5419 3551 5474 has
3573 5435 3706 5474 sen-

2031 5501 2038 5506 ’
2068 5511 2306 5577 tentias,
2337 5514 2395 5564 et
2422 5525 2569 5579 quas
2599 5523 2736 5562 cum
2766 5506 2888 5561 illis
2919 5507 3148 5564 confert
3177 5508 3520 5564 Albertinus
3544 5524 3707 5562 com—

2067 5600 2330 5676 paratio;
2365 5597 2640 5655 ostendat
2658 5596 2747 5652 vel
2779 5596 2925 5654 adeo
2958 5597 3172 5654 insana
3200 5604 3260 5655 et
3288 5597 3545 5654 absurda
3574 5613 3704 5651 esse

2066 5697 2272 5762 nostra
2327 5689 2400 5754 de
2428 5687 2575 5762 reali
2601 5687 2920 5761 praesentia
2969 5694 3030 5746 et
3073 5685 3703 5754 transsubtantiatione
