4134 6264
393 359 505 419 251

1535 356 1636 416 DE
1682 355 2082 417 DOCTRINA
2132 359 2198 418 S.
2245 361 2586 425 CYRILLI.

3678 359 3795 417 252

390 491 686 564 dogmata,
719 495 787 545 ut
801 506 938 544 cum
965 505 1033 544 ea
1061 488 1336 544 Patribus
1383 489 1445 543 in
1495 489 1753 559 speciem
1785 493 2038 564 proponi
2072 493 2120 560 Α
2153 495 2347 551 tiones
2371 497 2611 569 [CCXII]
2641 496 2714 551 ad
2744 495 2998 551 litteram
3041 492 3428 548 intellexere:
3489 507 3677 562 eaque
3709 507 3806 545 re-

391 585 450 634 et
472 580 660 635 asseri
676 579 1044 644 viderentur,
1063 577 1292 632 nemini
1317 577 1516 631 venire
1538 585 1784 648 possent
1806 580 1865 634 in
1888 597 2052 636 men-

392 676 512 723 tem
539 669 630 723 vel
663 669 866 723 statim
895 673 1072 738 atque
1119 667 1554 738 deprehensum
1591 675 1678 722 est
1723 671 2051 726 nonnullos

390 759 668 813 exteriori
705 758 1137 812 sententiarum
1163 774 1308 812 sono
1341 757 1642 828 deceptos,
1677 774 1776 813 eas
1799 760 1874 814 ad
1899 760 2052 814 litte-

393 865 520 902 ram
552 847 624 901 de
645 848 865 902 nostris
891 847 1265 920 dogmatibus
1287 847 1674 915 intellexisse,
1698 848 2049 921 redargutos

392 943 449 990 et
479 953 584 1007 pro
634 936 930 990 haareticis
979 936 1214 990 habitos
1270 935 1473 990 fuisse.
1536 939 1616 991 Ne
1663 938 1830 1008 prius
1888 939 2052 994 dicat

390 1026 755 1092 Albertinus,
792 1025 986 1080 obstat
1016 1026 1138 1091 ille,
1182 1026 1404 1080 fatente
1455 1027 1607 1097 ipso,
1651 1028 1778 1099 jam
1811 1029 1882 1083 ab
1915 1021 2048 1083 octo

388 1124 622 1179 saeculis
649 1125 866 1179 Latina;
902 1124 1177 1179 Ecclesiae
1209 1125 1268 1178 in
1302 1127 1543 1179 Patrum
1583 1126 1775 1181 verbis
1802 1126 1874 1181 ad
1909 1144 2046 1182 eum

391 1214 632 1267 modum
646 1213 1068 1285 intelligendus
1085 1229 1431 1268 consensus:
1448 1213 1643 1268 obstat
1655 1215 2047 1270 Orientalium

393 1319 626 1373 quoque
643 1301 1040 1357 Ecclesiarum
1057 1303 1324 1357 omnium
1341 1319 1602 1372 praasens
1619 1303 1826 1358 saltem
1844 1306 2051 1360 suffra-

391 1391 551 1462 gium
583 1391 823 1446 disertis
847 1408 1048 1446 earum
1084 1392 1441 1446 testimoniis
1463 1392 1912 1463 comprobatum
1938 1411 2045 1449 :ne

395 1480 538 1550 quid
559 1480 752 1536 dicam
776 1479 847 1535 de
877 1481 1166 1535 anteactis
1197 1481 1587 1552 temporibus,
1611 1499 1745 1537 cum
1778 1500 1898 1537 non
1933 1483 2040 1538 mi-

391 1586 504 1623 nus
535 1569 774 1624 disertis
805 1571 1213 1624 monumentis
1258 1575 1606 1641 perpetuam
1655 1571 1808 1627 hanc
1841 1588 2045 1626 earum

385 1656 570 1710 fuisse
607 1656 784 1711 fidem
808 1656 1248 1712 evidentissime
1287 1656 1762 1712 demonstratum
1783 1659 1887 1724 sit;
1925 1664 2044 1712 tam

388 1745 576 1799 multa
607 1746 918 1801 hominum
952 1747 1140 1800 millia
1163 1747 1264 1817 qui
1287 1747 1533 1801 insania)
1558 1753 1817 1811 accuset,
1837 1747 1887 1802 is
1918 1747 2045 1818 ipse

390 1852 559 1888 suam
621 1835 914 1890 insaniam
963 1835 1309 1906 proditurus
1357 1837 1451 1890 sit.
1500 1839 1624 1890 Non
1680 1835 2043 1906 impediebat
2073 1850 2120 1915 Β

392 1923 571 1978 realis
585 1924 916 1994 praesentiae
931 1930 989 1979 et
1001 1924 1686 1980 transsubstantiationis
1703 1925 2043 1995 impossibi-

395 2012 531 2067 litas
553 2029 628 2066 ne
660 2013 1018 2080 crederetur,
1034 2031 1169 2068 cum
1203 2013 1551 2084 possibilem
1580 2014 1692 2084 ipsi
1726 2014 2043 2069 adversarii

395 2101 552 2156 ultro
575 2100 871 2156 fateantur
895 2119 907 2155 :
931 2119 1124 2172 neque
1149 2103 1196 2157 si
1219 2102 1564 2173 possibilem
1586 2105 2044 2174 negent,borum

382 2191 679 2258 judicium
735 2209 946 2246 norma
1002 2199 1351 2246 caaterorum
1408 2192 1539 2255 fuit,
1589 2194 1689 2264 qui
1743 2195 1859 2248 Deo
1893 2194 2046 2248 nihil

391 2282 761 2353 impossibile
783 2282 1165 2337 arbitrentur.
1188 2283 2045 2353 RestatutprobetAlbertinus

393 2373 464 2428 ab
497 2373 761 2428 Ecclesia
801 2375 1198 2444 reprehensos
1248 2380 1305 2428 et
1355 2374 1768 2429 haereticorum
1797 2391 2044 2429 numero

398 2462 654 2533 habitos,
691 2465 790 2533 qui
824 2464 1001 2534 primi
1033 2463 1211 2518 realis
1255 2464 1588 2534 praesentiat
1640 2471 1699 2518 et
1743 2466 2044 2520 transsub-

396 2551 796 2606 stantiationis
828 2551 1104 2622 dogmata
1145 2567 1410 2607 asserere
1462 2559 1602 2606 sunt
1649 2553 2043 2623 deprehensi:

395 2639 900 2710 quemadmodum
930 2639 1217 2705 damnati,
1264 2641 1365 2710 qui
1412 2641 1850 2710 metaphoricas
1899 2658 2045 2712 quas

398 2733 668 2782 recenset
699 2730 939 2782 Patrum
970 2727 1301 2782 locutiones
1331 2729 1404 2782 ad
1426 2729 1684 2783 litteram
1711 2747 2042 2801 sumpsere.

397 2819 469 2870 At
497 2822 700 2871 contra
729 2834 974 2888 prorsus
1006 2817 1240 2871 evenit:
1293 2817 1527 2872 saeculis
1569 2818 1694 2872 fere
1745 2819 2045 2886 omnibus,

396 2914 494 2984 qui
515 2915 891 2985 praesentiam
907 2914 1121 2970 Christi
1139 2915 1200 2969 in
1222 2916 1592 2970 Eucharistia
1606 2916 1679 2970 ad
1699 2917 1945 2989 figuram
1962 2934 2050 2972 so-

398 3001 521 3055 lum
553 3003 936 3070 restrinxere,
984 3009 1088 3058 aut
1131 3003 1308 3074 hujus
1357 3003 1658 3074 opinionis
1708 3005 2046 3076 suspicione

398 3091 582 3146 afﬂati
634 3091 1043 3157 solummodo;
1096 3092 1412 3165 diligenter
1465 3094 1785 3162 emendati,
1846 3095 1936 3148 vel
1984 3096 2044 3150 in

400 3181 816 3235 haereticorum
848 3197 1096 3235 numero
1129 3181 1333 3235 habiti.
1368 3183 1584 3246 Quarto
1626 3182 1752 3252 jam
1806 3184 2042 3250 saeculo,

401 3285 518 3337 qua
549 3269 620 3321 de
661 3273 832 3323 astate
886 3275 1228 3336 tractamus,
1275 3270 1616 3324 Theodorus
1662 3272 2043 3340 Heracliotes,

403 3364 614 3413 catena
642 3361 700 3412 in
731 3359 956 3427 Matth.,
989 3360 1060 3415 ad
1093 3376 1220 3430 cap.
1272 3377 1428 3425 xxxi,
1460 3363 1494 3429 Ῡ
1523 3363 1613 3427 ‘26,
1655 3378 1785 3434 pag.
1839 3365 1962 3431 340,
1997 3368 2056 3417 et

397 3447 685 3502 Macarius
708 3449 960 3519 Magnes,
983 3449 1044 3502 in
1064 3448 1394 3520 fragmento
1416 3451 1612 3504 Grmce
1633 3468 1667 3505 a
1683 3452 1965 3506 Turriano
1991 3453 2053 3506 in

395 3544 500 3598 lib.
536 3560 569 3597 v
604 3543 954 3612 Clementin.,
989 3551 1047 3599 et
1077 3545 1278 3600 Latine
1313 3563 1346 3601 a
1374 3548 1604 3613 Coccio,
1633 3553 1774 3602 tom.
1809 3549 1878 3616 II,
1914 3565 2050 3620 pag,

401 3635 526 3699 607,
580 3632 758 3697 edito,
807 3633 960 3688 hanc
1005 3634 1351 3705 opinionem
1404 3636 1774 3707 rejecerunt.
1835 3638 2052 3702 Quinto

406 3721 647 3789 saeculo,
680 3722 1019 3777 Theodorus
1055 3725 1393 3795 Mopsuest.,
1425 3731 1650 3780 catena:
1698 3726 1890 3782 citatas
1920 3744 2052 3798 pag.

403 3813 508 3864 350
535 3829 547 3877 ;
574 3813 777 3866 Patres
801 3813 1060 3867 scetiotze
1085 3813 1245 3867 hunc
1269 3813 1328 3867 in
1356 3815 1644 3869 monacho
1673 3817 1930 3886 quodam
1953 3834 2056 3887 per

404 3901 851 3971 simplicitatem
876 3901 1185 3957 incredulo
1221 3919 1502 3968 errorem,
1536 3905 1852 3976 impetrato
1877 3907 2054 3961 etiam

413 3989 700 4045 miraculo
733 3991 1163 4058 emendarunt;
1196 3993 1351 4064 apud
1384 3992 1658 4060 Coteler.,
1700 3998 1844 4048 tom.
1875 3995 1898 4047 Ι
1939 3997 2058 4049 Μο-

411 4096 559 4134 num.
575 4119 589 4144 ,
613 4079 674 4133 in
697 4080 1211 4151 apophthegmatis
1224 4081 1454 4135 abbatis
1468 4081 1822 4147 Danielis,n.
1848 4085 1900 4148 7,
1923 4100 2054 4155 pag.

409 4171 534 4236 421,
569 4173 627 4222 et
683 4167 840 4238 apud
885 4170 1194 4237 Rosweid.,
1253 4169 1335 4223 lib
1387 4187 1419 4222 v
1479 4171 1579 4224 Vit.
1642 4173 1776 4239 PP.,
1810 4187 1936 4242 cap.
1969 4173 2055 4239 18;

410 4275 576 4313 num.
611 4259 664 4325 3,
698 4258 891 4324 Sexto,
925 4258 1220 4324 Leontius,
1255 4258 1360 4312 lib.
1397 4276 1452 4312 Ill
1497 4260 1566 4314 De
1613 4263 2058 4317 Nestorianorum

411 4349 692 4418 impietate
719 4347 779 4400 in
819 4346 1050 4400 occulto
1103 4347 1339 4415 tradita,
1388 4347 1542 4402 hanc
1574 4349 1635 4404 in
1684 4351 1768 4405 eis
1820 4358 2058 4406 senten-

416 4438 558 4492 tiam
589 4435 1041 4492 condemnabat.
1086 4435 1372 4506 Septimo,
1431 4439 1780 4494 Anastasius
1838 4440 2060 4496 Sinaita

415 4543 568 4594 eam,
603 4527 782 4582 etiam
815 4525 923 4580 sub
956 4524 1200 4579 nomine
1232 4525 1516 4580 Gaianitze
1549 4528 1891 4598 gravissime
1924 4547 2058 4601 pro-

409 4617 612 4687 pulsat
632 4622 690 4670 et
727 4616 944 4687 rejicit.
977 4616 1210 4680 Octavo,
1267 4615 1690 4678 Damascenus,
1748 4617 1849 4672 lib.
1904 4636 1956 4672 1v
1987 4621 2059 4674 De

409 4704 624 4759 orthod.
655 4705 782 4774 ﬁde,
816 4722 944 4776 cap.
971 4706 1077 4770 14;
1110 4703 1429 4758 concilium
1452 4704 1774 4773 Nicaenum,
1809 4723 1904 4761 an.
1931 4709 2056 4777 787,

410 4799 522 4849 act.
557 4797 620 4860 7;
656 4793 812 4848 Elias
843 4793 1164 4860 Cretensis,
1194 4793 1256 4847 in
1301 4799 1448 4848 orat.
1487 4794 1511 4847 1
1556 4795 1610 4848 S.
1643 4796 1808 4867 Greg.
1839 4813 1874 4852 a
1902 4799 2056 4862 Naz.,

410 4889 534 4938 not.
572 4885 694 4950 161,
727 4900 784 4954 p.
819 4886 943 4950 200,
973 4884 1100 4940 201.
1134 4885 1319 4948 Nono,
1353 4883 1742 4953 Nicephorus,
1775 4885 1836 4940 in
1878 4887 2060 4941 Antir-

411 4973 618 5027 rhetico
663 4975 716 5036 2,
768 4973 1108 5028 Theodorus
1156 4972 1406 5039 Studita,
1448 4973 1761 5029 Antirrhet.
1817 4979 1864 5042 1,
1897 4977 2056 5032 Cont.

407 5061 730 5119 lconoclost.
767 5077 932 5115 num.
987 5065 1074 5129 10,
1125 5062 1398 5116 Paschas.
1436 5061 1769 5130 Ratbertus,
1813 5071 1922 5120 etc.
1959 5067 2056 5121 Se-

412 5149 733 5222 quentibus
755 5149 996 5205 demum
1019 5166 1154 5205 cum
1180 5152 1377 5205 Graeca
1395 5155 1518 5205 tum
1562 5151 1767 5208 Latina
1796 5154 2059 5211 Ecclesia

413 5259 533 5307 eos,
588 5239 689 5310 qui
741 5240 988 5313 figuram
1037 5240 1303 5311 corporis
1343 5241 1556 5296 Christi
1591 5241 1962 5299 solummodo
1994 5245 2056 5299 in

410 5329 781 5385 Eucharistia
811 5335 1220 5402 agnoscerent,
1261 5335 1544 5401 tanquam
1597 5332 1658 5386 in
1708 5334 2055 5404 gravissimo

411 5448 612 5487 errore
643 5436 948 5488 versantes
981 5449 1086 5504 pro
1114 5431 1410 5487 haereticis
1448 5432 1673 5488 habuit.
1726 5435 1888 5490 Idem
1920 5452 2056 5508 ergo

403 5522 676 5595 judicare
702 5522 992 5578 debemus
1022 5522 1093 5578 de
1124 5522 1196 5576 iis
1227 5521 1329 5592 qui
1376 5521 1663 5579 litterales
1694 5525 1935 5579 Patrum
1985 5525 2056 5579 de

409 5611 783 5668 Eucharistia
831 5613 1157 5669 sententias
1201 5610 1276 5667 ad
1327 5610 1577 5683 ﬁguram
1622 5612 1856 5669 detorse
1888 5630 1956 5669 ac
1985 5614 2057 5669 de

408 5700 484 5756 iis
517 5700 620 5772 qui
658 5701 1094 5775 metaphoricas
1119 5699 1361 5759 Patrum
1389 5698 1463 5756 de
1492 5698 1627 5756 aliis
1671 5700 1850 5757 rebus
1887 5701 2056 5759 locu-

2157 584 2295 655 gula
2324 587 2425 656 qui
2457 587 2530 641 ad
2561 586 2842 654 litteram,
2877 584 3019 655 quid
3053 599 3232 638 sensu
3263 580 3672 651 metaphorico
3712 579 3807 634 in-

2161 673 2546 747 telligendum
2600 677 2676 730 sit
2722 674 3073 746 planissime
3117 671 3406 742 designat,
3457 686 3525 724 ac
3555 668 3807 740 proinde

2157 779 2328 833 aequa
2358 781 2478 819 non
2509 770 2600 819 est
2628 764 2926 820 Albertini
2958 763 3112 817 inter
3141 778 3236 816 res
3267 759 3416 815 adeo
3469 759 3802 830 disparatas

2156 855 2541 925 comparatio.

2805 943 3036 998 CAPUT
3075 942 3144 996 X.

2157 1033 2502 1096 Aﬂeruntur
2545 1050 2613 1082 ea:
2677 1034 2894 1096 Cyrillo
2949 1035 3304 1094 argumenta,
3367 1028 3570 1093 quibus
3631 1029 3806 1076 realis

2219 1105 2431 1156 Christi
2463 1107 2524 1155 in
2559 1106 2928 1155 Eucharistia
2947 1104 3255 1166 praesentia
3303 1111 3352 1150 et
3386 1101 3809 1150 transsubstan-

2220 1178 2381 1226 tiatio
2426 1179 2894 1239 comprobantur;
2943 1184 2994 1224 et
3022 1192 3058 1223 a
3086 1175 3310 1224 cavillis
3358 1172 3642 1221 Albertini
3672 1169 3807 1219 libe-

2217 1256 2443 1296 rantur.
2471 1249 2737 1298 Primum
2768 1256 2818 1295 et
2847 1246 3154 1295 secundum
3184 1251 3605 1306 argumentum.

2227 1329 2344 1381 73⁸.
2380 1330 2630 1383 Possent
2658 1327 2730 1382 ad
2776 1326 3171 1382 refellendum
3230 1323 3604 1378 Albertinum
3636 1321 3800 1376 sufﬁ-

2155 1433 2305 1481 cere,
2332 1434 2478 1488 quas
2511 1418 2683 1472 modo
2707 1417 2843 1472 huic
2865 1414 3253 1487 disputationi
3275 1412 3503 1484 prmﬁxi
3526 1411 3806 1465 observa-

2155 1508 2366 1564 tiones.
2403 1507 2514 1563 Sed
2542 1507 2669 1578 ipsa
2700 1505 2991 1561 catholica
3020 1504 3290 1558 doctrina
3312 1503 3439 1574 jam
3492 1517 3560 1555 ex
3599 1499 3804 1571 Cyrilli

2154 1597 2347 1651 verbis
2369 1613 2435 1651 ac
2459 1597 2770 1651 sententiis
2798 1595 3140 1666 diligentius
3162 1591 3426 1648 excussis
3458 1589 3804 1656 asserenda,

2156 1687 2299 1742 etab
2324 1687 2555 1758 impetu
2575 1685 3050 1741 adversariorum
3092 1680 3488 1737 defendenda.
3513 1679 3578 1734 Id
3614 1679 3810 1733 diver-

2154 1776 2235 1831 sis
2267 1776 2629 1848 argumentis
2662 1792 2730 1830 ex
2765 1774 2971 1829 ordine
3005 1771 3320 1844 praestabo.

2649 1881 2855 1919 PRIMUM
2894 1878 3288 1918 ARGUMENTUM.

2220 1955 2486 2009 Sumitur
2543 1953 2614 2008 ab
2671 1953 2762 2007 his
2812 1952 3139 2007 catechesis
3198 1951 3265 2004 23
3316 1948 3530 2012 verbis,
3583 1946 3802 2017 quibus

2147 2049 2280 2115 post
2303 2044 2643 2115 praalectam
2694 2061 2763 2097 ex
2787 2041 3066 2113 Apostolo
3093 2041 3116 2093 Ι
3157 2041 3286 2094 Cor.
3337 2056 3412 2106 χι,
3437 2040 3504 2091 23
3537 2042 3595 2090 et
3624 2053 3790 2107 seqq.

2150 2134 2498 2198 sectionem,
2534 2131 2617 2187 sic
2648 2132 2976 2186 orationem
3011 2129 3376 2202 ingreditur:
3411 2127 3508 2174 Vel
3537 2125 3651 2174 haec
3674 2126 3796 2173 sola

2149 2223 2292 2271 beati
2323 2222 2498 2270 Pauli
2522 2221 2804 2269 institutio
2820 2219 3038 2268 abunde
3065 2217 3357 2281 sufﬁciens
3377 2223 3473 2270 est,
3496 2223 3560 2263 ut
3589 2221 3794 2262 certam

2149 2313 2298 2360 vobis
2331 2313 2395 2361 de
2422 2311 2636 2359 divinis
2693 2310 2981 2374 mysteriis
3037 2309 3202 2372 ﬁdem
3232 2307 3408 2368 faciat
3427 2322 3443 2354 :
3473 2306 3680 2368 quibus
3708 2304 3800 2351 di-

2146 2403 2251 2464 gni
2278 2401 2475 2463 habiti,
2512 2401 2862 2462 concorporei
2913 2408 2965 2448 et
3018 2412 3361 2459 cons-angues
3421 2395 3633 2445 Christi
3658 2393 3800 2454 facti

2148 2490 2301 2537 estis.
2333 2489 2444 2537 Ille
2459 2489 2605 2537 enim
2630 2489 2787 2538 modo
2812 2488 3122 2537 clamabat:
3159 2486 3306 2549 quod
3326 2486 3386 2534 in
3426 2498 3490 2532 ea
3503 2491 3658 2531 nocte
3689 2497 3804 2545 qua

2153 2578 2478 2628 tradebatur
2510 2580 2791 2628 Dominus
2822 2587 3010 2628 noster
3055 2579 3222 2626 Jesus
3259 2576 3535 2632 Christus,
3581 2580 3803 2633 sumpto

2148 2685 2291 2732 pane
2319 2674 2368 2720 et
2394 2672 2603 2734 gratiis
2651 2671 2807 2727 actis,
2863 2669 3036 2733 fregit
3067 2677 3117 2717 et
3165 2668 3314 2716 dedit
3349 2666 3651 2727 discipulis
3680 2664 3803 2712 suis

2150 2760 2375 2810 dicens:
2413 2761 2674 2822 Accipite,
2706 2761 3057 2818 manduca’e,
3107 2757 3204 2806 hoc
3231 2766 3312 2806 est
3360 2771 3560 2817 corpus
3590 2768 3798 2802 meum.

2150 2849 2221 2898 Et
2247 2859 2469 2911 sumpto
2518 2850 2690 2898 calice
2746 2864 2810 2897 ac
2859 2848 3066 2911 gratiis
3114 2848 3274 2905 actis,
3301 2845 3487 2894 dixit:
3535 2842 3804 2903 Accipite,

2153 2936 2336 3001 bibite,
2370 2939 2462 2987 hic
2507 2946 2587 2986 est
2611 2937 2850 3000 sanguis
2885 2952 3060 2985 meus.
3123 2936 3262 2984 Cum
3294 2934 3478 2997 igitur
3533 2933 3651 2994 ipse
3671 2945 3804 2992 pro-

2151 3029 2505 3078 nuntiaverit
2524 3037 2573 3076 et
2603 3027 2815 3075 dixerit
2836 3028 2900 3074 de
2913 3041 3061 3088 pane
3077 3042 3093 3074 :
3123 3027 3229 3074 Hoc
3248 3039 3437 3073 meum
3470 3030 3548 3070 est
3583 3036 3802 3082 corpus,

2150 3119 2280 3182 quis
2308 3117 2533 3166 audebit
2567 3117 2821 3178 deinceps
2857 3115 3138 3178 ambigere
3160 3116 3183 3163 Ρ
3210 3123 3262 3162 et
3293 3129 3417 3163 cum
3443 3114 3560 3174 ipse
3591 3125 3806 3159 asseve-

2078 3203 2120 3270 C
2160 3206 2368 3253 raverit
2401 3213 2452 3252 et
2498 3204 2729 3260 dixerit,
2763 3205 2861 3252 Hic
2923 3203 3022 3266 (vel
3056 3203 3173 3263 hoc)
3226 3217 3382 3250 meus
3437 3209 3514 3248 est
3545 3199 3804 3260 sanguis,

2156 3293 2286 3357 quis
2320 3308 2573 3355 unquam
2618 3293 2976 3347 dubitaverit,
3027 3293 3185 3340 aiens
3215 3306 3326 3338 non
3371 3303 3485 3336 esse
3517 3289 3645 3348 ejus
3674 3302 3809 3335 san-

2157 3381 2430 3444 guinem?
2456 3383 2890 3436 Commentario
2921 3387 3125 3436 nostro
3159 3386 3271 3435 tam
3296 3379 3610 3450 perspicua
3631 3376 3808 3430 verba

2160 3489 2280 3526 non
2312 3471 2609 3543 indigent:
2630 3470 2732 3525 sed
2765 3470 3126 3525 refellendus
3150 3468 3621 3524 adversariorum
3647 3483 3807 3521 com-

2159 3577 2294 3615 men
2306 3560 2506 3616 tarius.
2534 3560 2753 3626 Primo,
2774 3559 2993 3608 abunde
3009 3559 3299 3622 sufﬁciens
3321 3557 3538 3628 Cyrillo
3561 3557 3685 3610 visa
3720 3561 3811 3610 est

2158 3649 2324 3704 Pauli
2355 3648 2425 3704 de
2451 3649 2823 3704 Eucharistia
2871 3647 3172 3714 institutio,
3207 3664 3339 3718 quaa
3372 3647 3432 3700 in
3462 3645 3808 3702 Calviniana

2162 3739 2457 3793 sententia
2475 3739 2669 3809 specie
2693 3737 3005 3792 verborum
3025 3736 3196 3802 fallit,
3222 3753 3289 3790 ac
3302 3736 3598 3807 prmcipuo
3615 3734 3807 3805 capite

2161 3829 2456 3884 deficitur.
2492 3829 2667 3882 Deest
2697 3828 2855 3881 enim
2903 3827 3059 3897 apud
3104 3825 3347 3880 Paulum
3396 3823 3808 3896 interpretatio

2162 3916 2677 3972 necessariaillius
2701 3915 2861 3971 modi
2885 3932 3001 3986 quo
3031 3914 3400 3970 Eucharistia
3428 3913 3645 3968 dicitur
3675 3929 3806 3967 cor-

2161 4023 2272 4077 pus
2303 4012 2361 4060 et
2391 4006 2631 4077 sanguis
2652 4004 2890 4072 Christi,
2922 4012 3270 4052 sacramento
3317 4003 3599 4051 nimirum
3647 4016 3712 4049 ac
3738 4003 3807 4064 ﬁ-

2163 4109 2333 4156 gura,
2351 4101 2400 4141 et
2433 4094 2640 4142 virtute
2659 4101 2825 4156 atque
2844 4093 3114 4154 efﬁcacia.
3144 4093 3486 4148 Necessaria
3513 4091 3691 4162 plane
3713 4090 3808 4144 in-

2165 4183 2530 4255 terpretatio,
2562 4200 2636 4238 ne
2668 4184 2859 4255 primo
2892 4199 2958 4238 ac
2991 4182 3247 4254 simplici
3271 4181 3582 4236 verborum
3606 4195 3808 4247 sensu,

2165 4279 2223 4328 et
2251 4273 2665 4346 congeminata
2694 4272 3107 4342 inculcataque
3139 4273 3201 4326 in
3234 4269 3620 4341 consequenti
3645 4267 3813 4323 Pauli

2165 4367 2443 4417 contextu
2473 4361 2740 4433 corporis
2768 4365 2823 4416 et
2855 4360 3162 4432 sanguinis
3183 4359 3399 4414 Christi
3422 4359 3726 4413 mentione
3749 4357 3812 4412 in

2166 4467 2427 4506 errorem
2485 4450 2890 4516 adducamur;
2935 4449 3293 4515 necessaria,
3348 4449 3617 4518 inquam,
3675 4462 3813 4502 cum

2165 4541 2345 4612 hujus
2373 4539 2881 4611 interpretationis
2913 4538 3166 4606 defectu,
3194 4539 3255 4592 in
3277 4537 3455 4592 realis
3476 4537 3811 4608 praesentiae

2167 4647 2234 4686 ac
2252 4628 2934 4684 transsubstantiationis
2949 4628 3306 4683 sententiam
3325 4625 3642 4681 Christiani
3659 4641 3811 4696 pene

2168 4735 2375 4774 omnes
2399 4719 2473 4772 iis
2486 4718 2652 4773 Pauli
2673 4717 2867 4773 verbis
2890 4717 3128 4773 adducti
3153 4716 3292 4772 sint.
3319 4720 3389 4770 At
3405 4732 3536 4770 eam
3555 4715 3685 4786 Cyri
3696 4714 3811 4769 llus

2167 4807 2719 4878 interpretationem
2754 4807 3154 4862 necessariam
3203 4821 3323 4860 non
3363 4804 3676 4876 judicavit,
3710 4803 3812 4874 qui

2167 4896 2526 4951 contrariam
2545 4895 2721 4967 plane
2739 4901 2860 4950 toto
2881 4895 3094 4951 virium
3122 4899 3337 4950 conatu
3360 4899 3527 4966 urget
3551 4899 3609 4948 et
3627 4893 3817 4947 incul-

2167 4990 2279 5040 cat.
2314 4984 2582 5039 Secundo
2614 5001 2872 5056 namque
2902 4985 3004 5050 ait,
3034 4983 3249 5032 divinis
3277 4983 3568 5046 mysteriis
3605 4982 3814 5043 digna-

2168 5082 2266 5130 tos,
2299 5088 2682 5135 concorporeos
2738 5082 2788 5122 et
2845 5087 3189 5135 consangues
3249 5071 3461 5120 Christi
3489 5073 3664 5131 factos
3716 5084 3817 5118 nos

2167 5177 2299 5210 esse.
2332 5161 2498 5227 Quod
2530 5163 2743 5218 iterum
2777 5162 2994 5234 repetit
3021 5179 3084 5215 n.
3114 5163 3179 5215 3:
3209 5160 3282 5208 In
3315 5161 3508 5222 ﬁgura
3518 5159 3691 5220 panis
3725 5157 3820 5205 da-

2168 5260 2266 5300 tur
2291 5251 2393 5300 tibi
2427 5267 2628 5313 corpus
2656 5260 2705 5301 et
2734 5252 2797 5300 in
2826 5253 3020 5315 ﬁgura
3054 5249 3176 5298 vini
3225 5249 3396 5298 datur
3429 5248 3534 5298 tibi
3562 5248 3816 5310 sanguis,

2166 5343 2228 5388 ul
2249 5355 2376 5389 cum
2413 5342 2724 5402 sumpseris
2755 5355 2955 5400 corpus
2982 5348 3034 5387 et
3062 5338 3403 5400 sanguinem
3433 5337 3666 5395 Christi,
3689 5351 3820 5386 con-

2167 5445 2460 5491 corporeus
2489 5438 2540 5478 et
2561 5429 2902 5491 consanguis
2921 5428 3034 5488 ipsi
3051 5427 3342 5490 efﬁciaris.
3369 5427 3607 5481 Duobus
3625 5426 3817 5481 modis

2168 5537 2238 5575 ex
2267 5521 2509 5575 Patrum
2551 5519 2822 5574 doctrina
2877 5534 3064 5573 unum
3124 5533 3336 5588 corpus
3389 5533 3524 5571 cum
3583 5516 3814 5571 Christo

2170 5609 2463 5666 efﬁcimur
2485 5626 2589 5681 pro
2613 5611 2842 5665 ratione
2865 5607 3120 5680 duplicis
3142 5607 3406 5678 corporis
3432 5607 3669 5662 Christi.
3705 5609 3816 5662 Per

2175 5701 2541 5774 baptismum
2572 5701 2754 5772 enim,
2785 5701 2966 5759 etiam
2996 5715 3032 5755 a
3079 5713 3247 5754 sacra
3271 5699 3691 5754 communione
3711 5713 3814 5753 se-
