4108 6270
292 397 420 454 253
1691 385 2215 451 DISSEBTATIO
2261 390 2362 450 lll.
3598 389 3718 448 254

299 534 598 600 paratum,
632 528 914 584 Ecclesia;
954 544 1086 598 qum
1135 528 1451 600 mysticum
1481 526 1695 582 Christi
1744 535 1958 592 corpus
1990 521 2044 587 Α
2071 521 2236 591 gistri
2268 522 2557 577 institutis
2587 521 2884 577 ascribere
2931 520 3151 576 insueti
3199 526 3388 578 erant.
3428 522 3727 578 Docuerat

303 625 397 672 est
426 619 852 690 conjungimur
877 622 935 671 et
966 617 1226 690 [CCXIII]
1261 618 1741 687 incorporamur:
1786 613 1967 684 idque
2073 609 2234 663 enim
2261 627 2361 664 eos
2391 627 2604 680 aquam
2638 609 3051 681 baptismalem
3084 626 3189 680 per
3221 610 3522 665 Trinitatis
3553 610 3718 665 invo-

301 707 614 762 Albertino
648 706 1031 762 concedimus
1062 705 1444 777 perlibenter.
1479 708 1552 758 At
1580 721 1686 775 per
1733 705 1956 773 Eucha-

301 796 532 851 ristiam
565 813 752 851 unum
793 812 930 851 cum
979 811 1112 850 vero
1162 812 1229 850 ac
1275 793 1533 849 naturali
1579 793 1793 848 Christi
1826 810 1958 848 cor-

299 902 463 957 pore,
497 902 716 956 corpus
766 885 1064 940 efﬁcimur
1108 884 1323 939 Christi
1365 883 1628 954 corporis
1672 899 1740 937 ac
1769 883 1956 937 nostri

305 981 597 1040 contactu,
629 981 689 1030 et
744 975 1055 1045 utriusque
1105 974 1519 1030 commistione
1576 978 1754 1044 atque
1811 989 1956 1028 con-

299 1064 614 1135 junctione
663 1081 990 1136 corporea:
1041 1067 1199 1136 quod
1231 1083 1337 1138 per
1385 1066 1632 1138 ﬁguram
1664 1069 1722 1118 et
1751 1063 1952 1118 efﬁca-

311 1154 460 1207 ciam
489 1170 522 1208 a
545 1170 682 1208 vero
715 1155 932 1210 Christi
957 1172 1204 1227 corpore
1221 1161 1553 1228 separatam
1577 1155 1703 1210 ﬁeri
1727 1154 1952 1224 nequit.

315 1243 473 1306 Quod
503 1242 570 1297 de
631 1245 1057 1315 conjunctione
1114 1246 1380 1317 corporis
1439 1244 1626 1300 nostri
1654 1260 1788 1298 cum
1818 1259 1952 1297 vero

305 1332 513 1385 Christi
538 1349 789 1404 corpore
822 1334 1099 1404 loquatur
1127 1336 1410 1406 Cyrillus;
1443 1337 1702 1406 primum
1739 1333 1954 1404 adjun-

300 1427 390 1475 cta
411 1424 640 1493 omnia,
671 1427 1086 1480 antecedentia
1107 1426 1389 1480 nimirum
1420 1431 1479 1480 et
1507 1422 1954 1494 consequentia,

301 1509 418 1557 dati
447 1519 500 1558 et
530 1513 752 1572 sumpti
781 1528 846 1562 ac
873 1514 1162 1563 distributi
1185 1514 1247 1562 in
1277 1515 1525 1563 membra
1551 1520 1748 1560 nostra
1767 1525 1956 1571 corpo-

300 1601 380 1646 νίε
410 1601 541 1660 (ius
553 1610 606 1649 σε
634 1604 943 1664 δαηθαίηίε
955 1606 1199 1671 mentio,
1221 1605 1373 1660 nihil
1394 1604 1556 1660 aliud
1577 1603 1833 1675 cogitare
1847 1618 1955 1656 nos

301 1692 527 1747 sinunt.
563 1693 791 1748 Deinde
821 1695 895 1750 de
924 1697 1162 1767 proprio
1193 1695 1577 1751 Eucharistiaa
1599 1691 1954 1764 etsuperad-

299 1780 419 1836 dito
447 1783 526 1838 ad
548 1784 916 1856 baptismum
947 1787 1158 1842 effectu
1180 1788 1336 1858 agit;
1369 1785 1696 1858 spiritalem
1726 1798 1860 1836 vero
1894 1781 1955 1834 in

293 1870 513 1925 Christi
550 1889 768 1944 corpus
800 1875 1112 1945 mysticum
1161 1875 1701 1946 incorporationem
1735 1875 1864 1946 jam
1896 1872 1957 1925 in

2072 696 2366 752 cationem
2424 701 2533 752 vim
2588 697 2896 752 sanctitatis
2946 695 3274 766 acquirere,
3308 702 3420 751 cat.
3481 700 3536 763 3,
3567 699 3714 764 n.3,

2071 781 2265 838 oleum
2302 784 2712 851 exorcizatum,
2764 784 2882 837 vim
2927 789 3303 854 peccatorum
3344 784 3587 856 vestigia
3616 784 3720 839 de-

2070 871 2361 940 purgandi
2412 868 2470 925 et
2516 871 2817 926 daemones
2865 871 3160 943 abigendi,
3202 875 3314 926 cat.
3347 874 3435 940 20,
3486 873 3627 936 n.3,
3662 876 3720 926 et

2073 964 2342 1012 sanctum
2375 959 2656 1025 chrisma,
2697 960 2808 1013 vim
2863 959 3054 1013 sancti
3103 959 3376 1029 Spiritus,
3430 957 3491 1012 in
3523 974 3590 1012 eo
3614 975 3720 1028 per

2067 1063 2176 1101 suae
2225 1048 2538 1104 divinitatis
2579 1050 2932 1119 praesentiam
2989 1048 3350 1114 exsistentis,
3413 1048 3714 1116 efﬁczendi.

2069 1136 2202 1190 Haac
2254 1137 2456 1192 omnia
2512 1138 2864 1209 simpliciter
2913 1137 3194 1192 docuerat
3242 1135 3494 1208 Cyrillus
3552 1136 3718 1190 nulla

2067 1224 2484 1281 afﬁrmationis
2513 1227 2587 1291 vi,
2622 1228 2748 1281 sine
2781 1227 2904 1281 ulla
2951 1226 3338 1281 dubitationis
3383 1225 3710 1297 abigendm,

2066 1314 2220 1368 reive
2243 1315 2609 1370 incredibilis
2633 1315 2882 1388 [CCXIVj
2903 1316 3268 1388 argumentis
3289 1314 3713 1370 conﬁrmandae

2067 1419 2226 1458 cura.
2249 1405 2379 1459 ch
2401 1405 2796 1474 auditores,ut
2822 1406 2972 1460 nihil
3004 1407 3119 1461 nisi
3169 1408 3286 1461 Deo
3320 1405 3491 1460 facile
3525 1404 3717 1459 conti-

2067 1493 2293 1560 nentia,
2327 1495 2455 1549 sine
2489 1496 2762 1551 molestia
2789 1496 2916 1551 ulla
2940 1496 3336 1552 crediderant.
3368 1498 3442 1549 At
3472 1494 3567 1549 hic
3601 1495 3714 1564 Cy—

2066 1581 2260 1650 rillus,
2294 1589 2359 1638 ut
2387 1601 2511 1638 rem
2544 1601 2650 1656 per
2697 1603 2758 1640 se
2807 1586 3220 1640 incredibilem
3266 1590 3324 1639 et
3354 1582 3711 1638 dubitationi

2067 1670 2382 1729 obnoxiam
2427 1675 2804 1745 persuadeat,
2864 1693 3072 1730 nervos
3122 1691 3330 1730 omnes
3383 1672 3708 1728 contendit.

2067 1761 2306 1832 Quarto,
2341 1763 2638 1834 quodnam
2671 1764 3057 1819 dubitationis
3087 1763 3253 1836 genis
3301 1763 3361 1816 in
3393 1761 3609 1816 animis
3642 1777 3712 1814 ex

2069 1853 2444 1909 eucharistici
2468 1856 2758 1928 dogmatis
2789 1855 3192 1928 propositione
3221 1854 3384 1909 nasci
3417 1852 3714 1925 signiﬁcat

290 1919 1864 2034 ιζεῖέιὶῖέὲηἷ’έᾶξοὶίῐᾙξ’ἑέξᾶιεὶιέἰᾷὶῖἆίιῖᾎΞῖῗὲόξὲιῗ
1893 1919 1957 2028 ἶ
1985 1919 2035 1985 Β
2065 1944 2448 2016 Cyrillus‘mn
2470 1919 2619 2002 inid
2650 1919 2835 2002 unufn
2858 1919 3013 2018 qhod
3037 1947 3378 2002 Albertinus
3399 1919 3617 2000 fatetur
3646 1945 3708 1998 in

291 2068 396 2122 per
427 2070 569 2108 eum
612 2055 845 2110 Christo
893 2075 1042 2113 verna
1075 2057 1173 2110 viti
1231 2074 1341 2112 nos
1374 2057 1605 2126 insitos,
1657 2060 1716 2109 et
1745 2060 1854 2110 cat.
1891 2057 1942 2122 3,

290 2158 347 2196 n.
380 2147 434 2202 2.
492 2144 797 2200 Christum
828 2145 1116 2215 induisse,
1177 2152 1233 2201 et
1261 2148 1452 2201 similis
1474 2162 1594 2201 cum
1651 2146 1794 2198 Filio
1825 2145 1946 2212 Dei,

289 2234 481 2301 [arma
513 2231 875 2308 συμμόρφους
916 2240 1102 2290 iactos
1149 2237 1266 2302 ait;
1300 2235 1419 2290 imo
1471 2241 1530 2289 et
1575 2242 1710 2289 ante
1752 2233 1944 2304 bapti-

293 2340 487 2378 smum
505 2324 739 2394 perolei
758 2327 909 2381 sacri
927 2327 1514 2394 unctionem,Christi
1538 2327 1784 2382 sincerae
1799 2325 1945 2380 olere

291 2414 544 2484 ejusque
576 2415 1010 2486 pinguitudinis
1040 2418 1355 2488 participes
1395 2417 1654 2485 effectos,
1693 2419 1756 2472 in
1787 2433 1944 2472 eam-

295 2517 407 2569 que
439 2501 636 2556 oleam
671 2503 948 2566 insertos,
969 2510 1027 2558 et
1048 2522 1154 2576 per
1183 2508 1332 2561 sacri
1361 2507 1696 2564 chrismatis
1711 2509 1942 2562 unctio-

299 2605 460 2656 nem,
488 2591 702 2645 Christi
737 2598 795 2646 et
823 2595 1122 2649 unctionis
1145 2596 1273 2666 ejus
1305 2614 1374 2652 ex
1404 2615 1521 2668 qua
1544 2616 1762 2654 nomen
1785 2601 1944 2654 inve-

299 2680 408 2742 nit,
441 2683 757 2755 participes
816 2690 874 2739 et
913 2686 1210 2741 confortes
1270 2687 1453 2742 factos
1484 2689 1675 2754 docet,
1709 2696 1820 2745 cat.
1855 2693 1942 2756 20,

300 2786 357 2823 n.
391 2773 442 2823 3.
478 2773 626 2836 Quid
658 2773 816 2844 quod
845 2775 1121 2831 Ecclesiae
1155 2794 1286 2847 qum
1320 2794 1538 2848 sponsa
1583 2779 1798 2836 Christi
1832 2786 1940 2849 est,

298 2865 404 2913 cat.
441 2861 528 2926 18,
575 2879 633 2916 n.
669 2866 756 2928 26,
817 2865 1117 2921 auditores
1175 2885 1314 2922 suos
1345 2870 1543 2924 statim
1599 2871 1812 2928 adatis
1869 2873 1942 2928 ad

303 2947 658 3020 baptismum
717 2954 1059 3009 nominibus
1120 2957 1273 3012 ﬁlios
1329 2957 1514 3015 factos
1572 2962 1672 3031 ait,
1715 2969 1940 3033 procat.

301 3051 352 3088 ιι.
389 3041 471 3092 13.
508 3038 659 3104 Quid
719 3046 853 3110 post
883 3047 1002 3097 tam
1062 3044 1278 3100 multas
1328 3047 1540 3102 Christi
1601 3050 1844 3120 spiritus
1875 3068 1942 3106 ac

299 3127 525 3196 mystici
560 3129 827 3199 corporis
858 3131 1343 3202 participationes
1370 3137 1756 3192 Eucharistiaa
1783 3155 1940 3209 prm-

297 3215 574 3269 standum
598 3222 859 3286 superat,
891 3218 1005 3272 nisi
1037 3225 1102 3274 ut
1130 3237 1266 3275 vero
1291 3223 1504 3278 Christi
1536 3226 1800 3297 corporis
1831 3243 1940 3280 nos

295 3305 686 3376 conjungeret
703 3304 732 3358 ‘I

364 3395 455 3449 74.
489 3395 708 3460 Tertio,
759 3395 844 3450 vis
894 3397 999 3452 illa
1048 3403 1107 3452 et
1153 3403 1488 3458 constantia
1534 3404 1949 3461 afﬁrmationis

297 3497 412 3551 qua
444 3481 701 3552 Cyrillus
733 3487 948 3554 praeter
999 3503 1228 3543 morem
1260 3490 1462 3557 utitur,
1517 3492 1949 3564 congeminatis

296 3568 512 3636 verbis,
536 3587 670 3654 cum,
693 3570 818 3640 ipse
859 3577 1304 3641 pronuntiaverit
1338 3589 1398 3631 et
1417 3577 1633 3632 dixerit
1664 3576 1947 3654 ἀποφηναο

298 3655 465 3726 μένου
495 3653 584 3708 καὶ
619 3653 890 3723 εἴποντος,
951 3660 1017 3714 de
1071 3677 1215 3730 pane
1245 3662 1342 3717 hoc
1399 3669 1496 3731 est,
1557 3669 1692 3732 etc.,
1743 3653 1947 3721 etcum

291 3745 407 3812 ipse
451 3747 838 3798 asseveraverit
875 3752 926 3800 et
959 3746 1165 3802 dixerit
1199 3741 1644 3821 βεϐἁιωσαμὲνου
1675 3750 1762 3804 καὶ
1795 3751 1948 3825 εἰρη-

291 3831 477 3894 κότος,
515 3853 535 3880 ι
576 3832 672 3886 Hic
731 3839 808 3887 est
863 3837 1086 3903 sanguis
1141 3851 1289 3890 meus
1317 3835 1401 3891 ³²ε
1434 3857 1461 3884 ››
1525 3843 1583 3891 et
1612 3838 1715 3893 illa
1752 3839 1946 3911 repel-

293 3919 486 3975 lendae
509 3919 898 3974 dubitationis
919 3938 1061 3976 cura
1081 3938 1147 3976 ac
1170 3923 1532 3991 sollicitudo,
1557 3928 1680 3996 quis
1703 3928 1945 3998 audebit,

289 4011 544 4078 deinceps
594 4009 872 4078 ambigere
893 4010 920 4063 ἱ)
961 4014 1083 4080 quis
1111 4029 1355 4082 unquam
1385 4014 1766 4073 dubitaverit?
1797 4019 1946 4086 haec,

292 4106 564 4174 inquam,
587 4104 926 4176 signiﬁcant
947 4104 1017 4160 de
1040 4123 1100 4161 re
1121 4124 1224 4177 per
1245 4125 1306 4163 se
1330 4109 1945 4183 incredibili,quaeque

294 4193 456 4250 nuda
487 4194 577 4248 sui
598 4197 963 4268 expositione
985 4198 1416 4256 dubitationem
1436 4203 1496 4256 in
1519 4204 1785 4258 animum
1816 4202 1946 4274 inji-

290 4286 424 4350 ciat,
461 4283 573 4350 agi.
617 4286 756 4348 Qua;
813 4290 879 4338 ut
925 4285 1206 4356 praeclare
1261 4288 1566 4344 catholicae
1635 4288 1945 4344 sententias

289 4376 670 4442 conveniunt,
690 4376 771 4430 ita
791 4375 1023 4432 nullum
1045 4377 1338 4433 habentin
1365 4379 1707 4435 Calviniana
1726 4379 1946 4434 locum.

290 4466 440 4530 Quid
474 4465 638 4520 enim
667 4465 799 4520 miri
833 4471 891 4521 et
919 4467 1308 4535 incredibilis,
1342 4468 1389 4522 si
1425 4468 1576 4523 Deus
1627 4470 1764 4540 pani
1799 4469 1944 4540 ﬁgu-

289 4573 416 4612 ram
445 4557 715 4628 corporis
729 4557 817 4612 sui
846 4562 904 4611 et
925 4557 1294 4629 spiritualem
1318 4559 1637 4629 quamdam
1671 4559 1943 4614 efﬁcien-

2057 2034 2397 2090 Calviniana
2427 2036 2694 2092 doctriua
2743 2037 3040 2102 suboriri;
3087 2054 3231 2092 num
3288 2038 3458 2108 panis
3491 2035 3705 2091 eucha-

2057 2124 2292 2180 risticus
2321 2129 2392 2180 sit
2415 2127 2649 2198 simplea:
2697 2135 2748 2182 et
2780 2130 3079 2182 communis
3121 2127 3309 2197 panis,
3359 2144 3430 2181 an
3474 2128 3706 2194 mystice

2054 2228 2272 2282 quoque
2295 2222 2346 2269 et
2375 2218 2690 2271 virtualiter
2726 2219 2796 2272 sit
2829 2219 3046 2272 Domini
3085 2233 3322 2286 corpus:
3357 2215 3467 2269 hoc
3499 2221 3587 2269 est
3613 2231 3704 2268 eo-

2055 2301 2190 2356 dem
2235 2303 2577 2375 interprete,
2627 2323 2699 2360 an
2724 2307 2889 2375 panis
2936 2312 2986 2359 et
3023 2305 3282 2374 poculum
3324 2303 3436 2358 sint
3461 2305 3619 2371 signa
3651 2313 3702 2355 et

2053 2397 2393 2444 sacramenta
2445 2393 2713 2446 virtualia
2743 2394 2990 2462 corporis
3040 2399 3090 2445 et
3130 2389 3415 2460 sanguinis
3472 2389 3699 2458 Christi,

2055 2481 2212 2551 quod
2244 2499 2424 2536 unum
2460 2500 2494 2538 a
2514 2484 2730 2554 Cyrillo
2761 2484 2957 2538 doceri
2981 2484 3260 2539 afﬁrmat.
3290 2482 3421 2537 Alia
3451 2497 3702 2554 pronsus

2055 2570 2344 2626 dubitatio
2376 2572 2437 2626 in
2469 2573 2759 2628 catholico
2803 2573 3075 2645 dogmate
3129 2561 3465 2638 suboritur;
3503 2587 3571 2626 ea
3611 2575 3700 2626 est

2057 2659 2328 2728 dicentis,
2375 2663 2794 2718 eucharistiam
2845 2681 2954 2718 non
3000 2681 3108 2719 esse
3140 2665 3342 2720 Christi
3397 2681 3612 2735 corpus
3644 2666 3702 2718 et

2053 2753 2395 2818 sanguinem.
2429 2753 2509 2807 Ea
2538 2758 2628 2807 est
2657 2753 2901 2824 praecise
2947 2769 3125 2823 quam
3178 2751 3374 2824 rejicit
3403 2751 3657 2824 Cyrillus
3683 2767 3698 2806 :

2054 2839 2417 2894 contrarium
2449 2857 2605 2913 ergo,
2658 2841 2816 2912 quod
2865 2847 2954 2896 est
2980 2841 3438 2908 Catholicorum,
3491 2839 3704 2911 dogma

2053 2926 2408 2982 afﬁrmabat.
2442 2929 2680 2993 Quinto,
2713 2929 2814 2984 sed
2847 2931 3143 2998 quomodo
3177 2929 3608 2983 dubitationem
3632 2927 3702 2980 il-

2055 3016 2172 3071 lam
2204 3018 2489 3088 repellit?
2513 3018 2664 3072 nihil
2686 3019 2746 3072 in
2777 3018 3121 3072 Calviniana
3152 3018 3448 3073 sententia
3466 3017 3698 3071 facilius

2054 3123 2122 3161 ac
2153 3109 2504 3178 promptius.
2538 3107 2767 3162 Adhibe
2791 3106 2980 3161 solam
3016 3109 3214 3179 ﬁguraa
3235 3111 3292 3161 et
3313 3105 3590 3160 efﬁcacia:
3615 3105 3702 3158 in-

2053 3199 2563 3268 terpretationem,
2619 3199 2814 3254 omnis
2874 3197 3183 3264 dubitatio,
3245 3198 3293 3252 si
3327 3214 3443 3268 qua
3491 3197 3550 3250 in
3592 3197 3703 3251 hoc

1973 3285 2019 3354 C
2058 3293 2376 3358 systemate
2433 3291 2664 3361 concipi
2713 3296 2927 3362 potest,
2981 3290 3156 3361 plane
3214 3283 3599 3359 conquiescit.
3635 3288 3709 3341 At

2059 3379 2329 3448 Cyrillus,
2361 3381 2582 3436 omisso
2637 3383 2833 3437 omnis
2879 3381 3148 3453 benignae
3198 3379 3706 3451 interpretationis

2059 3470 2406 3538 lenimento,
2431 3473 2493 3527 in
2517 3489 2584 3528 eo
2609 3479 2765 3529 totus
2789 3478 2896 3540 est,
2929 3479 2996 3528 ut
3025 3473 3084 3527 id
3118 3471 3189 3526 de
3220 3488 3336 3543 quo
3377 3471 3704 3537 dubitatur,

2059 3559 2334 3631 quodque
2376 3561 2703 3617 dubitando
2747 3568 3107 3636 pernegatur
3158 3563 3472 3616 conﬁrmet
3518 3577 3553 3615 a
3601 3559 3704 3614 Dei

2057 3648 2266 3718 ipsius,
2300 3650 2394 3703 cui
2425 3667 2600 3705 nemo
2632 3651 2810 3706 ﬁdem
2843 3651 3125 3724 derogare
3164 3651 3378 3706 debeat
3407 3665 3709 3704 assevera-

2059 3738 2218 3792 tione
2241 3741 2536 3794 constanti
2559 3746 2670 3796 cat.
2697 3745 2785 3809 22,
2817 3759 2877 3796 n.
2902 3746 2920 3796 1
2963 3745 3088 3809 et6,
3109 3741 3181 3796 ab
3223 3742 3350 3811 ejus
3380 3741 3441 3794 in
3474 3739 3704 3795 naturis

2057 3827 2359 3883 mutandis
2373 3830 2825 3902 omnipotentia,
2850 3837 2910 3886 et
2930 3831 3224 3887 similibus
3247 3828 3555 3898 exemplis,
3575 3831 3703 3894 n.2,

2012 3935 2015 3938 ·
2057 3917 2130 3972 ab
2158 3919 2286 3989 ejus
2308 3919 2671 3993 benignitate
2703 3927 2761 3976 et
2808 3921 3163 3977 liberalitate
3196 3919 3256 3973 in
3302 3935 3460 3984 suos,
3496 3916 3638 3971 ibid.
3673 3933 3707 3970 a

2057 4012 2415 4068 testimoniis
2470 4014 2806 4085 Scriptura,
2841 4016 2987 4082 n.3,
3047 4015 3101 4082 4,
3160 4016 3213 4078 7,
3245 4028 3280 4066 a
3338 4010 3475 4064 Novi
3507 4011 3703 4064 Testa-

2055 4104 2241 4157 menti
2276 4121 2454 4176 supra
2490 4107 2663 4159 Vetus
2695 4105 3066 4167 excellentia,
3097 4119 3262 4158 num.
3297 4105 3348 4167 5,
3383 4117 3417 4156 a
3451 4101 3702 4171 Spiritus

2057 4195 2243 4248 sancti
2269 4195 2599 4250 mirabilem
2617 4195 2780 4250 illam
2809 4196 3256 4251 conversionem
3279 4193 3581 4265 operantis
3603 4209 3704 4262 po-

2056 4289 2266 4339 testate
2295 4303 2541 4354 summa,
2580 4293 2691 4343 cat.
2723 4289 2813 4355 23,
2856 4304 3021 4342 num.
3065 4291 3116 4341 '7.
3165 4285 3387 4342 Deinde
3419 4286 3480 4339 in
3509 4285 3700 4354 ipsam

2056 4374 2444 4433 dubitationis
2464 4379 2750 4451 originem
2771 4379 3100 4450 inquirens,
3117 4378 3399 4433 nimirum
3418 4389 3702 4431 sensuum

2053 4469 2507 4539 repugnantiam
2538 4486 2774 4525 omnem
2817 4470 2937 4524 illis
2986 4469 3393 4524 auctoritatem
3449 4481 3584 4520 cum
3614 4464 3706 4518 lo-

2057 4557 2259 4628 quitur
2289 4559 2436 4614 ﬁdes
2463 4559 2724 4616 adimere
2755 4561 2986 4633 satagit,
3019 4565 3128 4615 cat.
3165 4562 3251 4625 22,
3299 4574 3463 4612 num.
3499 4560 3529 4610 6
3561 4561 3620 4610 et
3647 4557 3701 4618 9,

294 4647 435 4703 tiam
465 4647 790 4704 attribuere
810 4647 1110 4703 voluerit?
1141 4665 1259 4703 non
1283 4648 1493 4703 fuisset
1514 4649 1572 4703 id
1603 4649 1803 4721 Cyrilli
1833 4665 1937 4704 au-
1969 4648 2019 4713 D
2049 4651 2108 4700 et
2135 4651 2247 4702 cat.
2279 4648 2371 4713 23,
2405 4666 2464 4704 n.
2495 4649 2585 4704 20.
2638 4649 2871 4705 Inutilis
2903 4650 2964 4704 in
3007 4648 3348 4704 Calviniana
3385 4644 3701 4719 hypothesi

293 4737 584 4794 diloribus
627 4754 840 4794 novum
865 4742 923 4792 et
959 4739 1225 4794 insolens
1250 4738 1378 4810 ;qui
1397 4739 1710 4795 audierant
1739 4739 1798 4793 in
1831 4741 1935 4794 Ve-

286 4833 398 4889 teri
425 4835 800 4888 Testamento
851 4831 1200 4888 attributum
1229 4832 1447 4888 Christi
1504 4833 1734 4904 corpori
1766 4834 1937 4905 panis

290 4937 532 4986 nomen,
593 4920 687 4976 his
718 4921 911 4976 verbis
967 4921 1121 4992 apud
1168 4923 1480 4978 Jeremiam
1537 4922 1648 4978 sibi
1689 4923 1750 4976 in
1779 4921 1940 4978 hunc

293 5026 536 5064 sensum
568 5025 602 5064 a
633 5009 850 5081 Cyrillo
882 5011 1190 5082 explicatis
1220 5016 1332 5068 cat.
1372 5012 1458 5080 l3,
1491 5029 1657 5068 num.
1694 5015 1780 5080 19,
1835 5014 1942 5067 Ve-

294 5102 429 5164 nite,
456 5099 773 5168 injiciamus
795 5099 1003 5167 lignum
1026 5117 1082 5156 in
1096 5117 1294 5171 panem
1317 5101 1434 5170 ejus
1453 5101 1531 5157 8’z
1566 5101 1666 5172 qui
1715 5102 1941 5156 centies

295 5194 407 5243 cat.
445 5190 531 5253 13,
567 5204 623 5242 n.
659 5191 758 5254 l9;
793 5194 902 5243 cat.
940 5191 1024 5253 14,
1077 5206 1135 5243 n.
1174 5193 1274 5257 H;
1309 5195 1420 5245 cat.
1473 5190 1558 5255 l7,
1594 5207 1651 5246 n.
1689 5191 1792 5257 19;
1825 5195 1940 5246 cat.

295 5279 385 5343 20,
419 5293 478 5330 n.
514 5281 566 5343 ‘7,
599 5275 910 5331 audierant
940 5277 1010 5332 ab
1044 5278 1273 5346 eodem,
1307 5279 1602 5334 Christum
1653 5295 1714 5334 se
1745 5295 1941 5333 veram

292 5367 469 5421 vitem
503 5365 760 5434 dixisse;
805 5367 961 5423 unde
1016 5385 1389 5439 consequens
1437 5375 1564 5426 erat
1592 5369 1942 5444 sanguinem

294 5457 423 5528 ejus
453 5457 588 5509 vino
623 5455 936 5527 ﬁguratum
965 5474 977 5512 :
1009 5458 1107 5529 qui
1143 5457 1397 5529 denique
1433 5464 1941 5514 sacramentorum

294 5547 615 5603 elementis
646 5547 1020 5604 assistentem
1055 5547 1424 5620 spiritualem
1454 5549 1702 5623 gratiam
1724 5567 1795 5604 ex
1825 5567 1944 5607 ma-

364 5713 413 5752 ⁸³
443 5713 651 5771 Matth.
680 5729 830 5788 un,
861 5717 950 5773 26.
1025 5713 1072 5751 ⁸³
1094 5716 1210 5773 Jer.
1240 5733 1320 5794 xx,
1354 5719 1441 5777 19.

2045 4735 2118 4792 ad
2149 4737 2517 4808 probandam
2548 4755 2674 4794 rem
2704 4756 2810 4811 per
2830 4756 2892 4795 se
2922 4739 3158 4794 facilem
3193 4743 3358 4794 tanta
3383 4751 3700 4810 argumen-

2047 4827 2242 4878 torum
2275 4827 2487 4881 moles.
3692 4894 3705 4906 ,

2119 4915 2206 4967 75.
2242 4914 2396 4968 Nihil
2425 4930 2575 4986 pene
2607 4914 2682 4970 ad
2703 4915 2830 4969 haec
2859 4914 3061 4970 omnia
3083 4914 3422 4969 Albertinus
3447 4911 3707 4970 :Christl

2049 5001 2507 5060 afﬁrmationem
2541 5004 2697 5075 quod
2729 5021 2897 5060 sacra
2927 5005 3208 5077 mysteria
3233 5020 3446 5076 corpus
3474 5008 3532 5058 et
3560 5018 3701 5058 san-

2049 5095 2179 5164 guis
2205 5094 2421 5149 Christi
2455 5095 2591 5161 sint,
2628 5095 3079 5163 intelligendam
3127 5097 3210 5152 ait
3255 5095 3326 5150 de
3357 5099 3698 5150 sacramento

2050 5190 2101 5236 et
2131 5184 2353 5237 virtute.
2386 5183 2450 5238 Id
2477 5189 2676 5254 patere
2729 5190 2856 5239 tum
2886 5201 2960 5240 ex
2993 5185 3320 5256 Augustino
3347 5183 3448 5253 qui
3497 5186 3702 5236 contra

2053 5271 2438 5327 Adimantum
2469 5289 2596 5343 cap.
2662 5275 2746 5341 12,
2781 5291 2840 5328 n.
2875 5276 2928 5342 3,
2989 5275 3230 5330 scribit:
3267 5275 3386 5328 Non
3424 5271 3699 5327 dubitavit

2053 5361 2314 5416 Dominus
2343 5361 2542 5426 dicere,
2599 5381 2626 5414 α
2660 5364 2767 5418 Hoc
2817 5370 2892 5418 est
2924 5380 3118 5434 corpus
3159 5380 3355 5427 meum,
3393 5385 3420 5411 ››
3471 5377 3592 5415 cum
3620 5360 3696 5412 si-

2049 5467 2218 5520 gnum
2247 5451 2405 5506 daret
2432 5455 2676 5521 corporis
2703 5455 2825 5507 sui:
2873 5459 2994 5508 tum
3027 5470 3096 5507 ex
3143 5451 3362 5523 Cyrillo
3411 5452 3558 5522 ipso,
3593 5451 3696 5520 qui

2049 5557 2184 5596 cum
2216 5539 2376 5596 dicat
2399 5541 2714 5598 Dominum
2737 5545 3129 5614 pronuntiasse
3150 5542 3217 5597 de
3239 5557 3406 5612 pane,
3431 5562 3451 5589 ι
3490 5543 3602 5594 Hoc
3619 5542 3695 5594 est
