4108 6270
409 337 526 397 255

1585 339 1686 398 DE
1728 338 2134 404 DOCTRINA
2173 335 2237 398 S.
2283 338 2616 402 CYRILLI.

3701 341 3824 400 256

411 487 610 541 corpus
636 489 834 542 meum,
871 494 898 523 »
932 489 1174 529 sensum
1207 473 1333 545 ejus
1365 472 1675 528 verborum
1706 473 1868 528 hunc
1907 488 2057 539 esse,
2093 472 2142 538 Α
2166 488 2301 542 pum
2333 474 2579 546 corporis
2607 479 2658 529 et
2694 473 2979 544 sanguinis
3017 473 3244 537 Christi,
3280 488 3497 544 panem
3539 477 3597 525 et
3618 473 3824 526 vinum

412 561 510 614 Hic
535 564 699 630 panis
721 569 796 617 est
818 579 1015 632 corpus
1050 580 1245 620 meum.
1280 563 1509 617 Omisso
1537 562 1846 634 Augustini
1889 561 2058 616 testi-

410 649 609 702 monio
632 649 780 703 nihil
800 649 872 704 ad
895 667 1018 704 rem
1042 656 1307 705 nostram
1336 649 1977 722 pertinente,quodque
2002 649 2060 703 id

412 753 594 791 unum
629 737 839 808 probat
872 737 944 792 de
966 755 1082 809 quo
1107 739 1271 794 nulla
1306 739 1707 793 controversia
1737 744 1844 803 est,
1879 738 2059 809 signis

411 841 609 879 rerum
643 841 881 879 suarum
917 827 1159 880 nomina
1189 827 1411 898 imponi
1441 843 1636 898 posse,
1677 826 1798 882 sive
1831 825 1935 880 illa
1964 841 2060 879 res

411 929 548 967 suas
595 914 962 982 contineant,
1009 915 1125 968 sive
1167 913 1521 982 excludant;
1575 931 1711 969 nam
1743 914 2059 983 utriusque

407 1000 641 1069 generis
674 1001 732 1060 in
757 1018 824 1056 eo
858 1001 986 1056 loco
1022 1002 1292 1073 exempla
1322 1007 1752 1057 commemorat
1780 1000 2061 1074 Augusti—

407 1105 557 1142 nus:
591 1090 750 1160 quod
799 1107 870 1145 ex
909 1091 1126 1162 Cyrillo
1186 1091 1484 1163 objicitur,
1544 1092 1668 1146 leve
1725 1098 1849 1157 est;
1887 1090 2058 1161 panis

406 1197 748 1253 quanquam
781 1189 1042 1239 mutatus
1073 1183 1133 1237 in
1165 1201 1380 1255 corpus
1403 1183 1644 1244 Christi.
1669 1188 1910 1254 propter
1931 1197 2060 1252 spe-

406 1271 557 1325 ciem
592 1277 896 1327 externam
927 1289 1103 1343 quam
1126 1274 1295 1345 gerit,
1323 1273 1638 1344 pristinum
1659 1288 1834 1343 quem
1876 1271 2055 1341 depo-

409 1361 528 1414 suit
558 1366 798 1429 statum,
855 1368 913 1416 et
943 1363 1188 1417 effectus
1239 1362 1552 1416 sensibiles
1583 1378 1730 1432 quos
1777 1359 1950 1432 parit,
1984 1361 2056 1415 ab

405 1449 550 1520 ipsis
582 1451 758 1507 etiam
787 1452 1107 1508 Catholicis
1150 1453 1209 1507 in
1242 1453 1495 1524 publicis
1545 1451 1822 1507 Ecclesia;
1855 1451 2054 1522 preci-

405 1538 535 1605 bus,
564 1539 623 1593 in
653 1541 779 1611 ipso
814 1543 1175 1598 sacrosancti
1208 1543 1563 1597 sacramenti
1595 1541 1814 1607 ofﬁcio,
1864 1540 2058 1595 adhuc

404 1627 578 1696 panis
610 1629 982 1699 appellatur:
1027 1631 1190 1684 Panis
1242 1631 1519 1706 angelicus
1564 1633 1629 1698 ﬁt
1665 1632 1831 1700 panis
1875 1629 2057 1682 homi-

405 1732 558 1780 num,
593 1722 726 1782 etc.,
762 1719 1020 1789 priorem
1055 1719 1126 1773 ob
1160 1736 1398 1775 causam
1428 1719 1621 1789 angeli
1647 1719 1707 1773 in
1739 1718 2055 1790 Scripturis

2165 577 2294 616 esse
2317 567 2510 634 negat.
2547 563 2728 617 Venio
2751 562 2823 617 ad
2847 561 3191 617 efﬁcaciam.
3231 562 3418 625 Quam
3442 559 3680 632 agnovit
3710 560 3820 631 Cy-

2164 650 2334 704 rillus
2359 651 2420 705 in
2455 651 2826 706 Eucharistia
2858 650 3206 716 efﬁcaciam,
3249 648 3422 703 eaita
3460 653 3824 719 praesentem

2163 755 2408 810 corpore
2440 739 2737 794 Christum
2770 739 3070 810 supponit,
3102 744 3168 794 ut
3200 738 3329 791 sine
3361 737 3471 791 hac
3500 736 3830 808 praesentia.

2164 827 2333 882 nulla
2364 829 2458 883 sit.
2493 827 2548 882 1⁰
2606 829 2778 883 Enim
2839 829 2920 883 ait
2951 833 3060 882 cat.
3095 830 3184 893 22,
3215 843 3254 881 n
3303 828 3357 893 3,
3390 842 3497 896 per
3553 841 3684 880 eam
3714 841 3830 878 nos

2170 917 2296 970 ﬁeri
2330 917 2543 971 Christi
2585 932 2970 987 concorporeos
3017 921 3065 970 et
3107 931 3461 984 consangues,
3517 912 3675 984 quod
3707 912 3830 966 nisi

2163 1021 2474 1074 corporum
2498 1010 2769 1060 contactu
2787 1004 2937 1060 efﬁci
2963 1021 3082 1058 non
3101 1007 3312 1075 potest.
3343 1001 3464 1055 Vid.
3482 1019 3609 1072 sup.
3639 1017 3696 1054 n.
3720 1003 3825 1066 73;

2162 1095 2220 1150 2°
2249 1095 2625 1152 Christiferos
2659 1097 2836 1160 efﬁci,
2895 1113 3015 1152 non
3050 1095 3260 1166 spiritu
3310 1092 3524 1148 Christi
3552 1093 3613 1147 in
3646 1091 3824 1147 nobis

2162 1189 2407 1255 gestata,
2467 1186 2559 1239 sed
2588 1185 2883 1239 distributo
2941 1186 2998 1237 in
3050 1183 3295 1237 membra
3349 1187 3540 1234 nostra
3593 1195 3825 1250 corpore

2161 1273 2279 1342 ejus
2310 1279 2361 1327 et
2389 1276 2676 1342 sanguine,
2711 1273 2852 1328 ibid.
2886 1272 3051 1343 prius
3103 1286 3230 1325 esse
3262 1274 3457 1340 potest
3504 1269 3632 1323 sine
3663 1285 3824 1339 prm-

2163 1360 2354 1415 sentia
2366 1361 2651 1431 corporis,
2677 1360 2929 1415 alterum
2951 1358 3116 1414 nullo
3141 1357 3349 1424 modo;
3376 1355 3434 1410 3°
3455 1357 3601 1411 Fieri
3618 1357 3825 1410 divinas

2163 1453 2378 1504 natura:
2399 1457 2688 1505 consortes.
2713 1448 2860 1504 Ibid.
2881 1447 3038 1519 quod
3054 1463 3174 1501 non
3188 1446 3260 1500 de
3274 1445 3400 1501 sola
3413 1444 3734 1499 voluntatis
3759 1461 3788 1499 e
3801 1449 3826 1498 ι

2162 1540 2501 1608 aﬁ‘ectuum,
2532 1540 2635 1595 sed
2666 1540 2738 1595 de
2767 1539 3015 1593 naturali
3056 1537 3283 1591 unitate
3333 1534 3675 1606 intelligunt
3704 1525 3824 1589 Pa-

2175 1641 2294 1688 tres
2323 1651 2336 1700 ;
2370 1649 2502 1686 cum
2539 1646 2778 1686 carnem
2809 1629 2870 1682 in
2898 1626 3070 1681 nobis
3099 1625 3420 1696 recipimus
3451 1639 3485 1678 a
3505 1623 3681 1677 verbo
3712 1623 3829 1694 hy-

2175 1721 2482 1793 postatice,
2515 1724 2571 1773 et
2602 1735 2634 1772 a
2666 1722 2787 1771 tota
2814 1715 3098 1770 Trinitate
3128 1717 3371 1784 propter
3404 1710 3827 1766 circuminses-

404 1802 677 1858 homines
706 1805 794 1859 vel
817 1806 1068 1876 juvenes
1101 1807 1518 1878 appellantur:
1551 1811 1794 1878 propter
1844 1822 2058 1859 secun-
2089 1870 2126 1878 _
2163 1810 2415 1872 sionem,
2447 1806 2842 1860 inhabitatam
2870 1821 2884 1869 ;
2913 1802 2971 1856 4ο
3002 1801 3174 1856 docet
3214 1817 3379 1855 num.
3430 1801 3481 1864 5,
3517 1815 3670 1870 pane
3703 1814 3827 1852 cce-

405 1892 541 1946 dam
572 1892 794 1964 [CCXV]
849 1911 1002 1966 aqua
1025 1896 1150 1967 jam
1202 1897 1262 1950 in
1309 1897 1512 1950 vinum
1553 1901 1799 1957 mutata.
1855 1911 1988 1949 cum
2021 1909 2057 1948 a
2086 1870 2131 1946 Β
2162 1899 2295 1953 lesti
2328 1897 2587 1952 animam
2621 1893 2799 1949 simul
2831 1898 2889 1948 et
2938 1908 3153 1961 corpus
3203 1888 3581 1956 sanctiﬁcari,
3610 1904 3822 1957 panem

404 1982 696 2038 ministris
718 1984 929 2039 hausta
959 1992 1050 2040 est
1079 1985 1485 2040 architriclino
1509 1983 1832 2052 offerenda,
1861 1983 2054 2038 adhuc

404 2076 645 2126 vocatur
672 2089 844 2144 aqua,
896 2075 1061 2130 Joan.
1097 2093 1158 2141 ιι,
1217 2078 1267 2129 9.
1303 2075 1546 2131 Ministri
1589 2081 1769 2129 autem
1816 2073 2055 2128 sciebant

403 2161 501 2228 qui
523 2160 820 2216 hauserant
851 2179 1091 2232 aquam;
1125 2163 1306 2220 Exod.
1340 2181 1433 2231 vn,
1474 2167 1556 2232 l2,
1587 2163 1758 2234 virga)
1804 2159 2054 2216 Aaronis

403 2257 458 2305 et
486 2251 916 2320 maleﬁciorum
943 2255 1004 2308 in
1054 2259 1358 2326 serpentes
1391 2272 1592 2323 versaz,
1637 2253 1830 2309 adhuc
1880 2251 2052 2323 virgas

405 2340 802 2412 appellantur,
853 2349 921 2397 ut
948 2349 1005 2398 et
1033 2360 1182 2399 vers.
1231 2344 1293 2398 21
1343 2350 1400 2398 et
1431 2346 1519 2408 24,
1551 2359 1706 2414 aqua
1725 2341 1990 2396 fluminis
2021 2356 2055 2393 a

401 2429 593 2500 Moyse
627 2430 686 2484 in
721 2432 1072 2501 sanguinem
1103 2449 1293 2497 versa,
1327 2447 1490 2503 aqua
1519 2433 1764 2502 ﬂuminis
1795 2427 2058 2501 appella-

400 2517 627 2571 tionem
675 2518 934 2586 retinet;
969 2526 1028 2574 et
1079 2520 1393 2592 collegium
1450 2519 1854 2591 apostolorum
1915 2521 2049 2587 post

399 2605 561 2660 Judxe
585 2623 808 2674 casum,
831 2608 1114 2662 duodecim
1135 2608 1325 2663 adhuc
1361 2609 1432 2663 ab
1466 2607 1827 2679 evangelista
1856 2610 1914 2660 et
1943 2604 2050 2675 Cy-

401 2695 535 2748 rillo
569 2696 695 2766 ipso
722 2701 962 2750 vocatur
987 2713 999 2751 :
1034 2703 1276 2768 propter
1297 2698 1531 2752 tertiam
1563 2713 1738 2752 omne
1762 2701 2051 2758 esculenti

400 2800 586 2854 genus
619 2786 788 2855 panis
811 2787 1054 2841 nomine
1078 2787 1139 2840 in
1165 2787 1464 2858 Scriptura
1486 2794 1781 2843 censetur.
1809 2793 2054 2863 Propter

400 2876 517 2926 tres
550 2872 684 2927 illas
716 2890 924 2929 causas
955 2875 1306 2946 conjunctae
1337 2876 1696 2931 eucharistia
1739 2881 1904 2948 panis
1947 2897 2049 2952 ap-

398 2960 783 3030 pellationem
824 2964 1080 3030 retinet;
1113 2969 1171 3019 et
1199 2964 1445 3036 insuper
1486 2982 1657 3021 verus
1705 2973 1795 3022 est
1833 2969 2048 3025 animai

400 3049 590 3119 panis.
623 3051 681 3104 Si
739 3056 936 3106 autem
997 3069 1065 3106 ex
1111 3051 1328 3124 Cyrillo
1386 3069 1636 3124 quaeras,
1696 3056 1944 3126 panisne
1977 3058 2048 3112 ob

400 3139 716 3208 pristinum
747 3157 966 3196 nomen
999 3147 1319 3204 retentum,
1369 3149 1504 3213 post
1536 3145 2048 3202 consecrationem

2160 2004 2374 2058 nempe
2405 2002 2618 2056 corpus
2640 1982 2876 2048 Christi,
2900 1980 3131 2051 corpori
3155 1983 3358 2033 nostro
3380 1975 3814 2032 sanctiﬁcando

2160 2076 2434 2133 attribui:
2469 2075 2695 2130 verbum
2751 2071 3014 2127 divinum
3069 2069 3283 2124 animae
3330 2068 3417 2121 uti
3476 2065 3817 2121 naturalem

2161 2167 2379 2222 cibum.
2409 2165 2584 2219 Adest
2609 2162 2788 2235 igitur
2807 2161 2944 2232 pani
2979 2157 3370 2213 eucharistico
3409 2157 3651 2221 verbum,
3698 2153 3817 2226 ipsi

2159 2256 2525 2329 hypostatice
2585 2251 2835 2325 [CCXVI]
2880 2250 3304 2321 conjunctum;
3351 2247 3407 2300 5°
3452 2261 3668 2318 panem
3709 2261 3821 2299 eu-

2159 2347 2542 2404 charisticum
2573 2360 2642 2398 eo
2694 2357 2870 2397 sensu
2913 2337 3328 2395 substantialem
3373 2337 3486 2391 dici
3515 2336 3618 2402 ait,
3668 2334 3822 2405 quod

2160 2438 2233 2492 ad
2261 2435 2623 2492 substantiam
2655 2433 2852 2487 anima:
2909 2428 3198 2484 ordinatus
3254 2443 3318 2482 ac
3368 2427 3670 2480 destinatus
3700 2423 3819 2479 sit:

2159 2530 2217 2581 in
2249 2542 2458 2581 omnem
2508 2524 2685 2578 nostri
2740 2535 3054 2590 compagem
3115 2517 3374 2572 distribui
3431 2515 3505 2570 ad
3533 2516 3730 2569 anima:
3761 2521 3817 2569 et

2160 2617 2404 2687 corporis
2462 2614 2780 2669 utilitatem.
2853 2611 2976 2664 Non
3035 2608 3154 2675 hic,
3213 2611 3278 2660 ut
3341 2606 3401 2660 in
3455 2604 3812 2675 baptismate

2159 2721 2375 2777 aquam
2407 2721 2539 2775 quas
2563 2717 2776 2772 corpus
2801 2698 3010 2764 abluit,
3043 2701 3102 2751 et
3127 2695 3400 2766 spiritum
3423 2694 3522 2765 qui
3547 2694 3812 2748 animam

2158 2796 2432 2867 obsignat
2462 2798 2574 2848 cat.
2609 2792 2661 2857 3,
2688 2807 2748 2844 n.
2781 2791 2834 2854 4,
2871 2787 2960 2843 vel
2991 2791 3058 2841 ut
3084 2784 3142 2838 in
3176 2784 3494 2839 chrismate
3537 2799 3809 2854 unguen-

2157 2892 2282 2941 tum
2314 2900 2430 2955 quo
2461 2897 2675 2952 corpus
2706 2877 2982 2943 illinitur,
3018 2881 3075 2930 et
3105 2874 3379 2946 spiritum
3412 2875 3512 2945 qui
3545 2873 3810 2929 animam

2159 2974 2510 3039 sanctiﬁcat,
2544 2975 2655 3026 cat.
2719 2972 2808 3033 2t,
2843 2967 2989 3032 n.3,
3052 2965 3132 3020 ita
3185 2980 3401 3036 panem
3460 2964 3559 3034 qui
3589 2979 3807 3034 corpus

2156 3065 2295 3133 alat,
2329 3069 2386 3118 et
2414 3061 2663 3124 gratiam
2709 3056 3078 3130 spiritualem
3134 3070 3251 3125 qua
3307 3069 3476 3107 mens
3506 3057 3805 3124 pascatur,

2157 3153 2500 3226 distinguit:
2536 3149 2638 3206 sed
2662 3164 2874 3222 panem
2895 3145 3193 3211 eumdem,
3227 3159 3353 3198 rem
3386 3159 3630 3214 prorsus
3651 3158 3808 3197 eam-

398 3229 590 3284 adhuc
622 3231 699 3284 sit
727 3231 897 3302 panis
919 3230 947 3285 ‘2
1003 3231 1386 3303 respondebit
1441 3232 1543 3285 tibi
1590 3233 1683 3287 his
1717 3234 1904 3288 verbis
1932 3242 2041 3290 cat.
2078 3239 2121 3306 ί]
2159 3246 2293 3302 dem
2325 3260 2454 3315 quae
2481 3257 2693 3312 corpus
2725 3238 3074 3304 sanctiﬁcat,
3106 3235 3366 3290 animam
3386 3250 3622 3304 quoque
3644 3233 3812 3304 adju-

397 3319 488 3384 22,
521 3335 577 3372 n.
612 3322 681 3372 6:
720 3323 793 3375 Ne
821 3326 1082 3389 tanquam
1114 3322 1276 3375 nudis
1322 3328 1374 3374 et
1418 3324 1792 3376 communibus
1826 3325 2057 3379 elemen-

2158 3351 2290 3389 vare
2322 3331 2518 3387 tradit.
2551 3329 2614 3384 Id
2642 3328 2744 3383 uni
2777 3326 3007 3398 corpori
3039 3324 3254 3379 Christi
3288 3323 3614 3395 proprium,
3647 3322 3808 3393 quod

399 3410 466 3460 tis
493 3410 631 3476 pani
654 3416 706 3463 et
737 3409 867 3463 vino
925 3411 1379 3480 (eucharisticis)
1439 3412 1697 3477 attende;
1750 3421 1876 3467 sunt
1908 3417 2052 3470 enim

2159 3425 2217 3478 in
2246 3439 2308 3478 se
2325 3421 2504 3476 habet
2531 3419 2688 3474 unde
2707 3417 2779 3473 ad
2801 3423 3120 3487 utrumque
3146 3415 3468 3485 perveniat.
3487 3415 3600 3469 Nec
3619 3414 3803 3478 enim,

399 3513 596 3566 carpus
625 3505 676 3552 et
697 3501 920 3567 sanguis
953 3499 1161 3554 Christi
1178 3499 1476 3554 secundum
1510 3501 1735 3555 Domini
1770 3519 2048 3558 assevera-
2153 3519 2219 3568 ιιι
2245 3511 2317 3568 ad
2377 3509 2676 3583 proposita
2733 3506 3004 3577 exempla
3054 3505 3316 3571 redeam,
3379 3503 3468 3557 vel
3521 3519 3676 3573 aqua
3712 3503 3804 3557 vel

401 3585 627 3649 tionem,
679 3603 747 3640 ne
781 3588 999 3656 judices
1028 3605 1141 3642 rem
1171 3605 1238 3643 ea:
1266 3596 1444 3658 gustu.
1503 3589 1668 3653 Quod
1724 3590 1772 3644 si
1807 3590 2048 3656 dixeris,

2159 3602 2409 3657 chrisma
2431 3599 2503 3654 ad
2522 3597 2776 3653 animam
2795 3595 3174 3667 pertingunt:
3207 3594 3418 3648 horum
3449 3592 3716 3658 eﬁ'ectus,
3742 3591 3804 3646 in

400 3676 738 3729 accessione
758 3677 959 3748 ﬁgurae
979 3682 1037 3730 et
1056 3678 1308 3746 virtutis,
1332 3681 1563 3731 retenta
1583 3677 1777 3749 priore
1813 3685 2046 3750 natura,
2150 3693 2424 3744 contactu
2458 3692 2514 3741 et
2545 3684 2883 3758 perfusione
2933 3681 3199 3753 corporis
3249 3679 3610 3746 absolvitur;
3644 3679 3804 3734 velut

403 3780 617 3834 corpus
665 3765 880 3819 Christi
914 3769 972 3819 et
1002 3766 1348 3837 sanguinem
1382 3766 1615 3820 vocari:
1674 3767 1879 3823 audies
1912 3786 2046 3824 eum

2159 3779 2209 3833 in
2239 3776 2626 3841 Eucharistia,
2660 3776 2707 3828 si
2733 3773 2902 3845 panis
2941 3770 3266 3826 materialis
3296 3774 3468 3833 esset,
3503 3769 3682 3840 hujus
3715 3768 3800 3823 ef-

400 3857 510 3906 cat.
540 3855 628 3920 23,
661 3869 826 3908 num.
859 3857 912 3922 7,
942 3870 1010 3909 ea
1035 3854 1285 3927 Spiritus
1317 3855 1502 3910 sancti
1535 3855 1749 3928 illapsu
1781 3865 2048 3912 transmu-

2159 3870 2334 3924 Tectus
2378 3867 2439 3922 in
2494 3865 2818 3921 nutritione
2851 3862 3118 3934 corporis
3165 3860 3459 3929 ﬁniretur,
3515 3860 3799 3932 adjuncta

397 3949 517 3997 tata
547 3960 673 3999 esse.
2143 3961 2354 4015 virtute
2388 3955 2515 4011 sola
2543 3953 2616 4010 ad
2647 3953 2909 4009 animam
2957 3951 3330 4023 pertingente
3359 3968 3372 4016 ;
3424 3951 3480 4004 6°
3509 3951 3797 4005 Euchari-

2144 4051 2318 4106 stiam
2366 4049 2426 4102 in
2458 4044 2816 4101 sacriﬁcium
2848 4042 3130 4109 oblatam,
3165 4041 3440 4096 Christum
3469 4047 3791 4108 mactatum,

2140 4141 2412 4195 victimam
2443 4137 2502 4190 in
2556 4135 2727 4190 altari
2767 4135 3072 4204 jacentem,
3103 4147 3136 4186 a
3175 4129 3345 4186 nobis
3401 4147 3508 4202 pro
3540 4131 3797 4202 peccatis

2139 4227 2360 4284 nostris
2392 4224 2561 4297 quasi
2615 4227 2848 4296 gratum
2905 4223 3022 4277 Deo
3079 4236 3298 4275 munus
3354 4224 3793 4294 praesentatam,

2138 4320 2322 4374 Deum
2348 4313 2640 4371 demereri
2655 4330 2721 4368 ac
2740 4312 3061 4384 propitiare
3086 4311 3203 4366 sive
3226 4326 3331 4381 pro
3363 4309 3506 4364 vivis
3537 4310 3654 4365 sive
3687 4327 3795 4382 pro

376 4432 539 4497 ralis,
573 4449 776 4488 verum
807 4433 985 4488 etiam
1015 4399 1248 4505 mystici
1296 4399 2027 4508 ﬁguraijvril—lusﬁipse
2135 4403 2705 4508 defuflftis_aitfat'
2750 4403 2825 4508 ,ξ’
2859 4401 3146 4508 ἷλ’,,8’,ςῗ’
3181 4401 3298 4508 ,10⁸
3355 4399 3442 4504 ,Αἱ
3491 4404 3672 4505 tam?!“
3735 4400 3795 4508 in

377 4528 489 4577 cat.
515 4495 604 4589 23,
629 4539 687 4578 n.
711 4526 802 4588 20,
842 4495 1275 4579 Eucharistiam
1294 4495 1462 4579 vocat
1500 4495 1811 4595 antitgpum
1830 4495 2025 4596 corbo-
2132 4499 2512 4596 Prol’i‘tiando
2563 4496 2692 4596 Pco
2747 4495 2965 4596 οὲπίεὲί
3020 4495 3296 4596 viruit?“
3354 4495 3415 4547 in
3473 4495 3796 4596 cﬁann‘fEa

369 4613 446 4665 ris
479 4618 530 4665 et
557 4587 844 4681 sanguinis
895 4613 1118 4668 Christi.
1157 4612 1429 4684 Figuram
1460 4629 1588 4668 esse
1735 4614 1862 4686 ipso
1891 4587 2022 4669 cor-
2055 4596 2100 4662 Ι)
2131 4593 2434 4686 diVinitate
2462 4588 2723 4686 residere
2777 4587 2977 4686 docet,
3013 4591 3127 4686 cat.
3186 4587 3268 4650 l3,
3322 4601 3487 4686 num.
3521 4588 3582 4686 2,:
3612 4587 3665 4686 ἒξ,
3690 4589 3788 4686 .20.

376 4719 518 4772 pore
574 4677 932 4774 separatam,
994 4703 1106 4758 hoc
1164 4677 1298 4758 vero
1357 4677 2023 4775 probandum-fuisset.
2137 4687 2224 4741 33-
2258 4685 2512 4740 νίοίίῐηᾶ
2542 4681 2722 4775 ξϐίίιξτ
2774 4678 3272 4775 δξῖδτίάθοθιηε
3301 4679 3460 4775 Pet“
3501 4682 3591 4775 es?
3621 4677 3790 4775 i’f’l‘f‘

375 4767 1010 4847 CstendatAlbertinus
1028 4792 1242 4847 horum
1253 4767 1606 4848 alterutrum
1634 4809 1647 4860 ;
1671 4797 1776 4848 aut
1795 4793 2026 4850 nullam

2159 4782 2410 4842 nanatus,
2461 4774 2555 4828 cui
2587 4771 2694 4827 uni
2750 4769 2930 4825 tribui
2960 4771 3210 4840 possunt
3260 4767 3504 4822 effectus
3536 4767 3588 4822 ei
3619 4767 3790 4822 victi-

381 4881 600 4953 Cyrillo
633 4881 881 4953 ﬁguram
904 4882 1198 4954 cognitam
1225 4899 1377 4952 esse,
1401 4882 1517 4938 nisi
1546 4858 1676 4954 quas
1709 4899 1835 4938 rem
1857 4900 2025 4939 suam
2136 4885 2248 4925 ωω
2280 4866 2584 4940 δεείϐηθιίί·
2615 4863 2795 4919 Plura
2825 4879 2894 4918 ex
2921 4862 3176 4954 διίονιπη
3207 4861 3458 4954 Ρεξιτιιηιί
3478 4858 3651 4915 dicas
3679 4860 3788 4916 ad'

382 4968 752 5038 excluderet;
785 4976 888 5026 aut
911 4987 946 5027 a
968 4953 1154 5043 ﬁgura
1183 4971 1446 5043 corporis
1475 4953 1671 5044 ipsum
1702 4989 1918 5044 corpus
1941 4989 2027 5028 se-
2129 4963 2317 5035 jicere
2339 4976 2575 5032 possem
2599 4975 2612 5027 ;
2647 4957 2751 5014 sed
2777 4955 2994 5028 Cyrillo
3019 4953 3424 5013 continebitur
3447 4953 3573 5009 haec
3594 4953 3791 5026 dispu-

377 5064 650 5131 paratum
681 5077 830 5117 esse.
863 5061 1128 5116 Primum
1159 5062 1333 5133 plane
1372 5063 1737 5118 contrarium
1784 5063 2023 5135 Cyrillo,
2139 5053 2304 5109 tatio-

381 5150 480 5220 qui
513 5166 728 5220 aquam
758 5149 1175 5221 baptismalem
1205 5154 1472 5224 agnoscit
1499 5153 1748 5208 interna)
1778 5133 2025 5208 munda-

2207 5144 2292 5194 ‘77.
2331 5140 2605 5212 Logicum
2663 5135 2880 5193 deinde
2934 5134 3054 5208 agit
3083 5133 3447 5224 Albertinus,
3495 5133 3622 5202 (sed
3654 5133 3790 5189 huic

375 5239 556 5294 tionis
581 5241 826 5312 ﬁguram
849 5261 863 5308 ;
889 5245 1160 5296 sanctum
1183 5223 1465 5309 chrisma,
1483 5243 1816 5315 antitypum
1839 5242 2024 5314 Spiri-
2135 5247 2313 5303 quam
2344 5229 2688 5301 ἱιηρθνίιιιῐη
2711 5233 2770 5283 εἴ
2798 5225 3263 5297 ίωρτυάθῐιῖθηιν
3289 5223 3389 5315 (Ιιξί
3414 5239 3652 5278 omnem
3686 5225 3788 5279 hu'

378 5332 472 5382 tus
504 5329 691 5384 sancti
722 5330 784 5384 in
813 5345 881 5384 eo
929 5345 1035 5400 per
1079 5345 1246 5384 suam
1295 5312 2020 5403 divinitatem—prasehtis.
2135 5338 2325 5377 manas
2348 5320 2632 5375 orationis
2649 5315 3020 5373 acsermonis
3042 5312 3534 5370 consuetudinem
3559 5330 3789 5385 perver-

383 5419 761 5474 Probandum
783 5435 918 5490 ergo
931 5418 1361 5474 Eucharistiam
1381 5421 1597 5491 Cyrillo
1613 5427 1758 5478 teste
1775 5423 2023 5494 ﬁguram

2159 5429 2266 5467 .um
2296 5409 2454 5480 eat!)
2484 5416 2543 5464 et
2571 5408 2686 5464 duo
2707 5409 2830 5462 haec
2851 5404 3204 5461 bimembria
3236 5405 3546 5459 ratiocinia
3572 5420 3784 5475 pmpo-

381 5511 439 5560 et
469 5507 705 5579 signum
743 5507 1004 5564 absentis
1049 5508 1312 5580 corporis
1353 5509 1587 5565 Christi.
1625 5511 1736 5566 Sed
1788 5491 2023 5567 contra-
2133 5502 2241 5557 Ilit-
2275 5501 2419 5555 Cum
2459 5497 2715 5570 Cyrillus
2773 5495 2917 5551 ἀίείι
2973 5493 3291 5549 Dominum
3351 5492 3686 5547 afﬁrmasse
3712 5491 3784 5546 de

376 5593 533 5650 rium
557 5596 686 5668 jam
715 5595 922 5652 multis
951 5594 1144 5650 modis
1175 5611 1210 5650 a
1239 5595 1410 5650 nobis
1433 5597 1559 5667 jam
1600 5597 2026 5653 demonstrabi-
2132 5610 2285 5664 pane
2316 5594 2412 5648 hoc
2445 5598 2520 5647 est
2568 5606 2761 5662 corpus
2809 5604 3025 5654 meum;
3060 5585 3151 5641 vel
3211 5585 3303 5640 his
3328 5585 3542 5651 verbis,
3575 5590 3643 5640 ut
3673 5586 3774 5639 Ca-

378 5689 476 5740 tur
498 5701 513 5755 ;
540 5692 600 5743 et
618 5687 681 5744 in
701 5686 831 5760 ipso
853 5686 984 5742 loco
993 5725 1010 5754 ,
1036 5701 1154 5758 quo
1175 5684 1606 5742 Eucharistiam
1627 5691 1794 5742 vocat
1813 5689 2026 5757 antity-
2133 5687 2336 5744 tholici
2352 5686 2638 5756 sentiunt,
2659 5684 2786 5757 ejus
2803 5679 3312 5741 consecrationem
3326 5683 3626 5751 peractam
3649 5693 3777 5734 esse

456 4077 542 4129 76.
578 4074 691 4129 Sed
723 4074 1158 4146 explodendum
1181 4075 1311 4148 jam
1337 4075 1488 4132 illud
1513 4076 1714 4148 ﬁguras
1757 4081 1816 4132 et
1838 4077 2037 4133 efﬁca-

375 4162 479 4216 ciaa
515 4168 920 4234 separatarum
943 4171 1367 4221 commentum.
1395 4166 1546 4221 Illud
1568 4167 1725 4222 ultro
1755 4166 2036 4222 concedi-

376 4268 529 4320 mus,
563 4253 722 4324 quod
755 4259 812 4308 et
839 4254 1120 4308 doctrina:
1152 4255 1558 4311 eucharisticze
1590 4273 1727 4328 pars
1759 4262 1868 4324 est,
1917 4259 2033 4311 Eu-

381 4342 720 4398 charistiam
752 4359 880 4398 esse
910 4344 1176 4414 corporis
1205 4345 1441 4412 Christi,
1475 4362 1596 4401 non
1639 4346 1831 4402 solum
1859 4351 2032 4402 natu-
