4134 6264
316 373 439 434 257

1681 376 2201 442 DISSERTATIO
2245 381 2354 444 III.

3606 397 3725 462 258

323 506 640 574 censebat;
672 508 763 563 vel
785 509 914 580 jam
947 513 1081 565 ante
1114 526 1220 582 per
1257 511 1580 583 gratiarum
1612 511 1907 566 actionem
1939 527 1973 565 a
1999 513 2054 578 Α
2083 529 2243 569 nunc
2265 516 2506 586 quidem
2536 521 2708 590 panis
2741 523 2958 591 est,sed
2979 524 3251 581 absoluta
3283 545 3427 583 meae
3454 533 3721 604 proposi-

322 597 551 652 Christo
563 605 977 654 consecratum
991 599 1408 655 arbitrabatur.
1420 600 1749 654 Secundam
1773 605 1970 655 autem

322 687 678 741 sententiam
712 687 997 758 Cyrillum
1020 695 1310 744 sectatum
1340 694 1526 760 putat,
1546 689 1617 742 de
1648 707 1764 760 quo
1796 706 1846 744 c.
1883 693 1969 757 t2,

322 774 763 831 infra.Primam
785 783 984 832 autem
1008 794 1141 834 cum
1165 777 1442 834 Ecclesiae
1456 778 1762 834 catholicae
1793 778 1968 832 ﬁdem

326 881 453 920 esse
480 867 784 938 supponit,
809 866 1076 934 fallitur;
1105 868 1175 923 de
1198 869 1393 924 verbis
1417 869 1576 924 enim
1600 868 1813 940 quibus
1835 886 1970 924 con-

325 957 572 1012 secratio
603 959 1091 1030 peragitur,nihil
1123 960 1264 1014 dum
1293 976 1362 1014 ex
1393 959 1506 1014 ﬁde
1541 959 1973 1013 decretum.Ait

325 1062 494 1118 ergo:
525 1047 573 1101 si
620 1048 875 1118 primam
907 1050 1263 1104 sententiam
1319 1049 1697 1121 sequebatur,
1747 1066 1968 1120 prono—

321 1153 460 1191 men
496 1136 592 1190 hoc
639 1138 1068 1210 propositionis
1106 1139 1436 1211 subjecium
1485 1144 1621 1193 ante
1671 1143 1968 1210 peractam

328 1227 834 1281 consecrationem
868 1229 1315 1299 pronuntiatum
1348 1228 1629 1300 supponit
1674 1245 1779 1298 pro
1813 1243 1968 1298 pane

319 1315 613 1370 materiali
641 1322 699 1371 et
721 1333 843 1370 non
868 1323 1242 1372 consecrato:
1273 1333 1404 1388 qua:
1433 1316 1684 1372 barbara
1717 1322 1776 1370 et
1807 1317 1972 1370 scho-

315 1403 528 1458 lastica
549 1404 768 1460 locutio
791 1405 950 1459 idem
969 1411 1140 1460 sonat
1168 1423 1236 1460 ac
1267 1405 1563 1478 signiﬁcat
1593 1421 1807 1473 panem
1835 1421 1967 1460 ma-

317 1492 590 1548 terialem
613 1499 672 1548 et
691 1511 814 1549 non
835 1501 1267 1550 consecratum.
1295 1496 1513 1550 Sensus
1537 1511 1674 1566 ergo
1697 1493 1966 1564 proposi-

315 1581 499 1637 tionis
530 1583 746 1636 Christi
775 1599 811 1638 a
840 1584 1058 1656 Cyrillo
1090 1583 1427 1640 intellectus
1460 1589 1570 1651 est,
1602 1584 1772 1637 Panis
1801 1588 1971 1636 mate-

314 1671 474 1725 rialis
523 1679 602 1726 est
632 1688 831 1742 corpus
878 1689 1054 1727 meum
1074 1691 1094 1728 .·
1127 1690 1258 1743 quas
1290 1672 1613 1744 pr0positio
1647 1669 1966 1726 Catholicis

307 1759 966 1827 falsa,adversariorum
989 1762 1269 1833 opinione
1292 1778 1426 1816 vera
1446 1767 1555 1827 est,
1575 1758 1966 1832 supponenda

314 1855 550 1904 tantum
569 1857 911 1905 sacramento
932 1859 983 1906 et
1005 1854 1230 1907 virtute.
1257 1853 1342 1906 Ita
1365 1851 1524 1905 enim
1548 1854 1964 1921 argumentum

312 1938 692 1995 informatur.
746 1940 810 1994 Id
839 1941 1106 1996 Christus
1159 1941 1476 1995 affirmavit
1505 1955 1718 2010 corpus
1771 1953 1964 2005 suum,

314 2028 476 2098 quod
501 2028 916 2084 declarabatur
940 2047 1046 2101 per
1064 2046 1396 2101 pronomen
1423 2029 1613 2083 hoc.ld
1636 2043 1967 2100 pronomen

314 2118 692 2190 signiﬁcabat
703 2135 832 2172 cum
843 2120 1331 2190 pronuntiaretur
1343 2134 1557 2190 panem
1571 2114 1963 2172 materialem.

310 2209 649 2262 Afﬁrmavit
678 2225 814 2280 ergo
837 2209 1104 2263 Christus
1129 2225 1344 2280 corpus
1367 2224 1540 2262 suum
1571 2207 1641 2262 de
1664 2221 1817 2278 pane
1838 2221 1967 2260 ma-

313 2297 509 2352 teriali
539 2299 797 2369 (poterat
825 2297 1058 2352 brevius
1089 2299 1382 2370 argutari:
1417 2297 1518 2351 hoc
1545 2296 1844 2368 signiﬁcat
1872 2311 1969 2366 pa-

311 2403 453 2441 nem
479 2404 602 2441 non
623 2392 1202 2459 consecratum,ergo
1232 2386 1557 2458 propositio
1578 2384 1793 2439 Christi
1827 2389 1918 2437 est
1942 2399 1954 2437 :

311 2477 485 2530 Panis
514 2491 623 2529 non
656 2482 999 2530 consecratus
1027 2481 1103 2530 est
1134 2492 1328 2544 corpus
1368 2475 1590 2544 meum).
1625 2473 1682 2526 Si
1713 2471 1964 2526 alteram

316 2570 556 2618 secutus
576 2570 665 2618 est
687 2563 1353 2636 sententiam,intelligit
1372 2561 1626 2634 Cyrillus
1650 2560 1966 2615 Dominum

319 2671 533 2725 corpus
567 2671 739 2709 suum
771 2655 1103 2709 afﬁrmasse
1134 2655 1205 2708 de
1237 2669 1411 2725 pane,
1435 2667 1612 2723 quem
1642 2649 1860 2705 Paulus
1884 2650 1968 2704 ait

315 2743 488 2798 illum
521 2743 821 2816 [CXXVII]
843 2743 1492 2815 accepisse,gratiisque
1515 2740 1661 2795 actis
1681 2738 1962 2811 fregisse:

319 2832 480 2902 atqui
512 2848 728 2903 panem
762 2832 1132 2887 materialem
1159 2835 1496 2902 sumpserat
1523 2829 1810 2896 Christus,
1843 2843 1966 2882 non

326 2937 530 2992 corpus
555 2938 729 2976 suum
752 2938 766 2987 ;
783 2937 892 2976 nec
905 2937 1077 2976 suum
1092 2937 1306 2992 corpus
1319 2920 1592 2991 fregerat,
1609 2915 1714 2971 sed
1726 2932 1960 2988 panem.

327 3011 463 3082 Ergo
494 3011 566 3065 de
599 3027 753 3082 pane
779 3010 1099 3079 materiali,
1133 3026 1202 3065 ex
1245 3008 1447 3080 Cyrilli
1475 3006 1772 3062 sententia
1803 3004 1962 3059 afﬁr-

321 3101 498 3154 mavit
530 3099 825 3167 Christus,
872 3099 1028 3170 quod
1061 3106 1219 3154 esset
1249 3115 1463 3170 corpus
1508 3112 1702 3151 suum.
1747 3093 1968 3159 Quaerit

311 3189 529 3244 iterum
585 3206 620 3243 a
669 3188 863 3256 nobis,
896 3188 1227 3259 Cyrillusne
1277 3185 1638 3241 intellexerit
1667 3183 1965 3237 Christum

2081 601 2261 658 tionis
2295 607 2823 674 enuntiatione,sui
2849 612 3250 669 demutatione
3276 616 3402 687 jam
3426 624 3502 672 est
3531 601 3727 690 corpus

2078 707 2276 747 meum.
2311 694 2366 748 Si
2399 701 2907 756 consecrationem
2930 703 3057 772 jam
3084 711 3220 758 ante
3252 707 3565 763 verborum
3589 728 3724 780 pro-

2078 782 2516 840 nuntiationem
2543 786 2763 842 factum
2789 791 3189 847 arbitrabatur
3213 811 3224 847 :
3249 795 3349 849 hoc
3369 798 3525 866 quod
3549 801 3722 869 paulo

2077 876 2214 924 ante
2245 873 2415 944 panis
2447 881 2592 944 erat,
2623 895 2781 933 nunc
2811 887 2886 934 est
2919 897 3118 950 corpus
3147 900 3344 950 meum,
3377 902 3446 939 ex
3477 903 3630 957 pane
3661 891 3723 943 in

2077 959 2225 1014 illud
2258 978 2471 1034 corpus
2506 973 2816 1023 mutatum.
2852 970 3042 1026 Facile
3076 977 3166 1026 est
3190 973 3318 1043 jam
3350 974 3475 1030 haac
3507 994 3723 1049 propo-

2077 1048 2206 1102 sitis
2239 1053 2602 1122 argumentis
2634 1057 3045 1127 applicare.Ad
3078 1061 3335 1130 primum
3365 1064 3423 1117 id
3454 1048 3722 1122 Christus

2075 1135 2391 1193 afﬁrmavit
2433 1158 2644 1213 corpus
2705 1161 2899 1212 suum,
2951 1147 3107 1218 quod
3153 1148 3567 1206 declarabatur
3613 1170 3721 1225 per

2073 1241 2406 1295 pronomen
2439 1229 2539 1283 hoc
2584 1231 3016 1303 signiﬁcatione
3048 1246 3435 1307 permanente
3486 1247 3545 1296 et
3583 1243 3720 1311 ﬁxa,

2074 1315 2370 1370 concedo:
2406 1318 2837 1386 signiﬁcatione
2890 1329 3232 1382 transeunte
3267 1333 3325 1382 et
3373 1335 3507 1400 post
3538 1331 3720 1387 ﬁnem

2074 1404 2496 1474 propositionis
2527 1408 3134 1485 abolenda,nego.Sed
3169 1421 3224 1470 et
3254 1435 3585 1488 pronomen
3618 1421 3721 1476 hoc

2073 1490 2413 1548 declarabat
2430 1512 2563 1551 cum
2587 1501 3072 1568 pronuntiaretur
3089 1521 3303 1575 panem
3322 1510 3691 1566 materialem
3707 1551 3721 1577 ,

2073 1580 2508 1652 signiﬁcatione
2541 1589 2884 1643 transeunte
2915 1596 2973 1644 et
2994 1591 3305 1661 abolenda,
3333 1598 3681 1654 conceditur
3709 1616 3722 1653 :

2073 1673 2190 1727 ﬁxa
2239 1677 2297 1726 et
2353 1683 2761 1744 permanente,
2811 1687 3104 1752 negatur:
3157 1684 3422 1755 adeoque
3474 1693 3725 1760 negatur

2073 1763 2615 1832 consequentia.Ad
2647 1768 3062 1826 secundum.Id
3098 1772 3366 1828 Christus
3398 1791 3570 1829 suum
3593 1793 3730 1830 cor-

2072 1867 2182 1921 pus
2213 1851 2549 1921 afﬁrmavit,
2583 1856 2740 1925 quod
2772 1860 3026 1929 sumpsit
3055 1865 3114 1914 et
3142 1861 3336 1932 fregit,
3371 1868 3428 1917 et
3483 1865 3723 1920 interim

2077 1941 2469 1995 mutationem
2492 1960 2731 2014 passum
2763 1952 2870 2014 est,
2896 1950 3226 2020 conc.quod
3249 1953 3503 2023 sumpsit
3526 1959 3582 2008 et
3603 1954 3722 2010 fre-

2075 2029 2176 2100 git,
2211 2046 2318 2084 nec
2349 2031 2531 2086 ullam
2559 2039 2761 2104 postea
2793 2039 3180 2093 mutationem
3209 2041 3407 2106 subiit,
3441 2049 3708 2115 negatur.

2075 2118 2252 2189 Atqui
2303 2120 2568 2177 Christus
2612 2141 2828 2194 panem
2869 2129 3239 2184 materialem
3289 2133 3563 2203 sumpsit,
3617 2135 3722 2205 qui

2075 2213 2282 2280 postea
2312 2211 2705 2267 mutationem
2736 2231 2946 2286 passus
2977 2223 3085 2283 est,
3139 2236 3301 2274 conc.
3341 2221 3441 2290 qui
3492 2223 3719 2278 nullam

2078 2299 2467 2354 mutationem
2501 2302 2701 2370 subiit,
2759 2321 2915 2377 neg.,
2951 2313 3009 2360 et
3040 2315 3291 2380 negatur
3337 2327 3719 2382 consequen-

2077 2386 2180 2442 tia.
2224 2387 2289 2440 Ni
2320 2387 2402 2442 ita
2431 2392 2884 2461 respondeatur,
2932 2413 3246 2466 possumus
3275 2399 3336 2453 in
3368 2416 3574 2455 omnes
3606 2401 3725 2456 sive

2076 2474 2258 2530 miras
2289 2476 2408 2532 sive
2458 2480 2760 2536 naturales
2795 2499 2991 2538 rerum
3025 2487 3387 2543 mutationes
3437 2489 3721 2544 cavillari.

2075 2564 2168 2618 Sic
2200 2565 2518 2621 cavillabor
2548 2569 2609 2623 in
2643 2571 2996 2628 miraculum
3030 2575 3201 2647 virgm
3233 2578 3484 2633 Aaronis
3514 2580 3572 2633 in
3609 2596 3726 2634 ser-

2073 2659 2312 2724 pentem
2343 2662 2604 2724 mutata),
2640 2676 2770 2730 qum
2800 2669 3104 2732 serpentes
3135 2681 3203 2718 ex
3236 2666 3409 2737 virgis
3429 2668 3723 2739 zEgyptio-

2073 2759 2206 2797 rum
2258 2761 2567 2816 magorum
2615 2748 2821 2817 factos,
2857 2751 2965 2816 vel,
3011 2754 3058 2807 si
3108 2755 3200 2807 cui
3258 2755 3470 2826 placet,
3513 2774 3721 2812 earum

2073 2832 2202 2888 loco
2227 2834 2430 2890 furtim
2465 2839 2800 2908 suppositos
2833 2840 3162 2909 devoravit;
3203 2845 3382 2900 Exod.
3416 2863 3510 2912 vn,
3546 2850 3603 2910 9,
3638 2850 3726 2904 l2.

2075 2921 2161 2976 Ad
2212 2924 2549 2995 exemplum
2599 2927 2888 2982 Albertini
2938 2938 3266 3002 argutans:
3319 2933 3378 2987 id
3429 2934 3732 2990 devoravit

2073 3011 2264 3083 virgas
2279 3029 2585 3084 magorum
2609 3016 2991 3086 quodtenens
3015 3037 3196 3074 manu
3212 3021 3336 3091 proj
3355 3022 3472 3074 ecit
3493 3027 3687 3078 Aaron
3715 3041 3727 3078 :

2077 3100 2179 3154 sed
2212 3101 2430 3173 virgam
2461 3103 2769 3175 [CCXVIII]
2801 3109 3244 3179 amygdalinam
3300 3125 3369 3163 ex
3400 3113 3722 3180 concessis,

2079 3205 2199 3243 non
2232 3197 2570 3262 serpentem
2619 3194 2855 3250 tenebat
2884 3213 3065 3251 manu
3096 3204 3154 3252 et
3183 3198 3433 3269 projecit
3478 3201 3674 3254 Aaron
3709 3241 3722 3255 .

311 3295 529 3350 corpus
561 3294 736 3333 suum
768 3277 1123 3348 praedicasse
1166 3276 1238 3330 de
1274 3275 1458 3348 ﬁgura
1491 3280 1734 3328 externa
1761 3272 1952 3344 panis,
1984 3262 2026 3328 C
2068 3293 2202 3350 ergo
2234 3279 2395 3351 virga
2420 3281 2794 3354 amygdalina
2824 3290 2884 3338 et
2909 3303 3030 3341 non
3069 3303 3314 3357 serpens
3337 3304 3508 3342 verus
3533 3288 3723 3362 virgas

310 3370 434 3424 sive
467 3370 540 3423 de
591 3368 1039 3434 accidentibus;
1073 3383 1148 3422 an
1180 3366 1252 3421 de
1289 3365 1622 3421 substantia
1651 3363 1822 3435 panis
1850 3378 1964 3416 cu:-

309 3458 500 3525 lestis,
539 3459 599 3512 id
629 3464 718 3513 est
747 3457 819 3512 de
851 3456 1090 3528 proprio
1113 3471 1358 3526 corpore
1391 3453 1544 3508 suo?
1571 3453 1617 3507 si
1653 3452 1839 3523 prius,
1861 3449 1968 3505 fal-

311 3564 446 3602 sum
496 3545 832 3601 accidentia
873 3562 1001 3599 esse
1050 3561 1266 3614 corpus
1296 3543 1533 3596 Christi.
1587 3541 1643 3594 Si
1689 3540 1967 3606 alterum,

309 3637 674 3709 tantologica
696 3643 756 3691 et
771 3636 973 3706 inepta
989 3633 1312 3706 propositio
1329 3637 1419 3685 est
1440 3631 1609 3702 cujus
1627 3630 1720 3684 hic
1739 3645 1972 3708 sensus,

309 3729 414 3783 hoc
448 3743 647 3798 corpus
677 3744 854 3782 meum
884 3734 960 3781 est
991 3741 1187 3794 corpus
1218 3739 1414 3776 meum.
1453 3721 1722 3777 Ridicule
1756 3720 1971 3774 melius

311 3835 494 3889 quam
526 3817 647 3871 acri
672 3815 968 3871 secabitur
989 3813 1142 3868 male
1167 3811 1470 3882 implicata
1491 3809 1972 3879 difﬁcultas,quas

310 3923 560 3961 omnem
590 3905 1196 3960 demonstrativarum
1227 3899 1705 3973 propositionum
1732 3915 1798 3952 ac
1825 3897 1973 3952 deﬁ-

316 3995 622 4049 nitionum
665 4009 842 4048 usum
875 3991 1179 4046 subvertit.
1234 3989 1291 4042 Si
1327 3988 1461 4060 quis
1509 3986 1748 4041 Tobiam
1768 3985 1970 4056 junio-

311 4101 444 4138 rem
477 4083 549 4137 de
581 4081 877 4154 Raphaele
909 4081 1123 4136 comite
1154 4078 1582 4142 admonuisset,
1616 4076 1734 4142 hoc,
1767 4075 1857 4129 vel
1883 4075 1970 4129 hic

308 4172 495 4243 (nihil
526 4172 820 4238 interest),
872 4175 948 4224 est
981 4168 1244 4238 angelus:
1277 4182 1478 4236 quaaro
1523 4181 1668 4219 num
1695 4163 1972 4235 angelum

311 4261 701 4332 pradicasset
726 4258 795 4312 de
822 4259 1019 4330 specie
1053 4263 1297 4310 externa
1326 4253 1587 4307 hominis
1609 4269 1643 4307 a
1674 4251 1973 4323 Raphaele

312 4355 640 4421 assumpta,
702 4364 778 4402 an
814 4348 885 4402 de
937 4347 1064 4418 ipso
1104 4343 1367 4416 angelo?
1424 4342 1470 4396 si
1523 4341 1708 4412 prius,
1755 4341 1972 4396 falsum

313 4446 626 4494 externam
659 4436 918 4491 hominis
943 4434 1202 4506 speciem
1235 4431 1512 4502 angelum
1537 4430 1745 4497 esse,si
1773 4435 1975 4500 poste—

309 4530 456 4594 rius,
493 4525 822 4599 propositio
856 4531 947 4579 est
976 4522 1353 4592 tautologica,
1401 4519 1491 4574 hic
1521 4520 1746 4588 angelus
1777 4525 1853 4573 est
1880 4535 1975 4572 an-

307 4619 484 4687 gelus.

379 4705 567 4760 78.Ad
592 4706 721 4760 haec
744 4703 946 4759 omnia
964 4700 1264 4756 Albertini
1288 4701 1636 4771 argumenta
1656 4712 1841 4750 unum
1861 4713 1960 4750 re-

309 4795 605 4866 spondeo:
629 4791 916 4864 Cyrillum
939 4807 1076 4845 cum
1100 4789 1233 4845 aliis
1252 4786 1596 4842 hominibus
1618 4785 1678 4839 in
1691 4785 1965 4856 proposi-

310 4887 471 4939 tione
485 4883 724 4949 Christi,
751 4883 852 4936 hoc
866 4887 943 4936 est
955 4896 1150 4950 corpus
1162 4895 1360 4944 meum,
1378 4893 1708 4949 pronomen
1727 4877 1824 4932 hoc
1843 4893 1963 4930 non

309 4973 680 5029 intellexisse
695 4987 886 5042 neque
901 4969 973 5024 de
992 4986 1142 5041 pane
1158 4985 1277 5024 non
1294 4972 1636 5022 consecrato
1651 4966 1958 5033 distincte;

316 5079 512 5134 neque
545 5063 617 5117 de
674 5059 1083 5117 accidentibus
1113 5058 1415 5126 distincte,
1468 5072 1661 5126 neque
1711 5055 1781 5111 de
1833 5057 1962 5126 ipso

307 5152 524 5208 Christi
547 5167 794 5222 corpore
817 5151 1094 5206 distincte
1121 5166 1134 5214 ;
1161 5146 1264 5202 sed
1285 5146 1613 5218 generatim
1636 5150 1694 5199 et
1718 5145 1963 5200 confuse

308 5242 379 5298 de
413 5259 477 5297 re
513 5240 791 5296 sensibus
825 5240 1113 5311 subjecta,
1165 5253 1344 5308 quam
1370 5234 1638 5290 Christus
1687 5234 1962 5290 manibus

309 5332 635 5398 tenebat,et
664 5329 951 5384 offerebat
981 5327 1548 5400 apostolis,quaaque
1581 5328 1800 5378 statum
1832 5341 1961 5379 mu-

307 5430 464 5488 tans,
497 5422 617 5478 alio
651 5429 916 5493 tempore
947 5421 1140 5492 panis,
1171 5419 1288 5474 alio
1320 5433 1534 5488 corpus
1565 5415 1780 5469 Christi
1810 5415 1958 5482 fuit;

306 5519 482 5584 atque
515 5513 675 5566 hunc
707 5511 819 5566 sibi
853 5527 1035 5566 sacrae
1065 5506 1491 5581 propositionis
1520 5521 1763 5559 sensum
1795 5505 1964 5559 effor-

302 5601 483 5658 mavit
525 5600 574 5656 si
607 5601 1118 5657 consecrationem
1157 5597 1300 5669 ipsis
1331 5594 1525 5650 verbis
1555 5594 1660 5649 hoc
1689 5599 1787 5662 est,
1822 5599 1958 5661 etc.,

303 5692 520 5749 factam
549 5690 832 5764 putabat;
868 5691 988 5759 hoc,
1020 5705 1090 5746 ea
1137 5703 1234 5744 res
1260 5677 1437 5759 quam
1469 5683 1745 5742 manibus
1793 5690 1956 5756 gesto

2079 3383 2384 3439 magorum
2407 3370 3055 3430 devoravit.Cavillahor
3083 3382 3141 3430 et
3169 3377 3228 3430 in
3258 3378 3724 3448 propositionem

2079 3456 2315 3522 Christi,
2338 3459 2538 3514 Matth.
2571 3477 2650 3527 χι,
2683 3463 2712 3513 ὅ
2740 3478 2751 3516 :
2790 3462 2928 3510 Caeci
2961 3463 3162 3521 vident,
3193 3464 3384 3514 claudi
3411 3465 3723 3525 ambulant,

2077 3553 2241 3601 surdi
2271 3555 2534 3612 audiunt,
2568 3559 2780 3607 mortui
2815 3571 3161 3624 resurgunt:
3185 3574 3378 3628 neque
3403 3560 3559 3614 enim
3589 3561 3726 3616 caeci

2079 3633 2390 3701 viderunt;
2427 3637 2529 3691 sed
2563 3639 2662 3708 qui
2695 3646 2830 3694 ante
2858 3643 3016 3709 caeci,
3049 3644 3175 3699 sani
3210 3647 3398 3701 oculis
3432 3648 3590 3718 facti,
3615 3656 3726 3704 etc.

2079 3721 2170 3775 Ad
2220 3724 2480 3793 tertium,
2517 3729 2751 3783 tametsi
2799 3730 2896 3785 hoc
2943 3731 3001 3786 in
3049 3736 3453 3804 pr0positione
3511 3738 3725 3794 Christi

2079 3826 2201 3864 non
2230 3810 2500 3884 designet
2520 3814 2795 3872 distincte
2820 3820 3315 3893 accidentia,quia
3339 3830 3536 3879 tamen
3559 3826 3630 3880 de
3656 3828 3725 3881 si-

2078 3916 2192 3971 gno
2217 3903 2480 3972 corporis
2503 3904 2717 3960 Christi
2743 3907 2937 3977 ipsum
2960 3915 3154 3979 potest
3171 3928 3386 3982 corpus
3410 3913 3726 3984 afﬁrmari;

2079 3989 2161 4043 ita
2190 3991 2520 4061 respondeo
2549 4010 2562 4047 :
2596 3996 2724 4048 Non
2756 4003 2952 4065 potest
3009 4014 3210 4052 verum
3244 4001 3459 4055 Christi
3509 4020 3724 4075 corpus

2080 4077 2364 4134 afﬁrmari
2396 4081 2468 4135 de
2521 4098 2589 4136 eo
2622 4083 2782 4153 quod
2813 4085 3108 4156 signiﬁcat
3162 4105 3288 4143 rem
3321 4107 3452 4160 quae
3511 4093 3726 4146 Christi

2080 4189 2294 4244 corpus
2342 4172 2588 4228 minime
2623 4174 2743 4228 sit:
2776 4174 3096 4247 distinguo,
3148 4195 3278 4250 quae
3312 4197 3421 4234 nec
3474 4182 3568 4248 sit,
3617 4199 3726 4238 nec

2081 4262 2376 4334 signiticet
2405 4278 2471 4316 ac
2493 4265 2816 4328 contineat,
2849 4267 3109 4321 concedo
3137 4286 3148 4334 ;
3184 4286 3315 4340 qua;
3345 4287 3462 4324 non
3495 4271 3572 4324 sit
3601 4271 3729 4342 ipsa

2080 4350 2297 4406 Christi
2329 4352 2720 4423 corpus,illud
2757 4361 2954 4410 tamen
2987 4357 3314 4429 signiﬁcet;
3350 4376 3520 4432 nego.
3544 4361 3720 4430 Atqui

2080 4441 2176 4495 hoc
2208 4440 2502 4513 signiﬁcat
2523 4443 2854 4500 accidentia
2885 4463 3014 4515 quae
3037 4448 3252 4501 Christi
3284 4464 3497 4518 corpus
3519 4465 3721 4505 revera

2080 4546 2200 4584 non
2232 4531 2502 4596 sunt,sed
2530 4537 2726 4587 tamen
2758 4535 3096 4605 signiﬁcent
3126 4541 3183 4590 et
3212 4538 3724 4607 contineant,con-

1993 4616 2038 4677 υ
2068 4619 2212 4673 cedo
2240 4636 2253 4685 ;
2287 4637 2418 4689 qua)
2449 4621 2661 4676 Christi
2694 4640 2908 4693 corpus
2938 4641 3048 4679 nec
3070 4625 3209 4690 sint,
3236 4642 3346 4681 nec
3377 4627 3719 4699 signiﬁcent

2073 4724 2140 4763 ac
2172 4709 2541 4774 contineant,
2574 4727 2722 4782 nego
2751 4729 2763 4778 ;
2799 4712 3023 4768 sufﬁcit
3053 4715 3271 4784 quippe
3304 4721 3369 4769 ut
3398 4733 3492 4770 res
3523 4716 3724 4788 aliqua

2073 4797 2309 4869 signum
2341 4798 2418 4852 sit
2442 4798 2781 4864 alterius,ut
2811 4801 2936 4856 haec
2965 4803 3037 4857 de
3069 4803 3173 4857 illa
3203 4804 3488 4859 afﬁrmari
3511 4806 3718 4876 possit.

2071 4887 2187 4940 Nec
2218 4886 2570 4958 repugnabit
2598 4888 3068 4961 Albertinus,qui
3103 4908 3208 4946 suo
3239 4891 3342 4946 illo
3373 4899 3720 4964 argumento

2071 4981 2256 5029 totam
2284 4975 2686 5031 Calvinianam
2713 4978 3089 5049 hypothesim
3117 4981 3323 5036 evertit
3350 4983 3716 5053 imprudens.

2073 5067 2160 5120 Ad
2195 5066 2468 5121 eumdem
2493 5070 2652 5122 enim
2683 5070 2925 5125 modum
2948 5071 3226 5126 adversus
3257 5073 3448 5143 ipsum
3474 5089 3720 5145 arguere

2073 5156 2229 5211 licet.
2285 5159 2409 5210 Non
2459 5163 2653 5227 potest
2691 5159 2976 5215 afﬁrmari
3029 5178 3241 5232 corpus
3287 5163 3504 5216 Christi
3537 5163 3608 5217 de
3650 5179 3716 5216 eo

2073 5245 2229 5315 quod
2261 5245 2506 5300 minime
2547 5247 2760 5302 Christi
2793 5265 3005 5320 corpus
3038 5252 3131 5305 sit.
3171 5253 3330 5308 Hanc
3362 5254 3718 5325 propositio-

2071 5350 2207 5388 nem
2242 5336 2520 5404 supponit
2553 5337 2682 5406 ejus
2703 5340 3282 5409 argumentatio.Sed
3317 5344 3550 5414 signum
3583 5359 3717 5397 cor-

2071 5423 2232 5493 poris
2264 5422 2478 5476 Christi
2509 5423 2778 5492 ejusdem
2810 5428 3396 5501 exclusivum,qualis
3426 5431 3582 5502 apud
3614 5447 3715 5486 eos

2072 5517 2162 5567 est
2193 5512 2363 5583 panis
2413 5514 2862 5582 eucharisticus,
2911 5533 3029 5571 non
3061 5525 3151 5573 est
3203 5537 3416 5592 corpus
3447 5521 3662 5575 Christi
3699 5535 3712 5573 :

2069 5618 2191 5656 non
2223 5606 2418 5672 potest
2440 5601 2616 5674 igitur
2637 5601 2708 5657 de
2733 5619 2882 5674 pane
2906 5607 3486 5674 eucharistico,nudo
3501 5607 3714 5662 Christi

2069 5691 2333 5764 corporis
2359 5690 2547 5764 signo,
2571 5692 2786 5749 Christi
2812 5710 3025 5767 corpus
3056 5695 3367 5752 afﬁrmari.
3403 5698 3532 5750 Non
3564 5694 3714 5748 eﬂ'u-
