4134 6264
427 317 547 379 259

1588 309 1690 368 DE
1732 304 2137 367 DOCTRINA
2180 305 2244 364 S.
2292 304 2632 368 CYRILLI.

3717 309 3838 371 260

423 447 682 522 giet,nisi
703 445 839 502 dato
863 461 897 500 a
919 461 1012 500 me
1030 443 1104 498 ad
1127 458 1301 498 suum
1319 447 1734 514 argumentum
1756 453 2066 510 responso.
2098 436 2154 502 Α
2185 436 2247 492 in
2277 439 2679 496 anterioribus
2728 447 2787 497 et
2814 440 3321 512 consequentibus
3372 441 3716 497 testimonia
3755 443 3825 497 de

422 539 512 594 Ad
541 542 820 608 quartum
861 536 990 606 ejus
1022 538 1436 605 argumentum
1469 531 1661 586 venio.
1694 527 2074 599 Tautologica

424 633 484 683 et
514 627 715 696 inepta
744 623 1072 695 propositio
1105 627 1193 676 est
1224 637 1354 692 quae
1386 620 1544 674 idem
1576 619 1647 673 de
1681 617 1888 672 eodem
1920 615 2077 671 afﬁr-

422 723 566 772 mat.
605 715 715 770 Sed
748 715 796 770 si
828 715 890 768 in
940 713 1153 768 Christi
1185 711 1612 783 propositione,
1647 709 1744 763 hoc
1779 706 2074 778 signiﬁcat

427 823 642 878 corpus
673 804 909 868 Christi,
935 803 1091 857 idem
1122 801 1194 855 de
1222 800 1430 855 eodem
1461 799 1828 853 afﬁrmatur:
1860 807 2071 866 Corpus

425 903 632 951 Christi
660 910 737 950 est
768 915 968 962 corpus
1001 899 1232 948 Christi.
1256 890 1437 961 Igitur
1463 890 1560 943 hoc
1584 888 1644 941 in
1667 887 2071 959 propositione

417 986 637 1042 Christi
670 1000 884 1055 corpus
916 983 1046 1054 ejus
1078 982 1409 1053 signiﬁcare
1441 979 1666 1050 nequit.
1695 977 2064 1049 Respondeo,

422 1073 781 1145 tautologica
810 1071 1134 1143 propositio
1169 1074 1276 1132 est,
1309 1085 1440 1138 quae
1471 1066 1626 1121 idem
1661 1065 1936 1120 distincte
1970 1080 2069 1118 co-

413 1163 644 1234 gnitum
658 1162 730 1216 de
747 1161 953 1216 eodem
968 1159 1242 1213 distincte
1257 1157 1489 1229 cognito
1504 1154 2063 1222 afﬁrmat,concedo;

413 1269 546 1321 quas
578 1251 737 1305 idem
791 1249 1068 1303 distincte
1099 1247 1400 1318 cognitum
1449 1244 1520 1299 de
1553 1244 1763 1299 eodem
1819 1243 2062 1298 confuse

415 1345 647 1396 tantum
679 1345 736 1393 et
764 1337 1104 1392 indistincte
1139 1335 1372 1406 cognito
1406 1339 1463 1388 et
1492 1333 1772 1398 indicato,
1818 1334 2061 1404 nego.In

414 1428 820 1499 propositione
853 1432 1051 1481 autem
1083 1423 1377 1486 Christi,si
1411 1423 1508 1475 hoc
1533 1422 1827 1493 signiﬁcet
1847 1438 2062 1492 corpus

415 1517 567 1587 ejus,
601 1516 760 1570 idem
813 1515 1090 1568 distincte
1120 1513 1419 1584 cognitum
1451 1510 1523 1564 de
1576 1510 1782 1566 eodem
1816 1508 2061 1565 confuse

414 1605 650 1676 cognito
679 1609 736 1657 et
764 1602 1024 1657 indicato
1057 1599 1674 1662 afﬁrmatur,concedo
1701 1616 1714 1664 ;
1743 1599 2057 1665 aliter;ne-

412 1711 504 1766 go.
539 1695 758 1764 Nempe
800 1689 1077 1745 inscienti
1111 1688 1250 1760 quid
1286 1689 1363 1743 sit
1392 1688 1781 1752 Eucharistia,
1815 1688 1903 1742 vel
1935 1705 2055 1743 non

2183 529 2501 598 praesentia
2532 531 2795 602 corporis
2842 536 2902 586 et
2948 531 3254 604 sanguinis
3297 532 3534 597 Christi,
3576 532 3638 586 in
3690 549 3822 602 qua:

2183 617 2356 686 panis
2387 634 2454 673 ac
2485 620 2684 674 vinum
2717 626 2942 676 mutata
2969 621 3266 676 dicuntur.
3301 621 3591 684 Secundo,
3625 628 3826 678 muta-

2184 707 2406 761 tionem
2428 708 2545 763 vini
2576 709 2638 764 in
2661 711 3011 782 sanguinem
3043 726 3110 765 ea
3130 711 3360 765 ratione
3383 711 3825 768 credibiliorem

2181 795 2396 863 reddit,
2431 797 2587 867 quod
2636 798 2684 852 si
2728 815 2882 869 aqua
2935 804 3328 854 transmutata
3356 805 3446 853 est
3490 799 3550 854 in
3599 801 3824 869 vinum,

2183 882 2548 954 disparatum
2569 902 2603 941 a
2624 902 2686 941 se
2703 887 3095 953 elementum;
3121 886 3354 941 facilior
3369 888 3624 958 quodam
3647 890 3827 945 modo

2180 973 2368 1028 altera
2388 974 2509 1028 vini
2532 976 2591 1030 in
2611 977 2959 1048 sanguinem
2979 976 3387 1044 mutatio,cum
3407 978 3562 1032 inter
3582 983 3827 1035 naturas

2180 1063 2383 1118 ambas
2406 1065 2594 1120 multa
2623 1065 2953 1120 intercedat
2973 1065 3506 1133 necessitudo,tum
3527 1069 3818 1124 naturalis

2179 1157 2304 1206 tum
2353 1154 2621 1224 mystica.
2655 1156 2738 1209 Ea
2781 1159 3068 1225 praeterea
3111 1154 3231 1208 vini
3289 1160 3348 1209 et
3377 1156 3681 1228 sanguinis
3714 1174 3822 1228 op-

2176 1242 2414 1313 positio,
2439 1249 2498 1297 et
2517 1249 2904 1315 utrarumque
2927 1261 3125 1300 rerum
3161 1245 3619 1301 necessitudinis
3651 1263 3822 1303 men-

2175 1330 2276 1398 tio,
2303 1338 2715 1403 argumentum
2741 1341 2830 1389 est
2849 1335 2940 1406 agi
2967 1339 3033 1388 ut
3050 1333 3119 1389 de
3140 1350 3277 1388 vero
3303 1338 3361 1388 et
3384 1335 3638 1389 naturali
3663 1337 3816 1405 vino,

2173 1419 2255 1473 ita
2285 1425 2342 1474 et
2371 1421 2442 1475 de
2468 1437 2603 1476 vero
2634 1440 2699 1478 ac
2725 1424 2982 1478 naturali
3015 1423 3392 1495 sanguine,in
3415 1441 3593 1496 quem
3615 1424 3819 1480 vinum

2172 1513 2632 1565 transmutatum
2656 1513 2728 1566 sit
2751 1529 2763 1566 :
2784 1513 2951 1567 nulla
2969 1513 3128 1566 enim
3152 1513 3308 1566 inter
3324 1511 3525 1566 vinum
3545 1513 3816 1568 naturale

2171 1603 2229 1651 et
2253 1599 2452 1654 vinum
2479 1601 2638 1670 quod
2669 1600 3154 1656 denominatione
3187 1601 3313 1656 sola
3343 1602 3583 1673 sanguis
3613 1603 3822 1668 sit,na-

2167 1690 2435 1742 turarum
2467 1691 2759 1760 oppositio
2794 1697 2851 1745 et
2881 1691 3258 1746 necessitudo
3290 1708 3303 1757 ;
3336 1707 3456 1746 una
3486 1691 3814 1762 eademque

419 1783 563 1837 satis
595 1781 827 1848 scienti,
877 1780 1112 1840 dicitur,
1145 1780 1242 1832 hoc
1281 1777 1437 1848 quod
1471 1777 1632 1832 vides
1664 1783 1721 1831 et
1767 1777 1870 1830 tibi
1903 1794 2053 1848 praa-
2089 1803 2134 1867 Β
2167 1783 2379 1832 natura
2411 1784 2519 1832 est.
2553 1781 2765 1835 Tertio.
2799 1780 2942 1834 Cum
2978 1788 3235 1837 Christus
3263 1789 3336 1837 ad
3364 1790 3674 1849 corporales
3705 1807 3820 1838 nu-

412 1889 551 1927 sens
583 1877 692 1938 est,
726 1887 940 1942 corpus
991 1874 1081 1923 est
1109 1867 1342 1923 Christi.
1380 1867 1434 1921 Si
1485 1866 1705 1920 valeret
1745 1867 1853 1920 hoc
1883 1883 2053 1938 argu-

410 1967 778 2024 mentum,ex
808 1959 1077 2014 oratione
1109 1959 1370 2012 humana
1395 1956 1670 2010 tollendas
1702 1955 1898 2010 forent
1927 1973 2055 2010 om-

408 2069 516 2106 nes
547 2049 983 2121 pr0positiones
1026 2047 1503 2101 demonstrativae
1533 2062 1600 2100 ac
1632 2045 2011 2099 deﬁnitiones
2039 2062 2052 2100 :

407 2141 468 2194 in
507 2139 719 2210 quibus
754 2138 973 2192 idcirco
1010 2135 1330 2207 tautologia
1350 2135 1788 2205 evitatur,quod
1820 2135 1884 2189 in
1912 2152 2056 2206 prai-

405 2229 598 2284 dicato
626 2228 800 2282 datur
811 2227 974 2281 notio
990 2225 1267 2280 distincta
1289 2224 1738 2295 subjecti,cujus
1754 2225 1841 2278 vel
1867 2225 2053 2292 nulla,

407 2319 495 2374 vel
551 2318 796 2373 confusa
838 2321 1068 2371 tantum
1127 2331 1236 2368 nec
1283 2314 1426 2368 satis
1480 2314 1789 2385 explicata,
1851 2313 2056 2368 haberi

405 2409 759 2464 censebatur
790 2407 1021 2462 notitia.
1056 2406 1168 2460 Sed
1196 2405 1376 2460 nimis
1409 2404 1578 2475 plura
1609 2403 1680 2458 de
1713 2405 1874 2459 tricis
1906 2405 2052 2476 logi-

405 2499 579 2565 cis,in
611 2498 826 2568 quibus
859 2496 999 2550 dum
1030 2496 1362 2550 Catholicos
1393 2494 1681 2566 impedire
1713 2494 1924 2548 nititur
1953 2493 2054 2548 Αι-

403 2587 696 2652 bertinus,
731 2602 793 2639 se
824 2585 951 2655 ipse
982 2585 1168 2655 magis
1203 2583 2050 2653 inextricabiliterimplicavit.

404 2676 471 2728 In
505 2675 697 2745 primo
733 2674 843 2726 hoc
879 2678 1226 2744 argumento
1259 2671 1547 2742 prolixius
1579 2677 1843 2726 versatus
1878 2688 2009 2726 sum
2037 2689 2049 2727 :

405 2769 619 2818 caetera
649 2761 880 2816 brevius
912 2760 1241 2831 expediam.

871 2866 1154 2905 SECUNDUM
1200 2866 1586 2905 ARGUMENTUM.

477 2943 568 2996 79.
603 2941 687 2995 Ab
751 2941 844 2995 his
890 2939 1091 3012 Cyrilli
1137 2939 1329 2994 verbis
1378 2939 1749 3010 depromitur
1794 2945 1904 2995 cat.
1960 2944 2049 3008 22,

405 3050 464 3087 n.
499 3033 551 3099 3,
587 3040 806 3104 Aquam
852 3040 989 3087 olim
1022 3040 1079 3086 in
1134 3039 1332 3086 vinum
1361 3038 1506 3101 quod
1555 3039 1829 3100 sanguini
1875 3041 2053 3102 afﬁne

402 3138 501 3187 est,
534 3131 595 3178 in
628 3130 777 3178 Cana
813 3129 1064 3177 Galilazw
1111 3127 1538 3176 transmutavit:
1569 3137 1618 3176 et
1666 3143 1793 3176 eum
1833 3143 2046 3188 parum

399 3207 660 3282 [CCXIX]
693 3217 934 3278 dignum
983 3216 1436 3264 existimabimus
1472 3217 1566 3263 cui
1595 3217 1886 3264 credamus
1917 3232 2044 3264 cum

397 3308 599 3355 vinum
629 3307 691 3354 in
717 3307 1055 3367 sanguinem
1087 3307 1491 3354 transmutavit
1514 3307 1537 3352 f
1566 3305 1650 3353 Ad
1679 3306 1910 3367 nuptias
1932 3322 2048 3354 eor-

386 3396 615 3457 porales
669 3403 910 3450 vocatus,
942 3395 1284 3456 stupendum
1323 3394 1421 3442 hoc
1448 3395 1798 3444 miraculum
1827 3397 2009 3458 eﬂ‘ecit
2028 3411 2046 3444 :

396 3492 576 3532 etnon
601 3498 729 3531 eum
768 3483 948 3530 multo
968 3484 1153 3544 magis
1171 3483 1315 3546 ﬁliis
1357 3483 1594 3532 thalami
1615 3485 1894 3546 nuptialis
1911 3478 2047 3547 (hoc

397 3569 487 3619 est
518 3563 824 3634 apostolis,
860 3563 1060 3619 Matth.
1096 3580 1169 3617 lx.
1207 3566 1329 3633 15);
1364 3587 1561 3633 corpus
1607 3581 1655 3621 et
1705 3574 2042 3636 sanguinem

395 3676 565 3709 suum
596 3659 847 3721 fruenda
875 3661 1104 3709 donasse
1138 3661 1526 3724 conﬁtebimur
1547 3659 1570 3705 9
1599 3654 1795 3708 Primo
1823 3655 2040 3711 diserte

392 3742 497 3807 ait,
529 3751 729 3799 vinum
765 3749 828 3798 in
860 3750 1196 3812 sanguinem
1228 3758 1261 3796 a
1290 3743 1518 3796 Christo
1551 3759 2042 3813 transmutatum;

393 3831 632 3896 deinde,
654 3831 1043 3885 mutationem
1058 3831 1211 3885 hanc
1225 3837 1529 3902 comparat
1542 3833 1852 3887 mutationi
1870 3850 2038 3904 aqua)

392 3919 452 3973 in
487 3920 726 3974 vinum:
762 3920 888 3974 haec
938 3925 1138 3974 autem
1171 3921 1418 3974 mutatio
1467 3920 1873 3975 substantialis
1927 3927 2034 3976 est.

391 4009 574 4081 Igitur
605 4014 664 4064 et
713 4008 818 4064 illa
849 4009 1261 4064 eucharistica.
1295 4011 1432 4075 Quas
1482 4015 1680 4064 autem
1712 4011 1958 4065 mutatio
2004 4028 2038 4065 a

389 4098 750 4153 Calvinianis
781 4099 1318 4170 agnoscitur.panis
1349 4099 1631 4153 nimirum
1665 4099 1724 4152 id
1757 4099 1915 4169 quod
1947 4106 2038 4154 est

385 4188 706 4253 manentis,
757 4188 816 4240 in
851 4204 1064 4257 panem
1111 4187 1372 4257 corporis
1413 4188 1627 4242 Christi
1681 4189 1928 4258 ﬁguram
1978 4195 2036 4244 et

388 4275 717 4331 efﬁcaciam
749 4275 1159 4330 continentem
1188 4292 1202 4340 ;
1243 4292 1311 4330 ea
1342 4276 1598 4346 primum
1633 4278 1878 4332 mutatio
1911 4295 2034 4334 non

387 4364 606 4432 est,sed
638 4381 801 4418 novas
834 4368 1064 4418 tantum
1098 4363 1401 4432 qualitatis
1432 4364 1704 4435 adjectio.
1741 4367 2034 4422 Prmterea

385 4454 602 4508 similis
644 4458 733 4508 est
776 4453 973 4524 plane,
1007 4453 1124 4506 imo
1157 4459 1215 4506 et
1258 4452 1521 4516 inferior,
1556 4455 1867 4510 mutationi
1899 4474 2030 4528 quas

2160 1874 2317 1935 ptias
2332 1877 2913 1936 vocatus,stupendum
2931 1878 3274 1925 miraculum
3293 1873 3628 1924 exterorum
3650 1870 3819 1925 nulla

2170 1954 2282 2008 sibi
2305 1954 2705 2010 familiaritate
2739 1957 3194 2028 conjunctorum
3227 1957 3286 2011 in
3310 1958 3558 2030 gratiam
3585 1969 3818 2029 fecerit;

2169 2043 2438 2098 decuisse
2471 2045 2764 2116 signiﬁcat
2795 2046 3046 2116 Cyrillus
3078 2052 3142 2100 ut
3170 2048 3475 2117 apostolis,
3509 2047 3815 2104 sodalibus

2167 2133 2443 2188 etamicis
2458 2135 2601 2200 suis,
2626 2151 2988 2206 suarumque
3001 2135 3188 2206 ipsius
3203 2136 3560 2206 spiritalium
3577 2139 3814 2208 nuptia-

2167 2239 2298 2276 rum
2320 2223 2706 2294 participibus
2732 2223 2795 2290 (ii
2821 2224 2980 2278 enim
3005 2230 3143 2277 sunt
3162 2223 3269 2277 ﬁlii
3294 2225 3538 2279 thalami
3564 2242 3812 2296 sponsa-

2165 2309 2242 2365 lis
2271 2312 2469 2366 Matth.
2507 2330 2578 2379 ix,
2618 2316 2724 2382 15),
2761 2313 3235 2384 magniﬁcentius
3269 2314 3566 2383 quoddam
3598 2314 3814 2370 divinas

2165 2416 2286 2454 suae
2317 2403 2596 2472 potentias
2624 2419 2839 2456 munus
2869 2401 3292 2473 impertiret.ln
3319 2403 3661 2460 Calviniana
3681 2422 3817 2460 sen-

2167 2492 2371 2550 tentia.
2404 2493 2600 2564 major
2628 2499 2718 2548 est
2762 2492 2972 2547 divinae
3005 2493 3284 2564 potentiaa
3319 2495 3566 2549 effectus
3597 2512 3814 2566 aquam

2165 2580 2227 2634 in
2249 2581 2452 2636 vinum
2479 2588 3026 2653 convertere,quam
3058 2598 3273 2653 panem
3305 2589 3364 2637 et
3394 2584 3592 2638 vinum
3628 2587 3817 2657 ﬁgura

2165 2671 2224 2720 et
2245 2667 2456 2722 virtute
2477 2669 2691 2722 Christi
2712 2670 2977 2740 corporis
3000 2675 3057 2724 et
3088 2671 3395 2741 sanguinis
3420 2671 3814 2728 donare.Plus

2164 2755 2341 2827 igitur
2372 2763 2528 2812 esset
2576 2759 2638 2812 in
2671 2759 2896 2829 nuptiis
2927 2760 3101 2815 Canta
3126 2776 3305 2831 quam
3349 2761 3409 2815 in
3441 2762 3812 2818 Eucharistia

2162 2846 2373 2902 divinae
2397 2849 2707 2918 potestatis
2722 2850 3200 2904 exsertum.lllud
3219 2867 3350 2906 vero
3374 2852 3628 2923 amplius
3650 2852 3810 2924 quod

2163 2937 2409 2992 thalami
2445 2937 2584 2991 ﬁliis
2615 2953 2648 2991 a
2679 2938 2906 2992 Christo
2932 2955 3283 2994 concessum
3308 2941 3682 3012 aitCyrillus,
3718 2948 3809 2997 est

2158 3037 2252 3084 sui
2271 3027 2457 3098 ipsius
2473 3037 2718 3096 corporis
2737 3043 2787 3083 et
2807 3038 3113 3099 sanguinis
3142 3038 3374 3098 finitio,
3407 3031 3806 3103 participatio,

2163 3117 2478 3188 possessio.
2529 3118 2573 3170 Ii
2626 3135 2862 3188 quoque
2907 3129 3025 3191 ﬁlii
3073 3129 3326 3186 thalami,
3377 3130 3550 3178 amici
3595 3132 3808 3192 sponsi,

2160 3212 2330 3261 erant
2349 3211 2636 3277 praeterea
2657 3224 2888 3278 sponsas
2912 3209 3126 3264 Christi
3148 3227 3160 3276 ;
3186 3227 3438 3280 quorum
3463 3211 3807 3281 spirituales

2159 3313 2294 3350 cum
2317 3297 2546 3351 Christo
2570 3297 2886 3366 nuptiae,“
2911 3297 3180 3352 doctrina
3200 3300 3438 3354 Patrum
3457 3317 3562 3371 per
3583 3302 3804 3356 Eucha-

2157 3385 2341 3439 ristiaa
2356 3385 2871 3457 participationem
2887 3394 3313 3443 consummatae
3328 3390 3718 3454 sunt.Quibus
3739 3391 3800 3446 in

2157 3475 2381 3544 nuptiis
2407 3475 2634 3545 [CCXX]
2658 3498 2769 3530 non
2790 3483 2899 3547 ﬁde
2913 3485 3049 3541 sola,
3063 3485 3155 3533 sed
3168 3500 3225 3533 re
3237 3485 3360 3546 ipsa
3373 3501 3470 3533 nos
3483 3501 3657 3535 unum
3673 3503 3799 3536 cum

2157 3571 2376 3620 Christo
2407 3587 2605 3633 corpus
2635 3573 2785 3636 efﬁci
2815 3573 3021 3620 docent.
3041 3566 3126 3619 Ita
3143 3566 3466 3637 Chrysost.,
3493 3576 3553 3623 in
3582 3577 3801 3637 Matth.,

2154 3652 2315 3708 hom.
2347 3654 2437 3723 83,
2473 3669 2601 3724 pag.
2632 3654 2754 3708 868.
2808 3652 2954 3707 Vide
2986 3655 3189 3708 Patres
3219 3654 3367 3709 alios
3408 3672 3440 3709 a
3472 3655 3644 3710 nobis
3677 3656 3801 3711 lau-

2153 3742 2322 3797 datos
2346 3743 2405 3796 in
2439 3749 2578 3796 nota
2599 3742 2673 3796 ad
2704 3742 2864 3796 hunc
2886 3741 3086 3812 Cyrilli
3111 3759 3286 3812 quem
3311 3744 3701 3814 expendimus
3720 3747 3802 3802 lo-

2153 3847 2308 3886 cum.
2344 3831 2476 3884 Haec
2503 3846 2682 3885 causa
2719 3847 2824 3884 cur
2853 3829 3107 3900 Cyrillus
3135 3840 3280 3903 ﬁliis
3302 3840 3540 3890 thalami
3578 3851 3793 3890 conce-

2151 3919 2406 3975 dendam
2428 3918 2610 3974 fuisse
2629 3919 2905 3973 aChristo
2929 3918 3086 3974 dicat
3103 3920 3190 3974 sui
3213 3921 3477 3992 corporis
3495 3926 3799 3994 etsangui-

2150 4010 2244 4064 nis
2269 4008 2736 4063 fruitionem.Vis
2759 4008 2937 4079 hujus
2951 4010 3281 4080 argumenti
3303 4027 3370 4064 ex
3393 4011 3485 4081 obj
3497 4013 3796 4069 ectionum

2149 4098 2554 4154 confutatione
2586 4097 2771 4168 magis
2803 4097 3099 4153 elucescet
3127 4106 3186 4154 et
3214 4100 3683 4158 conﬁrmabitur.

2219 4189 2306 4242 80.
2338 4186 2681 4241 Albertinus
2712 4186 2890 4256 hujus
2939 4189 3270 4258 argumenti
3304 4190 3417 4243 vim
3451 4208 3628 4260 prava
3671 4193 3791 4262 pri-

2146 4294 2308 4333 mum
2340 4276 2540 4347 Cyrilli
2573 4275 2885 4330 verborum
2920 4276 3662 4348 interpretatione,deinde
3695 4299 3789 4337 va-

2146 4367 2250 4420 riis
2272 4364 2708 4437 objectionibus
2730 4364 2971 4419 eludere
2994 4367 3362 4421 conatur.Sic
3391 4368 3590 4438 Cyrilli
3616 4371 3794 4426 verba

2144 4454 2357 4510 refert:
2392 4462 2478 4511 Ad
2523 4461 2754 4522 nuptias
2806 4462 3114 4523 corporales
3159 4473 3398 4522 vocatus,
3451 4467 3791 4516 miraculose

385 4559 457 4597 ex
486 4544 690 4614 Cyrilli
742 4544 1038 4599 sententia
1069 4542 1522 4613 baptismalibus
1554 4545 1724 4614 aquis
1773 4552 1830 4599 et
1865 4564 2030 4601 sacro
2059 4535 2106 4600 D
2140 4554 2200 4602 id
2222 4569 2358 4614 opus
2392 4552 2537 4616 ﬁliis
2577 4551 2815 4600 thalami
2843 4553 3124 4612 sponsalis
3145 4554 3498 4614 paradoxum
3530 4566 3791 4617 operatus

384 4629 691 4686 chrismati
742 4649 848 4703 per
877 4631 1155 4687 Ecclesiae
1204 4648 1410 4702 preces
1443 4632 1709 4699 accedit;
1742 4634 1834 4688 his
1867 4636 2026 4690 enim

383 4719 552 4774 adest
578 4720 705 4790 ipsa
730 4737 825 4775 res
844 4738 1019 4792 quam
1055 4721 1348 4793 ﬁgurant;
1383 4721 1832 4792 baptismalibus
1849 4725 2025 4780 undis

381 4808 569 4880 gratia
600 4809 850 4879 Spiritus
880 4811 1067 4865 sancti
1092 4811 1351 4865 animam
1376 4809 1646 4873 abluens.
1681 4818 1791 4866 cat.
1818 4815 1866 4877 3,
1903 4816 2020 4883 n.4,

382 4915 548 4953 sacro
580 4899 886 4954 chrismati
937 4900 1122 4955 sancti
1155 4901 1406 4971 Spiritus
1457 4901 1742 4971 antitypo,
1786 4906 1896 4955 cat.
1935 4905 2022 4968 21,

381 5002 439 5039 n.
478 4987 524 5051 1,
558 4987 828 5056 ejusdem
860 4988 1180 5043 divinitatis
1212 4989 1551 5059 praesentia,
1599 4987 1742 5042 ibid.
1777 5005 1836 5043 n.
1879 4991 1930 5045 3.
1965 4994 2025 5045 at

381 5076 700 5146 ﬁguratum
731 5092 765 5130 a
795 5075 1134 5131 Calviniano
1183 5093 1335 5146 pane
1367 5077 1580 5130 Christi
1615 5093 1850 5149 corpus,
1903 5084 2024 5135 tota

377 5166 507 5219 cmli
543 5165 826 5220 distantia
857 5165 928 5220 ab
961 5183 1030 5221 eo
1061 5166 1568 5238 abest.Nunquam
1601 5173 1799 5223 tamen
1831 5170 2021 5241 Cyril—

378 5253 472 5308 lus
502 5255 704 5325 gratim
737 5255 1158 5319 accessionem,
1193 5271 1322 5325 quin
1359 5254 1814 5326 baptismalibus
1846 5259 2020 5316 undis

375 5359 660 5414 sacroque
689 5343 993 5399 chrismati
1024 5342 1280 5412 advenit,
1302 5343 1425 5399 ulla
1451 5349 1775 5402 mutationis
1805 5349 2019 5419 appel-

370 5433 592 5489 latione
628 5420 970 5508 designavit.
1005 5435 1266 5489 Tandem
1296 5451 1370 5489 ne
1401 5452 1530 5489 eam
1561 5436 1622 5490 in
1654 5439 2022 5494 Eucharistia

370 5524 762 5579 mutationem
815 5523 1217 5596 intelligamus
1251 5540 1280 5576 e
1322 5539 1439 5594 qua
1467 5524 1685 5581 Christi
1718 5544 1933 5599 corpus
1963 5534 2023 5584 et

372 5614 612 5687 sanguis
639 5613 1062 5684 absit,obstant
1082 5613 1303 5668 diserta
1327 5630 1461 5670 cum
1485 5615 1546 5670 in
1570 5615 1698 5686 ipso
1721 5616 1872 5686 loco,
1896 5624 2022 5674 tum

2135 4651 2235 4690 est.
2267 4635 2438 4688 Canae
2495 4631 2766 4687 convivas
2811 4632 2966 4687 ﬁlios
2998 4632 3245 4688 thalami
3296 4636 3592 4706 sponsalis
3621 4636 3785 4707 facit,

2136 4725 2235 4796 qui
2270 4729 2408 4778 sunt
2436 4721 2688 4793 apostoli
2713 4721 2942 4777 Christo
2963 4722 3092 4794 ipso
3123 4724 3444 4796 interprete
3475 4727 3674 4781 Matth.
3704 4747 3789 4800 ix,

2137 4819 2199 4868 15
2226 4831 2238 4879 ;
2274 4813 2455 4868 ethac
2477 4812 2968 4883 interpretatione
2986 4815 3317 4885 argumenti
3335 4816 3638 4887 Cyrilliani
3660 4819 3773 4873 vim

2134 4903 2344 4968 aufert,
2362 4918 2479 4972 qua
2503 4901 2557 4955 S.
2591 4903 2765 4956 Pater
2795 4902 3091 4957 Christum
3124 4905 3354 4975 majora
3384 4907 3507 4960 suis
3540 4913 3778 4978 aposto—

2133 4993 2207 5048 lis
2239 5009 2304 5047 ac
2333 4991 2656 5053 sodalibus,
2689 5008 2868 5062 quam
2900 4992 3116 5064 ignotis
3147 4993 3320 5048 Cana;
3349 4996 3605 5050 convivis
3632 5015 3777 5068 pras-

2135 5089 2289 5137 stare
2320 5080 2594 5136 debuisse
2640 5080 2830 5137 docet.
2865 5080 2976 5136 Sed
3025 5082 3262 5153 ignosco
3311 5084 3579 5139 codicem
3626 5085 3778 5140 forte

2133 5171 2394 5242 aliquem
2420 5170 2601 5225 verba
2621 5172 2736 5229 τοῖς
2761 5168 2899 5230 υἱοῖς
2931 5172 3028 5221 τοῦ
3059 5173 3350 5246 νυμφῶνος
3376 5177 3777 5245 transponen-

2132 5268 2250 5317 tem
2283 5266 2482 5316 secuto
2511 5277 2523 5327 ;
2557 5259 2716 5331 quod
2743 5259 2982 5330 quidem
3035 5260 3246 5316 saltem
3291 5261 3551 5317 indicare
3601 5280 3777 5334 opor-

2132 5357 2343 5407 tuerat.
2398 5351 2485 5405 Ad
2515 5354 2930 5422 argumentum
2961 5352 3217 5420 reponit,
3251 5351 3310 5404 l°
3342 5357 3466 5406 tum
3497 5369 3566 5407 ex
3595 5370 3774 5408 voca-

2130 5442 2268 5497 bulo
2302 5441 2778 5496 transmutationis
2808 5438 2867 5493 in
2897 5444 3240 5510 sanguinem,
3276 5448 3400 5497 tum
3435 5459 3504 5498 ex
3535 5460 3772 5515 compa~

2129 5532 2356 5587 ratione
2390 5528 2776 5584 Eucharistiaz
2809 5545 2944 5584 cum
2967 5546 3123 5601 aqua
3153 5531 3213 5585 in
3246 5530 3446 5586 vinum
3471 5549 3776 5603 conversa,

2135 5619 2596 5677 substantialem
2627 5619 2749 5674 vini
2773 5619 2835 5675 in
2864 5621 3214 5693 sanguinem
3245 5622 3460 5679 Christi
3492 5628 3784 5682 transmu-
