4108 6270
256 338 384 399 261

1633 331 2147 395 DISSER'I‘ATIO
2191 333 2301 394 IIl.

3573 342 3692 403 262

265 470 557 526 tationem
612 473 848 524 certum
893 467 1090 541 colligi
1142 483 1262 523 non
1326 484 1540 540 posse:
1595 466 1924 538 quoniam:
1958 468 2008 532 Α
2040 465 2260 521 monii:
2291 469 2514 537 patere.
2551 465 2723 522 Nulla
2751 470 2983 538 poterat
3004 467 3077 523 ad
3109 469 3465 528 catholicam
3506 473 3688 532 ﬁdem

265 564 326 614 1ο
361 562 564 614 Patres
596 558 810 614 eodem
847 557 1362 613 transmutationis
1391 557 1672 612 vocabulo
1705 554 1928 627 passim

267 655 522 704 utuntur
555 650 619 703 in
649 648 852 715 rebus,
895 663 1042 718 quas
1091 664 1213 702 non
1263 647 1615 715 substantia,
1667 645 1771 701 sed
1802 644 1930 699 sola

272 739 561 810 qualitate
594 737 815 792 mutari
847 742 1074 792 certum
1109 742 1218 792 est.
1254 737 1345 791 Sic
1376 737 1546 792 aiunt
1588 734 1928 807 spirituales

270 829 548 884 homines
581 827 646 882 in
672 827 920 899 angelos
951 827 1356 889 transmutari,
1409 825 1678 881 carnales
1710 825 1770 879 in
1803 823 1926 878 δει-

274 918 423 985 luas,
456 921 601 984 etc.,
643 915 951 986 multaque
1002 915 1236 988 generis
1286 915 1554 987 ejusdem
1588 913 1931 969 testimonia

279 1006 559 1062 cumulat.
596 1005 868 1059 Secundo
909 1009 1129 1069 autem,
1164 1004 1322 1074 quod
1352 1005 1605 1076 Cyrillus
1655 1020 1749 1058 res
1783 1001 1928 1057 duas

277 1101 600 1169 comparet,
625 1095 988 1151 nonidcirco
1021 1112 1249 1166 mquam
1265 1100 1322 1150 et
1351 1095 1425 1150 ad
1457 1095 1743 1150 amussim
1759 1110 1925 1149 exac-

282 1193 402 1242 tam
417 1185 920 1256 comparationem
942 1185 1057 1239 dici
1081 1189 1377 1256 oportere,
1401 1201 1536 1239 cum
1551 1185 1678 1256 ipse
1692 1201 1786 1238 res
1803 1183 1926 1238 dis-

288 1283 594 1331 sentaneas
609 1290 816 1330 secum
834 1273 1192 1328 contendere
1207 1272 1711 1344 soleatzetalioqui
1726 1272 1829 1327 illa
1843 1273 1926 1343 ip-

272 1381 336 1419 sa
352 1380 522 1434 aqua:
541 1365 605 1418 in
624 1364 830 1417 vinum
847 1362 1172 1430 conversio,
1212 1361 1284 1416 ab
1320 1362 1630 1416 Ambrosio
1656 1376 1929 1416 sermone

268 1456 354 1518 19,
387 1452 491 1523 qui
523 1451 824 1507 Ambrosii
850 1467 971 1505 non
1009 1457 1118 1519 est,
1144 1467 1280 1504 cum
1329 1450 1766 1506 resurrectione
1797 1466 1929 1505 car-

269 1544 384 1607 nis,
417 1541 495 1596 ab
555 1543 822 1613 Augusto
882 1555 1017 1594 cum
1048 1540 1377 1595 mutatione
1439 1539 1705 1611 corporis
1749 1544 1934 1594 terre-

269 1632 408 1686 stris
439 1631 506 1684 in
536 1646 756 1701 corpus
786 1628 1108 1701 gloriosum
1145 1629 1204 1683 in
1236 1627 1409 1683 beata
1464 1628 1930 1683 immortalitate.

265 1719 646 1791 Respondeo,
678 1734 789 1773 nos
823 1734 1000 1772 omne
1027 1717 1372 1789 praesidium
1407 1718 1471 1772 in
1510 1717 1671 1773 nudo
1703 1723 1762 1772 et
1805 1716 1932 1772 solo

261 1807 781 1858 transmutatiouis
829 1806 1134 1876 vocabulo,
1198 1811 1378 1877 atque
1407 1807 1470 1861 in
1525 1806 1686 1862 nuda
1716 1812 1774 1861 et
1805 1808 1931 1862 sola
1962 1830 2008 1894 Β

259 1899 721 1972 comparatione
740 1896 1126 1952 Eucharistize
1150 1912 1285 1950 cum
1307 1912 1473 1966 aquae
1491 1895 1552 1950 in
1570 1897 1772 1951 vinum
1791 1912 1927 1951 con~

261 1993 544 2048 versione
577 2006 699 2044 non
748 2003 1056 2059 reponere.
1108 1985 1221 2041 Sed
1251 1991 1318 2041 ut
1345 2003 1545 2041 vocem
1576 1994 1926 2035 transmuta-

264 2082 441 2132 tiom's
474 2080 650 2135 obvio
705 2084 762 2133 et
816 2076 1074 2132 naturali
1125 2093 1304 2130 sensu
1335 2092 1662 2144 sumamus,
1722 2075 1928 2131 simili-

265 2187 520 2241 masque
545 2167 944 2223 mutationisa
965 2165 1179 2236 Cyrillo
1203 2171 1572 2235 comparatas
1594 2165 1928 2233 credamus,

268 2259 507 2315 duabus
540 2257 737 2313 causis
759 2255 1004 2310 adduci:
1031 2255 1242 2326 prima,
1265 2253 1421 2325 quod
1435 2254 1584 2308 nihil
1604 2271 1711 2309 nos
1738 2254 1930 2326 cogita

265 2348 516 2404 litterali
552 2363 755 2411 sensu,
787 2351 844 2400 et
875 2343 1186 2415 adaaquata
1215 2343 1679 2415 comparationis
1709 2343 1929 2398 intelli-

270 2439 474 2511 gentia
505 2435 827 2502 recedere;
863 2433 1142 2499 secunda,
1179 2432 1337 2502 quod
1391 2439 1599 2489 contra
1647 2433 1928 2503 adjuncta

269 2528 476 2583 omnia
504 2543 638 2597 quas
670 2523 1034 2580 antecedunt
1061 2527 1120 2577 et
1159 2521 1626 2592 subsequuntur,
1675 2539 1925 2592 quaeque

278 2619 372 2672 vel
392 2617 545 2688 apud
566 2615 855 2687 Cyrillum
878 2612 1140 2680 alibi,vel
1161 2612 1318 2684 apud
1335 2612 1486 2666 alios
1505 2614 1707 2667 Patres
1723 2613 1926 2682 Cyrilli

273 2707 562 2763 doctrinae
596 2703 822 2760 similia
850 2703 1123 2774 legimus,
1163 2701 1342 2756 verba
1372 2701 1503 2773 ejus
1553 2701 1626 2756 ad
1659 2700 1928 2756 substan-

279 2796 434 2851 tialis
469 2793 821 2848 mutationis
853 2806 1094 2845 sensum
1126 2789 1369 2844 omnino
1402 2788 1824 2853 determinent,
1871 2794 1928 2843 et

279 2882 707 2940 accidentalem
740 2880 936 2935 solum
969 2879 1358 2934 mutationem
1393 2877 1726 2933 excludant.
1750 2877 1929 2933 Testi-

284 2975 616 3030 moniorum
649 2989 782 3043 quas
815 2970 1158 3025 Albertinus
1202 2969 1462 3036 adducit,
1497 2975 1562 3024 ut
1587 2968 1924 3017 mutationis

283 3063 630 3120 vocabulum
665 3061 840 3116 rebus
863 3059 990 3115 solo
1012 3059 1315 3114 accidente
1337 3057 1579 3113 mutatis
1601 3074 1928 3112 accommo-

278 3154 398 3208 dari
431 3151 670 3224 probet,
698 3165 946 3204 examen
980 3165 1100 3203 non
1123 3149 1390 3215 instituo,
1415 3151 1642 3202 tantum
1671 3163 1765 3201 res
1797 3164 1920 3201 om-

275 3244 418 3298 nino
441 3241 778 3311 disparatas
797 3237 869 3292 ab
888 3254 956 3293 eo
980 3240 1348 3308 comparatas
1362 3252 1490 3290 esse
1507 3252 1718 3291 moneo
1737 3252 1748 3288 :
1767 3253 1925 3291 eam-

279 3349 394 3402 que
427 3329 840 3400 disparitatem
871 3326 1160 3397 superiori
1191 3324 1379 3396 capite
1402 3325 1463 3380 in
1497 3325 1925 3380 observationi-

280 3421 388 3476 bus
418 3437 457 3474 ιι
490 3424 550 3473 et
573 3435 658 3484 ιιι,
691 3434 750 3471 ιι.
786 3417 854 3469 72
884 3421 943 3470 et
971 3417 1058 3483 73,
1091 3413 1325 3468 abunde
1367 3413 1831 3481 demonstravit;
1865 3418 1931 3467 ut

278 3509 523 3565 verbum
558 3506 815 3577 amplius
847 3503 1064 3559 addere
1114 3518 1356 3557 necesse
1405 3502 1558 3556 nihil
1603 3502 1698 3556 sit.
1734 3502 1930 3556 Liceat

277 3605 482 3654 tamen
513 3597 589 3652 ad
631 3595 933 3665 specimen
982 3593 1305 3654 advertere,
1350 3591 1546 3661 ipsum
1595 3590 1757 3644 abuti
1808 3593 1926 3644 Au-

277 3685 506 3761 gustini
573 3683 934 3744 testimonio,
1001 3687 1177 3736 contr.
1257 3679 1572 3745 Adimant.,
1648 3695 1774 3750 cap.
1840 3682 1928 3746 12,

275 3775 544 3849 [CCXXI]
568 3774 630 3827 in
653 3788 768 3843 quo
794 3771 909 3826 ait:
935 3771 1073 3819 Cum
1096 3769 1347 3818 induerit
1373 3767 1532 3816 homo
1550 3768 1930 3828 incorruptio-

275 3881 406 3916 nem
427 3873 478 3912 et
501 3859 997 3917 immortalitatem,
1020 3860 1140 3919 iam
1163 3873 1274 3907 non
1297 3873 1423 3907 caro
1452 3866 1503 3906 et
1531 3857 1769 3919 sanguis
1801 3857 1926 3916 erit,

275 3957 371 4006 sed
402 3956 459 4003 in
485 3967 679 4013 corpus
707 3951 916 4000 cazleste
944 3951 1288 4009 mutabitur;
1330 3950 1612 4022 supponit,
1662 3948 1926 4003 Alberti-

277 4063 392 4101 nus
423 4041 821 4116 Augustinum
853 4057 1021 4095 voces
1053 4055 1180 4088 caro
1210 4044 1258 4086 et
1280 4038 1539 4100 sanguis,
1570 4038 1635 4085 de
1667 4037 1928 4086 naturali

276 4150 445 4185 carne
472 4141 522 4181 et
553 4131 835 4194 sanguine
865 4129 1218 4202 intelligere,
1268 4145 1398 4200 quas
1451 4128 1670 4183 idcirco
1702 4132 1930 4183 mutata

275 4224 458 4289 dicat,
490 4221 631 4292 quia
659 4219 997 4275 cmlestibus
1021 4217 1407 4288 qualitatibus
1442 4221 1632 4271 aucta.
1658 4215 1924 4272 Fallitur.

275 4311 504 4368 Alludit
535 4309 844 4380 perspicue
889 4307 1252 4378 Augustinus
1298 4305 1371 4360 ad
1408 4304 1585 4360 verba
1640 4304 1924 4374 Apostoli,

221 4457 224 4459 λ
275 4405 296 4457 l
329 4403 443 4457 Cor
496 4417 590 4467 xv,
624 4401 713 4464 50;
748 4397 888 4445 Caro
915 4403 966 4442 et
998 4395 1238 4457 sanguis
1267 4408 1509 4456 regnum
1545 4393 1643 4441 Dei
1665 4408 1773 4441 non
1794 4409 1927 4454 pos-

271 4491 560 4550 sidebant.-
594 4505 724 4558 quas
756 4486 838 4540 ait
866 4501 984 4539 non
1011 4484 1346 4556 signiﬁcare
1377 4496 1601 4531 carnem
1627 4482 1921 4530 secundum

2037 555 2509 611 conﬁrmandam
2528 556 2587 610 ef
2589 555 2864 612 ﬁcaciora
2876 557 3447 627 producere;mirum
3467 565 3515 618 si
3534 582 3690 621 ever-

2041 643 2239 698 terint.
2273 645 2538 698 Primum
2570 649 2661 698 est
2689 661 2759 698 ex
2788 649 2900 699 cat.
2962 648 3050 713 23,
3084 664 3250 703 num.
3281 650 3338 709 7,
3370 650 3550 701 Deum
3595 656 3684 703 be-

2037 731 2283 792 nignum
2303 747 2603 781 exoramus
2615 742 2677 780 ut
2693 733 2910 781 emittat
2921 734 3202 795 Spiritum
3232 747 3490 788 sanctum
3513 758 3685 805 super

2036 820 2182 868 dona
2231 823 2557 882 proposita:
2609 831 2662 870 ut
2713 823 2891 883 faciat
2937 838 3146 884 panem
3206 827 3430 889 quidem
3485 846 3686 893 corpus

2040 909 2266 966 Christi,
2283 912 2480 959 vinum
2496 927 2621 960 vero
2642 912 2979 974 sanguinem
3014 913 3244 972 Christi,
3277 919 3507 967 omnino
3537 922 3688 970 enim

2037 1000 2316 1063 quidquid
2345 1003 2599 1063 attigerit
2630 1002 2881 1062 Spiritus
2909 1011 3152 1063 sanctus,
3192 1005 3251 1052 id
3275 1008 3691 1072 sanctiﬁcatum

2037 1095 2086 1135 et
2109 1095 2554 1138 transmutatam
2571 1099 2668 1138 est.
2688 1092 2855 1146 Falso
2884 1092 3209 1148 afﬁrmaret
3228 1096 3482 1165 Cyrillus
3514 1100 3689 1170 quid-

2039 1177 2181 1247 quid
2204 1179 2438 1250 attingit
2459 1180 2730 1251 Spiritus,
2758 1180 2817 1234 id
2842 1180 3315 1238 substantialiter
3349 1185 3651 1243 immutari
3675 1206 3688 1256 ;

2041 1283 2181 1320 nam
2215 1273 2272 1322 et
2318 1285 2535 1338 aquam
2595 1269 3012 1339 baptismalem
3074 1276 3132 1326 et
3162 1273 3422 1330 chrisma
3453 1293 3687 1333 sacrum

2041 1372 2172 1425 quas
2196 1357 2449 1428 attingit,
2475 1357 2946 1413 substantialiter
2963 1361 3178 1414 mutari
3201 1372 3687 1434 consequeretur.

2044 1444 2240 1499 Solam
2257 1462 2391 1517 ergo
2407 1446 2710 1516 qualitatis
2733 1447 2792 1500 in
2817 1447 2928 1502 hoc
2955 1448 3085 1503 loco
3108 1453 3497 1508 mutationem
3513 1455 3689 1526 signi-

2044 1533 2200 1588 ﬁcat.
2247 1535 2594 1606 Respondeo
2651 1536 2992 1608 generalem
3047 1541 3406 1596 sententiam
3464 1547 3687 1600 omnino

2043 1625 2209 1688 enim,
2233 1628 2368 1693 etc.,
2385 1640 2492 1695 per
2511 1625 2809 1680 causalem
2829 1627 3180 1697 particulam
3204 1632 3348 1684 enim
3371 1633 3692 1702 superiori-
3733 1664 3737 1668 -

2042 1711 2152 1766 bus
2172 1712 2366 1768 verbis
2387 1714 2766 1786 conjunctam
2793 1732 2826 1770 a
2849 1716 3064 1786 Cyrillo
3091 1717 3336 1789 allegari
3351 1718 3425 1774 ad
3438 1721 3694 1790 proban-

2044 1799 2183 1855 dum
2215 1808 2374 1857 recte
2402 1803 2684 1874 Spiritum
2732 1811 3003 1860 sanctum
3052 1806 3126 1861 ad
3177 1810 3690 1867 consecrationem

2043 1895 2102 1944 et
2123 1891 2516 1948 mutationem
2531 1893 2961 1950 elementorum
2987 1895 3466 1968 invocari,eaque
3490 1917 3694 1956 revera

2043 1979 2171 2049 ejus
2203 1987 2560 2052 superventu
2588 1983 2955 2038 sanctiﬁcata
2987 1990 3044 2038 et
3075 1991 3468 2043 transmutata
3517 2005 3644 2045 esse
3673 2008 3686 2058 ;

2041 2070 2323 2139 quoniam
2345 2071 2623 2136 quidquid
2642 2073 2742 2120 ille
2765 2073 3042 2142 attigerit,
3077 2075 3205 2146 ejus
3251 2076 3464 2132 virtute
3497 2079 3692 2133 conti-

2041 2175 2160 2213 nuo
2195 2161 2604 2224 sanctiﬁcatum
2633 2169 2683 2209 et
2717 2169 3169 2211 transmutatum
3190 2165 3287 2212 sit.
3326 2165 3436 2220 Sed
3479 2185 3691 2238 opera-

2041 2249 2220 2304 tionis
2244 2249 2432 2304 sancti
2457 2249 2708 2319 Spiritus
2739 2250 2996 2321 qualitas
3039 2257 3097 2306 et
3142 2253 3291 2307 ratio
3323 2254 3394 2308 ab
3426 2273 3599 2326 prece
3633 2263 3692 2312 et

2038 2337 2438 2408 postulatione
2472 2338 2745 2393 Ecclesiae
2795 2339 3227 2395 determinatur
3256 2362 3269 2407 ;
3321 2344 3559 2413 qualem
3592 2347 3692 2402 illa

2039 2425 2301 2496 postulat
2334 2427 2912 2492 transmutationem,
2948 2427 3126 2482 talem
3160 2429 3261 2484 ille
3295 2432 3522 2496 etﬁcit;
3543 2435 3692 2489 acci-

2040 2514 2339 2569 dentalem
2371 2515 2430 2568 in
2462 2531 2616 2585 aqua
2642 2521 2700 2568 et
2747 2515 2897 2581 oleo,
2933 2518 3212 2586 quoniam
3244 2535 3366 2574 non
3411 2522 3558 2592 petit
3587 2525 3688 2578 Ec-

2040 2603 2222 2658 clesia
2241 2609 2306 2657 ut
2330 2604 2478 2657 ﬁant
2497 2602 2660 2657 aliud
2673 2603 2744 2658 ab
2770 2620 2837 2658 eo
2861 2605 3019 2675 quod
3034 2611 3175 2660 sunt
3200 2625 3212 2671 ;
3235 2608 3689 2667 substantialem

2040 2692 2102 2745 in
2160 2691 2547 2759 Eucharistia,
2609 2709 2742 2747 cum
2801 2699 2962 2763 petat
3015 2695 3279 2750 Ecclesia
3334 2703 3398 2752 ut
3437 2699 3689 2770 Spiritus

2040 2786 2278 2836 sanctus
2306 2781 2476 2840 faciat
2505 2795 2707 2842 panem
2738 2796 2938 2842 corpus
2974 2782 3207 2848 Christi,
3241 2788 3294 2833 et
3322 2787 3522 2836 vinum
3559 2804 3687 2836 san-

2035 2869 2253 2931 guinem
2287 2871 2522 2929 Christi;
2554 2871 2713 2942 quod
2745 2873 2915 2943 panis
2948 2878 3008 2927 et
3051 2874 3256 2930 vinum
3288 2877 3414 2930 ﬁeri
3467 2884 3524 2933 et
3557 2895 3686 2933 esse

2038 2975 2159 3013 non
2189 2966 2439 3030 possunt
2469 2960 2596 3014 sine
2646 2977 2764 3014 sua;
2795 2967 3021 3015 naturas
3063 2963 3486 3019 demutatione.
3523 2967 3690 3020 Alte-

2037 3065 2170 3102 rum
2199 3048 2607 3103 testimonium
2630 3049 2702 3103 ab
2727 3049 3032 3104 Albertino
3057 3053 3313 3106 sumitur
3335 3070 3404 3108 ex
3435 3054 3527 3108 his
3547 3055 3691 3109 duo-

2041 3137 2152 3192 bus
2199 3137 2367 3191 locis.
2421 3138 2542 3192 Cat.
2606 3141 2689 3192 19.
2724 3154 2784 3191 n.
2830 3139 2887 3204 7,
2921 3136 3392 3189 Quemadmodum
3428 3143 3602 3202 panis
3637 3151 3689 3191 et

1958 3189 2000 3254 C
2040 3227 2238 3275 vinum
2266 3225 2636 3274 Eucharistice
2664 3235 2793 3274 ante
2819 3235 3070 3275 sanctam
3096 3229 3395 3278 adorandae
3440 3230 3690 3280 Trinita-

2038 3317 2112 3364 tis
2141 3314 2545 3364 invocationem
2578 3314 2768 3362 nudus
2801 3315 2975 3374 panis
3021 3323 3072 3364 et
3106 3316 3305 3365 vinum
3349 3327 3497 3379 erat;
3525 3321 3687 3368 invo-

2039 3403 2253 3456 catione
2281 3412 2466 3453 autem
2474 3411 2704 3465 peracta
2725 3405 2899 3464 panis
2918 3406 2985 3467 ﬁt
3014 3419 3213 3466 corpus
3233 3405 3464 3465 Christi,
3484 3409 3684 3458 vinum

2038 3508 2164 3541 vero
2215 3490 2452 3553 sanguis
2516 3492 2748 3540 Christi:
2784 3492 2864 3540 ita
2918 3500 2968 3539 et
3029 3492 3360 3551 huiusmodi
3402 3498 3687 3547 esculenta

2037 3580 2164 3642 (cibi
2183 3580 2344 3629 idolis
2379 3579 2659 3641 immolati)
2675 3580 2746 3627 ad
2764 3595 3028 3642 pompam
3059 3584 3290 3632 Satance
3313 3587 3684 3645 pertinentia,

2039 3688 2165 3722 cum
2196 3688 2263 3721 ex
2292 3680 2507 3721 natura
2531 3687 2638 3720 sua
2665 3672 2815 3720 nuda
2841 3680 2890 3720 et
2917 3675 3238 3723 communia
3274 3677 3411 3732 sint,
3458 3677 3682 3726 invoca-

2039 3768 2186 3810 tione
2219 3762 2535 3810 dwmonum
2557 3762 2807 3819 profana
2835 3768 2885 3808 et
2915 3760 3297 3812 contaminata
3329 3763 3683 3824 redduntur;

2039 3856 2097 3907 et
2128 3855 2239 3906 cat.
2286 3850 2378 3918 21,
2428 3865 2488 3902 ιι.
2517 3849 2569 3915 3,
2622 3847 2693 3902 de
2739 3864 2904 3903 sacro
2954 3850 3294 3917 chrismate,
3327 3849 3490 3899 Sicut
3511 3852 3684 3911 panis

2036 3940 2414 3990 Eucharistice
2425 3945 2550 4000 post
2575 3938 2978 3987 invocationem
2999 3938 3180 3988 sancti
3209 3940 3461 3999 Spiritus
3479 3955 3590 3988 non
3607 3948 3687 3988 est

2038 4030 2351 4080 communis
2371 4028 2564 4089 pauis,
2597 4028 2690 4075 sed
2724 4043 2921 4089 corpus
2955 4028 3193 4077 Christi:
3229 4029 3309 4077 ita
3345 4037 3394 4076 et
3419 4039 3679 4078 sanctum

2036 4121 2191 4171 istud
2225 4126 2589 4182 unguentum,
2624 4115 2875 4182 [CCXXII]
2891 4131 3003 4166 non
3031 4117 3283 4178 amplius
3324 4119 3554 4180 nudum,
3593 4134 3687 4166 ne-

2035 4228 2154 4276 que,
2189 4212 2239 4259 si
2260 4210 2388 4273 quis
2403 4208 2483 4256 ita
2501 4208 2796 4269 appellare
2807 4207 2991 4262 malit,
3023 4222 3312 4256 commune
3327 4217 3684 4270 unguentum

2037 4311 2118 4351 est
2151 4307 2278 4362 post
2327 4299 2762 4356 invocationem;
2828 4298 2921 4345 sed
2983 4297 3195 4345 Christi
3249 4300 3572 4354 donarium,
3631 4308 3681 4346 et

2035 4380 2294 4442 Spiritus
2323 4377 2524 4434 sancti,
2554 4377 2863 4436 praesentia
2896 4377 3214 4424 divinitatis
3252 4378 3395 4437 ejus,
3427 4378 3680 4440 efﬁciens

2034 4477 2271 4533 factum.
2305 4468 2513 4538 Sicque
2547 4471 2994 4539 argumentatur
3014 4471 3147 4537 post
3186 4467 3484 4521 Rivetum:
3527 4467 3681 4522 Talis

271 4554 669 4635 substantiam,
709 4573 802 4623 sed
833 4554 1250 4636 corruptionem
1297 4580 1348 4621 et
1375 4572 1775 4620 mortalitatem
1811 4586 1926 4619 car-
1957 4558 1998 4622 D
2033 4566 2124 4617 est
2143 4556 2528 4613 ΕΠΟῘὶᾶΓίεῖίω
2548 4555 2815 4622 Πιιιῐὶιῒίο,
2851 4555 3044 4625 qualis
3067 4555 3334 4609 CibOI‘um
3360 4554 3535 4609 idOliS
3568 4555 3680 4609 im-

273 4667 363 4714 nis
393 4675 445 4714 et
475 4665 816 4728 sauguinis;
845 4663 1094 4733 ejusque
1127 4661 1551 4733 pr0positionis
1571 4676 1782 4714 sensus
1814 4665 1926 4726 est,

275 4748 718 4818 corruptionem
745 4752 943 4806 carnis
976 4757 1030 4806 et
1061 4751 1388 4823 sanguinis,
1425 4765 1557 4820 quas
1588 4765 1792 4804 revera
1834 4750 1925 4803 sui

274 4835 601 4892 abolitione
632 4839 980 4904 mutabitur,
1011 4841 1075 4894 in
1106 4840 1205 4895 Dei
1260 4855 1439 4912 regno
1473 4854 1592 4892 non
1641 4838 1921 4893 futuram.

284 4925 410 4979 Vid.
442 4926 612 4996 epist.
645 4929 768 4996 205,
801 4945 859 4983 ιι.
907 4932 970 4983 15
1017 4934 1075 4984 et
1106 4930 1190 4983 16.
1221 4930 1366 4984 Cum
1417 4927 1597 4982 etiam
1646 4927 1707 4981 in
1739 4933 1928 4982 meta-

277 5015 541 5086 phoricas
561 5017 910 5072 mutationis
933 5018 1270 5090 exemplum
1294 5017 1534 5072 adducit
1557 5016 1926 5072 adVersarius

280 5120 412 5159 eam
434 5121 567 5175 quas
583 5105 646 5158 in
662 5121 976 5177 corporum
995 5107 1429 5162 resurrectione
1453 5106 1536 5170 ﬁt,
1553 5105 1924 5160 ludiﬁcatur:

275 5193 445 5248 nulla
475 5193 636 5248 enim
667 5195 857 5266 magis
888 5195 1297 5251 substantialis
1332 5194 1600 5261 mutatio,
1645 5210 1824 5264 quam
1857 5209 1927 5248 ea

276 5300 407 5354 qua:
439 5283 688 5338 resoluti
748 5285 1031 5355 corporis,
1067 5290 1125 5340 et
1181 5285 1338 5340 varia
1395 5300 1635 5339 suarum
1667 5283 1926 5354 partium

279 5377 437 5427 sorte
468 5372 530 5426 in
563 5388 742 5427 omne
775 5374 1038 5444 corporis
1069 5390 1256 5446 genus
1288 5373 1687 5442 transmutati,
1719 5371 1781 5425 in
1816 5371 1927 5427 hu-

278 5477 517 5517 manam
549 5461 808 5516 formam
842 5462 1344 5535 redintegratione
1376 5462 1496 5517 ﬁet.

346 5552 434 5605 81.
468 5549 729 5623 Reponit
753 5549 813 5602 2°
844 5550 1031 5606 solam
1061 5567 1096 5607 a
1123 5550 1343 5623 Cyrillo
1375 5549 1681 5621 qualitatis
1728 5554 1922 5604 muta-

274 5639 498 5698 tionem
517 5640 584 5698 in
605 5637 981 5696 Eucharistia,
1000 5639 1458 5714 agnosci,tribus
1471 5638 1738 5712 ejusdem
1751 5637 1924 5694 testi-

2036 4648 2414 4711 molatorum,
2449 4649 2506 4699 et
2544 4645 2694 4698 sacri
2744 4644 3051 4714 unguenti.
3087 4645 3220 4698 Haec
3269 4660 3417 4698 nova
3449 4649 3674 4700 tantum

2037 4735 2341 4810 qualitatis
2373 4733 2710 4789 accessione
2747 4738 2990 4786 mutata.
3026 4732 3178 4786 Nihil
3210 4733 3386 4804 igitur
3423 4735 3682 4805 amplius

2036 4830 2098 4883 in
2131 4824 2516 4882 Eucharistia.
2551 4820 2714 4886 Quod
2746 4821 3088 4874 Albertinus
3119 4821 3192 4875 ad
3225 4822 3519 4893 objectam
3566 4824 3680 4878 sibi

2036 4934 2204 4988 aquas
2230 4917 2292 4968 in
2329 4913 2530 4966 vinum
2587 4910 2661 4965 ad
2715 4909 2954 4980 nuptias
3006 4927 3323 4977 conversaa,
3359 4917 3416 4966 et
3467 4912 3588 4966 vini
3620 4913 3682 4967 in

2034 5001 2408 5059 Eucharistia
2438 4999 2496 5052 in
2523 4997 2870 5068 sanguinem
2897 4998 3267 5052 transmutati
3291 4999 3682 5070 comparatio-

2037 5109 2174 5148 nem
2207 5086 2548 5158 respondit;
2599 5102 2704 5157 per
2730 5102 2860 5140 eum
2891 5084 3069 5140 liceat
3116 5085 3291 5141 nobis
3323 5103 3557 5159 quoque
3590 5087 3687 5142 hic

2035 5180 2415 5254 respondere,
2445 5193 2565 5230 non
2606 5192 2731 5230 esse
2764 5176 3096 5231 institutam
3150 5193 3182 5232 a
3215 5177 3432 5249 Cyrillo
3480 5194 3682 5232 rerum

2034 5273 2210 5345 plane
2226 5266 2508 5323 similium
2526 5265 2981 5336 etgemellarum
2997 5266 3523 5336 comparationem.
3543 5267 3682 5337 (Nec

2036 5356 2277 5416 difﬁteri
2297 5359 2491 5426 potest
2526 5351 2892 5415 Albertinus,
2917 5370 3052 5408 cum
3079 5354 3139 5407 in
3177 5354 3327 5408 cibis
3361 5354 3684 5409 immolatis

2035 5447 2288 5521 Cyrillus
2301 5444 2705 5496 invocatorum
2724 5441 2871 5495 diem
2883 5458 3061 5497 onum
3079 5445 3460 5514 praisentiam
3474 5444 3682 5509 cat.22,

2036 5553 2199 5602 num,
2225 5538 2279 5602 Ἰ,
2303 5537 2362 5587 et
2399 5530 2459 5584 in
2495 5529 2812 5586 chrismate
2845 5529 3168 5586 divinitatis
3207 5531 3460 5603 Spiritus
3497 5530 3684 5586 sancti

2035 5645 2142 5704 per
2158 5622 2308 5682 illud
2329 5620 2562 5693 ﬁgurati
2592 5621 2973 5692 prmsentiam
3003 5620 3313 5687 admittat;
3343 5621 3679 5676 Albertinus
