4134 6264
391 359 508 421 263

1548 347 1649 409 DE
1689 344 2099 408 DOCTRINA
2141 342 2207 404 Β.
2254 343 2594 405 CYRILLI.

3676 339 3796 400 264

389 493 451 549 in
467 490 838 548 Eucharistia
855 489 1116 561 ﬁguratae
1136 503 1240 558 per
1261 501 1392 540 eam
1415 483 1499 538 rei
1529 479 1909 554 praesentiam
1933 495 2034 533 ne-
2061 479 2117 545 Α
2144 481 2234 546 28,
2269 478 2340 534 ab
2371 479 2532 551 virga
2552 477 2800 534 Aaronis
2822 476 3254 541 efflorescente,
3279 476 3517 545 partum
3538 469 3788 543 virginis

389 584 528 657 get.)
563 580 672 637 Sed
704 586 770 635 ut
798 580 861 633 in
887 576 1211 649 Cyrilliana
1261 571 1706 645 comparatione
1748 567 2033 622 Euchari-

391 673 518 729 stize
545 687 678 726 cum
701 685 856 739 aqua
873 667 934 721 in
955 667 1157 720 vinum
1179 679 1352 718 versa
1395 661 1630 716 nullum
1671 657 2035 729 disparitatis

389 764 636 833 apparet
657 756 990 828 vestigium,
1035 753 1194 809 itain
1217 752 1411 807 citatis
1453 749 1684 804 duobus
1725 747 1870 802 locis
1894 762 2037 800 con-

387 854 610 908 tinetur
639 848 767 919 ipsa
806 861 1005 900 rerum
1054 848 1528 913 comparatarum
1582 834 2028 892 dissimilitudo.

389 943 550 997 Hanc
573 939 728 992 inter
750 936 950 990 omnia
968 931 1422 989 similitudinem
1445 926 1773 994 constituit,
1797 930 1863 980 ut
1885 925 2038 979 sicut

389 1028 682 1086 immolati
703 1025 816 1081 cibi
836 1021 1419 1096 postinvocationem
1456 1019 1816 1082 daemonum,
1854 1019 1912 1068 et
1941 1029 2031 1067 sa-

391 1135 556 1176 crum
580 1117 838 1172 chrisma
855 1119 988 1186 post
1004 1111 1436 1166 invocationem
1476 1107 1574 1162 Dei
1600 1123 1718 1161 non
1739 1101 2034 1159 suntnudi

391 1214 450 1265 et
469 1222 816 1264 communes
838 1203 1093 1268 cibi,nec
1114 1201 1341 1256 nudum
1360 1204 2030 1265 etcommuneunguen-

387 1304 515 1354 tum
539 1315 551 1364 ;
576 1297 658 1351 ita
678 1293 847 1366 panis
874 1291 1300 1347 eucharisticus
1324 1293 1380 1342 et
1402 1288 1600 1342 vinum
1633 1289 1768 1356 post
1799 1284 2034 1337 invoca-

391 1390 615 1444 tionem
646 1382 948 1439 Trinitatis
995 1397 1115 1435 non
1167 1380 1243 1434 sit
1288 1377 1483 1433 nudus
1533 1375 1703 1447 panis
1747 1378 1804 1427 et
1833 1371 2035 1425 vinum

390 1491 726 1533 commune.
759 1475 891 1527 Hrec
911 1470 1187 1526 omnibus
1205 1466 1566 1523 communia.
1595 1463 1705 1519 Sed
1736 1462 1898 1516 cibos
1924 1460 2033 1514 im-

392 1567 646 1623 molatos
677 1569 736 1618 et
756 1562 1015 1617 chrisma
1045 1576 1163 1614 non
1200 1557 1342 1612 dicit
1373 1555 1501 1610 ﬁeri
1535 1553 1711 1609 aliam
1736 1554 2034 1616 naturam;

391 1656 506 1711 cibi
543 1669 778 1724 semper
810 1654 1056 1706 manent
1085 1648 1145 1703 id
1176 1646 1334 1718 quod
1368 1651 1526 1709 sunt,
1583 1647 1642 1698 et
1671 1643 2037 1712 unguentum

395 1739 629 1816 semper
666 1745 1054 1813 unguentum.
1107 1740 1181 1791 At
1228 1752 1446 1807 panem
1493 1730 1950 1788 eucharisticum
1983 1731 2041 1781 et

391 1836 596 1889 vinum
618 1832 791 1886 docet
810 1829 936 1900 ﬁeri
958 1827 1120 1884 aliud
1144 1842 1385 1897 prorsus
1407 1840 1441 1878 a
1463 1839 1613 1894 pane
1636 1825 1694 1875 et
1718 1819 1879 1884 vino,
1915 1833 2037 1871 cor.

390 1941 499 1996 pus
529 1922 812 1977 nimirum
843 1926 892 1974 et
938 1915 1263 1987 sanguinem
1311 1914 1531 1968 Christi.
1574 1908 1738 1975 Quod
1787 1907 1858 1961 de
1889 1922 2040 1976 pane

397 2019 456 2068 et
476 2012 608 2066 vino
629 2008 990 2065 consecratis
1007 2007 1187 2069 ait,ea
1203 2018 1417 2076 panem
1442 2007 1499 2054 et
1514 2001 1714 2054 vinum
1748 2012 1869 2051 non
1888 2011 2040 2061 esse,

393 2103 533 2157 licet
563 2099 623 2154 id
643 2113 854 2153 sensus
877 2095 1242 2160 renuntient,
1285 2104 1593 2161 nunquam
1634 2087 1780 2142 adeo
1818 2086 2042 2154 impru-

396 2195 541 2250 dens
564 2197 653 2248 est
674 2195 737 2244 ut
757 2189 827 2243 de
852 2187 998 2243 cibis
1038 2184 1362 2240 immolatis
1405 2181 1686 2237 similiter
1711 2177 1887 2243 dicat,
1919 2190 2040 2228 non

395 2299 524 2339 esse
557 2280 814 2352 amplius
845 2294 1029 2349 panes
1061 2280 1162 2330 aut
1188 2289 1436 2328 carnes:
1474 2276 1573 2324 aut
1603 2269 1674 2323 de
1722 2265 2040 2322 chrismate

393 2392 516 2430 non
548 2389 677 2428 esse
707 2369 964 2442 amplius
999 2372 1368 2440 unguentum
1400 2360 1728 2418 materiale.

463 2464 552 2516 82.
578 2461 839 2516 Tertium
874 2457 1030 2528 quod
1063 2455 1304 2511 adducit
1347 2451 1782 2516 testimonium,
1821 2463 1892 2502 ex
1913 2443 2042 2514 ipso

397 2567 574 2622 quem
606 2544 1148 2619 expendimusloco
1180 2541 1494 2613 depromit.
1530 2538 1615 2587 Ad
1649 2536 1882 2597 nuptias
1922 2550 2039 2582 cor-

389 2639 616 2702 porales
648 2643 887 2695 vocatus,
920 2636 1046 2688 etc.,
1076 2640 1127 2679 et
1157 2647 1269 2678 non
1308 2645 1436 2677 eum
1463 2628 1640 2676 multo
1689 2625 1871 2688 magis
1899 2624 2043 2689 ﬁliis

398 2727 638 2776 thalami
667 2723 948 2785 nuptialis
965 2735 1159 2782 corpus
1174 2735 1344 2768 suum
1375 2727 1424 2765 et
1441 2717 1776 2778 sanguinem
1797 2715 2047 2776 fruenda

399 2818 632 2866 donasse
656 2811 1090 2878 conﬁtebimur?
1139 2811 1234 2865 Ait
1278 2808 1620 2863 Albertinus
1680 2805 1963 2877 Cyrillum
2012 2820 2046 2859 a

405 2906 725 2965 difﬁciliori
740 2905 815 2960 ad
829 2903 1061 2958 facilius
1083 2898 1604 2956 concludereEam
1625 2896 1784 2950 enim
1802 2895 2045 2964 loquen-

405 3000 462 3056 di
485 2993 1019 3062 formulam,multo
1048 2993 1242 3060 magis,
1283 2986 1691 3043 tantummodo
1733 2985 1924 3039 locum
1941 2984 2034 3037 ha-

402 3090 543 3144 bere
573 3087 631 3141 in
664 3083 1102 3155 comparatione
1151 3097 1282 3150 quae
1332 3079 1396 3132 ﬁt
1444 3076 1745 3131 actionum
1777 3074 2044 3143 inaequa-

401 3177 550 3232 lium
577 3201 590 3241 ;
623 3191 692 3229 ex
714 3188 966 3243 quarum
981 3169 1336 3235 difﬁciliore,
1366 3163 1851 3239 quandoquidem
1883 3163 1953 3217 de
1978 3177 2045 3217 ea

403 3224 655 3328 Constat,
691 3224 948 3332 legitime
981 3224 1358 3314 concluditur
1383 3224 1514 3310 eam
1545 3224 1674 3325 quas
1707 3251 1938 3307 facilior
1971 3251 2048 3304 sit
2076 3224 2121 3288 ο

404 3355 575 3409 multo
596 3353 770 3420 magis
788 3365 916 3403 esse
948 3346 1324 3402 credendam.
1367 3348 1535 3412 Ergo.
1573 3359 1640 3398 ex
1680 3341 1880 3412 Cyrilli
1912 3356 2044 3394 sen-

407 3442 595 3497 tentia
614 3439 845 3494 facilior
861 3443 986 3492 erat
1004 3436 1251 3490 mutatio
1267 3433 1864 3501 eucharistica,quam
1880 3445 2048 3498 aquae

412 3533 473 3586 in
507 3530 706 3583 vinum
729 3526 1054 3591 conversio,
1080 3530 1285 3580 contra
1311 3528 1506 3577 autem
1530 3519 1685 3592 apud
1715 3517 2048 3572 Catholicos

412 3620 515 3673 illa
529 3634 696 3688 aeque
718 3616 999 3678 difﬁcilis,
1026 3615 1143 3668 imo
1178 3619 1235 3667 et
1257 3611 1580 3681 majoribus
1599 3605 2049 3664 difﬁcultatibus

410 3708 746 3779 implicata:
781 3722 900 3760 non
937 3721 1062 3759 eam
1098 3702 1275 3772 igitur
1327 3700 1622 3772 signiﬁcat
1671 3696 1943 3769 Cyrillus.
1980 3694 2052 3748 Ut

408 3813 623 3869 negare
645 3812 765 3850 non
779 3810 1020 3866 possum
1033 3791 1316 3864 Cyrillum
1336 3788 1657 3860 aliquando
1673 3803 1705 3841 a
1725 3783 2048 3840 difﬁciliori

407 3887 480 3943 ad
513 3885 745 3941 facilius
777 3881 1198 3956 argumentari,
1231 3881 1312 3934 ita
1343 3879 1487 3932 mihi
1521 3878 1634 3931 ista
1664 3874 1909 3931 concedi
1946 3889 2048 3928 ne-

407 3992 571 4031 cesse
604 3980 710 4028 est.
747 3977 802 4026 1ο
850 3971 1134 4043 Cyrillum
1184 3985 1317 4023 cum
1345 3967 1428 4021 ita
1474 3970 1944 4035 argumentatur,
1976 3962 2049 4017 ad

405 4063 796 4120 reborandam
831 4059 1161 4133 argumenti
1195 4057 1285 4112 sui
1333 4057 1469 4120 vim,
1520 4054 1764 4124 majoris
1794 4052 2046 4107 facilita-

405 4155 480 4208 tis
513 4154 877 4208 mentionem
907 4148 1358 4220 praatermittere
1393 4161 1511 4199 non
1541 4144 1765 4208 solere;
1805 4148 2048 4212 tumque

409 4244 499 4298 bis
530 4242 722 4298 verbis
753 4240 940 4294 utitur
971 4236 1097 4308 οὐχί
1152 4232 1350 4304 πολλῳ
1382 4231 1589 4304 μᾶλλον
1624 4231 1998 4304 εὐκοπώτερον
2032 4248 2045 4298 ;

403 4332 456 4387 τί
491 4329 706 4403 μᾶλλον
741 4325 1149 4398 δυσκολώτερον
1178 4342 1192 4389 ;
1242 4323 1513 4394 exempla
1559 4323 1740 4377 habes
1771 4321 2046 4392 frequen-

407 4424 658 4488 tissima,
687 4417 998 4492 [CCXXIII]
1023 4419 1079 4468 et
1101 4413 1247 4468 illud
1280 4412 1608 4483 praasertim
1632 4411 1704 4466 ab
1743 4411 2046 4466 Albertino

404 4513 957 4571 commemoratum,
982 4509 1093 4558 cat.
1118 4505 1174 4572 2,
1199 4519 1256 4554 n.
1281 4505 1310 4554 5
1338 4518 1351 4555 :
1387 4500 1473 4547 An
1489 4515 1612 4547 vero
1632 4501 1732 4562 qui
1762 4502 2045 4548 Lazarum

399 4601 848 4666 quatriduanum
876 4597 1248 4655 fetentemque
1275 4589 1556 4644 excitavit,
1602 4603 1713 4636 non
1741 4589 1934 4649 potius
1965 4590 2048 4638 vi-
2083 4590 2124 4652 D

400 4699 616 4739 ventem
634 4698 684 4737 te
701 4686 939 4749 facilius
959 4681 1220 4731 excitabit
1244 4699 1278 4737 δ,
1302 4671 1909 4752 ρθεοδιίιῃοιδιρίῖνίά,
1933 4685 2044 4734 cat.

401 4785 454 4848 4,
489 4798 548 4836 n.
573 4783 680 4845 30;
713 4783 826 4833 cat.
861 4776 948 4842 12,
993 4791 1055 4829 n.
1081 4775 1147 4827 28
1173 4779 1229 4827 et
1248 4775 1314 4826 39
1337 4789 1350 4837 ;
1377 4775 1488 4826 cat.
1513 4771 1598 4838 l8,
1628 4786 1686 4824 n.
1721 4772 1772 4838 3,
1796 4770 1850 4836 6,
1881 4771 1934 4838 9,
1963 4773 2047 4836 l2,

405 4876 502 4930 13:
525 4873 616 4927 bis
639 4869 916 4924 omnibus
933 4867 1124 4921 locisa
1147 4862 1469 4919 difﬁciliori
1493 4861 1778 4933 disputat;
1805 4859 1907 4915 sed
1925 4876 2050 4914 ma-

395 4964 548 5036 joris
581 4960 880 5016 facilitatis
913 4955 1212 5012 mentione
1255 4972 1372 5010 non
1409 4953 1600 5008 solum
1635 4953 1806 5015 facta,
1849 4967 2052 5005 verum

405 5053 586 5108 etiam
613 5049 1020 5122 copiosissime
1045 5045 1457 5118 etgravissime
1496 5043 1808 5098 inculcata.
1844 5043 1959 5095 Cur
1990 5040 2052 5095 in

400 5141 680 5214 prwsenti
695 5142 1042 5211 argumento
1058 5151 1176 5189 non
1190 5135 1388 5188 minus
1404 5131 1800 5187 necessariam
1815 5129 2055 5185 omisit?

404 5232 463 5286 2°
495 5229 779 5301 Cyrillum
806 5243 960 5297 saepe
983 5223 1382 5296 argumentari
1416 5221 1487 5276 ab
1519 5237 1689 5293 eaque
1720 5220 1949 5275 difﬁcili
1979 5219 2054 5274 ad

407 5337 576 5391 aeque
609 5317 873 5372 difﬁcile.
907 5316 998 5370 Sic
1040 5330 1110 5368 ex
1155 5312 1418 5366 triduum
1459 5311 1904 5366 conservatione
1933 5326 2053 5364 non

410 5411 610 5465 minus
635 5407 888 5473 difﬁcili,
922 5403 1421 5460 resurrectionem
1469 5401 1682 5456 Christi
1734 5401 1966 5472 probat,
1998 5405 2056 5455 et

406 5505 517 5555 cat.
555 5502 640 5566 12,
674 5515 732 5552 n.
766 5498 855 5556 28.
887 5493 1130 5566 virginis
1162 5497 1419 5562 partum,
1463 5507 1496 5544 a
1526 5490 1744 5545 sterilis
1787 5489 2056 5544 mulieris

409 5595 581 5661 partu
614 5603 780 5658 asque
811 5582 1061 5640 difﬁcili.
1097 5583 1154 5635 3°
1181 5582 1325 5634 Eum
1358 5596 1592 5652 quoque
1626 5596 1660 5636 a
1699 5578 1946 5634 faciliori
1982 5577 2055 5632 ad

409 5678 713 5736 difﬁcilius
774 5691 928 5748 saape
955 5670 1379 5746 argumentari.
1440 5669 1533 5726 Sic
1579 5675 1693 5725 cat.
1751 5671 1836 5738 l2,
1889 5684 2051 5723 num.

2145 570 2376 642 probat,
2401 575 2514 625 cat.
2560 572 2646 638 14,
2682 585 2742 637 n,
2775 571 2862 634 25,
2895 567 3109 622 Christi
3141 563 3554 620 ascensionem
3597 577 3705 616 sua
3736 562 3786 614 vi

2143 659 2358 714 factam
2381 659 2443 713 in
2465 657 2678 714 coelum
2702 658 2919 728 ipsum,
2943 671 3012 710 ex
3035 654 3256 709 Enochi
3281 650 3671 707 translatione
3686 667 3786 706 ex-

2142 755 2332 813 terna,
2367 753 2424 802 et
2472 764 2540 803 ex
2589 747 2731 802 Elia:
2771 751 2941 817 raptu
2993 760 3114 799 non
3162 744 3224 797 in
3255 741 3491 806 cmlum,
3525 739 3630 794 sed
3661 746 3790 794 tan-

2148 855 2313 908 quam
2342 838 2403 892 in
2433 837 2668 892 caalum.
2701 837 2771 889 Et
2799 841 2912 890 cat.
2949 836 3032 900 18,
3067 851 3126 887 n.
3167 835 3250 900 10,
3291 830 3792 886 resurrectionem

2143 933 2533 994 mortuorum,
2558 942 2629 980 ex
2657 930 2964 980 menstrua
2984 923 3144 978 lunas
3168 920 3542 992 reparatione
3567 936 3581 984 ;
3615 935 3674 974 n.
3704 921 3792 984 12,

2144 1033 2212 1072 ex
2236 1017 2410 1088 virga)
2443 1015 2694 1070 Aaronis
2715 1012 3170 1074 efflorescentia,
3206 1016 3264 1066 et
3291 1010 3537 1080 leprosae
3570 1023 3786 1062 manus

2143 1107 2357 1178 Moysis
2404 1104 2944 1177 redintegratione;
3004 1105 3063 1156 4ο
3121 1099 3408 1172 Cyrillum
3463 1096 3785 1167 aliquando

2143 1197 2365 1251 omissa
2385 1195 2597 1266 majori
2619 1194 2710 1248 vel
2733 1191 2949 1248 minori
2975 1206 3175 1245 rerum
3199 1187 3575 1252 difﬁcultate,
3614 1201 3648 1239 a
3677 1184 3795 1239 mi-

2145 1303 2257 1340 nus
2297 1285 2474 1357 digno
2513 1283 2586 1338 ad
2611 1279 3062 1338 convenientius
3093 1295 3161 1334 ac
3211 1279 3326 1332 Deo
3355 1274 3590 1342 dignius
3619 1289 3797 1345 argu-

2144 1375 2425 1440 mentari,
2450 1371 2682 1427 etiamsi
2705 1369 2854 1424 illud
2875 1368 3178 1423 difﬁcilius
3213 1367 3308 1421 sit.
3343 1365 3436 1420 Sic
3460 1368 3573 1419 cat.
3609 1363 3696 1431 13,
3726 1378 3789 1416 n.

2144 1473 2178 1524 2
2210 1475 2268 1525 et
2297 1472 2349 1540 3,
2382 1469 2498 1523 vim
2531 1466 2837 1539 sanguinis
2877 1464 3092 1519 Christi
3143 1463 3217 1517 ad
3267 1458 3666 1516 universalem
3698 1473 3790 1512 sa-

2146 1559 2331 1614 lutem
2369 1557 2753 1623 afferendam,
2800 1553 3010 1626 probat
3057 1569 3091 1607 a
3119 1551 3296 1624 primi
3346 1547 3606 1603 hominis
3652 1562 3792 1617 pec-

2145 1654 2272 1704 cato
2307 1647 2516 1701 mortis
2546 1643 2896 1701 universalis
2926 1657 3141 1706 causa;
3179 1639 3429 1695 Phinees
3470 1635 3799 1690 sacerdotis

2144 1738 2264 1792 zelo
2291 1737 2441 1791 iram
2489 1736 2586 1790 Dei
2641 1739 2926 1806 pacanle;
2978 1729 3273 1803 paschalis
3323 1727 3456 1799 agni
3498 1725 3787 1796 sanguine

2073 1858 2120 1922 Β
2149 1832 2505 1882 vastatorem
2535 1829 2811 1890 arcente;
2855 1839 2989 1877 cum
3017 1820 3117 1874 Dei
3168 1819 3312 1873 Filio
3344 1814 3794 1872 convenientior

2153 1925 2211 1972 et
2231 1917 2467 1990 dignior
2488 1932 2583 1970 res
2605 1915 2681 1970 sit
2710 1915 2988 1968 humanae
3018 1908 3228 1965 salutis
3249 1906 3533 1979 operatio.
3579 1905 3671 1959 Sic
3703 1907 3802 1958 cat

2155 2009 2241 2074 18,
2275 2023 2439 2060 num.
2470 2007 2522 2070 6,
2556 2008 2608 2073 7,
2641 2006 2692 2071 8,
2727 2019 2797 2057 ex
2832 2001 3028 2073 specie
3059 1998 3312 2070 quadam
3337 1991 3796 2050 resurrectionis

2154 2097 2215 2152 in
2246 2095 2576 2162 arboribus,
2609 2093 2670 2147 in
2718 2092 3039 2155 frumento,
3091 2089 3154 2142 in
3197 2084 3578 2149 animalibus,
3612 2087 3671 2137 et
3700 2097 3797 2135 ra-

2154 2188 2314 2241 tione
2347 2183 2645 2239 destitutis
2700 2183 2878 2236 rebus
2935 2182 3177 2250 propter
3229 2175 3535 2229 hominem
3582 2171 3798 2227 creatis

2156 2275 2496 2346 conspicua,
2551 2271 2809 2326 hominis
2866 2269 3096 2323 ratione
3152 2263 3409 2337 praediti,
3444 2268 3503 2318 et
3560 2265 3805 2332 propter

2157 2382 2333 2437 quem
2364 2363 2470 2418 illa
2498 2363 2708 2418 effecta
2739 2364 2896 2423 sunt,
2924 2355 3422 2413 resurrectionem
3463 2352 3802 2425 generalem

2156 2456 2367 2529 probat
2396 2453 2673 2509 omnibus
2689 2451 2886 2507 allatis
2913 2467 2946 2504 a
2977 2466 3039 2504 se
3071 2446 3366 2518 exemplis
3398 2444 3801 2499 difﬁciliorem

2159 2544 3060 2619 quidem,sedcongruentiorem
3081 2543 3138 2593 et
3158 2538 3347 2610 magis
3377 2534 3804 2598 necessariam;

2159 2639 2216 2690 5°
2234 2633 2487 2707 Cyrillus
2509 2650 2542 2688 a
2563 2631 2813 2687 faciliori
2838 2629 2911 2685 ad
2935 2628 3243 2683 difﬁcilius
3267 2642 3422 2697 saepe
3443 2629 3685 2696 propter
3716 2623 3807 2693 ip-

2161 2742 2285 2780 sam
2314 2722 2727 2778 difﬁcultatem
2750 2719 3038 2790 majorem
3070 2717 3152 2771 rei
3178 2719 3645 2788 argumentatur,
3669 2727 3806 2766 cum

2163 2816 2280 2869 Deo
2294 2813 2606 2868 conveniat
2625 2807 2852 2881 aliquid
2870 2806 3152 2879 grandius
3167 2821 3232 2860 ac
3257 2803 3562 2859 difﬁcilius
3583 2799 3802 2855 moliri.

2161 2904 2254 2958 Sic
2278 2901 2528 2975 epistola
2547 2900 2619 2955 ad
2636 2897 3072 2961 Constantium,
3113 2912 3170 2948 n.
3197 2895 3251 2961 3,
3274 2909 3408 2948 cum
3430 2891 3630 2946 datum
3651 2890 3803 2943 Con-

2162 2992 2424 3047 stantino
2447 2990 2606 3044 dicat
2627 2988 2698 3043 ob
2734 2987 3017 3059 pietatem
3055 2989 3117 3038 ut
3141 2987 3407 3038 sanctam
3447 2994 3685 3035 crucem
3716 2994 3806 3031 re-

2161 3082 2400 3154 periret,
2427 3078 2582 3149 quod
2606 3077 2828 3131 donum
2861 3079 3020 3129 esset
3050 3090 3080 3127 e
3114 3077 3304 3136 terra;
3337 3071 3418 3124 ait
3463 3065 3806 3123 Constantio

2163 3170 2285 3224 ﬁlio
2300 3174 2606 3240 paternam
2621 3165 2898 3236 pietatem
2919 3161 3245 3234 superanti,
3261 3158 3594 3230 prodigium
3612 3155 3806 3224 majus

2159 3277 2189 3314 e
2222 3259 2367 3314 omlo
2399 3257 2525 3311 dari
2556 3255 2826 3310 decuisse
2859 3256 3113 3307 ostensa:
3138 3249 3367 3312 crucis;
3397 3249 3456 3300 6°
3481 3244 3806 3300 uttandem

2159 3348 2232 3405 ad
2278 3347 2649 3419 propositum
2695 3346 3107 3416 argumentum
3151 3338 3405 3402 veniam,
3452 3333 3707 3405 Cyrillus
3743 3332 3804 3386 in

2160 3437 2290 3492 loco
2313 3451 2490 3507 quem
2515 3432 2907 3504 expendimus
2928 3448 2962 3486 a
2983 3427 3353 3484 convenienti
3378 3442 3443 3480 ac
3462 3426 3579 3479 Deo
3604 3423 3804 3493 digno,

2160 3525 2233 3581 ad
2265 3522 2712 3580 convenientius
2745 3526 2801 3574 et
2831 3521 2948 3575 Deo
2982 3518 3216 3589 dignius
3245 3513 3602 3570 concludere
3645 3510 3805 3564 vide-

2161 3620 2292 3679 tur;
2327 3613 2446 3666 imo
2479 3610 2550 3665 ad
2585 3608 2831 3664 faciliori
2863 3607 2935 3662 ad
2972 3605 3277 3660 difﬁcilius
3330 3607 3572 3673 propter
3614 3599 3806 3669 ipsam

2158 3701 2572 3757 difﬁcultatem
2622 3699 2930 3768 majorem.
2983 3697 3126 3749 Nam
3177 3693 3222 3747 si
3277 3691 3490 3745 exteris
3532 3688 3802 3742 Christus

2157 3791 2487 3861 stupendum
2517 3786 2844 3842 miraculum
2867 3800 3034 3854 aqum
3061 3783 3120 3836 in
3143 3781 3344 3834 vinum
3367 3776 3682 3842 concessit,
3711 3792 3805 3828 so-

2161 3880 2393 3935 dalibus
2417 3883 2473 3933 et
2494 3876 2700 3932 amicis
2743 3874 2866 3928 suis
2910 3873 3040 3941 ﬁliis
3071 3871 3308 3925 thalami
3355 3868 3549 3938 majus
3579 3863 3808 3935 aliquid

2159 3975 2218 4026 et
2247 3967 2605 4039 stupendum
2636 3964 2824 4036 magis
2853 3962 3025 4016 illum
3071 3961 3266 4015 facere
3317 3957 3594 4011 debuisse
3623 3955 3806 4028 signi-

2160 4061 2334 4124 ﬁcat;
2369 4062 2426 4110 7°
2457 4073 2656 4111 verum
2691 4060 2835 4118 esto,
2861 4069 2895 4106 a
2927 4049 3248 4106 difﬁciliori
3282 4047 3356 4103 ad
3386 4046 3620 4101 facilius
3660 4061 3806 4100 con-

2159 4147 2376 4213 cludat,
2411 4146 2473 4200 in
2506 4146 2615 4199 hoc
2648 4149 2770 4198 tota
2800 4142 2902 4196 illa
2931 4139 3184 4195 facilitas
3211 4137 3404 4208 major
3454 4134 3703 4189 haerebit
3731 4149 3802 4186 ex

2158 4236 2358 4308 Cyrilli
2410 4233 2724 4297 sententia,
2781 4230 2937 4300 quod
2997 4244 3130 4283 cum
3157 4227 3234 4280 sit
3286 4225 3487 4295 aliqua
3517 4223 3635 4278 vini
3667 4238 3804 4276 cum

2159 4323 2470 4397 sanguine,
2504 4321 2785 4386 afﬁnitas,
2817 4317 3052 4372 facilius
3109 4314 3257 4369 illud
3314 4315 3377 4368 in
3427 4311 3805 4383 sanguinem,

2157 4430 2334 4484 quam
2369 4427 2522 4482 aqua
2552 4411 2610 4464 in
2636 4409 2838 4463 vinum
2869 4406 3036 4461 nulla
3075 4404 3186 4460 sibi
3218 4403 3500 4458 societate
3552 4401 3805 4471 conjun-

2161 4509 2321 4559 ctum
2351 4499 2495 4556 verti
2529 4497 2818 4553 videatur.

2627 4612 2930 4686 [CCXXIV]
2971 4609 3202 4666 CAPUT
3241 4607 3327 4662 XI.

2157 4736 2403 4800 Reliqua
2456 4731 2795 4794 argumenta
2850 4732 3253 4789 proponuntur
3307 4731 3357 4772 et
3417 4721 3810 4770 vindicantur.

2647 4853 2876 4892 TERTIUM
2914 4849 3206 4890 ABGUMENT
3214 4848 3308 4888 UH.

2234 4960 2320 5012 83.
2355 4953 2716 5026 Quintuplici
2750 4955 2912 5024 parte
2965 4953 3198 5005 constat
3245 4948 3341 5002 hic
3373 4946 3538 5001 locus
3581 4943 3807 5017 Cyrilli,

2165 5053 2275 5104 cat.
2305 5049 2394 5113 22,
2418 5061 2584 5099 num.
2611 5045 2662 5107 3,
2693 5046 2749 5096 1ο
2800 5040 2980 5092 Quare
3028 5052 3152 5086 cum
3202 5034 3521 5085 omnimoda
3569 5048 3811 5094 persua-

2164 5138 2319 5187 sione
2348 5144 2619 5197 tanquam
2647 5145 2845 5192 corpus
2873 5136 2923 5176 et
2953 5128 3293 5189 sanguinem
3326 5125 3536 5175 Christi
3579 5123 3686 5170 illa
3713 5137 3813 5170 su-

2164 5243 2424 5285 mamus;
2453 5224 2508 5273 2°
2531 5237 2662 5271 nam
2695 5221 2755 5269 in
2802 5222 2995 5283 ﬁgura
3019 5217 3193 5279 panis
3237 5215 3409 5265 datur
3459 5214 3563 5263 tibi
3597 5227 3807 5273 corpus,

2165 5327 2213 5366 et
2250 5317 2312 5366 in
2336 5319 2529 5380 ﬁgura
2558 5312 2677 5360 vini
2701 5311 2870 5359 datur
2898 5309 3003 5357 tibi
3031 5307 3269 5370 sanguis
3294 5323 3302 5355 ;
3333 5305 3389 5354 30
3417 5312 3481 5353 ut
3510 5318 3638 5352 cum
3661 5318 3816 5351 sum-

2156 5409 2346 5472 pseris
2403 5419 2602 5466 corpus
2655 5409 2706 5450 et
2755 5399 3087 5463 sanguinem
3143 5397 3369 5453 Christi,
3420 5409 3815 5456 concorporati:

2166 5505 2214 5545 et
2245 5492 2586 5556 consanguis
2617 5491 2730 5552 ipsi
2758 5489 3066 5554 efﬁciaris;
3096 5489 3150 5536 4°
3185 5487 3269 5536 sio
3301 5485 3453 5534 enim
3485 5491 3533 5532 et
3577 5483 3815 5531 Christi-

2165 5585 2280 5647 ἴσνί
2309 5581 2604 5646 efﬁcimur,
2635 5579 2937 5628 distributo
2972 5577 3034 5625 in
3067 5576 3314 5624 membra
3359 5582 3553 5622 nostra
3597 5585 3821 5632 corpore

2166 5676 2281 5736 eius
2316 5681 2366 5722 et
2399 5671 2695 5734 sanguine,
2727 5671 2782 5720 ιςο
2809 5670 2893 5719 εἰσ
2914 5666 3222 5719 secundum
3243 5667 3310 5715 Β.
3343 5665 3577 5714 Patrum
3609 5661 3822 5711 divina
