4134 6264
301 335 420 399 265

302 474 455 540 ﬁmus
483 473 756 525 consortes
796 471 1021 523 natura:
1047 464 1113 520 3‘.

306 559 521 621 omnia,
558 564 614 612 et
658 573 792 613 cum
848 555 1324 628 praecedentibus
1371 555 1562 610 verbis
1610 554 1683 609 de
1734 555 1853 608 vini
1902 554 1962 609 in

310 648 657 716 sanguinem
693 645 1189 700 transmutatione
1242 662 1348 717 per
1386 644 1738 716 particulam
1788 660 1963 713 quare

304 737 468 791 initio
500 736 807 807 prteﬁxam
840 734 1199 805 conjuncta:
1251 751 1366 805 quo
1419 750 1575 789 nexu
1624 733 1959 799 observato,

303 833 494 882 certus
525 831 585 879 et
613 824 1047 879 determinatus
1079 823 1447 896 singularum
1480 823 1957 894 propositionum

305 932 511 972 sensus
547 914 831 980 efﬁcitur,
865 920 930 968 ut
958 914 1160 969 futiles
1210 914 1503 968 Albertini
1552 913 1962 969 cavillationes

304 1010 675 1061 evanescant.
712 1003 868 1057 Nihil
899 1018 1050 1073 pene
1077 1001 1150 1057 ad
1173 1001 1593 1057 declarandam
1622 1001 1959 1074 argumenti

301 1095 438 1161 vim,
472 1099 532 1148 et
579 1094 710 1165 ejus
773 1092 1140 1162 objectiones
1192 1090 1569 1162 dissipandas
1619 1091 1961 1147 addendum

301 1184 490 1238 habeo
530 1183 601 1236 iis
634 1199 768 1253 quin
795 1181 856 1235 in
888 1186 1266 1236 antecessum
1298 1180 1495 1235 notavi
1529 1181 1642 1235 hoc
1672 1181 1865 1251 capite
1897 1196 1957 1238 n.

303 1274 390 1339 73,
425 1273 484 1327 in
513 1272 772 1327 secunda
799 1272 962 1343 parie
994 1271 1327 1343 argumenti
1358 1270 1554 1342 primi.
1588 1275 1646 1325 et
1675 1285 1842 1325 num.
1866 1270 1956 1323 76»

299 1368 355 1417 et
386 1378 514 1433 cap.
548 1364 579 1415 9
610 1361 1025 1416 observatione
1058 1363 1090 1413 2
1121 1366 1179 1414 et
1208 1361 1262 1427 3,
1296 1377 1354 1414 η.
1403 1362 1470 1413 72
1520 1364 1578 1413 et
1626 1362 1714 1413 73.
1766 1360 1960 1415 Pauca

296 1456 527 1507 tantum
556 1450 621 1504 in
653 1450 784 1521 ejus
814 1448 890 1505 ad
920 1450 1195 1520 primam,
1236 1448 1563 1503 secundam
1596 1453 1653 1503 et
1684 1452 1957 1518 quartam

293 1539 627 1611 argumenti
651 1545 881 1610 partem
899 1538 1199 1609 responsis
1223 1538 1347 1593 illic
1370 1538 1591 1592 intacta
1610 1536 1952 1594 observabo.

290 1631 376 1686 Ad
409 1629 667 1701 primam
700 1627 1168 1699 propositionem
1216 1627 1540 1698 respondet
1589 1626 1954 1709 Albertinus’

291 1721 579 1793 Cyrillum
602 1719 755 1774 velle
779 1718 1200 1774 eucharistiam
1220 1717 1397 1784 sumi,
1420 1734 1541 1772 non
1565 1722 1630 1771 ut
1649 1717 1954 1788 proprium

288 1812 525 1867 Domini
558 1827 774 1881 corpus
806 1816 860 1864 et
882 1809 1254 1881 sanguinem.
1276 1808 1377 1862 sed
1407 1814 1470 1862 ut
1495 1824 1711 1878 corpus
1732 1813 1791 1861 et
1813 1823 1947 1861 san-
1984 1843 2025 1908 Β

286 1903 483 1974 guiem
545 1899 864 1970 mysticum
922 1905 982 1951 et
1037 1897 1448 1968 symbolicum.
1495 1899 1705 1952 Mirum
1760 1895 1808 1951 si
1858 1896 1945 1950 rei

286 1996 405 2045 tam
438 1990 633 2044 facilis
664 1988 892 2043 creditu
925 1987 1262 2058 requiratur
1279 1993 1337 2041 et
1357 1985 1809 2043 commendetur
1828 2002 1941 2040 om-

284 2080 515 2133 nimoda
536 2079 828 2148 persuasio
848 2075 1030 2131 animi
1091 2081 1149 2130 et
1206 2076 1513 2138 convictio,
1578 2074 1712 2146 μετὰ
1769 2071 1945 2141 πάσης

286 2165 697 2241 πληροφορίας,
735 2181 903 2221 suam
952 2164 1503 2235 interpretationem
1558 2168 1831 2219 constare
1861 2162 1945 2218 ait

286 2258 379 2312 his
408 2256 629 2322 verbis,
662 2260 774 2309 cat.
805 2257 892 2322 23,
926 2271 983 2308 n.
1027 2256 1114 2309 20.
1151 2255 1255 2318 Qui
1297 2260 1544 2323 gustant,
1588 2270 1699 2308 non
1738 2268 1944 2323 panem

290 2353 342 2402 et
370 2348 565 2402 vinum
594 2345 887 2414 degustare
906 2343 1218 2412 jubentur;
1245 2344 1337 2397 sed
1382 2344 1699 2412 antitypum
1747 2357 1941 2412 corpo-

292 2440 368 2493 ris
397 2445 449 2492 et
477 2437 766 2504 sanguinis
796 2434 1020 2490 Christi.
1056 2433 1227 2488 Prius
1260 2438 1388 2489 erat
1431 2433 1805 2505 probandum
1849 2431 1942 2487 Al-

285 2526 550 2591 bertino,
577 2527 895 2594 antitypum
929 2523 1000 2579 de
1049 2538 1112 2578 se
1144 2539 1269 2577 rem
1303 2539 1481 2594 quam
1508 2522 1802 2594 signiﬁcat
1832 2538 1940 2577 ex-

291 2618 557 2675 cludere.
586 2619 667 2672 Ea
694 2633 839 2672 sane
868 2615 1073 2687 Cyrilli
1107 2615 1464 2671 existimatio
1497 2631 1616 2669 non
1649 2621 1792 2679 erat,
1840 2614 1940 2685 qui

288 2724 427 2764 cum
460 2724 689 2763 sacrum
719 2705 982 2761 chrisma
1011 2705 1262 2777 Spiritus
1292 2704 1482 2759 sancti
1500 2710 1832 2775 antitypum
1847 2720 1941 2775 ap-

288 2796 474 2869 pellet
494 2801 603 2851 cat.
634 2799 723 2861 2t,
758 2812 817 2848 ιι.
855 2798 909 2858 1,
939 2793 1089 2849 illud
1119 2796 1360 2863 Spiritus
1378 2795 1557 2849 sancti
1577 2795 1815 2862 efﬁciens
1836 2808 1942 2863 ap-

292 2887 471 2958 pellat
494 2892 732 2956 propter
754 2886 1112 2955 prazsentiam
1141 2885 1452 2938 divinitatis
1483 2884 1619 2954 ejus,
1655 2900 1714 2937 ιι.
1748 2884 1800 2948 3,
1835 2898 1939 2937 eu-

299 2977 631 3032 charistiam
666 2992 800 3031 vero
831 2974 1122 3047 ejusmodi
1155 2975 1487 3046 antitypum
1529 2989 1658 3030 esse
1706 2974 1767 3028 in
1812 2972 1940 3044 ipso

297 3065 421 3121 loco
449 3067 643 3133 docet,
678 3065 837 3136 quod
868 3065 1041 3135 panis
1063 3069 1121 3119 et
1150 3064 1352 3119 vinum
1381 3080 1503 3119 non
1534 3063 1629 3120 sit.
1691 3064 1796 3128 Qui
1835 3078 1941 3132 gu-

289 3162 453 3223 stant,
486 3156 703 3226 inquit,
736 3170 849 3209 non
872 3170 1076 3223 panem
1105 3159 1156 3208 et
1186 3155 1373 3208 vinum
1402 3154 1690 3222 degustare
1736 3153 1943 3224 juben-

291 3253 400 3309 tur,
432 3246 530 3300 sed
560 3247 897 3314 antitypum,
930 3249 1065 3311 etc.,
1098 3243 1270 3314 cujus
1297 3248 1509 3298 natura
1535 3259 1655 3298 non
1686 3259 1755 3298 ex
1806 3258 1943 3297 sen-
1973 3217 2015 3285 C

289 3352 466 3391 suum
502 3333 846 3389 testimonio
876 3332 1246 3394 aestimanda,
1274 3331 1377 3387 sed
1409 3349 1478 3387 ex
1502 3332 1617 3387 ﬁde
1635 3331 1945 3387 dubitatio-

285 3441 432 3479 nem
464 3439 727 3478 omnem.
764 3438 894 3492 quas
927 3438 995 3476 ex
1017 3420 1316 3476 contraria
1342 3437 1625 3476 sensuum
1649 3420 1945 3493 signiﬁca.-

284 3514 453 3568 tione
483 3512 920 3584 proﬁciscatur,
953 3509 1324 3565 excludente.
1368 3510 1441 3564 Ne
1492 3509 1793 3579 corporeis,
1841 3508 1944 3576 ait,

283 3603 551 3672 faucibus
574 3602 740 3671 hujus
796 3602 878 3654 rei
924 3599 1201 3671 judicium
1244 3600 1767 3667 aestimationemque
1808 3613 1942 3667 per-

283 3696 518 3759 mittite,
550 3707 681 3757 non,
733 3706 981 3761 mquam,
1038 3689 1132 3744 sed
1184 3688 1314 3758 ﬁdei
1370 3687 1544 3743 omnis
1583 3689 1947 3742 dubitationis

284 3783 528 3853 experti.
569 3780 911 3851 Antitypum
941 3778 1004 3833 in
1036 3795 1151 3850 quo
1182 3794 1283 3833 rea:
1313 3777 1438 3848 ipse
1470 3777 1737 3832 Christus
1774 3778 1948 3832 susci-

279 3876 505 3943 piatur,
538 3868 682 3923 ibid.
716 3886 774 3923 n.
805 3871 893 3929 21,
917 3884 1099 3938 prono
1130 3883 1374 3938 corpore
1407 3866 1740 3931 adorandus,
1768 3883 1827 3920 n.
1854 3868 1944 3920 22.

288 3962 647 4031 Antitypum
678 3956 957 4029 denique,
1018 3955 1175 4028 quod
1234 3956 1312 4010 sit
1367 3972 1564 4027 corpus
1617 3962 1667 4011 et
1720 3958 1946 4026 sanguis

290 4052 521 4111 Christi.
557 4050 614 4103 in
636 4051 820 4118 ﬁgura
850 4048 1016 4117 panis
1045 4052 1097 4101 et
1125 4047 1241 4101 vini
1268 4046 1445 4109 data;
1501 4052 1553 4101 et
1599 4063 1719 4102 cum
1769 4044 1948 4101 omni-

291 4141 457 4196 moda
478 4136 837 4210 persuasione
861 4153 966 4207 pro
997 4135 1200 4191 Christi
1229 4151 1453 4205 corpore
1480 4141 1533 4190 et
1556 4139 1826 4206 sanguine
1853 4151 1947 4191 su-

292 4229 519 4293 menda,
552 4232 665 4282 cat.
700 4228 787 4288 22.
824 4241 882 4280 ιι.
917 4226 966 4278 3.
1003 4224 1136 4279 Haec
1166 4229 1365 4279 autem
1398 4223 1458 4279 in
1481 4224 1676 4293 verba,
1700 4242 1831 4296 quae
1851 4243 1947 4281 se-

296 4319 555 4375 cundam
588 4314 922 4388 argumenti
954 4318 1183 4385 partem
1216 4314 1544 4379 continent,
1589 4314 1672 4369 sic
1704 4315 1942 4371 cavilla-

296 4414 409 4466 tur.
447 4410 508 4462 In
536 4410 722 4476 ﬁgura
745 4406 928 4475 panis,
959 4402 1243 4475 intellige,
1276 4404 1335 4456 in
1359 4419 1508 4472 pune
1535 4406 1733 4473 ﬁgura.
1768 4405 1948 4461 Multa

296 4498 593 4555 inutiliter
623 4511 691 4549 ex
723 4492 995 4549 Patribus
1036 4497 1269 4548 acervat
1315 4491 1529 4546 similis
1582 4494 1944 4564 acceptionis

1665 327 2197 394 DISSERTATIO
2237 332 2349 394 III.

1173 469 1335 521 Nexa
1391 482 1593 521 secum
1642 471 1782 521 sunt
1827 466 1955 520 hinc
1985 470 2032 535 Α
2068 470 2201 533 test,
2230 467 2366 523 huic
2396 468 2681 539 parallelo
2713 475 2772 525 et
2810 470 3044 544 gemino
3095 472 3503 529 accommodet
3547 475 3716 529 testi-

3595 338 3715 401 26B

2070 557 2270 612 monio
2304 574 2374 612 ex
2403 565 2516 615 cat.
2551 562 2637 627 13,
2670 576 2727 614 ιι.
2766 564 2852 625 l9,
2885 561 2984 615 ubi
3016 561 3087 615 de
3119 562 3332 617 Christi
3375 580 3621 635 corpore
3652 564 3715 618 in

2069 662 2304 702 crucem
2336 654 2467 703 acto
2500 649 2898 720 interpretans
2953 651 3127 706 verba
3167 653 3472 707 Jeremiae:
3523 655 3713 709 Mitta-

2066 751 2184 790 mus
2214 736 2423 806 lignum
2456 738 2516 792 in
2538 756 2742 809 panem
2772 741 2888 810 ejus
2911 741 2976 808 ³⁵,
3009 741 3091 795 ait
3118 741 3410 812 Cyrillus:
3443 742 3503 797 Si
3532 750 3583 797 te
3604 745 3713 799 Do-

2066 829 2247 881 minus
2276 827 2508 896 dignum
2542 829 2812 894 habuerit,
2848 832 2903 884 in
2929 837 3207 900 posterum
3238 847 3523 900 cognosces
3571 832 3719 902 quod

2063 929 2260 985 corpus
2291 917 2491 972 Christi
2519 919 2812 974 secundum
2869 920 3231 990 Evangelium
3277 924 3513 989 ﬁguram
3559 938 3718 990 gere-

2067 1004 2159 1058 bat
2197 1008 2377 1074 panis,
2434 1003 2603 1059 τύπον
2662 1003 2846 1083 ἔφερεν
2906 1006 3085 1081 ἄρτον·
3144 1010 3572 1080 interpretatur
3613 1009 3718 1064 Al-

2064 1091 2356 1163 bertinus,
2392 1096 2639 1169 ﬁguram
2671 1098 2914 1169 gerebat
2961 1115 3197 1170 panem.
3252 1100 3333 1153 Ex
3386 1099 3478 1154 his
3518 1104 3719 1154 autem

2063 1182 2254 1237 verbis
2285 1186 2368 1238 sic
2417 1193 2834 1258 argumentum
2891 1187 3177 1242 instituo:
3228 1190 3449 1259 Corpus
3496 1186 3715 1243 Christi

2064 1271 2222 1341 quod
2254 1272 2316 1327 in
2349 1289 2513 1329 cinna
2543 1275 2792 1347 ﬁguram
2826 1275 3121 1332 referebat
3148 1275 3342 1347 panis,
3376 1280 3465 1331 est
3494 1292 3710 1348 corpus

2064 1360 2554 1430 eucharisticum;
2582 1379 2701 1418 non
2726 1364 2882 1419 idem
2912 1382 3128 1436 corpus
3154 1365 3211 1419 in
3240 1369 3395 1420 statu
3419 1382 3523 1421 suo
3544 1370 3715 1420 natu-

2063 1449 2173 1504 rali
2209 1450 2518 1521 exsistens,
2554 1452 2712 1524 quod
2745 1455 3205 1510 eucharisticum
3250 1473 3464 1527 corpus
3514 1454 3721 1514 distri-

2062 1536 2316 1594 buebat:
2351 1540 2498 1595 illud
2528 1542 2690 1597 enim
2722 1543 2949 1599 nullam
2982 1545 3230 1615 ﬁguram
3261 1544 3556 1600 referebat
3610 1561 3716 1617 pa-

2060 1628 2153 1683 nis
2180 1645 2192 1696 ;
2226 1635 2286 1684 at
2313 1647 2527 1702 corpus
2558 1632 2821 1688 referens
2843 1634 3013 1705 panis
3040 1634 3309 1705 ﬁguram,
3339 1633 3485 1687 illud
3509 1639 3616 1699 est,
3643 1650 3714 1688 ex

2060 1717 2276 1787 Cyrillo
2309 1719 2465 1789 quod
2497 1736 2531 1775 a
2562 1722 2850 1791 propheta
2880 1723 3051 1793 panis
3075 1723 3315 1777 nomine
3338 1722 3712 1794 designatum

2060 1806 2121 1860 in
2152 1824 2387 1863 crucem
2410 1815 2607 1864 actum
2640 1810 2769 1864 fuit.
2795 1804 3024 1881 Corpus
3046 1811 3223 1883 igitur
3253 1811 3711 1868 eucharisticum

2058 1896 2214 1951 idem
2240 1904 2328 1951 est
2346 1915 2479 1952 cum
2497 1916 2741 1971 corpore
2766 1901 3070 1956 cruciﬁxo.
3103 1902 3288 1965 Quam
3311 1909 3509 1956 autem
3532 1901 3711 1956 aliam

2056 1986 2227 2057 panis
2261 1988 2507 2060 ﬁguram
2540 1989 2757 2044 referre
2791 1996 3023 2061 poterat
3067 2007 3280 2061 corpus
3332 1991 3602 2047 naturale
3653 1996 3712 2047 et

2057 2076 2426 2143 cruciﬁxum,
2460 2084 2676 2149 praeter
2700 2080 2958 2150 speciem
2982 2087 3284 2133 externam
3307 2080 3478 2150 panis
3502 2080 3611 2134 sibi
3634 2079 3710 2135 ad

2055 2165 2322 2221 velamen
2346 2168 2812 2224 circumdatam?
2838 2169 2992 2240 quod
3027 2168 3265 2241 quidem
3291 2169 3543 2242 Cyrillus
3565 2170 3707 2226 dum

2055 2257 2356 2312 auditores
2379 2274 2519 2313 suos
2545 2258 2684 2313 olim
2721 2261 3060 2331 cognituros
3094 2264 3312 2321 monet,
3359 2259 3418 2313 id
3471 2259 3596 2331 ipse
3648 2259 3709 2315 in

2055 2345 2146 2400 his
2178 2346 2369 2401 verbis
2402 2347 2683 2412 declarat,
2716 2354 2828 2403 cat.
2864 2350 2968 2402 23:
3021 2350 3085 2403 In
3113 2352 3296 2418 ﬁgura
3330 2351 3495 2419 panis
3543 2349 3712 2402 datur

2055 2435 2176 2503 tibi,
2212 2439 2301 2489 etc
2357 2435 2573 2490 Eadem
2608 2453 2743 2508 ergo
2778 2437 2840 2491 in
2871 2442 3122 2508 utroque
3155 2438 3284 2492 loco
3310 2437 3510 2510 ﬁguras
3542 2454 3709 2493 acce-

2052 2525 2175 2598 ptio
2204 2541 2309 2596 pro
2345 2525 2533 2597 ﬁgura
2566 2527 2747 2594 nuda,
2801 2534 3044 2582 externa
3094 2527 3311 2598 specie,
3359 2528 3709 2599 apparentia

2052 2630 2219 2686 pura.
2255 2615 2477 2686 Ecquid
2510 2616 2808 2671 enimvero
2849 2617 2910 2671 in
2961 2633 3114 2688 pane
3163 2624 3547 2686 transmutato,
3607 2617 3710 2688 qui

2049 2707 2211 2774 panis
2233 2704 2362 2775 jam
2394 2720 2503 2759 non
2535 2710 2611 2760 est
2641 2708 2853 2760 tametsi
2883 2706 3075 2761 adhuc
3106 2722 3216 2761 esse
3261 2707 3415 2761 viden
3428 2712 3537 2773 tur,
3589 2711 3702 2764 cat.

2050 2795 2139 2861 23,
2175 2810 2232 2847 ιι.
2267 2796 2321 2861 9,
2354 2794 2424 2849 de
2479 2811 2617 2864 quo,
2673 2795 2965 2866 quidquid
3015 2802 3277 2865 suggerat
3323 2811 3526 2857 sensus.
3579 2793 3706 2852 sola

2051 2883 2347 2938 audienda
2377 2891 2468 2939 est
2495 2885 2627 2953 ﬁdes
2671 2901 2866 2955 corpus
2915 2886 3115 2940 Christi
3163 2901 3271 2940 esse
3318 2885 3705 2954 conﬁrmans,

2050 2988 2114 3027 n.
2156 2975 2187 3027 6
2239 2973 2403 3044 quid,
2435 2973 2704 3044 inquam,
2737 2974 2799 3029 in
2831 2974 3124 3045 ejusmodi
3157 2990 3328 3045 pane,
3354 2981 3571 3045 praeter
3596 2989 3708 3028 nu-

2051 3061 2186 3116 dam
2214 3062 2429 3133 prioris
2460 3068 2648 3118 status
2687 3062 2937 3134 ﬁguram
2986 3068 3046 3117 et
3083 3063 3343 3134 speciem
3390 3078 3704 3135 superesse

2054 3151 2296 3222 potest?

2124 3241 2211 3294 84.
2247 3240 2423 3295 Suam
2454 3240 2795 3296 Albertinus
2826 3240 3138 3296 sententia)
3161 3241 3700 3313 Cyrillianaiinter-

2055 3330 2447 3402 pretationem
2482 3331 2675 3385 munit
2705 3330 2950 3386 diversis
2981 3331 3183 3402 Cyrilli
3207 3330 3589 3388 Alexandrini
3614 3337 3705 3388 te-

2055 3417 2375 3487 stimoniis,
2407 3436 2538 3489 quas
2565 3436 2698 3474 cum
2724 3436 2964 3474 sensum
2988 3420 3369 3491 perspicuum
3392 3420 3651 3476 habeant
3672 3436 3707 3476 a

2054 3509 2294 3563 nemine
2322 3525 2466 3564 sano
2490 3509 2561 3564 ad
2586 3510 2844 3564 litteram
2861 3510 3305 3575 sumendum,et
3323 3511 3543 3566 idcirco
3568 3526 3703 3565 cum

2054 3597 2414 3653 eucharistia
2444 3599 2775 3669 comparari
2804 3615 2924 3653 non
2957 3599 3235 3664 debeant,
3283 3600 3699 3672 praetermitto.

2055 3687 2246 3741 Unum
2279 3703 2347 3741 ex
2378 3686 2499 3741 illis
2529 3687 2719 3742 solum
2750 3688 3086 3758 Cyrillianaa
3116 3689 3505 3760 propositioni
3538 3688 3708 3744 simi-

2052 3776 2192 3844 lem,
2226 3792 2342 3845 quo
2373 3775 2657 3843 abutitur,
2690 3778 2944 3837 excutio.
2978 3776 3060 3832 ait
3090 3777 3343 3849 Cyrillus
3374 3778 3478 3833 lib.
3538 3794 3601 3831 111
3647 3779 3706 3831 in

2050 3867 2236 3933 Joan.,
2269 3881 2397 3936 cap.
2432 3867 2483 3934 6,
2509 3881 2638 3937 pag.
2674 3866 2778 3919 312
2800 3884 2814 3920 :
2838 3861 3217 3936 Ἐπιδείζομεν
3247 3861 3303 3918 δὲ
3348 3862 3436 3918 διὰ
3464 3865 3705 3934 πάντων,

2053 3950 2136 4006 ὅτι
2166 3952 2227 4006 τὸ
2262 3954 2433 4025 μάννα
2460 3952 2523 4006 τὸ
2568 3951 2829 4022 ἀληθινὸν
2888 3952 3050 4016 αὐτός
3096 3950 3235 4007 ἐστιν
3268 3953 3297 4007 ὁ
3329 3954 3579 4026 Χριστὸς,
3630 3953 3707 4016 ὡς

2052 4039 2103 4096 ἐν
2134 4040 2291 4114 τύπῳ
2318 4044 2397 4113 τῷ
2433 4039 2604 4114 μάννα
2634 4042 2998 4116 χορηγεῖσθαι
3027 4046 3145 4103 τοῖς
3177 4040 3564 4118 ἀρχαιοτέροις
3615 4062 3706 4097 νο-

2052 4130 2279 4201 ούμενος
2306 4130 2453 4204 παρᾶ
2475 4133 2572 4184 τοῦ
2603 4133 2737 4184 Θεοῦ
2783 4128 2875 4184 καὶ
2928 4129 3157 4202 Πατρός.
3216 4133 3566 4188 Ostendemus
3612 4150 3709 4189 au-

2053 4231 2161 4280 tem
2183 4240 2287 4294 per
2312 4224 2495 4279 omnia
2548 4224 2609 4278 in
2655 4225 2930 4295 sequenti
2979 4224 3381 4296 disputatione
3428 4225 3707 4308 dicenda,

2051 4313 2195 4384 quod
2220 4329 2427 4368 manna
2454 4330 2644 4368 verum
2674 4316 2789 4384 ipse
2818 4319 2895 4369 est
2926 4313 3193 4380 Christus,
3242 4317 3341 4384 qui
3390 4317 3446 4369 in
3499 4331 3708 4370 manna

2049 4406 2231 4473 ﬁgura
2259 4404 2529 4458 veteribus
2576 4420 2611 4458 a
2662 4405 2770 4459 Deo
2817 4408 2870 4458 et
2917 4404 3081 4458 Patre
3138 4404 3299 4459 datus
3353 4404 3703 4474 intelligitur.

2052 4493 2223 4562 Atqui
2255 4492 2521 4547 Christus
2551 4492 2613 4546 in
2662 4509 2885 4549 manna
2934 4492 3232 4548 veteribus
3281 4509 3404 4549 non
3453 4492 3711 4550 dabatur

296 4587 607 4658 exempla:
653 4586 871 4653 signum
900 4582 1347 4649 circumcisionis,
1394 4597 1520 4652 pro,
1573 4581 1943 4637 circumcisio
1978 4588 2025 4650 D
2053 4582 2312 4637 realiter.
2348 4584 2463 4637 Nec
2494 4597 2631 4655 ergo
2662 4598 2734 4637 ex
2764 4582 2968 4653 Cyrilli
2992 4582 3514 4654 Hierosolymitani
3562 4599 3709 4638 sen-

296 4678 529 4751 signum
554 4692 568 4739 ;
602 4680 761 4744 typus
788 4673 965 4739 Jonas,
1000 4688 1105 4743 pro
1135 4673 1303 4725 Jonas
1334 4676 1512 4740 typus.
1544 4670 1692 4736 Quid
1719 4671 1951 4727 multa?

296 4763 633 4821 sufﬁciebat
660 4767 1063 4817 sacramentum
1093 4759 1455 4826 eucharistiae,
1497 4776 1625 4831 pro,
1681 4761 1950 4816 euchari-

299 4856 410 4911 stia
422 4857 862 4910 sacramentum
874 4893 887 4907 .
911 4851 1035 4905 Non
1052 4864 1335 4921 negamus
1349 4847 1466 4903 dici
1482 4864 1653 4919 posse
1673 4849 1952 4920 [CCXXV]

295 4949 533 5015 ﬁguram
559 4945 746 5014 panis,
772 4957 900 5012 pro,
934 4938 1103 5010 panis
1134 4938 1234 5009 qui
1255 4942 1344 4993 est
1375 4937 1593 5010 ﬁgura;
1626 4937 1730 4993 sed
1752 4944 1953 4994 utrum

297 5036 425 5090 haec
456 5034 554 5088 isti
586 5032 718 5087 loco
750 5029 822 5084 de
854 5045 970 5099 quo
1002 5028 1231 5100 agimus
1280 5027 1692 5098 interpretatio
1741 5044 1950 5082 conve-

297 5126 444 5187 niat,
475 5124 588 5178 hoc
620 5119 921 5191 quaeritur.
960 5119 1101 5172 Eam
1134 5122 1292 5171 certe
1340 5115 1788 5172 accommodare
1832 5133 1954 5172 non

296 5217 514 5286 potest,
546 5211 691 5281 quin
725 5205 1039 5263 ridiculam
1073 5205 1227 5260 hanc
1266 5209 1323 5259 et
1352 5204 1612 5276 ineptam
1630 5205 1846 5276 Cyrillo
1869 5204 1951 5260 af-

297 5303 486 5367 ﬁngat
515 5297 877 5357 sententiam
906 5312 918 5349 :
949 5297 1014 5350 In
1035 5312 1185 5366 pane
1216 5301 1365 5365 typo,
1424 5295 1686 5366 corporis
1737 5294 1953 5350 Christi

294 5392 610 5451 nimirum,
637 5389 808 5443 datur
866 5386 967 5439 tibi
1020 5401 1214 5456 corpus
1266 5384 1471 5440 Christi
1518 5386 1803 5455 typicum;
1842 5384 1956 5439 hoc

294 5489 405 5555 est,
440 5488 619 5554 typus
651 5474 916 5547 corporis
945 5473 1186 5529 Christi.
1221 5475 1433 5529 Verum
1465 5473 1757 5543 eamdem,
1791 5475 1838 5529 si
1859 5489 1960 5547 po-

362 5681 412 5720 ³⁴
437 5682 491 5738 II
527 5680 685 5735 Petr.
718 5688 763 5744 ι,
789 5674 848 5728 4.
922 5670 970 5708 ⁸⁸
998 5674 1115 5729 Jer.
1148 5689 1229 5743 χι,
1259 5675 1347 5730 19.

623 5806 892 5868 ΡΑτιιοι.
938 5804 1052 5863 Gn.
1099 5800 1367 5863 XXXIII.

2060 4670 2245 4726 tentia
2274 4670 2683 4742 consequitur,
2716 4671 2777 4725 in
2806 4677 2942 4743 typo
2974 4672 3145 4743 panis
3168 4673 3366 4742 (quem
3386 4689 3707 4744 possumus

2057 4761 2390 4833 intelligere
2441 4777 2656 4831 panem
2716 4756 3294 4832 typumlChristum
3350 4778 3486 4817 vere
3558 4761 3709 4817 dari.

2057 4850 2286 4905 Omissa
2316 4849 2628 4906 ambarum
2685 4848 3074 4905 Alexandrini
3124 4854 3183 4905 et
3226 4850 3709 4923 Jerosolymitani

2057 4938 2428 4994 locutionum
2461 4938 2847 5009 disparitate;
2881 4939 3039 5010 quod
3080 4939 3267 4995 altera
3323 4940 3395 4995 de
3444 4945 3710 5012 tempore

2058 5027 2530 5083 incarnationem
2562 5027 2947 5084 antecedente
2980 5033 3130 5101 agat,
3164 5029 3227 5083 in
3257 5045 3372 5101 quo
3414 5029 3713 5085 Christum

2064 5118 2352 5172 hominem
2383 5118 2648 5173 nondum
2681 5118 3087 5185 exsistentem,
3130 5119 3257 5190 jam
3307 5126 3432 5175 tum
3482 5119 3608 5174 dari
3650 5119 3715 5174 in

2062 5213 2322 5262 mentem
2354 5207 2557 5261 venire
2587 5223 2709 5261 non
2741 5213 3009 5278 poterat;
3043 5208 3232 5264 altera
3259 5225 3394 5264 vero
3445 5208 3517 5264 de
3558 5214 3710 5263 tem-

2061 5314 2207 5369 pore
2238 5295 2708 5351 incarnationem
2742 5298 3097 5354 subsecuto:
3134 5299 3410 5370 quodque
3461 5299 3711 5355 alteram

2064 5386 2347 5459 adjuncta
2377 5385 2578 5441 omnia
2606 5385 2681 5441 ad
2715 5387 3029 5457 ﬁguratum
3062 5405 3324 5455 sensum,
3357 5389 3610 5444 alteram
3641 5386 3716 5441 ad

2062 5474 2383 5532 litteralem
2455 5474 2894 5545 determinent;
2978 5477 3290 5549 [CCXXVI]
3350 5480 3709 5549 suffragante
