4108 6270
418 354 537 418 267

1603 342 1702 407 DE
1745 343 2143 408 DOCTRINA
2185 340 2249 406 S.
2295 346 2634 411 CYRILLI.

3705 352 3828 414 268

419 480 822 542 Alexandrino
852 478 1004 552 ipso,
1053 475 1154 549 qui
1209 477 1321 533 hac
1359 474 1421 531 in
1477 475 1609 549 ipsa
1662 476 2061 549 disputatione
2088 482 2144 548 A
2175 495 2314 547 reae,
2346 498 2477 553 qum
2509 487 2789 538 extremae
2819 479 3037 551 speciei
3065 478 3136 536 ab
3169 479 3314 552 ipsis
3344 487 3664 554 assumptio
3685 501 3828 556 pro-

418 591 640 631 manna
668 573 824 628 dicat
845 567 1216 625 eucharistim
1241 567 1487 639 figuram
1512 567 1763 622 fuissein
1780 568 2068 639 quaChri-

417 670 543 721 stus
567 680 700 719 vere
733 666 791 717 et
818 658 1205 730 corporaliter
1234 656 1575 728 recipiatur,
1627 656 1864 712 disertis
1898 657 2065 711 testi-

417 752 638 811 moniis
669 751 797 823 ipsa
826 765 956 821 pag.
991 751 1115 815 312,
1149 752 1208 801 et
1241 763 1368 819 pag.
1411 747 1536 813 316,
1587 748 1711 813 317,
1763 747 1886 814 319,
1938 745 2065 814 322,

412 842 525 907 his,
561 842 827 913 inquam,
869 838 1128 905 omissis,
1160 836 1289 891 dico
1322 839 1378 890 1°
1407 835 1874 891 Alexandrinum
1897 851 2063 890 suam

412 931 600 1004 ipsius
631 930 964 985 orationem
990 925 1389 998 interpretari,
1424 931 1548 980 tum
1589 924 2064 997 praecedentibus

411 1019 610 1077 locum
637 1021 698 1075 in
725 1017 1061 1090 objections
1099 1015 1342 1071 citatum
1380 1015 1571 1069 verbis
1610 1030 1738 1087 pag.
1793 1015 1916 1082 312,
1960 1009 2064 1068 ubi

413 1110 497 1168 ait
511 1125 732 1165 manna
753 1114 957 1180 typum
980 1105 1162 1161 fuisse
1181 1120 1379 1159 rerum
1399 1104 1732 1159 futurarum
1755 1121 1768 1170 ;
1802 1103 1905 1158 sed
1928 1119 2063 1159 cum
2094 1097 2099 1103 ’

412 1199 677 1255 veritatis
709 1205 940 1269 tempus
972 1195 1262 1261 adveniet,
1290 1196 1510 1249 Patrem
1541 1194 1748 1249 dedisse
1775 1195 1931 1248 nobis
1952 1209 2064 1264 pa-

413 1305 538 1347 nem
557 1291 621 1344 de
643 1288 795 1356 creto,
827 1288 924 1356 qui
950 1302 1050 1357 per
1105 1300 1321 1339 manna?
1367 1284 1924 1338 subministrationem
1969 1299 2064 1337 ve-

416 1377 624 1433 teribus
647 1382 909 1445 tanquam
940 1375 996 1429 in
1025 1372 1234 1428 umbris
1262 1372 1689 1427 describebatur.
1723 1372 1821 1431 ’Ός
1856 1366 2060 1438 διὰτῆς

413 1469 511 1520 τοῦ
543 1463 712 1537 μάννα
741 1461 1033 1539 χορηγίας,
1063 1466 1180 1523 τοῖς
1239 1460 1624 1536 ἀρχαιοτέροις
1666 1459 1739 1521 ὡς
1791 1459 1844 1513 ἐν
1886 1463 2064 1523 σκιαῖς

411 1554 796 1631 κατεγράφετο·
831 1561 955 1610 tum
986 1552 1373 1625 sequentibus
1402 1570 1531 1625 pag.
1566 1553 1690 1619 319,
1742 1553 1862 1622 Ipse
1903 1551 2061 1607 nobis

411 1660 619 1703 man-na
646 1662 833 1702 verum
866 1645 1138 1699 exhibitus
1194 1650 1269 1698 est
1315 1643 1576 1708 Christus,
1623 1642 1891 1697 veteribus
1935 1647 2058 1695 tan-

413 1752 579 1810 quam
636 1738 695 1791 in
748 1737 990 1805 imagine
1029 1750 1132 1805 per
1192 1740 1383 1803 typum
1466 1732 1796 1786 declaratus.
1883 1727 2057 1790 Αὐτὸς

409 1825 547 1896 ἡμῖν
578 1822 641 1877 τὸ
702 1822 874 1896 μάννα
915 1822 977 1876 τὸ
1030 1820 1288 1891 ἀληθινὸν
1339 1815 1626 1893 ἀνεδείχθη
1681 1818 1926 1893 χριστὸς,
1988 1817 2062 1880 ὡς

411 1911 466 1967 ἐν
499 1911 668 1966 εἷ’κόνι
704 1916 822 1973 τοῖς
874 1908 1258 1986 ἀρχαιοτέροις
1318 1905 1407 1962 διὰ
1459 1906 1637 1962 τύπου
1697 1905 2065 1979 δηλούμενος,

410 2007 538 2060 tum
567 2002 782 2058 deinde
813 2018 947 2057 cum
981 2017 1199 2057 manna
1224 1999 1369 2054 dicit
1398 1998 1748 2071 evangelica:
1779 1997 2064 2053 doctrinae

411 2093 661 2165 ﬁguram
693 2108 824 2164 pag.
849 2092 972 2145 318.
1008 2091 1095 2145 Ita
1134 2105 1349 2160 nempe
1399 2088 1559 2143 nuda
1606 2087 1824 2142 Ghristi
1878 2087 2066 2158 ﬁgura

412 2187 558 2250 erat,
592 2187 658 2237 ut
683 2197 811 2236 rem
841 2195 1079 2252 quoque
1127 2179 1374 2234 alteram
1429 2178 1726 2250 figuraret.
1778 2176 2064 2232 Ostendat

412 2271 756 2328 Albertinus
787 2270 1015 2327 similes
1032 2269 1093 2323 in
1117 2266 1671 2338 Hierosolymitano,
1697 2265 1769 2321 de
1788 2265 2060 2321 euchari-

416 2362 561 2417 stico
593 2376 745 2433 pane
779 2360 853 2416 ad
870 2358 1190 2432 imaginem
1211 2363 1271 2413 et
1296 2357 1546 2428 ﬁguram
1566 2354 1803 2411 redacto
1818 2355 2062 2411 locutio-

414 2468 543 2507 nes.
577 2451 716 2507 Dico
746 2455 805 2505 2°
835 2448 1221 2505 Alexandrini
1270 2448 1332 2502 in
1376 2446 1610 2518 objecta
1652 2446 2058 2517 propositione

415 2555 657 2596 sensum
689 2556 837 2607 esse,
859 2554 965 2609 per
987 2536 1511 2593 mannaveteribus
1533 2534 2059 2600 datum,Christum

414 2629 799 2697 adumbrari;
834 2627 935 2698 qui
979 2626 1221 2697 quidem
1271 2632 1551 2694 tanquam
1600 2624 1843 2678 verbum
1896 2623 2058 2679 omni

413 2726 700 2774 creaturae
730 2716 1026 2785 rationali,
1059 2721 1121 2770 ut
1152 2714 1425 2786 proprius
1456 2730 1523 2769 ac
1552 2712 1839 2769 naturalis
1881 2712 2055 2767 intel-

411 2808 758 2865 lectualium
784 2805 1250 2862 substantiarum
1272 2803 1585 2875 cibus.jam
1610 2808 1733 2857 tum
1752 2809 1810 2858 et
1830 2803 2056 2876 angelis

413 2904 472 2956 et
500 2898 793 2955 veteribus
824 2896 898 2953 ad
928 2895 1461 2952 sanctiﬁcationem
1484 2893 1753 2959 dabatur,
1774 2910 1902 2965 pag.
1930 2894 2052 2961 314,

410 2990 535 3060 312,
568 2994 850 3060 tanquam
880 2987 1058 3042 homo
1088 3001 1222 3041 vero
1255 2983 1398 3039 olim
1444 2984 1506 3038 in
1550 2983 1908 3038 eucharistia
1937 2982 2053 3039 lar-

407 3078 660 3153 giendus
690 3083 835 3143 erat,
865 3076 937 3132 ad
965 3074 1349 3145 viviﬁcandum
1394 3072 1653 3144 spiritum
1698 3080 1965 3140 nostrum,
1998 3080 2051 3128 et

409 3185 603 3238 corpus
632 3169 691 3221 in
722 3167 1181 3235 incorruptionem
1211 3163 1623 3230 continendum,
1656 3167 1715 3216 et
1732 3179 1839 3233 per
1867 3162 2044 3217 fidem

2176 570 2318 639 prius
2368 576 2551 627 erant.
2616 569 2824 636 Quid?
2878 569 3004 641 ipse
3072 569 3338 625 Christus
3397 574 3826 645 pronuntiavit,

2175 663 2298 728 quis
2329 667 2408 714 est
2450 660 2549 731 qui
2578 678 2661 715 me
2693 661 2930 729 tetigit?
2965 660 3100 715 Luc.
3151 677 3265 729 VIII,
3312 663 3401 724 45.
3454 679 3590 717 cum
3641 672 3831 720 extre-

2174 763 2335 802 mam
2375 748 2709 819 [CCXXVII]
2755 754 3012 816 tantum,
3068 765 3188 803 non
3237 749 3540 805 interioris
3589 752 3825 823 tunica),

2175 836 2277 891 sed
2300 838 2464 908 pallii
2488 839 2798 893 exterioris
2824 837 3119 892 fimbriam
3147 838 3363 892 mulier
3391 838 3703 912 attigisset.
3728 844 3828 896 At-

2175 925 2297 996 qui,
2331 927 2514 982 instat
2569 927 2929 989 Albertmus.
2991 943 3065 982 ne
3119 927 3404 998 Cyrillum
3464 930 3536 983 de
3582 933 3824 1002 proprio

2172 1014 2389 1070 Christi
2422 1033 2668 1088 corpore
2701 1016 2965 1071 locutum
3000 1017 3334 1081 credamus,
3366 1018 3561 1073 obstat
3590 1025 3642 1073 1°
3664 1021 3824 1091 quod

2172 1110 2267 1159 cat
2321 1107 2407 1171 14,
2434 1122 2499 1161 n.
2533 1108 2623 1173 30,
2657 1106 2959 1161 Christum
2998 1123 3031 1161 a
3060 1107 3216 1162 nobis
3247 1124 3411 1162 carne
3458 1109 3635 1164 abesse
3681 1126 3817 1181 pro-

2173 1193 2407 1249 nuntiet
2432 1212 2444 1262 ;
2479 1197 2539 1249 2°
2573 1195 2729 1266 quod
2754 1195 2928 1267 paulo
2960 1200 3095 1267 post
3123 1196 3361 1252 laudata
3383 1196 3445 1251 in
3468 1205 3820 1270 argumento

2168 1282 2366 1351 verba,
2391 1299 2448 1336 n.
2474 1285 2528 1352 4,
2550 1283 2767 1338 Judaais
2788 1284 2925 1338 vitio
2953 1285 3146 1349 vertit,
3194 1286 3349 1356 quod
3375 1285 3552 1341 verba
3581 1288 3821 1358 Christi,

2171 1387 2198 1415 α
2219 1370 2348 1419 Nisi
2367 1372 2844 1421 manducareritis
2862 1388 3041 1422 meam
3069 1388 3311 1433 carnem,
3343 1394 3369 1419 »
3401 1390 3513 1424 non
3546 1377 3829 1436 spiritua-

2170 1458 2305 1507 liter
2333 1462 2682 1522 acceperint,-
2729 1462 2821 1511 sed
2877 1464 3082 1526 offensi
3132 1464 3373 1513 abierint
3416 1474 3583 1523 retro,
3625 1466 3830 1516 existi-

2168 1558 2386 1599 mantes
2415 1552 2588 1600 illum
2637 1566 2694 1600 se
2734 1553 2807 1602 ad
2862 1554 3286 1603 manducandas
3345 1570 3540 1604 carnes
3586 1556 3824 1605 hortari.

2168 1631 2250 1685 Ea
2279 1632 2457 1701 igitur
2486 1632 2662 1687 verba
2691 1650 2810 1688 non
2841 1634 2911 1689 ad
2940 1635 3199 1690 litteram
3233 1636 3335 1690 sed
3364 1638 3743 1706 spiritualiter
3768 1643 3829 1694 et

2169 1728 2539 1776 sacramento
2573 1727 2743 1777 tenus
2764 1723 3154 1795 intelligenda
3179 1741 3191 1777 :
3217 1741 3323 1779 nec
3347 1728 3587 1797 propria
3607 1727 3828 1782 Christi

2171 1825 2299 1864 caro
2329 1810 2390 1863 in
2423 1811 2781 1866 eucharistia
2802 1812 3215 1870 manducatur.
3242 1816 3356 1869 Nec
3378 1831 3489 1869 nos
3513 1816 3827 1886 Catholici,

2176 1898 2415 1968 qualem
2444 1900 2534 1955 illi
2584 1902 3003 1973 concipiebant
3046 1903 3247 1959 animo
3296 1905 3565 1959 carnium
3610 1906 3827 1962 Christi

2174 1988 2694 2045 manducationem
2726 1992 3055 2047 credimus.‘
3086 1994 3170 2049 Ita
3202 2010 3264 2048 se
3302 1995 3398 2049 sub
3437 1998 3619 2064 ﬁgura
3654 1998 3827 2065 panis

2173 2078 2508 2149 composuit
2533 2080 2822 2146 Christus,
2856 2087 2921 2135 ut
2951 2083 3217 2152 quamvis
3248 2083 3326 2137 ibi
3361 2084 3437 2138 sit
3458 2100 3651 2155 corpus
3675 2086 3817 2155 ejus,

2172 2167 2344 2237 cujus
2375 2168 2829 2240 participatione
2862 2171 3142 2226 Christum
3170 2173 3231 2226 in
3262 2172 3437 2227 nobis
3465 2176 3717 2242 ferimus,
3753 2174 3821 2229 in

2169 2270 2352 2311 unum
2381 2273 2517 2312 cum
2548 2258 2676 2329 ipso
2708 2276 2920 2331 corpus
2952 2261 3457 2333 compaginemur,
3500 2269 3559 2318 et
3602 2264 3820 2319 divina)

2169 2351 2397 2400 natura:
2420 2347 2559 2402 huic
2577 2348 2807 2419 corpori
2830 2366 2963 2404 cum
2988 2357 3192 2405 nostro
3214 2352 3529 2407 commisto
3543 2353 3817 2424 hyposta-

2168 2435 2282 2489 tice
2308 2436 2644 2507 conjuncta:
2675 2439 2995 2510 participes
3027 2439 3377 2503 efﬁciamur,
3413 2440 3568 2496 absit
3615 2448 3819 2499 tamen

2170 2524 2472 2579 sensibilis
2506 2526 2883 2582 manducatio
2915 2529 3202 2583 carnium.
3228 2529 3392 2595 Quod
3417 2536 3614 2585 autem
3646 2549 3813 2588 carne

2167 2614 2347 2669 abesse
2377 2613 2597 2670 dicitur
2626 2633 2660 2670 a
2689 2617 2863 2672 terris
2892 2618 3179 2686 Christus,
3212 2618 3477 2691 intellige
3504 2619 3577 2674 de
3616 2623 3814 2677 sensi-

2163 2702 2270 2757 bili
2303 2708 2363 2759 et
2391 2705 2682 2776 corporali
2714 2708 3068 2777 praesentia;
3105 2724 3235 2779 qua
3268 2708 3509 2778 quidem
3541 2710 3677 2765 fidei
3725 2711 3815 2767 lo-

2165 2808 2302 2847 cum
2334 2798 2392 2848 et
2421 2795 2775 2849 sacramenti
2809 2795 3098 2851 rationem
3131 2797 3410 2853 auferret.

2642 2901 2897 2946 QUARTUM
2935 2903 3325 2943 ARGUMENTUM.

2232 2974 2325 3028 86.
2365 2974 2447 3026 Ex
2476 2972 2570 3027 his
2592 2974 2784 3029 verbis
2840 2974 3192 3031 informatur
3222 2982 3334 3032 cat.
3377 2981 3466 3046 22,
3516 2995 3576 3033 u.
3627 2982 3658 3032 5
3688 2995 3702 3033 :
3734 2979 3807 3029 1n

2159 3071 2308 3120 Novo
2344 3071 2689 3121 Testamento
2709 3074 2883 3135 panis
2912 3084 2991 3123 est
3017 3076 3269 3133 caelestis,
3321 3085 3372 3125 et
3409 3078 3683 3139 poculum
3716 3094 3810 3128 sa-

2152 3159 2365 3209 lutaris
2397 3160 2644 3211 animam
2673 3171 2723 3210 et
2757 3177 2955 3225 corpus
2983 3166 3418 3229 sanetiﬁoantia.
3451 3166 3812 3219 Quemadmo-

409 3224 587 3329 atq‘ue
618 3271 881 3311 amorem
912 3224 974 3309 in
1006 3252 1282 3308 cordibus
1314 3251 1532 3307 nostris
1563 3250 1875 3319 inhabitat,
1916 3268 2043 3324 pag,
2080 3224 2122 3291 C
2161 3250 2295 3298 dum
2325 3251 2663 3313 enimpanis
2693 3255 2911 3315 corpori
2941 3256 3272 3305 conveniens
3320 3265 3413 3319 est,
3455 3258 3538 3306 ita
3575 3260 3804 3308 verbum

412 3349 556 3415 312;
588 3345 917 3402 cessantibus
948 3346 1091 3398 enim
1122 3349 1235 3397 tum
1263 3341 1397 3412 legis
1431 3340 1647 3411 ﬁguris,
1690 3343 1867 3410 ipsam
1911 3344 2061 3396 veri-

414 3441 581 3493 tatem
609 3434 854 3489 nobisin
894 3433 1075 3487 cibum
1123 3431 1213 3487 vel
1262 3433 1319 3485 in
1372 3432 1596 3485 delicias
1645 3429 1796 3502 (lego
1843 3431 2054 3504 τροφήν

413 3542 537 3581 non
565 3524 791 3600 τρυφήν,
826 3522 1092 3594 quamvis
1114 3521 1359 3593 perinde
1385 3521 1482 3587 sit)
1513 3526 1563 3574 et
1585 3520 1908 3589 fruitionem
1925 3538 2055 3592 pro-

404 3617 649 3686 positum
677 3616 770 3679 iri,
803 3630 861 3685 p.
895 3613 1017 3668 316.
1053 3612 1321 3666 Christum
1362 3609 1659 3687 .videlicet,
1707 3612 1804 3680 qui
1849 3627 1945 3666 nos
1983 3612 2057 3666 ad

415 3705 715 3774 longaevam
766 3705 937 3757 vitam
993 3699 1116 3771 alit,
1173 3716 1293 3755 cum
1339 3716 1442 3770 per
1496 3700 2054 3756 subministrationem

410 3796 590 3851 sancti
617 3795 878 3863 Spiritus,
915 3798 1029 3847 tum
1069 3792 1499 3861 participatione
1547 3792 1802 3861 propriae
1848 3792 2049 3859 carnis,

410 3899 531 3955 quas
578 3883 733 3937 nobis
788 3883 888 3935 Dei
937 3880 1428 3951 participationem
1505 3879 1649 3932 indit
1716 3884 1767 3933 et
1836 3880 2049 3945 inserit,

412 3972 618 4044 μεθέξει
649 3976 749 4039 τῆς
809 3966 947 4030 ἰδίας
991 3969 1210 4039 σαρκὸς,
1259 3964 1555 4036 ἐντιθείσης
1615 3969 1751 4038 ἡμῖν
1808 3967 1907 4033 τήν
1952 3970 2048 4021 τοῦ

406 4065 543 4116 etot
579 4060 847 4135 μετοχ-ιςν,
880 4075 1011 4131 pag.
1050 4060 1172 4114 323.
1207 4058 1314 4124 Qui
1348 4057 1604 4128 denique
1649 4056 1801 4112 omni
1845 4060 2049 4113 virtute

399 4157 454 4207 et
481 4151 663 4221 gloria
689 4165 786 4204 nos
814 4148 1009 4219 replet,
1042 4150 1100 4201 in
1133 4148 1397 4202 interiora
1426 4147 1602 4201 cordis
1639 4162 1744 4216 per
1765 4146 1925 4216 ﬁdem
1954 4163 2044 4201 re-

395 4247 539 4297 ctam
569 4246 619 4295 et
648 4240 973 4295 charitatem
1013 4238 1317 4307 perfectam
1368 4236 1556 4291 illatus
1607 4242 1659 4290 et
1711 4237 2041 4310 reconditus,

395 4345 525 4404 pag.
558 4331 680 4384 319.
715 4329 881 4382 liunc
913 4325 1160 4397 objecta)
1184 4323 1607 4396 propositionis
1638 4341 1877 4381 scnsum
1912 4344 2041 4385 esse

392 4419 531 4473 inde
562 4417 894 4482 conficitur,
925 4413 1081 4485 quod
1114 4413 1190 4468 sit
1208 4414 1334 4467 hinc
1357 4412 2043 4489 totaCyrillianaadispu-

389 4507 633 4564 tationis
665 4521 918 4571 summa,
952 4503 1121 4574 cujus
1156 4501 1368 4557 thesim
1403 4508 1460 4556 et
1489 4509 1901 4574 argumentum
1927 4507 2039 4562 sibi

389 4599 451 4654 in
482 4597 678 4651 verbis
710 4595 1047 4667 objectione
1082 4592 1377 4647 contentis
1408 4593 1734 4664 proposuit.

460 4691 551 4742 85.
584 4685 737 4742 Nihil
770 4701 969 4740 moror
1028 4682 1185 4754 quod
1243 4681 1317 4737 ad
1373 4687 1645 4753 quartam
1698 4687 2030 4755 argumenti

384 4775 574 4833 nostri
603 4779 830 4846 partem
860 4772 1115 4844 reponit,
1146 4786 1277 4826 cum
1311 4786 1503 4842 corpus
1540 4778 1591 4825 et
1619 4776 1842 4843 sanguis
1873 4776 2032 4830 Chri-

380 4866 453 4921 sti
472 4867 531 4918 in
552 4864 790 4917 membra
811 4869 997 4917 nostra
1031 4859 1293 4915 distribui
1340 4859 1637 4929 dicuntur,
1673 4861 1729 4915 id
1761 4863 1870 4917 soli
1899 4880 2030 4919 cor-

380 4952 508 5027 pori
524 4968 590 5007 ac
605 4950 874 5023 sanguini
893 4950 1084 5021 typico
1101 4949 1444 5014 convenire;
1470 4947 1541 5003 de
1556 4950 1793 5022 pr0prio
1812 4952 2027 5009 Christi

378 5055 844 5112 corpore,neque
859 5038 929 5093 ab
944 5038 1086 5108 ipsis
1099 5038 1417 5092 Catholicis
1443 5038 1539 5092 affi
1550 5040 2032 5098 rmari.Fatemur

376 5132 571 5204 ipsum
618 5128 834 5184 Christi
865 5143 1077 5197 corpus
1107 5127 1168 5181 in
1202 5127 1467 5182 membra
1498 5135 1699 5184 nostra
1729 5146 1848 5185 non
1881 5132 2025 5188 divi-

374 5221 454 5278 di.
491 5220 602 5275 Sed
633 5219 910 5274 humana:
933 5216 1220 5271 orationis
1243 5218 1733 5274 consuetudinem
1757 5238 1823 5276 ac
1846 5224 2026 5281 totius

375 5309 714 5366 traditionis
736 5306 1075 5376 exemplum
1091 5306 1297 5369 secuti,
1323 5306 1472 5362 illud
1493 5309 1702 5363 merito
1725 5309 1796 5366 de
1813 5312 2025 5370 Christi

373 5414 619 5470 corpore
634 5394 1189 5466 altirmamus,quod
1205 5395 1514 5467 speciebus
1530 5397 1637 5452 sub
1654 5401 1869 5470 quibus
1884 5404 2024 5464 deli-

371 5487 544 5544 tescit
559 5485 865 5558 proprium
879 5490 998 5538 est:
1019 5499 1135 5554 qua
1149 5484 1385 5554 quidem
1404 5486 1668 5542 oratione
1683 5505 1801 5545 non
1816 5492 2025 5553 liceret

365 5577 475 5648 uti,
496 5576 613 5631 nisi
645 5575 752 5631 sub
788 5573 909 5629 illis
961 5573 1274 5644 speciebus
1307 5575 1734 5631 contineretur.
1770 5582 1836 5636 In
1867 5583 2022 5641 Scri-

364 5674 538 5742 ptura
569 5665 911 5722 tribuuntur
951 5661 1177 5735 angelis
1230 5678 1439 5718 omnes
1495 5663 1762 5721 actiones
1811 5686 2018 5745 corpo.

2158 3340 2367 3390 animae
2401 3352 2850 3403 consentaneum,
2899 3360 2953 3394 n.
2974 3345 3020 3395 6.
3051 3346 3414 3399 Quamobrem
3437 3363 3507 3396 ne
3535 3357 3808 3412 tanquam

2159 3431 2330 3479 nudis
2361 3432 2681 3494 (clementis)
2704 3435 2852 3496 pani
2902 3444 2953 3485 et
2982 3436 3113 3485 vino
3155 3436 3231 3499 (in
3284 3437 3631 3501 eucharistia)
3669 3454 3812 3500 pro-

2151 3520 2356 3580 positis
2387 3523 2622 3571 attende.
2660 3525 2811 3573 Sunt
2839 3526 2991 3575 enim
3017 3541 3217 3587 corpus
3248 3536 3300 3575 et
3331 3530 3573 3589 sanguis
3592 3528 3808 3577 Christi

2158 3610 2445 3659 secundum
2471 3612 2696 3661 Domini
2714 3616 3212 3674 asseverationum;
3242 3632 3375 3664 nam
3398 3617 3624 3666 etiamsi
3654 3617 3807 3666 illud

2159 3699 2262 3747 tibi
2291 3711 2555 3763 suggerat
2584 3718 2799 3764 sensus,
2833 3705 2969 3769 ﬁdes
2992 3713 3178 3754 tamen
3205 3714 3254 3754 te
3270 3714 3478 3755 certum
3500 3716 3549 3755 et
3569 3710 3807 3771 ﬁrmum.

2156 3790 2385 3853 efﬁciat.
2422 3792 2503 3842 Ne
2524 3793 2747 3853 judice:
2776 3810 2894 3843 rem
2925 3801 2992 3842 ex
3019 3804 3225 3858 gustu;
3254 3795 3345 3845 sed
3395 3813 3463 3845 ex
3508 3799 3618 3862 ﬁde
3663 3798 3814 3847 citra

2156 3879 2337 3927 ullam
2365 3880 2769 3931 dubitationem
2821 3899 3133 3945 persuasus
3184 3894 3313 3944 esto,
3364 3896 3413 3935 te
3469 3888 3716 3948 corporis
3757 3896 3811 3936 et

2154 3972 2457 4032 sanguinis
2497 3973 2708 4022 Christi
2768 3974 2908 4023 dono
2963 3976 3261 4039 dignatum
3314 3979 3515 4038 fuisse.
3572 3978 3805 4027 Tandem

2152 4071 2205 4107 n.
2237 4059 2300 4109 9:
2332 4060 2524 4110 Isthaec
2551 4062 2772 4112 edoctus
2802 4069 2855 4112 et
2879 4066 3194 4115 certissima
3227 4065 3476 4116 imbutus
3505 4068 3615 4131 ﬁde
3660 4068 3813 4130 quod

2150 4148 2252 4211 qui
2282 4150 2506 4199 videtur
2529 4151 2717 4213 panis,
2739 4155 2913 4215 panis
2939 4170 3050 4204 non
3081 4164 3160 4204 est
3192 4158 3413 4205 tametsi
3431 4164 3601 4219 gustu
3622 4156 3798 4205 sensi-

2151 4237 2279 4286 bilis
2312 4240 2405 4302 sit,
2435 4241 2529 4288 sed
2557 4257 2756 4304 corpus
2789 4243 3031 4303 Christi;
3064 4256 3114 4294 et
3142 4247 3289 4309 quod
3318 4247 3542 4296 videtur
3574 4248 3796 4305 vinum,

2149 4333 2349 4381 vinum
2380 4349 2491 4382 non
2522 4343 2599 4383 est
2629 4335 2853 4384 etiamsi
2884 4336 2963 4385 ita
2991 4339 3189 4399 gustui
3219 4338 3495 4396 videatur,
3533 4338 3628 4386 sed
3657 4354 3799 4387 san-

2144 4423 2277 4484 guis
2310 4422 2540 4487 Christi,
2573 4429 2681 4480 etc.
2719 4426 2844 4490 Qua
2874 4425 2990 4481 alia
3020 4427 3333 4482 verborum
3366 4428 3622 4483 formula
3652 4436 3794 4483 ute-

2146 4519 2311 4567 retur
2341 4513 2703 4581 Albertinus,
2737 4514 2782 4568 si
2825 4515 2918 4570 cui
2968 4516 3259 4571 nescienti
3309 4517 3562 4587 probare
3613 4518 3794 4573 vellet

2061 4593 2108 4657 D
2139 4601 2503 4657 oricalchum
2535 4603 2692 4674 quod
2724 4608 2906 4672 tenet,
2938 4621 3148 4659 aurum
3173 4622 3293 4659 non
3316 4623 3443 4661 esse
3470 4624 3483 4673 ;
3508 4607 3790 4679 angelum

2143 4696 2386 4746 externa
2417 4692 2677 4746 hominis
2709 4693 2904 4763 specie
2966 4694 3259 4761 vestitum,
3308 4695 3614 4750 hominem
3665 4712 3789 4751 non

2142 4779 2319 4834 esse?
2358 4779 2475 4834 vim
2524 4780 2855 4852 argumenti
2901 4798 3008 4853 per
3055 4799 3116 4836 se
3165 4784 3537 4854 perspicuam
3580 4784 3787 4855 paucis

2139 4868 2465 4940 explicabo.
2495 4869 2710 4938 Primo,
2736 4871 2902 4939 panis
2932 4870 3031 4926 ille
3063 4872 3288 4927 caelestis
3317 4875 3562 4927 animam
3593 4880 3645 4928 et
3667 4889 3795 4928 cor-

2131 4973 2239 5029 pus
2266 4960 2618 5027 sanctiﬁcans
2648 4961 2872 5014 verbum
2903 4959 3166 5015 divinum
3191 4967 3297 5022 est,
3328 4964 3533 5018 anima:
3591 4979 3789 5017 conve-

2135 5049 2293 5102 niens
2324 5049 2408 5102 uti
2437 5049 2709 5119 proprius
2732 5065 2797 5103 ac
2815 5050 3103 5105 naturalis
3127 5051 3253 5121 ejus
3277 5051 3463 5105 cibus.
3502 5052 3577 5105 De
3610 5052 3785 5106 verbo

2138 5137 2333 5192 divino
2366 5154 2700 5192 sermonem
2725 5154 2851 5192 esse
2874 5139 3103 5209 probat,
3131 5144 3250 5193 tum
3278 5140 3453 5210 hujus
3476 5142 3785 5197 sententiae

2137 5243 2267 5282 cum
2301 5226 2686 5297 subsequenti
2720 5228 3060 5298 conjunctio
3085 5243 3189 5298 per
3213 5229 3567 5299 particulam
3591 5245 3787 5299 quam-

2135 5317 2362 5380 obrem;
2396 5321 2520 5371 tum
2546 5316 2743 5371 aliena
2775 5315 2913 5371 huic
2945 5316 3073 5372 loco
3105 5334 3448 5373 sermonum
3475 5319 3575 5373 Dei
3610 5336 3780 5373 men-

2136 5407 2237 5472 tiu,
2272 5406 2345 5461 ad
2377 5421 2555 5476 quam
2589 5405 2738 5459 nihil
2767 5411 2902 5460 ante
2934 5407 3222 5461 auditoris
3253 5408 3519 5463 animum
3555 5424 3780 5479 praepa-

2134 5497 2300 5553 ravit.
2336 5495 2512 5551 Panis
2544 5510 2680 5567 ergo
2712 5494 3141 5551 eucharisticus
3177 5503 3265 5551 est
3293 5498 3518 5552 verbum
3543 5500 3659 5562 Dei,
3688 5496 3781 5551 ni-

2132 5587 2351 5643 mirum
2402 5584 2632 5655 corpori
2690 5584 2903 5639 Christi
2948 5584 3317 5657 hypostatice
3362 5587 3773 5658 conjunctum.

2131 5674 2423 5743 Secundo,
2458 5673 2539 5729 ita
2555 5690 2764 5744 panem
2791 5681 3052 5731 etvinum
3074 5676 3446 5733 eucharistiaa
3470 5675 3631 5732 nuda
3651 5675 3769 5732 ele-
