4134 6264
339 406 463 467 369
1711 426 2239 496 DISSERTATIO
2281 437 2388 511 III,
3630 483 3752 545 27o

339 548 544 597 menta
563 559 694 599 esse
719 552 913 619 negat,
937 552 1002 604 ut
1022 549 1201 607 aliam
1225 571 1466 625 prorsus
1486 562 1759 615 naturam
1790 578 1985 618 secun-
2014 566 2064 632 Α
2096 585 2191 624 res
2214 573 2490 630 sensibus
2514 577 2780 650 subjecta
2807 585 2969 643 aliud
3003 598 3093 647 est
3112 594 3185 650 ab
3223 615 3292 655 ea
3315 607 3471 673 quod
3497 626 3626 669 esse
3660 618 3747 673 vi-

339 630 459 673 dum
500 633 717 673 nomini
760 642 1211 673 ncconmonlq'nnnm
1272 660 1482 673 ..ωνηεη
1547 663 1754 673 -.._.._-_
1800 658 1849 673 ,ι
1886 669 1946 673 -__
2115 657 2129 673 ι
2178 665 2188 673 .
2314 662 2368 673 μ..
2503 666 2513 673 .
2596 668 2608 673 -
2654 670 2663 673 -

336 630 461 684 dum
495 633 717 688 Domini
760 642 1233 702 asseverationem.
1269 660 1483 716 nempe
1543 663 1757 720 corpus
1796 658 1853 706 et
1879 669 1982 708 eu-
2096 657 2288 717 detur.
2314 662 2405 717 Sic
2429 666 2513 719 ori

336 718 679 777 charistiam
733 725 948 780 Christi
1008 745 1136 785 esse
1168 731 1443 787 afﬁrmet.
1504 718 1720 805 Tertio,
1771 742 1986 797 asserit

337 808 756 866 eucharistiam
790 831 908 869 non
941 832 1069 872 esse
1100 821 1249 888 quod
1275 827 1522 891 suggerit
1551 842 1734 883 sensus
1762 845 1775 895 ;
1823 830 1982 900 quod

336 898 500 953 oculis
520 907 572 953 et
596 905 785 969 gustui
804 905 1021 960 videtur
1041 923 1151 962 esse
1172 911 1308 965 :sed
1339 912 1506 982 illud,
1542 916 1701 985 quod
1732 898 1979 975 dubium

336 1002 401 1040 ex
430 992 731 1045 contraria
789 1009 1071 1050 sensuum
1117 1001 1559 1057 renuntiatione
1614 1004 1976 1080 [CCXXVHI]

330 1076 573 1134 videtur.
607 1080 774 1144 Quod
831 1086 1090 1155 suggerit
1121 1104 1350 1155 sensus,
1413 1092 1570 1162 quod
1602 1096 1796 1166 gustui
1822 1076 1976 1169 sapit

329 1170 387 1219 et
406 1166 633 1221 videtur
654 1170 844 1225 oculis
867 1179 975 1241 est,
1009 1176 1426 1234 eucharistiam
1444 1197 1646 1251 panem
1683 1199 1812 1240 esse
1840 1202 1969 1242 ma-

328 1255 593 1311 terialem
641 1274 705 1313 ac
753 1263 941 1316 vinum
968 1279 980 1317 :
1014 1263 1124 1319 hoc
1157 1266 1335 1335 igitur
1359 1285 1478 1323 non
1511 1276 1618 1327 est.
1651 1273 1714 1326 Id
1747 1273 1819 1329 de
1851 1292 1967 1345 quo

321 1343 589 1401 dubitare
621 1347 1065 1406 facitsensuum
1094 1355 1522 1422 testimonium,
1555 1360 1705 1416 illud
1737 1368 1845 1430 est,
1870 1343 1970 1420 sit-

319 1448 392 1486 ne
435 1450 650 1506 corpus
678 1444 736 1492 et
786 1442 1022 1508 sanguis
1045 1443 1261 1499 Christi
1317 1448 1449 1501 Haec
1480 1449 1642 1503 enim
1673 1453 1829 1522 apud
1857 1454 1964 1526 Cy-

315 1522 515 1578 rillum
546 1528 875 1584 catechesis
904 1530 1083 1602 hujus
1125 1550 1183 1589 n.
1214 1538 1262 1600 1,
1310 1534 1711 1594 dubitantium
1745 1522 1955 1611 oratio,

311 1628 419 1665 non
447 1630 557 1669 esse
615 1617 822 1672 Clu-isti
859 1635 1050 1690 corpus
1080 1628 1131 1677 et
1186 1627 1545 1693 sanguinem:
1609 1628 1720 1684 hoc
1778 1631 1960 1704 igitur

310 1706 689 1763 eucharistia.

376 1795 464 1848 87.
499 1799 644 1851 Cum
680 1798 984 1855 Albertino
1017 1803 1221 1872 paucis
1276 1805 1596 1862 absolvam.
1629 1810 1721 1863 Ait
1754 1811 1853 1866 ille
1877 1814 1950 1869 ad

2094 1883 2112 1888 “
2441 1883 2455 1896 ⁸
2647 1883 2651 1884 ⁷
2682 1883 2751 1886 “““
2791 1883 2908 1891 “““⁷’¹
2982 1883 3152 1905 νννυυι
3224 1883 3397 1907 ιωιῠτ
3432 1883 3531 1913 [lu],
3580 1883 3606 1915 Γ

302 1883 634 1939 secundum
658 1885 858 1955 Cyrilli
885 1890 1365 1948 testimoniumin
1381 1904 1728 1967 argumento
1751 1899 1951 1958 lauda—
1984 1929 2029 1994 Β
2062 1906 2321 1966 hominis
2342 1930 2470 1969 esse
2492 1917 2553 1970 in
2587 1935 2655 1973 eo
2686 1883 2973 1981 naturam:
2989 1883 3345 2007 angelitcam;
3379 1944 3460 2001 ita
3488 1883 3572 2003 d:
3594 1883 3704 2007 1:1:

302 1974 425 2007 Inm
480 1990 614 2007 nnm
679 1975 795 2007 Ann
827 1977 942 2007 οἶιηι
1000 1979 1058 2007 ε..
1097 1982 1445 2007 Α.-Λῑ-..ι..ε-ιζ..
1526 1985 1767 2007 -1ι-..,-,4
1862 1991 1895 2007 ,I
2125 1995 2136 2006 ο
2339 2003 2348 2007 -

2708 1974 2957 1981 κνε-η--σ-
2989 1974 3062 1986 *ιιι
3107 1974 3313 1995 νιιυαιιι
3379 1974 3460 2001 ιια
3488 1974 3561 2003 uc
3674 1983 3704 1994 —

301 1974 449 2037 tum,
480 1990 619 2028 cum
678 1975 795 2029 duo
826 1977 945 2032 sint
1000 1979 1062 2033 in
1095 1982 1471 2045 eucharistia,
1522 1985 1774 2042 alterum
1809 1991 1948 2046 sub-
1984 1974 2028 1994 υ
2060 1974 3705 2097 mine,quiapraatervisibilecorpuganimamhabenti:-

301 2062 514 2097 ειηηίῖει
551 2064 721 2097 nonin
752 2071 805 2097 ιιι
859 2066 972 2097 υἶηζ
1016 2069 1386 2097 nnnkn..:..o:-:
1466 2073 1711 2097 -IL-_--__
1754 2094 1840 2097 --μ
2096 2086 2107 2097 ι
2151 2087 2185 2097 η
2214 2089 2247 2097 ..
2415 2092 2449 2097 ,ν
2500 2096 2507 2097 ,

2231 2062 2235 2063 ⁷
2269 2062 2285 2069 ⁸
2403 2062 2418 2072 ⁵
2704 2062 2713 2064 ἡ
2750 2062 2969 2070 ““““““’“
3028 2062 3630 2094 ἰυυιιιιιιιαιιιιηιυυίιιι
3681 2072 3695 2083 ι

298 2062 521 2117 stantia
551 2064 725 2133 panis
752 2071 810 2119 et
859 2066 973 2120 vini
1014 2069 1409 2135 eucharistici,
1464 2073 1717 2130 alterum
1749 2094 1948 2136 sacra-
2054 2086 2371 2159 visibilem,
2396 2092 2510 2149 dici
2530 2112 2651 2152 non
2670 2106 2863 2170 potest
2879 2062 3018 2163 eun:
3031 2127 3150 2168 non
3170 2132 3299 2173 esse
3320 2062 3695 2201 corporeun:

298 2151 578 2201 ment/alis
613 2169 817 2201 eorum
852 2156 998 2201 ratin
1032 2173 1162 2201 nnm
1192 2158 1252 2201 in
1283 2160 1713 2201 qioniﬂmiinna
1745 2169 1929 2201 nnnai,
2057 2179 2317 2201 ,...-..._:_
2341 2182 2412 2201 ε.-
2458 2199 2463 2201 Α
2492 2199 2506 2201 _
2639 2188 2649 2197 .
2713 2190 2723 2200 .
2752 2190 2765 2201 .
2852 2198 2859 2201 Α
3006 2198 3027 2201 η

2356 2151 2368 2159 ν
2588 2151 2649 2152 νη
2670 2151 2693 2170 r
2716 2151 2735 2155 ν
2753 2151 2861 2157 -νν-
2882 2151 3013 2163 ν-υι
3033 2151 3150 2168 ιιυιι
3170 2151 3299 2173 nam:
3320 2151 3424 2178 υυι·
3468 2151 3567 2183 ure

294 2151 578 2205 mentalis
613 2169 819 2208 eorum
852 2156 998 2210 ratio
1032 2173 1162 2227 qua;
1192 2158 1256 2213 in
1283 2160 1713 2229 signiﬁcatione
1745 2169 1941 2223 consi-
2054 2179 2319 2245 quamvis
2340 2182 2422 2236 ita
2451 2188 2649 2241 sensui
2675 2190 2959 2249 videatur.
2995 2198 3308 2274 Comparet
3330 2151 3701 2286 Quilgqu8uig:

294 2237 434 2286 stit:
464 2240 634 2286 nnlln
668 2241 842 2286 mnrln
900 2245 1051 2286 nit-nn
1084 2247 1343 2286 nrinmm
1377 2257 1603 2286 naniam
1654 2254 1936 2286 tumul“...
2054 2266 2235 2286 ___.g_,
2268 2285 2271 2286 ,
2377 2270 2390 2286 .
2451 2275 2462 2286 .
2488 2273 2523 2286 ..
2621 2278 2654 2286 _.

2081 1195 2443 1255 audiendum
2475 1219 2604 1259 esse
2637 1223 2920 1267 sensuum
2960 1218 3367 1283 testimonium
3396 1254 3409 1298 ;
3462 1195 3728 1295 sedntan-

2079 1284 2203 1337 tum
2234 1285 2384 1341 nihil
2442 1306 2622 1362 supra
2659 1297 3021 1359 audiendum
3051 1323 3065 1372 ;
3096 1315 3163 1365 ut
3192 1314 3341 1370 nihil
3398 1284 3462 1375 in
3496 1340 3559 1378 re
3590 1344 3720 1385 esse

2075 1370 2528 1433 afﬁrmeturnisi
2546 1385 2701 1452 quod
2716 1402 2920 1445 eorum
2936 1397 3276 1457 testimonio
3308 1411 3716 1488 contineatur;

2075 1457 2600 1488 :n---.._.l-__--.
2758 1476 2768 1488 .
2912 1479 3105 1488 .-ξ-,η

2071 1457 2133 1562 in
2151 1466 2411 1520 secundo
2434 1477 2684 1540 negatur
2713 1476 2887 1545 plane
2909 1479 3214 1560 {CCXXIX}

2069 1548 2210 1606 dum
2232 1570 2381 1622 esse,
2407 1563 2465 1612 et
2502 1571 2890 1623 removetura
2910 1587 2973 1626 re
3015 1578 3171 1645 quod
3204 1583 3334 1651 ejus
3367 1591 3710 1653 testimonio

2068 1643 2425 1740 continetur.
2453 1650 2780 1710 Permutari
2806 1674 2924 1715 non
2941 1643 3190 1732 possunt
3204 1674 3511 1748 utriusque
3529 1699 3711 1753 gene-

293 2237 435 2305 stit;
464 2240 634 2294 nullo
668 2241 842 2298 modo
900 2245 1058 2300 circa
1084 2247 1353 2317 priorem
1377 2257 1605 2321 partem
1654 2254 1941 2326 Cyrillum

286 2326 441 2383 velle
470 2344 757 2386 sensuum
795 2334 1205 2391 testimonium
1233 2340 1517 2407 recusari,
1573 2342 1677 2397 sed
1708 2350 1939 2401 tantum

288 2417 449 2473 circa
503 2421 935 2491 posteriorem:
970 2440 1102 2495 quas
1135 2442 1271 2481 cum
1302 2427 1380 2482 sit
1402 2434 1619 2499 praater
1647 2438 1706 2487 et
1759 2450 1938 2506 supra

286 2508 696 2564 testimonium
725 2526 1009 2567 sensuum
1034 2514 1133 2584 qui
1154 2514 1228 2568 ad
1249 2531 1380 2570 eam
1403 2533 1524 2573 non
1564 2522 1933 2593 perveniant,

282 2606 451 2655 recte
475 2607 676 2656 monet
696 2602 758 2656 in
789 2603 900 2657 hac
923 2611 1089 2674 parte
1106 2622 1230 2661 rem
1254 2623 1374 2661 non
1393 2625 1522 2664 esse
1541 2611 1931 2681 judicandam

283 2706 358 2744 ex
390 2705 669 2744 sensuum
704 2690 1064 2748 testimonio.
1086 2694 1263 2748 Suam
1294 2695 1447 2751 hanc
1476 2701 1930 2769 responsionem

283 2778 497 2843 munit,
548 2778 865 2844 similibus,
925 2785 989 2834 ut
1048 2782 1287 2852 quidem
1348 2791 1535 2856 putat,
1590 2789 1928 2859 Cyrillianas

286 2867 597 2921 sententias
630 2868 871 2922 Patrum
910 2871 1290 2935 testimoniis,
1321 2874 1421 2944 qui
1445 2876 1614 2930 aiunt
1646 2877 1926 2951 baptismi

294 2962 722 3012 sacramentum
776 2973 897 3011 non
929 2958 1117 3013 oculis
1174 2962 1590 3020 existimandum
1632 2983 1762 3024 esse
1820 2971 1924 3025 sed

289 3053 497 3113 mente,
532 3047 722 3117 magis
751 3047 1181 3104 attendendum
1204 3051 1276 3105 ad
1319 3052 1379 3106 id
1405 3055 1565 3124 quod
1604 3056 1666 3111 in
1700 3075 1769 3113 eo
1800 3076 1921 3115 non

280 3133 525 3195 videtur,
552 3152 732 3206 quam
755 3136 828 3192 ad
852 3137 909 3191 id
932 3139 1088 3209 quod
1121 3140 1368 3209 videtur,
1394 3149 1503 3199 etc.
1532 3146 1780 3204 Hebetes
1811 3167 1921 3206 nos

272 3231 441 3295 putat
500 3226 860 3293 Albertinus,
893 3244 1028 3283 cum
1073 3233 1430 3300 persuadere
1463 3236 1587 3290 vult
1633 3238 1917 3310 Cyrillum

270 3329 560 3368 sensuum
592 3315 999 3372 testimonium
1040 3335 1160 3373 non
1193 3335 1467 3377 recusare
1500 3324 1656 3380 circa
1688 3335 1916 3398 partem

266 3404 649 3458 eucharistiaa
679 3405 970 3461 visibilem
993 3406 1021 3461 ?
1049 3423 1118 3463 ea
1148 3410 1391 3480 praecise
1454 3429 1549 3468 res
1580 3421 1670 3470 est
1698 3416 1769 3472 de
1800 3436 1921 3491 qua

262 3499 447 3565 negat
471 3509 686 3548 sensus
734 3495 1082 3551 audiendos.
1150 3502 1285 3553 Pars
1328 3500 1433 3555 illa
1489 3502 1794 3562 Albertino
1828 3515 1919 3565 est

250 3586 427 3652 panis
469 3590 522 3638 et
548 3586 734 3638 vinum
782 3586 1111 3643 materiale.
1171 3589 1347 3658 Atqui
1406 3589 1519 3645 hoc
1573 3591 1769 3663 ipsum
1826 3602 1918 3653 est

260 3671 421 3742 quod
446 3671 704 3743 Cyrillus
729 3674 1149 3731 eucharistiam
1169 3677 1627 3736 existimandum
1641 3699 1770 3740 esse
1797 3704 1911 3742 ne-

255 3767 373 3833 gat.
400 3761 547 3815 licet
584 3762 666 3816 ita
689 3762 962 3818 sensibus
996 3764 1281 3822 videatur.
1309 3767 1414 3822 Ubi
1437 3770 1595 3840 apud
1626 3772 1797 3829 illum
1822 3777 1912 3832 vel

253 3848 562 3904 levissima
591 3851 763 3921 panis
793 3856 851 3905 et
879 3852 995 3907 vini
1036 3853 1305 3922 visibilis,
1353 3862 1410 3911 et
1457 3858 1578 3913 illis
1626 3865 1908 3934 superad-

254 3938 393 3994 ditas
428 3940 633 4011 ﬁgurae
692 3947 751 3995 et
802 3941 1080 3997 efﬁcaciae
1133 3945 1447 4002 invisibilis
1504 3949 1910 4021 signiﬁcatio?

254 4028 587 4084 deerantne
620 4029 709 4083 illi
767 4031 944 4085 verba
972 4032 1190 4102 quibus
1248 4051 1374 4089 rem
1406 4041 1805 4097 necessariam
1838 4059 1906 4098 ac

253 4119 621 4191 praecipuam
652 4136 799 4191 pure
850 4137 918 4175 ac
947 4121 1167 4178 diserte
1198 4125 1602 4195 exprimeret?
1652 4138 1755 4187 aut
1785 4139 1905 4189 tam

255 4208 517 4264 alienam
555 4209 850 4264 naturalis
868 4210 1179 4267 verborum
1204 4230 1445 4270 suorum
1477 4234 1688 4277 sensus
1718 4221 1901 4279 inter-

252 4299 652 4369 pretationem
674 4298 920 4354 rudibus
941 4300 1270 4357 candidatis
1301 4304 1774 4378 subjungendam
1807 4328 1899 4369 re-

250 4389 611 4461 linquebat?
640 4406 710 4444 ex
742 4395 859 4445 tam
885 4391 1085 4446 multis
1109 4410 1240 4463 quas
1264 4395 1605 4453 Albertinus
1635 4404 1904 4461 cumulat

249 4480 494 4535 Patrum
518 4480 591 4534 de
605 4479 897 4551 baptismo
914 4484 1246 4550 sententiis,
1268 4500 1416 4555 quas
1429 4503 1563 4542 cum
1577 4490 1903 4560 Cyrilliana

251 4570 574 4637 contendit,
606 4575 774 4624 estne
801 4586 925 4625 una
952 4570 1014 4624 in
1047 4587 1165 4642 qua
1196 4572 1283 4626 illi
1318 4583 1537 4647 negent
1559 4594 1774 4649 aquam
1792 4581 1896 4638 ba-

257 4661 597 4730 ptismalem
623 4676 830 4731 aquam
861 4677 991 4715 esse
1016 4678 1030 4729 ;
1053 4678 1309 4733 cumque
1333 4665 1608 4723 sensibus
1629 4669 1900 4728 videatur
1931 4666 1976 4731 D

246 4763 401 4821 aqua
430 4750 745 4815 naturalis,
786 4749 896 4805 hos
927 4755 1127 4806 tamen
1169 4768 1291 4807 non
1320 4755 1649 4813 audiendos
1678 4761 1893 4818 conﬁr-

248 4844 449 4905 ment;
480 4838 585 4894 sed
615 4854 686 4893 ex
729 4837 867 4893 ﬁdei
900 4840 1240 4895 testimonio
1271 4841 1445 4915 longe
1494 4847 1733 4903 certiori
1764 4866 1893 4907 cre-

244 4930 509 4986 dendum
532 4948 685 4989 esse.
710 4931 869 5001 quod
887 4931 1116 4986 videtur
1137 4950 1292 5003 aqua
1311 4936 1560 5006 gratiam
1587 4956 1717 4995 esse
1741 4942 1890 4998 invi-

244 5029 500 5087 sibilem.
539 5028 603 5082 in
630 5043 833 5098 quam,
856 5027 1011 5082 sicut
1030 5027 1172 5082 olim
1205 5028 1265 5083 in
1305 5030 1527 5099 vinum,
1551 5034 1682 5105 ipsa
1707 5038 1894 5094 eccle-

243 5118 485 5173 siastica
503 5132 679 5188 prece
704 5121 1096 5170 transmutata
1119 5116 1241 5171 sit?
1256 5133 1373 5172 non
1399 5119 1670 5178 distinxit
1689 5126 1893 5183 Alber-

242 5208 405 5263 tinus
427 5207 546 5262 duo
570 5204 977 5260 dissimillima
994 5221 1191 5259 rerum
1212 5222 1459 5278 genera:
1484 5227 1671 5267 unum
1692 5213 1754 5268 in
1777 5233 1893 5286 quo

241 5303 331 5352 est
360 5296 591 5367 aliquid
618 5301 827 5365 praeter
855 5301 909 5349 et
934 5311 1105 5365 supra
1126 5311 1410 5352 sensuum
1446 5301 1892 5374 testimonium;

239 5388 493 5444 alterum
529 5386 689 5458 quod
748 5391 839 5440 est
866 5392 1058 5441 contra
1092 5385 1252 5442 idem
1310 5404 1595 5446 sensuum
1626 5396 1896 5452 testimo-

241 5479 430 5534 nium.
458 5477 730 5532 Primum
753 5480 844 5529 est
859 5491 994 5529 cum
1012 5482 1221 5545 praeter
1239 5492 1365 5531 rem
1391 5479 1719 5547 subiectam
1754 5502 1890 5541 sen-

239 5569 399 5625 sibus
430 5565 670 5637 aliquid
710 5564 873 5618 aliud
898 5569 988 5619 est
1008 5564 1165 5634 quod
1191 5582 1435 5622 sensum
1466 5568 1615 5643 fugit
1634 5579 1691 5627 et
1715 5591 1891 5645 supe.

238 5670 344 5719 rat.
380 5663 476 5718 Sic
503 5661 569 5715 in
610 5657 912 5728 baptismo
945 5661 1004 5711 et
1045 5657 1385 5729 chrismate,
1418 5668 1634 5732 praeter
1675 5682 1889 5738 aquam

236 5760 290 5812 et
304 5757 716 5830 unguentum,
737 5747 905 5804 adest
920 5748 1171 5820 Spiritus
1192 5756 1452 5807 sanctus.
1475 5754 1743 5813 Alterum
1756 5775 1890 5816 cum

2049 2266 2318 2374 c‘utiones
2338 2270 2411 2325 ab
2433 2273 2739 2332 Albertino
2759 2298 2893 2337 cum
2921 2266 3258 2359 Cyrillianis
3278 2266 3692 2374 comparata-sv:

2046 2352 2193 2454 illas.
2212 2360 2469 2429 reperiet
2494 2364 2568 2418 ad
2599 2367 2858 2435 primum
2887 2352 3094 2445 genus,
3129 2382 3237 2439 has
3287 2352 3686 2462 adﬁges-terius

2044 2445 2364 2513 pertinere.
2388 2450 2721 2510 Notandum
2744 2474 2877 2514 vero
2901 2462 3077 2521 rebus
3098 2471 3289 2538 primo
3318 2445 3534 2549 gehere
3550 2502 3687 2543 con-

2045 2536 2222 2591 tentis
2252 2555 2372 2593 non
2421 2540 2663 2599 difﬁcile
2723 2548 2794 2603 ab
2827 2536 3192 2625 hominibus,
3224 2580 3291 2620 ac
3319 2536 3681 2639 vprassertim

2041 2624 2852 2697 Christianis,accommodari
2870 2642 3045 2701 ﬁdem
3064 2674 3075 2705 :
3095 2624 3493 2729 praeterquam
3517 2671 3678 2729 enim

2040 2717 2198 2786 quod
2230 2735 2440 2775 sensus
2473 2740 2593 2779 non
2641 2728 3030 2804 reluctantur,
3064 2752 3283 2801 norunt
3332 2717 3517 2812 inulta
3549 2776 3681 2818 esse

2038 2803 2160 2858 sive
2176 2804 2236 2859 in
2254 2812 2469 2864 natura
2491 2810 2609 2867 sive
2634 2813 2696 2869 in
2718 2818 3166 2897 religione,quaa
3191 2848 3474 2896 sensuum
3510 2862 3678 2921 saga.

2038 2892 2270 2921 nunc-..
2300 2898 2575 2921 -m.__:__.r
2618 2909 2658 2921 _.
2956 2917 2965 2921 _
3054 2918 3096 2921 __

2035 2892 2271 3004 citatem
2297 2898 2579 3004 etilugiant
2608 2909 2666 2957 et
2689 2917 2990 2977 superent.
3052 2892 3167 2974 l‘iec
3188 2892 3678 3004 reveraijrilTus

2033 2982 2285 3095 Lmultum
2307 2985 2596 3095 laboravit
2635 2999 2701 3047 ut
2721 2997 3091 3058 auditoribus
3110 2982 3676 3095 persuaderet

2028 3069 2369 3142 baptismali
2403 3082 2461 3131 et
2507 3095 2674 3135 sacro
2706 3085 3009 3144 chrismati
3070 3096 3279 3155 adesse
3310 3105 3424 3162 vim
3485 3069 3673 3171 sancti

2030 3159 2280 3231 Spiritus
2308 3162 2683 3225 invisibilem.
2716 3176 2788 3227 At
2808 3175 2867 3230 in
2895 3178 3078 3236 altero
3108 3202 3342 3257 genere,
3379 3214 3512 3255 cum
3537 3220 3671 3260 sen-

2032 3265 2203 3305 suum
2234 3253 2641 3313 testimonium
2691 3263 2775 3317 rei
2808 3253 3134 3328 afﬁrmata).
3172 3253 3535 3345 contrarium
3572 3294 3668 3363 sit,

2033 3337 2353 3363 J.-L.'1-L:__.
2380 3360 2449 3363 ,μί
2638 3350 2648 3361 ι
2971 3360 2981 3363 _

2028 3337 2462 3399 dubitationem
2497 3350 2813 3408 maximam
2865 3360 3159 3433 patimur;
3193 3385 3385 3443 neque
3419 3380 3577 3437 enim
3609 3337 3671 3440 id

2024 3429 2181 3498 quod
2214 3431 2480 3490 videmus
2526 3436 2698 3495 facile
2729 3443 2900 3499 nobis
2932 3429 3305 3518 persua'dere‘
3351 3481 3668 3536 possumus

2022 3519 2184 3621 aliud
2215 3537 2345 3578 esse
2374 3525 2447 3580 ab
2470 3542 2538 3582 eo
2571 3532 2730 3600 quod
2760 3534 3045 3597 videmus.
3094 3546 3266 3606 Certa
3297 3519 3667 3627 oportet-ad:

2021 3609 2142 3665 sint
2170 3617 2229 3665 et
2283 3616 2589 3685 superiora
2646 3624 2918 3682 sensibus
2951 3630 3011 3685 in
3058 3609 3422 3701 contrarium
3481 3651 3662 3709 docu-

2018 3706 2238 3755 menta.
2274 3702 2421 3810 [fine
2454 3705 2707 3776 Cyrillus
2735 3717 2854 3769 tota
2883 3722 3177 3780 catechesi
3216 3746 3341 3787 rem
3387 3702 3659 3810 proposi-

2017 3795 2136 3888 tam
2167 3793 2482 3894 conﬁrmat
2502 3802 2635 3853 etet
2666 3801 2960 3875 inculcat;
2994 3817 3053 3866 et
3073 3831 3140 3869 ex
3163 3818 3262 3873 Dei
3295 3793 3658 3900 testimbnio,

2016 3877 2263 3950 ejusque
2311 3883 2745 3955 omnipotentia
2801 3892 3231 3960 dubitationem
3288 3877 3658 3974 omnem-al;

2013 3967 2350 4025 auditorum
2382 3973 2598 4030 animis
2624 3980 2857 4035 amoliri
2887 3992 3213 4049 contendit.

2083 4057 2170 4111 88.
2197 4057 2285 4113 Ad
2308 4062 2546 4117 tertium
2570 4066 2769 4137 (lyrilli
2793 4072 3199 4137 testimonium
3224 4084 3283 4140 in
3308 4102 3656 4161 argumento

2009 4154 3405 4234 commemoratumduorespondetadversarius
3420 4197 3432 4234 :
3459 4186 3656 4241 t°ver-

2008 4233 2102 4301 ba,
2136 4235 2165 4288 ὁ
2195 4236 2517 4312 φαινόμενος
2548 4239 2731 4317 ἄρτος,
2763 4251 2863 4319 qui
2879 4254 3099 4312 videtur
3118 4266 3305 4330 panis.
3326 4284 3447 4326 non
3471 4273 3653 4346 signi-

2008 4323 2177 4346 Ωμν
2600 4339 2610 4346 _
2687 4341 2697 4346 _
2811 4339 2822 4346 ,
2891 4341 2901 4346 -

2007 4323 2206 4384 ﬁcare.
2241 4329 2341 4398 qui
2372 4339 2616 4403 apparet
2644 4341 2704 4390 et
2733 4323 3322 4424 existimatur-panis,
3358 4323 3652 4431 sed‘pUa-Iiis

2003 4415 2268 4484 visibilis;
2302 4435 2372 4474 ac
2400 4421 2592 4478 multa
2635 4430 2898 4499 congerit
2925 4434 3084 4489 verbi
3130 4415 3409 4514 ξραίνεέθαι
3440 4415 3649 4508 eodem

2006 4519 2183 4560 sensu
2231 4510 2457 4579 accepti
2518 4516 2805 4588 exempla.
2864 4522 3109 4582 Possem
3141 4510 3200 4585 et
3227 4534 3415 4591 multo
3474 4540 3647 4611 plura

2004 4592 2248 4650 alterius
2266 4596 2534 4667 ejusdem
2560 4604 2724 4659 verbi
2755 4606 3229 4687 signiﬁcationis,
3262 4638 3367 4692 pro
3398 4592 3650 4701 (203885

2006 4690 2241 4753 apparet
2291 4691 2344 4740 et
2398 4691 2751 4749 existimatur
2804 4700 3090 4773 proferre,
3134 4690 3277 4765 cum
3300 4690 3525 4786 duplex;
3576 4720 3653 4775 sit

2004 4772 2185 4866 hujus
2208 4777 2482 4866 vocabuli
2522 4788 2782 4852 potestas
2814 4793 2873 4843 et
2903 4772 3276 4865 signiﬁcatio.
3310 4772 3420 4860 Sed
3466 4772 3645 4866 aliam

2003 4859 2065 4917 in
2096 4863 2209 4920 hoc
2238 4865 2387 4933 loco,
2420 4875 2635 4939 praeter
2659 4889 2787 4929 eam
2816 4894 2995 4948 quam
3027 4885 3079 4938 ei
3131 4890 3513 4952 attribuimus
3543 4899 3645 4955 ha-

2003 4950 2143 5007 bere
2168 4970 2288 5054 non
2310 4960 2535 5026 potest:
2568 4960 2684 5015 nisi
2718 4962 2843 5020 haec
2866 4968 3117 5027 ridicula
3146 4976 3365 5047 Cyrillo
3396 4950 3648 5061 afﬁnga-

2002 5045 2100 5096 tur
2128 5043 2338 5110 oratio,
2369 5047 2539 5117 panis
2577 5050 2827 5108 visibilis
2872 5062 2930 5112 et
2976 5043 3302 5122 materialis
3324 5074 3494 5142 panis
3524 5043 3645 5137 nJon

2003 5136 2113 5198 est,
2138 5134 2371 5188 tametsi
2395 5138 2666 5194 sensibus
2682 5141 2763 5196 ita
2784 5144 3069 5207 videatur.
3092 5134 3648 5239 Atsupponendum,

2002 5220 2216 5290 inquit,
2245 5222 2416 5292 panis
2447 5230 2781 5286 communis
2821 5249 2943 5290 non
2994 5245 3102 5294 est.
3137 5220 3421 5305 Ostendat
3468 5220 3647 5315 unam

2002 5310 2158 5380 apud
2181 5326 2389 5367 omnes
2411 5319 2682 5374 auctores
2701 5327 3079 5397 sententiam,
3111 5331 3171 5387 in
3195 5351 3313 5405 qua
3341 5357 3649 5415 suppona-

2002 5404 2099 5454 tur
2128 5400 2188 5454 in
2210 5401 2390 5455 simili
2418 5402 2565 5472 loco,
2601 5409 2758 5476 quod
2781 5419 2907 5469 erat
2928 5400 3398 5489 exprimendum.
3540 5437 3652 5495 hoc

2003 5491 2359 5562 exemplum.
2385 5495 2545 5549 verbi
2580 5500 2788 5567 gratia,
2815 5507 2973 5575 quod
3023 5511 3318 5572 videbitur
3338 5538 3551 5595 corpus

2001 5581 2460 5645 resurrectione,
2488 5600 2609 5639 non
2663 5589 2776 5643 erit
2799 5608 3034 5665 corpus,
3095 5599 3235 5658 licet
3259 5581 3532 5670 sensibus
3562 5618 3646 5673 ita

1999 5668 2304 5725 videatur:
2328 5675 2395 5726 ut
2432 5689 2539 5728 vox
2559 5679 2784 5734 carnale
2822 5689 2875 5737 et
2913 5690 3165 5744 terrestre
3186 5708 3380 5763 neque
3424 5700 3485 5754 in
3517 5703 3647 5774 ipsa

2002 5760 2409 5832 propositione
2439 5778 2635 5835 neque
2690 5767 2751 5822 in
2778 5770 3077 5843 adjunctis
3136 5760 3516 5848 exprimatur.
3538 5760 3648 5846 ‘Se-
