4108 6270
402 364 517 425 271

1578 358 1677 419 DE
1721 351 2127 418 DOGTRINA
2172 352 2237 415 S.
2283 355 2619 418 CYRILLI.

3697 367 3816 428 272

405 495 622 559 eundo,
644 510 720 550 ne
746 494 851 550 illa
873 492 1077 566 Cyrilli
1129 492 1308 549 verba
1324 495 1490 564 panis
1535 508 1647 547 non
1695 497 1774 547 est
1794 496 1845 545 et
1866 489 2056 543 vinum
2086 488 2137 554 Α
2164 504 2271 558 pus
2292 495 2346 544 et
2360 493 2684 561 sanguinem
2706 492 2911 551 Christi
2927 494 2955 549 ‘l
2973 510 3077 566 per
3096 494 3340 551 verbum
3363 499 3583 564 autem,
3602 497 3812 567 Amen,

408 601 522 641 non
549 592 649 654 est,
672 601 877 641 verum
902 600 1120 657 panem
1144 591 1202 640 et
1234 600 1438 639 verum
1462 583 1663 638 vinum
1691 580 1762 636 ab
1795 576 2064 633 euchari-

414 675 528 731 stia
543 673 853 730 excludere
875 674 1166 741 fateatur;
1190 672 1377 728 multa
1388 670 1915 744 producitPatrum
1935 666 2067 720 loca

415 764 488 820 ad
504 762 912 834 metaphoram
944 761 1355 835 intelligenda,
1379 760 1595 831 quibus
1625 759 1697 813 de
1730 773 1793 812 re
1816 760 2066 827 negatur

414 852 474 908 id
497 852 653 924 quod
683 853 811 924 ipsa
839 868 935 907 res
967 858 1085 918 est;
1109 867 1363 922 cumque
1392 848 1726 905 substantia
1747 845 1948 918 negari
1976 843 2063 897 vi-

414 942 778 1006 deatur,sola
790 947 1038 1014 negatur
1050 939 1418 1013 qualitas;uti
1434 938 1590 1010 quod
1605 934 2063 994 dicuntzAurum

410 1047 523 1081 non
542 1032 684 1080 sinit
713 1031 961 1081 homines
999 1047 1115 1080 esse
1141 1030 1412 1093 homines,
1446 1028 1540 1077 sed
1567 1034 1668 1077 aut
1694 1029 1846 1089 feras
1876 1032 1927 1073 et
1956 1022 2062 1071 dce-

411 1135 600 1170 mones
634 1120 837 1169 reddit.
888 1120 981 1171 Ira
1032 1120 1317 1170 hominem
1352 1133 1462 1168 non
1493 1116 1739 1166 concedit
1786 1115 2062 1163 hominem

409 1226 540 1260 esse.
568 1211 853 1272 Baptismi
873 1212 1059 1260 virtus
1079 1225 1192 1260 non
1213 1210 1357 1259 sinit
1376 1208 1625 1258 homines
1663 1220 1777 1255 esse
1791 1204 2060 1260 homines,

414 1302 508 1351 sed
535 1301 756 1363 angelos
780 1316 890 1363 pro
918 1300 1240 1350 hominibus
1268 1299 1428 1362 facit.
1462 1297 1692 1352 Quando
1738 1294 1897 1344 homo
1927 1302 2063 1342 tem-

401 1406 615 1455 perans
644 1400 739 1454 est,
792 1406 920 1442 caro
949 1407 1061 1441 non
1122 1390 1373 1453 amplius
1402 1404 1530 1440 caro
1585 1396 1683 1445 est,
1716 1386 1812 1436 sed
1846 1399 1973 1434 caro
1998 1385 2063 1433 in

411 1483 682 1545 spiritum
702 1491 921 1532 mutata
960 1490 1057 1531 est.
1096 1481 1299 1543 Corpus
1336 1480 1650 1544 regenerati
1670 1480 1736 1543 fit
1781 1491 1907 1526 caro
1936 1489 2064 1525 cru-

416 1572 594 1636 cifixi.
618 1575 1024 1628 Prostremum
1046 1573 1207 1628 hunc
1232 1572 1427 1627 locum
1451 1587 1519 1626 ex
1547 1565 2064 1641 metaphoricislo-

414 1660 754 1717 cutionibus
769 1661 995 1733 excipio
1017 1679 1029 1729 ;
1048 1661 1201 1716 nihil
1220 1661 1376 1715 enim
1393 1659 1554 1715 aliud
1575 1657 2061 1731 signiﬁcatquam

416 1767 760 1821 corpoream
813 1751 1110 1822 baptizati,
1140 1755 1272 1822 post
1305 1749 1593 1821 [CCXXX]
1644 1762 1871 1822 sacram
1903 1760 2058 1799 com-

416 1841 785 1907 munionem,
808 1857 943 1897 cum
958 1841 1188 1896 Christo
1218 1838 1726 1910 conjunctionem.
1750 1836 1808 1890 In
1832 1833 2061 1890 crcteris
2095 1861 2138 1927 Β

416 1936 637 1991 autem.
658 1936 726 1985 ut
746 1929 1065 2002 perfectam
1094 1929 1353 1984 habeant
1382 1943 1515 1982 cum
1539 1925 1862 1997 Cyrilliana
1892 1921 2060 1979 simi-

411 2019 749 2084 litudinem.
783 2020 951 2076 deest
997 2020 1243 2075 verbum
1296 2018 1445 2073 illud
1476 2017 1887 2089 Cyrillianum,
1936 2013 2063 2068 licet

411 2125 594 2166 sensus
649 2112 815 2165 aliter
864 2112 1204 2166 renuntient.
1256 2109 1482 2164 Desunt
1528 2107 1810 2177 adjuncta
1837 2103 2061 2173 omnia,

414 2200 630 2271 quibus
649 2200 971 2272 Cyrilliana
994 2198 1342 2271 propositio,
1365 2200 1533 2268 panis
1553 2196 1654 2267 qni
1669 2196 1889 2251 videtur
1900 2195 2064 2266 panis

412 2305 522 2345 non
558 2295 654 2357 est,
680 2297 861 2346 tamen
908 2296 1075 2360 gustu
1107 2291 1402 2355 sentiatur,
1447 2295 1584 2355 etc.,
1619 2286 1693 2342 ad
1729 2302 1926 2341 veram
1957 2301 2064 2356 pa-

414 2381 509 2437 nis
531 2386 590 2436 et
618 2381 738 2436 vini
770 2380 1170 2437 exclusionem
1194 2380 1638 2436 determinatur.
1664 2378 1899 2449 Alioqui
1930 2377 2061 2432 illa-

416 2486 551 2525 rum
581 2469 950 2525 locutionum
983 2486 1115 2525 cum
1148 2469 1470 2540 Cyrilliana
1510 2467 2062 2524 dissimilitudinem

421 2559 565 2617 satis
592 2559 652 2614 in
711 2558 1275 2615 observationibusl
1339 2562 1458 2614 et2
1489 2557 1698 2629 capitis
1746 2559 1777 2612 9
1826 2555 2064 2627 aperui-

422 2664 577 2704 mus.

907 2753 1152 2800 ουικτυκ
1190 2751 1581 2791 ARGUMENTUH.

486 2826 576 2882 89.
632 2824 733 2881 His
783 2827 1123 2880 continetur
1179 2829 1291 2880 cat.
1351 2827 1419 2879 23
1474 2823 1689 2891 verbis,
1734 2838 1901 2878 num.
1951 2824 2058 2877 2i:

412 2914 623 2965 Adiens
669 2914 736 2964 ad
770 2914 958 2977 altare,
996 2930 1066 2964 ne
1090 2912 1354 2975 expansis
1384 2927 1664 2962 manuum
1694 2912 1853 2969 colis,
1884 2926 2063 2975 neque

409 3003 718 3062 disiunctis
737 3003 936 3065 digitis
952 3001 1174 3062 accede;
1194 3002 1287 3050 sed
1305 3002 1603 3052 sinistram
1627 3000 1776 3050 velut
1795 3000 2061 3050 thronum

408 3091 717 3152 subjiciens
741 3093 999 3153 dexterae,
1022 3099 1209 3153 utpote
1244 3093 1449 3153 Regem
1496 3099 1834 3151 suscpturaz;
1858 3098 1907 3139 et
1933 3104 2062 3138 con-

413 3196 546 3230 cava
565 3196 741 3231 manu
764 3182 979 3243 suscipe
998 3196 1193 3245 corpus
1212 3181 1443 3237 Christi.
1466 3180 1823 3241 respondens,
1863 3180 2058 3228 Amen.

410 3269 699 3333 Postquan
753 3278 939 3320 autem
976 3278 1134 3319 caute
1165 3270 1351 3320 oe'ulos
1412 3278 1533 3318 tuos
1585 3276 1841 3318 contactu
1883 3269 2066 3317 sancti

415 3361 663 3422 corporis
690 3361 1149 3424 sanctiﬁcaveris,
1182 3361 1332 3410 illud
1346 3361 1586 3422 percipe,
1643 3359 1967 3421 advigilans
1996 3374 2064 3407 ne

419 3450 559 3514 quid
576 3465 645 3499 ex
664 3465 723 3499 eo
762 3451 865 3500 tibi
910 3452 1191 3513 depereat:
1211 3452 1358 3515 quod
1399 3452 1552 3500 enim
1609 3452 1944 3501 iutercidere
1964 3466 2066 3513 pa-

421 3539 601 3596 tieris,
629 3539 689 3588 id
717 3539 821 3588 tibi
848 3548 1119 3603 tanquam
1147 3554 1215 3588 ex
1236 3541 1493 3601 propriis
1517 3541 1781 3589 membris
1811 3540 2067 3589 deminu-

430 3635 552 3677 tum
573 3637 777 3690 puta...
815 3629 963 3693 quod
990 3637 1069 3677 est
1115 3644 1256 3678 auro
1283 3644 1348 3679 ac
1373 3630 1612 3692 gemmis
1645 3630 1808 3692 longe
1850 3631 2067 3691 pretio-

424 3718 567 3768 sius.
596 3716 845 3767 Num23:
886 3718 1028 3767 Tum
1068 3732 1195 3766 vero
1243 3726 1367 3779 post
1401 3719 1845 3767 communionem
1875 3732 2066 3781 corpo-

422 3808 507 3856 ris
539 3806 766 3864 Christi,
823 3807 1011 3856 accede
1050 3816 1100 3856 et
1130 3808 1202 3857 ad
1247 3808 1554 3870 sanguinis
1606 3808 1910 3869 poculum:
1952 3823 2064 3858 non

419 3898 717 3947 extendens
745 3913 961 3955 manus,
991 3898 1082 3946 sed
1099 3913 1320 3960 pronus
1358 3906 1406 3946 et
1436 3898 1778 3947 adorationis
1798 3912 1862 3947 ac
1904 3913 2066 3947 vene-

417 3992 660 4041 rationis
684 3993 743 4041 in
794 3993 1039 4050 modum,
1089 3993 1295 4054 dicens,
1324 3992 1534 4042 Amen:
1592 3992 1960 4057 sancti/iceris
1994 4006 2064 4039 ex

415 4083 742 4144 sanguinem
765 4082 975 4133 Christi
1006 4098 1223 4148 quoque
1251 4098 1498 4135 sumens.
1526 4083 1596 4132 Et
1628 4098 1755 4132 cum
1776 4082 1956 4132 adhuc
1972 4082 2063 4132 ad-

415 4170 581 4220 heret
600 4172 768 4222 labiis
798 4173 913 4221 tuis
943 4188 1011 4222 ex
1039 4187 1097 4222 eo
1126 4174 1337 4230 mador,
1368 4172 1633 4223 manibus
1672 4175 1975 4235 attingens,
2010 4180 2062 4222 et

413 4262 619 4321 oculos,
649 4269 698 4311 et
725 4266 989 4324 frontem,
1020 4266 1073 4312 el
1100 4263 1347 4327 reliquos
1367 4265 1886 4328 sensussanctiﬁca.
1934 4266 2059 4320 Non

412 4349 698 4407 immoror
725 4352 786 4407 in
816 4352 1111 4423 frequenti
1171 4358 1230 4408 et
1258 4353 1331 4408 ad
1386 4353 1649 4426 singulas
1679 4371 1831 4425 pene
1867 4353 2059 4409 lineas

409 4442 763 4513 repetitione
793 4445 1037 4512 corporis
1087 4450 1140 4497 et
1170 4445 1456 4512 sanguinis
1489 4444 1716 4510 Christi,
1766 4443 1934 4499 nulla
1954 4461 2060 4499 un-

407 4546 586 4600 quam
620 4532 820 4603 ﬁguraa
853 4538 911 4587 et
938 4531 1223 4587 efﬁcaciae
1247 4532 1551 4587 mentione
1582 4533 1767 4601 facta;
1792 4534 2051 4604 primum

2172 578 2327 651 quod
2363 586 2451 635 est
2502 582 2867 638 assensionis
2924 584 3189 649 verbum,
3227 591 3339 641 cat.
3397 588 3486 653 23,
3528 602 3695 641 num.
3732 589 3820 654 18,

2172 668 2449 739 quodque
2481 670 2773 743 signiﬁcat
2818 673 2916 742 ﬁat
2949 679 3051 728 aut
3105 690 3293 728 verum
3325 681 3423 738 est,
3481 682 3657 746 prout
3688 693 3825 732 cum

2171 764 2305 813 voto
2327 765 2429 813 aut
2452 776 2586 815 cum
2611 778 2671 816 re
2695 762 3077 819 assentienda
3098 764 3485 834 conjunctum
3507 772 3629 831 est;
3648 783 3822 821 com-

2170 847 2489 903 municans
2517 865 2824 906 assensum
2861 852 3087 924 prazbet
3112 853 3510 909 ministrantis
3533 854 3645 909 sibi
3665 872 3820 911 com-

2170 937 2515 993 munionem
2534 942 2946 1011 propositioni.
2979 943 3193 1008 Tertio,
3227 944 3422 998 cautio
3445 944 3549 998 illa
3578 961 3651 999 ne
3673 945 3822 1015 quid

2170 1042 2242 1081 ex
2263 1043 2428 1083 sacro
2454 1046 2605 1100 pane
2628 1030 2963 1093 intercidat,
2990 1048 3168 1103 quam
3189 1033 3250 1087 in
3273 1049 3425 1103 aqua
3454 1033 3811 1105 baptismali,

2169 1116 2321 1183 oleo,
2352 1134 2518 1173 sacro
2550 1120 2889 1188 chrismate,
2927 1127 3043 1177 tam
3079 1139 3282 1177 severe
3313 1123 3671 1179 inculcatam
3692 1141 3816 1181 non

2170 1204 2421 1278 legimus
2449 1226 2461 1275 ;
2487 1209 2739 1280 jacturm
2796 1211 2925 1282 ejus
2969 1211 3332 1283 comparatio
3379 1229 3514 1267 cum
3546 1212 3813 1285 ipsorum

2170 1297 2435 1368 corporis
2458 1299 2861 1355 membrorum
2885 1300 3368 1368 detruncatione;
3394 1318 3609 1357 severas
3630 1302 3817 1358 anim-

2169 1385 2548 1442 adversiones
2578 1388 2874 1457 Ecclesiae,
2909 1391 3392 1462 paenitentiaeque
3417 1391 3535 1446 illis
3565 1392 3815 1463 imposi-

2168 1480 2262 1543 tas,
2297 1494 2549 1547 quorum
2582 1494 2611 1532 e
2640 1480 2918 1535 manibus
2946 1481 3113 1536 nulla
3141 1482 3462 1552 aliquando
3496 1483 3672 1553 culpa
3703 1498 3815 1539 sua

2168 1564 2336 1636 lapsa
2358 1574 2532 1630 esset,
2553 1574 2656 1623 aut
2674 1569 2896 1639 alioqui
2922 1571 2981 1625 in
3017 1571 3291 1626 manibus
3325 1572 3589 1642 ipsorum
3619 1572 3814 1644 profa-

2168 1661 2308 1710 nata
2339 1657 2731 1725 eucharistia;
2792 1659 2937 1727 th,
2971 1660 3236 1731 inquam,
3298 1663 3501 1716 omnia
3526 1662 3661 1733 plus
3701 1662 3817 1716 ali-

2168 1744 2310 1815 quid
2343 1745 2530 1816 ipsam
2583 1763 2733 1814 esse,
2768 1765 2945 1819 quam
2977 1750 3348 1805 materialem
3409 1751 3821 1807 ecclesiastica

2170 1851 2344 1905 prece
2397 1844 2805 1892 consecratum
2865 1855 3101 1909 panem,
3171 1841 3328 1895 clare
3378 1840 3815 1896 demonstrant.

2170 1925 2408 1991 Quarto,
2440 1925 2849 1983 adorationem
2884 1930 3264 2001 suscipiendo
3296 1930 3510 1984 Christi
3536 1930 3814 2002 sanguini

2171 2018 2230 2067 et
2282 2031 2527 2086 corpore
2558 2019 2987 2090 praescriptam,
3047 2019 3121 2074 ad
3155 2022 3337 2075 Deum
3395 2020 3457 2074 in
3491 2020 3818 2076 euchristia

2168 2115 2522 2173 prmsenlem
2579 2108 2900 2178 pertinere,
2935 2115 2992 2164 et
3044 2110 3261 2165 idcirco
3324 2111 3585 2180 supremi
3614 2110 3815 2165 cultus

2168 2192 2579 2251 adorationem
2601 2197 3026 2263 esse,dubilare
3049 2216 3167 2254 non
3190 2199 3332 2254 sinit
3356 2201 3485 2270 ejus
3511 2217 3644 2254 cum
3667 2217 3819 2271 pras-

2169 2283 2400 2339 cedenti
2427 2291 2485 2340 et
2511 2286 2813 2360 [CCXXXI]
2841 2289 3227 2360 consequenti
3260 2288 3531 2343 doctrina
3556 2290 3813 2361 conjun-

2169 2373 2303 2429 ctio.
2328 2374 2563 2442 Quinto,
2588 2393 2658 2433 ea
2685 2380 3003 2449 praeceptio
3035 2384 3101 2433 ut
3130 2379 3342 2433 Christi
3374 2395 3589 2449 corpus
3621 2378 3815 2433 oculis

2168 2462 2241 2518 ad
2263 2466 3357 2540 sanctificationemimponatur,utque
3381 2468 3665 2523 collectus
3679 2472 3818 2539 post

2171 2556 2570 2627 sumptionem
2594 2558 2795 2613 calicis
2827 2575 2895 2614 ex
2919 2558 3094 2614 labiis
3117 2559 3344 2625 mador,
3378 2559 3558 2613 fronti
3583 2565 3640 2613 et
3669 2558 3813 2613 reli-

2169 2646 2302 2717 quis
2334 2647 2609 2702 sensibus
2663 2648 3071 2716 admoveatur;
3106 2649 3404 2719 signiﬁcat
3448 2665 3590 2703 sane
3620 2648 3812 2703 inhie-

2168 2741 2399 2792 rentem
2431 2737 2749 2808 quamdam
2782 2738 2841 2793 in
2882 2738 3011 2810 ipsa
3036 2754 3099 2793 re
3149 2738 3679 2793 sanctiﬁcationem
3712 2738 3809 2793 in-

2169 2842 2319 2895 esse,
2344 2828 2514 2899 cujus
2534 2828 2717 2882 virtus
2739 2845 2853 2883 non
2886 2828 2942 2882 in
2976 2828 3353 2899 suscipientis
3376 2828 3492 2882 fide
3524 2828 3712 2898 posita
3733 2828 3815 2883 sit

2168 2922 2289 2972 tota
2309 2935 2322 2982 ;
2348 2918 2520 2988 quale
2544 2918 2605 2971 in
2628 2917 2983 2973 eucharistia
3006 2918 3286 2973 efficacia:
3310 2933 3496 2990 genus
3518 2918 3705 2971 solum
3733 2917 3809 2973 ab

2167 3005 2517 3061 adversariis
2547 3006 2898 3062 admittitur.
2934 3007 3269 3063 Ridiculum
3303 3013 3391 3062 est
3416 3024 3549 3062 cum
3600 3006 3808 3061 Alber-

2166 3095 2290 3150 tino
2312 3095 2671 3167 respondere
2721 3096 3071 3168 sanguinem
3119 3096 3356 3161 Christi,
3392 3112 3523 3150 cum
3559 3095 3620 3150 in
3648 3096 3811 3152 venis

2095 3217 2140 3285 ο
2169 3186 2711 3257 ejuscontineatur,
2733 3186 2901 3241 nulla
2917 3203 3089 3258 posse
3114 3185 3463 3240 humiditate
3484 3186 3811 3256 suscipien-

2173 3283 2298 3331 tum
2329 3291 2395 3330 os
2425 3281 2484 3330 et
2511 3275 2669 3330 labia
2694 3276 3083 3347 perfundere:
3118 3292 3254 3330 nam
3288 3280 3344 3329 et
3374 3274 3649 3346 sanguini
3680 3291 3815 3331 vere

2172 3374 2232 3420 et
2255 3364 2466 3420 merito
2490 3365 2791 3431 tribuitur,
2820 3365 2977 3437 quod
3010 3364 3320 3437 speciebus
3346 3363 3467 3419 suis
3499 3364 3773 3419 convenit
3798 3381 3816 3432 ;

2174 3461 2233 3509 et
2252 3455 2472 3527 alioqui
2496 3455 2615 3510 vini
2638 3455 2965 3511 consecrati
2991 3455 3295 3527 particulae
3319 3471 3439 3509 non
3464 3454 3656 3509 solum
3681 3470 3819 3509 san-

2171 3545 2412 3616 guinem
2434 3545 2650 3601 Christi
2669 3544 3561 3616 continent,sedejusintegrum
3582 3559 3819 3614 corpus,

2172 3635 2343 3707 cujus
2375 3640 2465 3690 est
2496 3651 2564 3689 ex
2596 3635 2723 3690 sola
2752 3635 3179 3705 cnnjunctione
3207 3650 3342 3688 cum
3375 3632 3550 3687 verbo
3580 3632 3654 3687 ad
3686 3647 3822 3687 san-

2174 3724 2557 3780 ctiﬁcandum
2592 3740 2807 3795 corpus
2838 3728 3108 3778 nostrum
3133 3723 3321 3777 virtus
3350 3721 3598 3778 viviﬁca.

2242 3817 2330 3870 90.
2361 3814 2650 3868 Albertini
2700 3829 2906 3867 omnes
2932 3813 3006 3867 ad
3031 3814 3140 3867 hoc
3170 3817 3590 3883 argumentum
3644 3809 3815 3882 obje-

2170 3903 2397 3957 ctiones
2419 3902 2716 3973 occupavi.
2742 3902 2853 3956 Sed
2876 3900 3288 3972 prietereunda
3308 3916 3426 3954 non
3454 3899 3648 3970 estobj
3661 3899 3813 3955 ectio

2169 4008 2345 4063 quam
2367 4009 2500 4046 cum
2526 3991 2638 4045 sibi
2663 3992 3068 4062 proposuisset
3089 3989 3404 4044 Perronius
3426 3993 3486 4043 et
3506 3988 3812 4043 dissolvis-

2169 4087 2280 4146 set,
2314 4080 2766 4137 instaurandam
2816 4080 3067 4150 suscipit
3096 4078 3509 4134 adversarius:
3545 4094 3730 4147 eaque
3787 4093 3825 4133 a

2167 4170 2343 4226 nobis
2374 4171 2436 4226 in
2468 4177 2698 4226 sextum
2730 4169 3038 4225 catholica)
3068 4168 3354 4223 doctrina)
3399 4173 3817 4239 argumentum

2167 4262 2546 4318 convertitur.
2584 4262 2809 4317 Petitur
2865 4277 2936 4316 ex
2964 4260 3057 4316 bis
3091 4259 3281 4314 verbis
3331 4264 3444 4314 cat.
3480 4260 3569 4318 23.
3628 4274 3689 4312 n.
3729 4260 3821 4339 15,

2166 4353 2264 4408 ubi
2297 4353 2450 4408 hanc
2471 4351 2790 4406 Dominicaa
2813 4349 3100 4405 orationis
3115 4348 3465 4421 petitionem
3490 4346 3821 4418 explicans,

2164 4445 2370 4499 Panem
2426 4449 2676 4497 nostrum
2720 4441 3135 4497 substantialem
3192 4439 3267 4493 da
3322 4437 3481 4493 nobis
3539 4437 3701 4491 hodie
3749 4437 3819 4505 ³⁸,

2167 4532 2287 4588 ait:
2347 4534 2517 4587 Panis
2572 4533 2674 4585 iste
2721 4532 3041 4593 communis,
3098 4544 3211 4583 non
3269 4534 3345 4582 est
3414 4526 3816 4582 substantialis.

424 4584 465 4600 ιγ
624 4584 814 4603 κωφή
862 4584 906 4587 --
1583 4584 2051 4604 ημ-,τ----ηῂ
2170 4584 2285 4588 τ---
2348 4584 2370 4587 _
2400 4584 2510 4587 ψη-
2732 4584 2767 4585 η
3030 4584 3040 4593 .

405 4619 649 4675 observo
677 4637 894 4692 panem
944 4621 1425 4689 eucharisticum,
1486 4623 1586 4693 qui
1622 4622 1827 4679 Christi
1856 4639 2053 4694 corpus
2086 4584 2130 4649 Β
2160 4624 2265 4678 Iste
2294 4629 2479 4676 autem
2531 4622 2695 4690 panis
2752 4621 2850 4690 qui
2880 4625 3095 4675 sanctus
3153 4622 3229 4673 est
3280 4616 3661 4672 substantialis
3713 4622 3814 4671 est.

403 4708 634 4774 dicitur,
661 4712 857 4779 Regem
910 4710 1207 4766 Christum
1249 4711 1577 4782 appellari;
1613 4711 1707 4767 cui
1766 4717 2049 4783 tanquam

400 4813 537 4854 vero
551 4797 672 4869 regi
696 4799 973 4855 thronum
990 4800 1309 4872 prznparari
1328 4800 1550 4857 deceat.
1577 4802 1886 4874 Magnifica
1906 4819 2049 4858 sane

402 4885 473 4942 de
504 4886 796 4957 particula
850 4889 1040 4958 panis,
1076 4889 1235 4945 nuda
1292 4890 1506 4945 Christi
1543 4891 1746 4963 ﬁgura,
1799 4890 2044 4946 locutio.

399 4975 666 5031 Christus
697 4977 871 5031 aliter
895 4993 1070 5047 quam
1099 4995 1343 5050 corpore
1367 4997 1472 5051 per
1497 4980 1675 5035 ﬁdem
1702 4980 1901 5035 animo
1926 4997 2051 5036 sus-

396 5063 512 5135 cipi
546 5070 759 5136 potest,
793 5064 1020 5120 fateor:
1054 5066 1116 5121 in
1148 5084 1330 5123 manu
1362 5075 1559 5124 autem
1589 5070 1885 5140 quomodo
1928 5070 2045 5125 nisi

393 5170 502 5226 per
552 5170 765 5225 corpus
798 5170 971 5209 suum
992 5155 1018 5209 ?
1046 5156 1103 5208 2°
1133 5156 1281 5211 illud
1311 5160 1485 5213 Amen
1533 5159 1606 5215 ad
1638 5160 2042 5231 sumptionem

391 5242 702 5313 utriusque
726 5242 965 5314 speciei,
990 5246 1439 5315 responsionem
1455 5265 1583 5305 esse
1602 5251 2043 5305 communican.

389 5331 464 5387 tis
495 5331 570 5388 ad
591 5332 905 5403 antiquam
930 5338 987 5387 et
1017 5334 1521 5404 simplicissimum
1553 5338 2039 5397 administranda

385 5421 826 5477 commudionis
883 5420 1201 5478 formulam
1259 5442 1456 5496 corpus
1526 5428 1752 5496 Christi,
1812 5433 2039 5498 sanguis

385 5509 608 5569 Christi.
632 5510 782 5577 Quid
813 5509 916 5566 illa
949 5509 1207 5569 formula
1251 5515 1566 5588 significat,
1601 5517 1739 5585 nisi,
1775 5535 1886 5575 esse
1914 5537 2036 5575 cor-

454 5684 504 5722 ³⁸
532 5688 738 5744 Matth.
769 5703 847 5759 vr,
882 5687 967 5744 11.
1044 5684 1090 5723 ³⁷
1118 5689 1319 5746 Matth.
1351 5708 1447 5762 xv,
1482 5696 1564 5749 l7.

2158 4715 2318 4783 quasi
2347 4713 2519 4777 dicas,
2551 4711 2625 4765 ad
2660 4710 3027 4765 substantiam
3069 4711 3265 4764 anima:
3316 4708 3606 4762 ordinatus
3638 4713 3690 4761 et
3724 4709 3813 4761 in-

2189 4805 2402 4856 titutus.
2438 4802 2540 4855 Hic
2590 4801 2760 4870 panis
2816 4816 2927 4855 non
2956 4800 3017 4854 in
3056 4805 3299 4853 ventrem
3350 4796 3501 4851 vadit
3555 4802 3722 4866 atque
3751 4797 3811 4850 in

2159 4870 2425 4947 secessum
2484 4892 2703 4963 ejicilur
2729 4890 2795 4958 ³⁷,
2855 4890 3034 4944 sedin
3094 4904 3303 4943 omnem
3361 4889 3442 4941 tui
3493 4902 3811 4956 compagem

2158 4981 2430 5036 dividitur
2487 4980 2560 5035 ad
2603 4981 2801 5033 animm
2832 4986 2883 5033 et
2944 4977 3191 5049 corporis
3247 4977 3691 5031 emolumentum.
3726 4975 3807 5030 De

2157 5086 2309 5143 pane
2343 5070 2735 5125 eucharistico
2768 5069 2862 5123 hic
2892 5066 2983 5139 agi
3006 5074 3230 5123 certum
3267 5072 3375 5131 est,
3397 5063 3686 5137 quidquid
3719 5081 3805 5120 ve-

2154 5161 2224 5216 lit
2243 5160 2610 5225 Albertinus,
2638 5175 2760 5213 non
2783 5158 2941 5213 enim
2963 5156 3289 5228 spiritualis
3314 5155 3483 5226 panis
3506 5153 3706 5225 gratiae
3740 5152 3805 5208 in

2153 5268 2391 5307 omnem
2425 5250 2685 5306 hominis
2706 5265 3015 5319 compagem
3033 5264 3095 5302 ac
3112 5254 3279 5303 const;
3294 5246 3560 5300 tutionem
3585 5241 3803 5297 dividi-

2150 5348 2338 5407 tur,ut
2365 5359 2484 5398 una
2499 5359 2633 5398 cum
2652 5341 2853 5397 anima
2880 5357 3093 5411 corpus
3117 5355 3353 5410 quoque
3386 5354 3490 5393 suo
3522 5339 3799 5391 contactu

2152 5433 2505 5490 sanctiﬁcet.
2541 5431 2687 5485 Hinc
2718 5430 2833 5485 duo
2872 5435 3223 5501 argumenta
3264 5428 3537 5483 conﬁcio.
3573 5426 3794 5495 Primo,

2148 5521 2573 5580 eucharistiam
2591 5536 2715 5576 non
2736 5519 3174 5592 negatCyrillus
3192 5517 3253 5573 in
3265 5523 3528 5574 ventrem
3551 5515 3796 5572 descen-
