4134 6264
346 352 472 413 273

1728 348 2255 412 DISSERTATIO
2297 350 2412 411 III.

3651 354 3774 417 3‘"

345 485 511 551 dere,
547 501 730 557 quam
762 484 824 539 in
852 500 1062 539 omnem
1094 483 1283 540 nostri
1330 499 1642 555 compagem
1692 482 1873 538 dividi
1907 482 2004 538 hic
2035 487 2088 555 Α
2119 482 2374 549 stantia;
2408 483 2579 555 panis
2601 499 2816 555 nempe
2838 482 3166 540 materialis
3187 483 3469 541 etvinum
3494 503 3611 558 quo
3632 504 3772 546 con-

352 578 456 642 ait,
490 581 550 629 et
578 578 634 629 in
670 576 914 629 membra
959 582 1155 629 nostra
1194 574 1280 629 sic
1308 575 1568 630 distribui
1595 578 1661 629 ut
1687 571 1825 628 inde
1852 572 2010 629 Chri-

351 674 497 723 stum
526 669 790 735 ferentes,
850 666 1138 734 eidemque
1191 663 1543 733 concorporei
1574 671 1627 719 et
1679 678 2010 731 consangues

347 759 679 826 efﬁciamur,
713 761 827 810 cat.
860 758 951 820 22,
1009 771 1068 809 n.
1101 756 1154 817 3,
1188 754 1424 825 corpori
1458 753 1744 808 nimirum
1792 751 2005 807 Christi

350 846 642 909 tribuens,
672 844 830 914 quod
867 843 1177 915 speciebus
1206 843 1514 915 proprium
1542 860 1555 910 ;
1594 858 1782 914 eoque
1828 858 2008 897 sensu

353 935 573 991 addere
607 941 841 1005 poterat
865 950 996 989 cum
1029 934 1258 991 Justino
1298 939 1356 987 et
1407 934 1651 996 Irenaeo,
1688 948 1756 987 ex
1788 932 2007 987 eucha-

343 1028 511 1083 ristia
543 1026 923 1097 sanguinem,
952 1030 1011 1080 et
1056 1041 1267 1081 carnes
1294 1031 1531 1080 nostras
1562 1040 1668 1096 per
1696 1028 2001 1079 transmu-

343 1118 632 1172 tationem
692 1115 929 1179 nutriri,
964 1115 1314 1186 sanguinem
1373 1118 1647 1169 nostrum
1687 1129 1757 1169 ex
1787 1111 2005 1166 Christi

348 1209 655 1279 sanguine,
685 1212 744 1261 et
773 1223 992 1277 corpus
1037 1211 1309 1261 nostrum
1337 1220 1406 1260 ex
1464 1206 1593 1275 ejus
1623 1220 1871 1275 corpore
1896 1218 2002 1258 au-

345 1297 468 1370 geri
492 1313 505 1349 :
528 1313 658 1367 quae
680 1297 767 1350 uti
792 1295 1107 1350 commode
1121 1299 1179 1349 et
1193 1311 1263 1349 ex
1284 1295 1549 1349 humana
1565 1292 2000 1349 consuetudine

339 1385 573 1456 corpori
623 1385 845 1439 Christi
904 1384 1264 1448 tribuuntur,
1297 1398 1436 1438 cum
1478 1381 1792 1454 speciebus
1849 1380 2000 1436 illud

338 1474 757 1545 obtegentibus
789 1477 1021 1528 tantum
1049 1471 1443 1537 conveniant;
1479 1471 1562 1526 ita
1581 1471 1698 1525 nisi
1729 1469 1997 1525 Christus

337 1566 398 1620 in
432 1565 518 1619 eis
550 1565 981 1627 contineretur,
1002 1578 1311 1633 nunquam
1333 1561 1530 1617 dicere
1560 1561 1847 1616 licuisset.
1881 1561 1995 1616 Ne-

333 1660 432 1728 gat
461 1669 604 1725 ergo
638 1658 871 1707 tantum
901 1652 1156 1724 Cyrillus
1187 1667 1404 1723 panem
1439 1651 1903 1706 eucharisticum
1928 1652 1991 1705 in

332 1751 582 1799 uentrem
615 1742 957 1805 descendere,
990 1746 1056 1795 ut
1113 1741 1195 1795 ibi
1255 1741 1663 1795 communium
1722 1738 1990 1794 ciborum

2117 577 2267 627 stat:
2301 572 2464 628 aliud
2515 572 2589 628 ad
2647 573 2930 635 animam,
2966 590 3182 645 nempe
3230 575 3417 647 gratia
3448 576 3553 632 illa
3580 595 3762 651 quam

2113 662 2255 732 pani
2285 678 2392 717 suo
2424 666 2483 717 et
2510 663 2644 719 vino
2676 662 3004 719 liberaliter
3018 664 3368 734 adjungunt.
3391 664 3759 724 Catholicum

2113 750 2293 823 igitur
2322 752 2536 825 dogma
2576 769 2698 809 non
2747 753 3154 809 Calvinianum
3186 754 3441 825 explicat
3480 756 3753 827 Cyrillus.

2113 843 2239 897 Non
2271 842 2475 914 ignoro
2505 844 2710 897 Patres
2736 842 3058 913 aliquando
3090 843 3152 897 in
3185 843 3450 914 ﬁguratis
3497 851 3557 899 et
3584 862 3753 903 exor-

2111 931 2267 986 natis
2298 931 2370 985 de
2400 931 2739 1003 baptismali
2770 948 2943 1004 aqua.
2974 932 3313 1001 chrismate,
3333 934 3464 988 oleo
3486 951 3652 990 sacro
3674 936 3757 992 lo-

2111 1020 2473 1089 cutionibus,
2506 1022 2620 1077 ista
2650 1039 2787 1077 usos
2819 1022 3106 1087 oratione,
3139 1045 3344 1095 aquam
3378 1046 3470 1079 cor
3496 1033 3739 1093 abluere,

2109 1120 2366 1169 animam
2395 1121 2764 1185 sanctiﬁcare.
2787 1113 2859 1167 At
2875 1111 3056 1167 iidem
3073 1129 3208 1167 cum
3232 1112 3495 1183 pressius
3512 1119 3571 1168 et
3588 1130 3759 1171 accu-

2108 1201 2297 1256 ratius
2326 1200 2539 1256 horum
2563 1201 2980 1272 mysteriorum
3013 1202 3129 1256 vim
3153 1206 3211 1256 et
3238 1200 3533 1257 rationem
3563 1202 3755 1261 decla-

2108 1295 2261 1357 rant,
2290 1290 2661 1361 singularum
2719 1290 2978 1362 partium
3036 1290 3251 1361 quibus
3299 1296 3575 1346 constant
3606 1294 3753 1349 fines

2106 1378 2448 1449 limitesque
2480 1380 2927 1452 circumscripte
2984 1380 3421 1436 determinant:
3463 1397 3657 1452 neque
3690 1382 3749 1439 id

2102 1467 2262 1523 ullus
2293 1469 2533 1524 Patrum
2564 1469 2781 1541 Cyrillo
2810 1475 3014 1526 nostro
3062 1470 3406 1542 diligentius
3449 1471 3745 1541 praestitit,

2099 1573 2270 1628 aqua;
2288 1556 2660 1629 baptismalis
2677 1559 2951 1613 effectum
2972 1574 3259 1630 corporea
3277 1559 3626 1631 purgatione
3649 1560 3748 1616 de-

2098 1646 2335 1709 ﬁniens.
2357 1652 2415 1702 et
2436 1646 2670 1717 spiritui
2694 1647 2890 1702 cordis
2919 1648 3335 1719 appersionem
3353 1664 3422 1703 ac
3442 1649 3742 1721 purgatio-

2096 1752 2233 1792 nem
2293 1752 2603 1793 reservans
2646 1741 2760 1792 cat.
2805 1738 2856 1805 3,
2894 1738 3031 1793 n.4.
3065 1737 3230 1802 Quod
3288 1737 3499 1793 iisdem
3553 1738 3739 1795 ferme

329 1849 498 1888 more
529 1836 942 1902 concoquatur
979 1835 1038 1885 et
1056 1829 1429 1894 conficiatur,
1464 1845 1532 1884 ac
1564 1828 1780 1884 deinde
1812 1830 1871 1882 in
1898 1844 1982 1884 se-
2018 1861 2067 1928 B
2095 1826 2294 1882 verbis
2346 1831 2628 1897 repetunt
2683 1827 2850 1898 Greg.
2903 1828 3057 1890 Naz.,
3090 1827 3257 1899 Greg.
3291 1828 3481 1897 Nyss.,
3514 1828 3739 1899 Cyrilli.

328 1939 538 1979 cessum
570 1928 677 1977 eat.
734 1922 919 1986 Quam
978 1925 1176 1975 autem
1210 1925 1431 1974 sortem
1489 1918 1703 1973 Christi
1753 1934 1988 1989 corpus,

334 2014 531 2083 ipsam
560 2011 731 2083 panis
751 2009 1123 2064 eucharistici
1151 2007 1769 2075 substantiam,subire
1791 2012 1988 2080 negat,

334 2102 409 2157 de
431 2100 746 2172 speciebus
772 2114 893 2154 non
919 2098 1220 2153 inﬂciatur
1244 2115 1258 2163 ;
1283 2114 1415 2152 cum
1449 2096 1817 2168 experientia
1846 2112 1985 2152 con-

330 2198 447 2245 stet
477 2206 608 2244 esse
640 2188 867 2259 aliquid
897 2189 960 2242 in
983 2187 1360 2254 eucharistia,
1389 2186 1547 2256 quod
1576 2187 1737 2241 velut
1785 2185 1985 2240 caateri

329 2280 446 2336 cibi
478 2280 541 2334 in
600 2279 906 2333 stomacho
939 2277 1262 2349 digeratur,
1321 2282 1378 2330 et
1409 2275 1468 2329 in
1501 2290 1803 2331 secessum
1850 2279 1982 2329 eat:

332 2370 480 2425 alias
512 2385 712 2439 corpus
738 2369 940 2423 Christi
982 2367 1043 2422 in
1100 2367 1342 2422 membra
1369 2374 1559 2423 nostra
1614 2368 1892 2424 distribui.
1929 2372 1987 2422 et

332 2476 441 2531 per
470 2458 893 2514 eucharistiam
951 2472 1284 2525 consangues
1332 2455 1443 2525 ipsi
1471 2472 1569 2511 nos
1626 2457 1789 2524 efﬁci,
1823 2455 1982 2510 affir-

335 2565 504 2603 mare
526 2564 649 2603 non
671 2548 983 2619 potuisset,
1008 2546 1123 2600 nisi
1148 2545 1398 2617 species,
1423 2544 1530 2600 sub
1554 2544 1770 2615 quibus
1791 2543 1983 2600 occul-

337 2641 521 2702 tatur,
554 2637 612 2689 in
644 2634 914 2690 membra
939 2640 1144 2689 nostra
1172 2650 1238 2688 ac
1270 2638 1450 2688 totam
1482 2649 1827 2704 compagem
1859 2632 1980 2686 dis-

333 2725 762 2789 tribuerentur,
798 2740 1053 2794 cumque
1087 2728 1290 2778 nostro
1315 2722 1610 2793 sanguine
1642 2721 1982 2776 commisce-

335 2821 562 2870 rentur.
598 2814 737 2868 Dico
771 2813 1107 2884 [CCXXXII]
1132 2828 1303 2884 ergo:
1327 2812 1496 2883 panis
1526 2811 1975 2880 eucharisticus,

336 2905 397 2960 in
423 2921 483 2959 se
506 2904 753 2975 propria
788 2902 1117 2957 substantia
1168 2902 1716 2968 consideratus,nec
1745 2901 1805 2956 in
1838 2918 1976 2957 ven-

342 2998 424 3047 tre
442 2994 727 3066 digeritur
738 2993 921 3048 necin
944 3007 1242 3047 secessum
1262 2990 1417 3046 abit:
1445 2991 1824 3061 perspicuum
1843 2991 1976 3045 idin

337 3083 600 3138 doctrina
631 3081 943 3137 catholica.
980 3085 1053 3136 At
1082 3081 1142 3135 in
1169 3080 1510 3135 Calviniana
1541 3081 1838 3136 sententia
1865 3079 1978 3135 fal-

331 3188 457 3228 sum
480 3187 701 3243 panem
724 3170 1206 3236 eucharisticum,
1232 3169 1421 3242 ipsam
1446 3170 1616 3241 panis
1638 3170 1818 3242 hujus
1834 3168 1976 3225 sub-

331 3264 635 3327 stantiam,
658 3277 769 3316 nec
790 3260 853 3315 in
873 3266 1075 3315 ventre
1102 3261 1414 3330 concoqui,
1448 3276 1558 3315 nec
1579 3261 1641 3315 in
1671 3276 1973 3315 secessum

322 3351 434 3419 ire,
463 3368 603 3407 cum
635 3352 714 3406 sit
743 3351 913 3423 panis
943 3350 1304 3417 materialis;
1338 3366 1448 3406 nec
1495 3350 1843 3406 inficiantur
1871 3350 1977 3407 ad-

324 3441 611 3508 versarii;
646 3440 965 3495 ridiculum
994 3456 1130 3495 vero
1189 3440 1249 3494 id
1293 3455 1538 3495 monere
1597 3439 1669 3494 de
1700 3440 1889 3513 figura
1918 3443 1977 3495 et

325 3530 597 3585 efﬁcacia
626 3530 764 3585 huic
826 3529 965 3601 pani
996 3529 1299 3600 adjuncta,
1357 3528 1516 3599 quod
1564 3545 1676 3584 nec
1720 3531 1888 3585 vadat
1916 3531 1975 3583 in

323 3627 574 3676 ventrem
603 3635 704 3673 nec
728 3622 788 3673 in
816 3635 1076 3674 secessum
1107 3619 1382 3687 ejiciatur.
1418 3618 1542 3671 Non
1592 3633 1729 3690 ergo
1759 3634 1977 3689 panem

329 3709 791 3765 eucharisticum
817 3708 1073 3781 Cyrillus
1112 3706 1336 3762 Calvini
1369 3722 1569 3771 sensu,
1631 3705 1734 3760 sed
1766 3722 1978 3761 secun-

328 3797 472 3852 dum
505 3797 943 3852 Ca‘tholicorum
978 3795 1435 3868 intelligentiam
1494 3795 1841 3866 accipiebat.
1877 3796 1976 3851 Se-

331 3886 551 3955 cundo,
571 3886 745 3957 panis
770 3886 1201 3941 eucharisticus
1219 3900 1327 3940 sua
1354 3885 1707 3940 ordinatione
1735 3891 1786 3940 et
1816 3888 1980 3941 insti-

326 3980 545 4031 tutione
568 3976 642 4030 ad
687 3975 1047 4031 substantiam
1104 3977 1303 4030 anima
1326 3976 1591 4045 pertinet.
1635 3975 1981 4030 Substantia-

327 4066 394 4121 tis
424 4064 606 4119 habet
633 4079 853 4119 nomen
882 4079 951 4118 ex
972 4062 1189 4134 Cyrillo
1214 4068 1274 4118 et
1302 4064 1574 4118 Patribus
1597 4080 1717 4118 non
1739 4064 1974 4135 paucis:

323 4154 485 4209 idem
517 4168 755 4224 quoque
786 4169 909 4207 non
933 4152 1009 4207 ad
1037 4155 1244 4209 animi?
1301 4152 1506 4215 solius,
1540 4153 1643 4207 sed
1692 4157 1871 4208 etiam
1901 4153 1978 4209 ad

335 4245 586 4314 corporis
638 4242 1083 4307 emolumentum,
1114 4244 1174 4296 in
1206 4248 1375 4297 totam
1419 4242 1715 4297 humanam
1745 4259 1976 4314 compa-

323 4350 443 4403 gem
466 4332 841 4388 distribuitur.
875 4333 1000 4386 Non
1046 4336 1113 4387 ut
1141 4331 1203 4386 in
1234 4331 1528 4403 baptismo
1587 4337 1698 4388 cat.
1741 4334 1794 4397 3,
1826 4348 1886 4386 n.
1918 4332 1976 4397 4,

328 4428 388 4479 et
417 4424 479 4477 in
505 4421 829 4477 chrismate
850 4426 962 4476 cat.
989 4423 1077 4485 21,
1108 4437 1167 4475 n.
1204 4422 1255 4489 3,
1286 4421 1371 4475 sic
1402 4421 1463 4474 in
1486 4420 1846 4476 eucharistia
1873 4420 1978 4476 du-

324 4512 540 4584 plicem
567 4516 795 4582 partem
821 4509 1133 4582 distinguit
1151 4508 1427 4581 Cyrillus,
1453 4525 1705 4580 quarum
1749 4526 1869 4565 una
1901 4509 1974 4565 ad

2008 3216 2051 3284 Β

2098 1916 2287 1984 Alex.,
2320 1921 2379 1971 et
2408 1915 2508 1971 alii
2544 1915 2737 1970 multi.
2763 1915 2981 1971 Eodem
3012 1915 3182 1971 modo
3208 1916 3474 1987 loquitur
3503 1923 3614 1974 cat.
3651 1920 3738 1989 17,

2097 2021 2261 2061 num.
2296 2007 2384 2062 36.
2442 2007 2512 2059 Et
2562 2005 2716 2060 hanc
2769 2005 2957 2061 solam
3017 2005 3421 2077 perfusionem
3451 2008 3737 2080 corporis.

2097 2094 2225 2149 sine
2248 2094 2576 2166 ullagratia
2591 2096 2779 2150 sancti
2794 2095 3066 2167 Spiritus,
3091 2095 3362 2150 attribuit
3389 2096 3463 2152 iis
3483 2098 3584 2168 qui
3605 2098 3738 2154 ﬁcte

2094 2183 2390 2239 accedunt
2418 2190 2543 2238 tum
2570 2184 2680 2239 hoc
2711 2183 2841 2239 loco
2874 2191 2997 2239 tum
3030 2189 3252 2256 procat.
3302 2201 3361 2239 n.
3401 2186 3423 2238 1
3460 2191 3519 2239 et
3544 2189 3597 2241 4.
3631 2187 3735 2243 Os-

2093 2274 2344 2329 tendant
2372 2274 2568 2339 velim,
2602 2280 2668 2329 ut
2714 2274 2856 2341 dixi,
2918 2275 3037 2330 sive
3091 2274 3248 2346 apud
3299 2275 3583 2348 Cyrillum
3616 2278 3735 2333 sive

2093 2363 2247 2434 apud
2275 2363 2447 2432 alios,
2470 2364 2623 2419 hanc
2653 2364 2908 2436 duplicis
2938 2365 3125 2436 partis
3149 2364 3209 2419 in
3240 2366 3599 2422 eucharistia
3619 2367 3736 2422 dis-

2092 2453 2462 2517 tinctionem,
2496 2471 2614 2526 qua
2636 2455 2769 2511 flat:
2805 2458 2859 2509 1ο
2888 2460 2955 2509 ut
3005 2471 3240 2526 corpus,
3269 2456 3381 2511 hoc
3440 2457 3634 2512 solum
3662 2473 3732 2512 ex

2089 2548 2311 2598 attactu
2341 2543 2714 2599 eucharistiae
2772 2549 3188 2614 consequatur,
3223 2550 3289 2599 ut
3326 2560 3478 2616 pane
3511 2551 3571 2601 et
3595 2546 3730 2601 vino

2088 2632 2374 2688 materiali
2404 2632 2617 2701 alatur,
2649 2633 2788 2688 dum
2809 2635 3000 2706 gratia
3019 2634 3092 2689 ad
3115 2634 3374 2689 animum
3407 2635 3728 2707 perveniat,

2088 2739 2205 2794 quo
2238 2723 2408 2794 panis
2457 2723 2790 2795 pertingere
2843 2740 2965 2779 non
3023 2725 3249 2793 possit;
3281 2727 3340 2778 2°
3370 2730 3435 2779 ut
3488 2725 3729 2798 indigne

2088 2812 2599 2868 communicantes
2632 2813 2823 2868 solum
2867 2829 3083 2884 panem
3114 2813 3484 2870 materialem
3515 2820 3574 2871 et
3602 2832 3729 2871 ma-

2086 2901 2293 2956 teriale
2325 2903 2527 2957 vinum
2560 2902 2875 2974 degustent
2897 2920 2911 2968 ;
2935 2919 3046 2958 nec
3076 2903 3229 2958 sacri
3246 2904 3510 2975 corporis
3532 2905 3728 2976 pollu-

2084 2990 2160 3044 tis
2184 2991 2459 3045 manibus
2510 2997 2569 3045 et
2598 3007 2697 3045 ore
2732 2991 2954 3063 recepti
3008 2992 3093 3046 rei
3134 2993 3297 3059 fiant,
3318 2998 3495 3064 atque
3526 3009 3561 3047 a
3589 3010 3734 3050 con-

2085 3078 2467 3135 demnatione
2497 3079 2660 3134 ludas
2691 3079 3010 3150 proditoris
3041 3096 3108 3134 ac
3134 3081 3609 3153 crucifigentium
3639 3083 3735 3138 Ju-

2088 3167 2353 3224 dzeorum
2412 3168 2812 3224 absolvantur.
2855 3169 3221 3242 [CCXXXIII]
3255 3172 3550 3244 Occupata
3593 3178 3733 3228 sunt

2087 3256 2219 3313 istis
2250 3258 2539 3314 Albertini
2567 3274 2870 3330 responsa.
2907 3259 3034 3314 Una
3054 3266 3326 3331 superest
3345 3261 3600 3331 objectio
3633 3262 3730 3318 Ri-

2083 3348 2198 3404 veti
2229 3364 2298 3403 ex
2325 3347 2583 3419 quodam
2614 3348 2952 3404 testimonio
2983 3354 3209 3409 catech.
3238 3357 3321 3424 l2,
3346 3369 3510 3408 num.
3548 3356 3597 3419 1,
3631 3351 3728 3407 de-

2086 3452 2341 3518 sumpta,
2370 3447 2464 3501 cui
2494 3446 2726 3502 abunde
2756 3447 2818 3501 in
2848 3447 2977 3518 ipso
3004 3447 3133 3502 loco
3163 3443 3581 3501 satisfecimus.

2156 3539 2244 3591 91.
2279 3537 2604 3607 Septimum
2635 3543 3049 3608 argumentum
3098 3552 3169 3592 ex
3198 3533 3590 3591 sinceriorum
3613 3532 3725 3589 ad-

2085 3625 2482 3680 versariorum
2533 3625 2908 3680 confessione
2966 3625 3198 3681 desumi
3252 3629 3472 3696 posest.
3507 3624 3608 3677 Vir
3650 3622 3724 3677 cl.

2086 3715 2369 3787 Ernestus
2399 3714 2586 3770 Grabe
2619 3730 2739 3769 non
2770 3714 2969 3769 minus
3025 3714 3208 3769 animi
3268 3712 3523 3768 candore
3555 3718 3732 3782 atque

2087 3803 2398 3858 honestate
2420 3819 2674 3869 morum,
2711 3819 2888 3874 quam
2920 3803 3252 3858 eruditione
3282 3801 3410 3857 orbi
3440 3800 3730 3855 litterario

2088 3896 2288 3960 notus,
2336 3894 2389 3946 vi
2432 3891 2695 3947 veritatis
2727 3892 3074 3964 compulsus
3105 3891 3296 3946 fassus
3328 3896 3417 3945 est
3446 3888 3732 3960 Cyrillum

2088 3986 2380 4047 nostrum,
2406 3982 2751 4053 Gregorium
2775 3984 3104 4051 Nyssenum
3129 3997 3196 4035 ac
3215 3981 3503 4035 Joannem
3530 3978 3735 4033 Dama-

2089 4087 2354 4135 scenum,
2390 4085 2604 4141 panem
2635 4086 2702 4125 ac
2732 4070 2931 4124 vinum
2957 4067 3330 4125 eucharistiaa
3353 4068 3416 4122 in
3442 4083 3656 4138 corpus
3674 4071 3736 4121 et

2087 4160 2437 4231 sanguinem
2457 4159 2674 4215 Christi
2707 4158 3091 4213 transmutari
3119 4157 3398 4214 sensisse.
3430 4157 3517 4211 Ita
3544 4153 3646 4210 ille
3668 4154 3732 4210 in

2089 4249 2212 4304 suis
2233 4247 2307 4303 ad
2337 4249 2625 4302 Irenaeum
2652 4264 2687 4304 a
2710 4264 2772 4303 se
2793 4247 3042 4315 editum,
3070 4246 3141 4303 ad
3165 4246 3267 4303 lib.
3296 4263 3349 4314 v,
3380 4262 3507 4317 cap.
3540 4248 3593 4313 2,
3617 4259 3726 4299 noo

2086 4337 2185 4405 tis,
2220 4352 2347 4409 pag.
2384 4339 2524 4392 399:
2564 4339 2657 4405 Hi,
2690 4337 2886 4409 inquit
2941 4346 3157 4407 (Patres
3211 4359 3347 4408 quos
3395 4340 3724 4402 nominavi),

2075 4435 2343 4497 persuasi
2369 4443 2550 4495 erant,
2596 4437 2880 4497 Spiritum
2935 4443 3194 4485 sanctum
3241 4434 3458 4483 caelitus
3505 4434 3730 4482 descen-

2085 4525 2302 4573 dentem
2323 4526 2470 4587 pani
2524 4539 2639 4574 non
2694 4526 2852 4574 modo
2895 4524 3163 4573 virtutem
3225 4523 3472 4585 corporis
3520 4522 3728 4572 Christi

319 4617 535 4673 corpus
557 4600 772 4668 solum,
795 4599 984 4655 altera
1003 4599 1077 4655 ad
1099 4601 1364 4654 animam
1387 4600 1687 4670 pertineat
1711 4614 1847 4653 :nec
1870 4600 1974 4668 ait,
2006 4590 2051 4653 D
2082 4608 2515 4665 communicare,
2536 4609 2725 4672 sicque
2738 4607 2992 4656 eumdem
3012 4608 3229 4656 ratione
3243 4606 3588 4670 qualitatum
3607 4619 3730 4654 mu-

322 4690 465 4745 dum
497 4706 649 4762 pane
672 4694 733 4744 et
760 4689 895 4743 vino
921 4689 1213 4744 materiali
1246 4704 1462 4760 corpus
1489 4688 1690 4751 alitur,
1722 4688 1973 4760 gratiam

321 4780 553 4836 eisdem
578 4795 647 4834 ex
668 4778 1044 4834 invocatione
1065 4778 1367 4833 Trinitatis
1391 4778 1760 4848 adjunctum,
1799 4778 1972 4849 spiri-

319 4868 471 4925 tuali
491 4868 625 4924 cibo
638 4884 706 4923 ac
722 4867 1080 4938 pinguedine
1094 4868 1357 4923 animam
1371 4867 1549 4922 alere.
1578 4866 1688 4922 Uni
1703 4871 1760 4921 et
1777 4866 1971 4923 eidem

320 4960 408 5013 rei
436 4962 757 5027 utrumque
788 4957 1065 5012 eﬂ‘ectum
1097 4957 1395 5027 assignat;
1439 4960 1505 5011 ut
1534 4962 1591 5011 et
1622 4973 1834 5029 corpus
1864 4973 1971 5012 suo

323 5052 549 5103 attactu
571 5045 909 5102 sanctiﬁcet
929 5062 1061 5100 cum
1085 5047 1145 5100 in
1159 5046 1360 5100 omnia
1382 5045 1649 5101 membra
1660 5045 1975 5101 distribua-

324 5143 441 5195 tur.
475 5142 535 5191 et
563 5135 830 5191 animam
888 5139 954 5189 ut
984 5135 1256 5206 proprius
1298 5134 1465 5190 cibus
1494 5139 1715 5207 pascat.
1776 5136 1857 5189 Ea
1885 5138 1976 5190 est

323 5225 603 5282 doctrina
633 5224 950 5290 catholica,
1001 5240 1117 5295 qua
1147 5224 1414 5279 Christus
1470 5224 1627 5278 idem
1666 5239 1773 5295 per
1800 5240 1974 5279 suum

319 5333 539 5387 corpus
570 5319 845 5370 nostrum
876 5313 1147 5379 viviﬁcat,
1179 5314 1231 5367 vi
1263 5330 1333 5368 ex
1364 5313 1783 5385 conjunctione
1814 5311 1976 5368 verbi

323 5406 437 5477 ipsi
462 5406 645 5460 insita
673 5422 688 5469 ;
715 5409 774 5458 et
793 5419 901 5473 per
920 5402 1285 5458 divinitatem
1306 5418 1472 5457 suam
1504 5401 1765 5457 animam
1795 5401 1901 5457 alit
1918 5407 1979 5456 et

326 5493 683 5549 sanctificat.
723 5490 942 5545 Contra
967 5490 1028 5544 in
1059 5490 1373 5562 hypothesi
1421 5490 1783 5557 Calviniana,
1814 5489 1977 5545 aliud

323 5600 572 5655 prorsus
602 5581 681 5637 ad
715 5596 928 5651 corpus
951 5582 1239 5652 pertinet;
1264 5588 1323 5636 et
1352 5582 1463 5636 hoc
1494 5582 1687 5653 ipsum
1717 5587 1805 5637 est
1835 5597 1976 5636 con-

326 5677 417 5730 tra
447 5672 657 5748 Cyrilli
692 5671 1052 5726 sententiam
1082 5670 1212 5743 ipsa
1241 5670 1615 5728 eucharistici
1643 5670 1818 5744 panis
1846 5668 1978 5726 sub-

2083 4702 2204 4744 tare
2222 4712 2240 4745 .'
2272 4697 2367 4746 sed
2394 4703 2445 4745 et
2472 4696 2669 4746 divina
2681 4698 2936 4759 potentia
2984 4697 3167 4758 ipsam
3196 4697 3321 4757 ejus
3354 4694 3729 4745 substantiam

2082 4783 2145 4833 in
2171 4799 2399 4834 carnem
2422 4789 2849 4847 trans/armare,
2878 4800 3006 4849 quas
3030 4784 3245 4835 Christi
3268 4799 3396 4834 caro
3414 4784 3504 4842 sit,
3527 4792 3577 4833 et
3601 4797 3729 4833 cum

2081 4875 2192 4925 illa
2209 4891 2335 4939 quae
2354 4891 2423 4925 ea:
2442 4878 2510 4925 Β.
2536 4876 2793 4939 Virginis
2818 4884 2976 4924 utero
2996 4876 3232 4936 prodiit.
3258 4891 3323 4926 ac
3341 4876 3496 4926 cruci
3512 4878 3731 4941 sufﬁxa

2083 4963 2324 5027 indeque
2344 4964 2406 5013 in
2433 4964 2631 5013 caelum
2660 4962 2882 5012 sublata
2899 4963 3036 5024 fuit,
3054 4964 3240 5012 eadem
3260 4966 3362 5028 ﬁat
3369 4979 3476 5028 per
3496 4960 3729 5033 ἐπαύξη-

2081 5071 2163 5105 σιν
2192 5053 2326 5123 (hoc
2356 5057 2447 5108 est
2472 5053 2894 5126 augmentum),
2932 5061 3187 5126 quodque
3244 5063 3490 5112 eumdem
3549 5062 3726 5124 spiri-

2084 5157 2207 5199 tum
2238 5152 2368 5198 citaz
2399 5149 2461 5197 in
2486 5164 2544 5199 se
2570 5150 2799 5199 habeat:
2828 5150 2974 5199 sicut
3003 5152 3166 5213 panis
3189 5166 3355 5215 quem
3379 5154 3637 5201 Servator
3668 5153 3731 5201 in

2084 5239 2253 5287 terris
2283 5238 2533 5295 comedit,
2583 5239 2641 5287 vi
2672 5240 2965 5288 naturalis
3007 5239 3208 5289 coloris
3244 5241 3306 5289 in
3337 5255 3563 5290 carnem
3605 5238 3732 5301 ejus

2084 5327 2473 5384 vertebatur,et
2502 5336 2691 5376 noster
2697 5328 2871 5389 panis
2892 5329 3258 5391 quotidianus
3278 5330 3339 5378 in
3359 5329 3735 5379 substantiam

2087 5415 2336 5477 carparis
2362 5416 2544 5464 nostri
2574 5418 2822 5465 transit:
2878 5417 3022 5480 quod
3054 5432 3253 5480 corpus
3310 5417 3469 5468 hodie
3496 5434 3531 5467 a
3577 5419 3734 5468 nobis

2085 5511 2385 5567 gestatum,
2444 5504 2591 5553 idem
2619 5504 2834 5554 dicitur
2861 5520 2988 5553 cum
3018 5507 3122 5555 illo
3151 5507 3215 5555 in
3244 5522 3353 5570 quo
3381 5515 3511 5556 ante
3529 5507 3734 5568 plures

2085 5607 2264 5641 annos
2293 5593 2501 5642 versati
2527 5608 2743 5654 sumus,
2776 5594 3044 5658 quoniam
3074 5595 3261 5644 eadem
3294 5597 3493 5645 anima
3520 5602 3735 5657 vegeta-

2087 5689 2235 5745 tur;
2267 5682 2395 5734 licet
2444 5683 2743 5747 particula
2771 5684 2898 5744 eius
2951 5684 3069 5734 sint
3113 5697 3354 5746 prorsus
3409 5682 3652 5739 diversa),
3682 5687 3733 5728 et
