4108 6270
390 379 508 439 275

1574 376 1673 439 DE
1715 372 2119 436 DOCTRINA
2161 370 2225 433 S.
2273 368 2611 431 CYRlLLI.

3675 359 3799 421 276

393 520 562 571 nulla
588 522 734 581 forte
759 532 829 566 ex
852 518 1150 579 prioribus
1199 527 1480 580 superstes
1525 520 1783 568 exsistat.
1822 509 2047 566 Vellem
2076 509 2128 574 Α
2153 521 2355 577 posse,
2387 508 2455 559 ut
2482 520 2637 559 unus
2670 507 2729 557 et
2756 502 2914 557 idem
2942 501 3120 556 homo
3154 498 3423 555 Christus
3451 497 3603 567 etin
3634 496 3806 551 caelis

396 604 522 659 huic
553 600 892 655 distinctius
924 600 1357 670 explicavisset.
1391 601 1544 656 lllud
1593 617 1698 673 per
1726 598 2044 670 ἐπαύξησιν,

403 696 708 762 sumptum
739 706 863 743 non
896 706 961 743 ex
995 690 1360 744 Damasceno
1389 706 1544 750 vero.
1570 691 1672 745 sed
1698 707 1767 745 ex
1796 690 2048 762 epistola

404 781 752 838 Damasceni
789 779 1029 834 nomine
1078 780 1365 851 inscripta
1393 782 1468 836 ad
1526 783 1862 838 Zachariam
1896 784 2047 837 Doa-

405 887 610 926 rorum
642 870 984 941 episcopum
1018 885 1147 923 nov.
1183 869 1323 924 edit.
1357 887 1488 943 pag.
1542 875 1667 939 656,
1702 889 1879 943 quam
1914 887 2047 926 eru-

409 960 567 1014 ditus
595 964 652 1013 et
672 958 1088 1030 sagacissimus
1148 960 1208 1012 P.
1244 959 1297 1014 le
1325 960 1476 1024 Quin
1524 962 1746 1032 optime
1781 962 2052 1032 probavit

406 1048 648 1105 Joannis
680 1047 1027 1103 Damasceni
1060 1048 1287 1102 nomini
1334 1051 1698 1121 suppositam
1732 1067 1882 1117 esse,
1915 1067 2050 1105 cum

408 1138 603 1193 verius
626 1137 702 1191 sit
730 1136 885 1191 Petri
917 1136 1226 1207 cujusdam
1261 1138 1628 1195 Damasceni.
1661 1140 1769 1205 Qui
1810 1140 2051 1211 quidem

410 1233 616 1285 auctor
653 1226 800 1281 alias
858 1226 920 1280 in
951 1227 1297 1297 gravissimo
1357 1244 1555 1284 errore
1611 1235 1881 1285 versatur
1910 1230 2051 1285 dum

409 1315 623 1373 Christi
646 1331 859 1386 corpus
890 1315 953 1369 in
986 1316 1344 1372 eucharistia
1373 1318 1508 1373 anie
1538 1320 1960 1391 sumptionem,
1996 1326 2056 1375 et

411 1422 547 1462 cum
569 1404 791 1460 anobis
821 1404 1111 1475 frangitur
1136 1410 1195 1459 et
1243 1407 1594 1474 comeditur,
1629 1409 2014 1480 corruptibile
2037 1427 2051 1477 ;

408 1503 727 1570 postquam
741 1501 939 1550 autem
962 1495 1180 1551 anobis
1197 1503 1498 1569 sumptum
1511 1498 1691 1553 fuerit
1704 1500 2056 1571 incorrupti-

413 1586 533 1642 bile
565 1584 811 1640 evadere
869 1585 988 1638 ait:
1035 1584 1317 1656 additque
1350 1586 1412 1640 in
1467 1587 1735 1658 subjecta
1764 1590 2054 1655 oratione,

418 1675 588 1746 cujus
619 1674 777 1728 idem
825 1679 1032 1728 auctor
1062 1679 1170 1741 est,
1224 1690 1388 1730 num.
1417 1679 1470 1741 2,
1504 1693 1630 1748 pag.
1668 1679 1790 1745 658,
1841 1679 2056 1734 Christi

418 1781 633 1835 corpus
665 1762 1000 1817 immortale
1051 1769 1110 1818 et
1139 1765 1589 1835 incorruptibile
1647 1769 1932 1837 sanguine
1962 1784 2058 1823 ca-

416 1869 570 1913 rere.
599 1869 710 1907 nec
731 1868 972 1906 carnem
995 1852 1235 1923 quidem
1252 1854 1388 1923 jure
1410 1855 1717 1925 appellari.
1753 1857 1937 1926 Hujus
1954 1873 2055 1911 au-
2090 1875 2135 1938 Β

419 1941 599 1998 ctoris
625 1942 983 1996 sententiam
1014 1941 1086 1996 de
1144 1959 1389 2014 corpore
1422 1944 1656 2006 Christi,
1693 1961 1763 1999 ex
1792 1962 1943 2016 pane
1998 1952 2057 2002 et

418 2032 551 2085 vino
582 2031 646 2084 in
684 2046 923 2085 carnem
981 2037 1039 2085 et
1069 2032 1415 2103 sanguinem
1476 2035 2055 2091 transsubstantiatis

419 2125 614 2183 aucto,
639 2118 919 2174 transfert
938 2120 1185 2175 Grabius
1210 2121 1282 2175 ad
1299 2122 1582 2177 Joannem
1600 2124 2053 2194 Damascenum,

417 2209 760 2281 Gregorium
784 2210 948 2279 Nyss.
975 2214 1032 2263 et
1052 2210 1338 2281 Cyrillum
1370 2219 1660 2281 nostrum,
1686 2215 1785 2284 qui
1818 2232 1895 2270 ne
1925 2232 2059 2270 ver-

416 2299 560 2354 bum
605 2298 845 2368 quidem
877 2297 1099 2353 habent
1153 2298 1225 2354 de
1284 2300 1624 2371 hujusmodi
1682 2300 1968 2372 ἐπαυξήσει
2001 2310 2059 2360 et

417 2387 771 2444 accretione.
829 2386 996 2452 Quod
1025 2388 1073 2442 si
1128 2384 1415 2457 ἐπαύξησιν
1454 2390 1609 2446 hanc
1665 2392 1958 2466 intelligat
1986 2393 2058 2448 de

422 2478 638 2534 eximio
656 2476 1350 2548 quodam.etsecundum
1383 2486 1653 2536 nostrum
1685 2484 2057 2554 concipiendi

424 2566 689 2632 modum,
721 2566 1076 2621 accretionis
1114 2573 1172 2621 et
1232 2569 1597 2624 extensionis
1654 2588 1907 2643 genere;
1941 2590 2058 2643 quo

425 2656 531 2711 fiat
559 2660 621 2708 ut
652 2670 757 2725 per
786 2670 993 2708 omnes
1022 2654 1181 2709 orbis
1213 2656 1493 2712 ecclesias
1525 2659 1601 2712 sit
1630 2677 1911 2730 praesens,
1946 2668 2006 2716 et
2028 2678 2063 2716 a

427 2744 703 2799 fidelibus
760 2759 947 2797 unum
980 2747 1036 2798 et
1065 2743 1223 2798 idem
1280 2761 1529 2801 manens
1559 2748 1772 2803 Christi
1825 2766 2061 2821 corpus,

426 2831 834 2887 substantialis
856 2831 984 2902 jam
1014 2833 1364 2888 accretionis
1390 2835 1659 2906 incapax,
1704 2838 2063 2909 recipiatur;

424 2920 926 2993 quemadmodum
956 2920 1213 2993 benigne
1244 2930 1545 2978 auctorem
1570 2925 1836 2996 epistolae
1860 2928 1932 2983 ad
1960 2930 2066 2984 Za-

426 3011 689 3067 chariam
724 3010 1150 3080 interpretatur
1179 3013 1240 3064 P.
1296 3011 1349 3066 le
1379 3014 1566 3078 Quien
1592 3032 1604 3082 ;
1638 3016 1923 3087 Cyrillum
1953 3019 2068 3074 ista

426 3100 685 3156 sensisse
716 3099 871 3154 ultro
929 3100 1334 3157 concedimus.
1395 3103 1450 3157 Si
1485 3110 1683 3160 autem
1709 3107 1818 3161 hoc
1849 3108 2066 3178 Cyrillo

422 3188 632 3244 tribuit
655 3192 816 3258 (nam
851 3188 923 3243 de
953 3189 1183 3244 caateris
1213 3191 1557 3247 auctoribus
1588 3211 1735 3263 quos
1767 3196 1827 3250 in
1858 3196 2066 3251 eadem

426 3277 756 3347 conjungit,
780 3276 853 3331 ad
877 3293 971 3330 me
994 3277 1144 3331 nihil
1172 3279 1472 3350 pertinet),
1503 3288 1566 3335 ut
1586 3299 1783 3338 veram
1817 3301 1883 3338 ex
1915 3301 2066 3356 pane

428 3371 487 3422 et
506 3366 637 3419 vino
660 3365 1235 3421 transsubstantialis
1274 3369 1485 3423 Christi
1519 3372 1747 3442 corpori
1780 3374 2070 3429 accessio-

429 3471 568 3512 nem
600 3454 728 3508 lieri
761 3454 1202 3522 existimaverit,
1260 3457 1426 3512 valde
1458 3476 1805 3532 repugnem.
1842 3464 1911 3517 Et
1961 3463 2073 3519 hoc

432 3544 647 3599 iterum
679 3559 899 3613 quaero,
955 3541 1309 3613 [CCXXXIV]
1372 3564 1505 3602 cum
1564 3567 1685 3604 non
1734 3552 1878 3607 satis
1925 3554 2071 3608 mihi

435 3638 780 3706 perspectus
796 3632 872 3686 sit
887 3632 994 3686 viri
1022 3632 1248 3689 clariss.
1266 3636 1576 3693 verborum
1601 3656 1811 3697 sensus
1828 3648 2078 3699 :utrum-

433 3739 511 3778 ne
542 3721 938 3776 accretionem
971 3721 1123 3778 hanc
1162 3727 1417 3781 naturali
1451 3733 1510 3782 et
1534 3729 1595 3783 in
1645 3731 1790 3786 cmlo
1820 3734 2076 3788 versanti

436 3811 656 3866 Christi
678 3810 908 3880 corpori
930 3812 1211 3866 accedere
1234 3821 1435 3884 putet;
1471 3822 1818 3890 tantumque
1846 3822 1933 3876 illi
1967 3840 2077 3878 no-

439 3918 521 3956 vas
548 3899 894 3955 substantia;
926 3902 1304 3972 supervenire
1351 3904 1525 3973 dicat,
1563 3917 1847 3978 quantum
1907 3913 2079 3982 panis

440 3990 627 4046 etvini
649 3989 1277 4047 transsubstantiatum
1292 3993 1384 4061 sit,
1419 3995 1531 4051 hoc
1564 4004 1654 4052 est
1674 4016 1778 4069 pro
1803 4017 2082 4057 mensura

439 4080 609 4151 panis
641 4085 699 4134 et
726 4078 866 4144 vini,
913 4080 1109 4134 carnis
1165 4088 1222 4136 et
1247 4084 1551 4156 sanguinis
1612 4088 1744 4157 plus
1774 4090 2080 4147 minusve:

440 4186 519 4226 an
541 4186 612 4224 ex
634 4184 784 4240 pane
810 4173 868 4221 et
895 4167 1024 4223 vino
1057 4170 1120 4224 in
1150 4187 1390 4227 carnem
1419 4181 1477 4228 et
1505 4176 1854 4247 sanguinem
1885 4186 1943 4234 et
1974 4181 2086 4235 hu-

443 4275 622 4315 mana
642 4257 843 4314 omnia
871 4258 1141 4313 membra
1172 4262 1435 4329 mutatis,
1467 4264 1593 4318 fieri
1624 4266 1944 4323 arbitretur
1972 4270 2082 4324 hu-

446 4361 690 4401 manum
712 4344 1011 4416 quoddam
1034 4362 1247 4417 corpus
1271 4365 1305 4402 a
1335 4349 1555 4404 caelesti
1588 4369 1656 4407 ac
1687 4357 1940 4410 naturali
1959 4374 2088 4412 cor-

449 4450 591 4508 pore
622 4434 836 4488 Christi
868 4450 1000 4488 cum
1031 4435 1206 4490 verbo
1242 4436 1438 4493 divino
1463 4443 1783 4512 conjuncta
1803 4445 2084 4502 informa-

452 4529 600 4591 tum,
617 4540 802 4578 unum
823 4528 879 4577 et
908 4521 1067 4577 idem
1090 4540 1304 4595 corpus
1329 4543 1463 4581 cum
1487 4531 1709 4586 caelesti
1742 4542 2086 4604 censeatur;

2152 599 2509 656 versaretur,
2554 598 2613 647 et
2646 593 2706 646 in
2746 591 2919 646 terris
2969 607 3068 646 ore
3101 589 3369 645 ﬁdelium
3424 592 3802 643 sumeretur:

2156 700 2342 739 unum
2376 688 2573 737 autem
2604 688 2662 736 et
2691 681 2849 735 idem
2883 697 3096 751 corpus
3151 680 3276 733 fore
3335 678 3511 749 plane
3543 677 3805 731 inﬁcior.

2155 772 2338 827 Plura
2370 776 2836 841 essentcorpora
2865 770 2936 825 ab
2961 769 3291 824 unaanima
3322 766 3806 835 informata,quze

2156 880 2342 919 unum
2359 864 2663 917 hominem
2683 862 2988 917 efficerent
3004 860 3249 915 diversis
3272 858 3620 929 corporibus
3634 863 3811 911 uten-

2158 958 2275 1008 tem
2303 969 2316 1017 ;
2350 952 2851 1022 quemadmodum
2883 952 2945 1005 in
2976 966 3222 1021 corpore
3254 949 3425 1021 plura
3456 954 3593 1002 sunt
3624 964 3814 1002 mem-

2158 1041 2284 1108 bra,
2326 1058 2457 1111 quaa
2515 1048 2757 1112 propter
2812 1040 3187 1095 informantis
3242 1040 3457 1093 animas
3488 1038 3807 1105 unitatem,

2159 1147 2342 1184 unum
2377 1146 2590 1201 corpus
2622 1131 2948 1184 humanum
2967 1130 3356 1184 constituunt.
3389 1128 3501 1183 Sed
3524 1126 3806 1197 quemad-

2157 1219 2402 1275 modum
2432 1219 2504 1274 de
2536 1220 2726 1290 capite
2758 1219 2873 1274 dici
2892 1235 3013 1274 non
3043 1222 3239 1290 potest
3268 1217 3427 1287 quod
3453 1217 3572 1271 sint
3596 1215 3805 1287 pedes,

2160 1307 2301 1363 licet
2357 1324 2476 1362 una
2529 1308 2731 1362 anima
2794 1307 3229 1373 informantur;
3288 1306 3371 1360 ita
3425 1305 3497 1360 de
3556 1321 3807 1376 corpore

2160 1398 2375 1452 Christi
2405 1398 2795 1453 eucharistico
2826 1398 2941 1452 dici
2978 1414 3096 1452 non
3126 1403 3345 1468 posset,
3379 1396 3537 1467 quod
3568 1395 3644 1450 sit
3672 1412 3806 1449 cor-

2161 1504 2272 1558 pus
2304 1487 2570 1557 ejusdem
2602 1487 2838 1544 cmleste
2866 1504 2879 1541 :
2912 1504 3021 1543 nec
3051 1503 3256 1542 verum
3281 1491 3438 1541 esset
3457 1485 3613 1556 quod
3638 1485 3805 1541 afﬁr-

2162 1581 2332 1631 mant
2361 1578 2564 1630 Patres
2595 1575 2655 1629 in
2709 1575 3067 1631 eucharistia
3109 1592 3238 1642 nos,
3267 1592 3387 1631 non
3447 1575 3630 1630 alium
3661 1574 3807 1638 alio,

2164 1665 2267 1720 sed
2284 1681 2400 1719 uno
2431 1682 2640 1720 omnes
2660 1670 2719 1719 et
2748 1664 2953 1719 eodem
2969 1682 3211 1736 corpore
3234 1665 3387 1719 vesci
3413 1684 3426 1730 ;
3461 1665 3541 1718 ita
3562 1670 3627 1718 ut
3647 1663 3812 1733 quod

2166 1754 2238 1809 ab
2268 1771 2386 1810 uno
2420 1755 2677 1808 sumitur
2705 1755 2859 1809 idem
2896 1772 3139 1826 prorsus
3162 1756 3239 1810 sit
3259 1771 3325 1809 ac
3356 1755 3514 1825 quod
3546 1753 3618 1809 ab
3649 1754 3810 1810 aliis.

2166 1845 2246 1898 Ex
2276 1843 2552 1897 omnibus
2606 1860 2779 1914 porro
2826 1861 2973 1914 quas
3031 1845 3144 1899 huc
3174 1860 3363 1914 usque
3421 1843 3817 1914 produximus

2166 1933 2368 2004 Cyrilli
2393 1932 2703 1988 sententiis
2725 1939 3132 2003 apparet.eum
3159 1950 3253 1988 res
3275 1950 3395 1987 non
3418 1932 3499 1985 ita
3513 1931 3821 1987 subtiliter

2169 2024 2447 2079 rimatum
2470 2040 2600 2079 esse
2626 2043 2640 2088 ;
2665 2023 2769 2078 sed
2788 2041 2921 2079 cum
2952 2025 3147 2095 ipsum
3180 2030 3305 2079 tum
3338 2023 3639 2078 auditores
3670 2023 3819 2077 sim-

2167 2114 2401 2183 pliciter
2421 2120 2481 2169 et
2500 2114 3128 2170 candideintellexisse
3151 2130 3336 2169 unum
3359 2112 3573 2167 Christi
3596 2129 3816 2184 corpus

2168 2206 2322 2277 quod
2345 2204 2406 2258 in
2428 2203 2575 2258 cmlo
2599 2211 2707 2270 est,
2732 2205 2792 2259 in
2810 2204 2982 2259 terris
3004 2221 3038 2259 a
3059 2203 3335 2258 fidelibus
3354 2202 3530 2257 modo
3552 2201 3815 2272 quodam

2168 2295 2342 2350 nobis
2374 2293 2740 2365 incomperto
2785 2300 2844 2348 et
2873 2292 3277 2364 inexplicabili
3309 2307 3442 2346 vere
3472 2307 3540 2346 ac
3570 2291 3818 2346 realiter

2165 2382 2417 2439 comedi.

2799 2472 3030 2533 CAPUT
3068 2471 3187 2526 XII.

2168 2563 2249 2611 De
2281 2560 2560 2618 sacriﬁcio
2614 2560 2998 2616 eucharistico,
3047 2566 3097 2607 et
3126 2559 3470 2608 invocatione
3523 2558 3596 2608 ad
3623 2572 3812 2606 conse-

2831 2651 3153 2699 orationem.

2243 2745 2333 2796 92.
2366 2740 2609 2796 Pfalfius
2653 2743 3008 2812 Augustanaa
3067 2739 3460 2796 confessionis
3490 2740 3812 2812 professor,

2176 2847 2353 2903 quem
2375 2830 2621 2885 honoris
2644 2835 2703 2883 et
2723 2828 2999 2885 amicitiae
3017 2846 3195 2885 causa
3215 2830 3482 2897 nomino,
3504 2830 3565 2884 in
3590 2829 3812 2884 disser-

2177 2922 2398 2976 tatione
2427 2921 2499 2974 De
2519 2918 2795 2973 oblatione
2824 2926 3062 2973 veterum
3083 2920 3471 2984 eucharistica,
3505 2918 3676 2974 editis
3697 2934 3730 2973 a
3752 2933 3818 2973 se

2179 3012 2245 3066 Ι).
2272 3010 2480 3065 Ινθιιωὶ
2502 3008 2849 3081 fragmentis
2881 3008 3218 3079 subjuncta,
3244 3025 3371 3079 cap.
3405 3011 3494 3076 38,
3528 3025 3637 3080 pag
3692 3009 3821 3073 327,

2181 3101 2540 3156 sententiam
2564 3099 2764 3171 Cyrilli
2789 3098 2859 3153 de
2874 3099 3163 3154 sacrificio
3180 3099 3571 3154 eucharistiro
3594 3100 3686 3154 his
3702 3115 3825 3154 ver-

2180 3190 2272 3244 bis
2296 3188 2536 3260 exponit
2555 3205 2567 3242 :
2589 3188 2892 3248 Prwoipua
2925 3188 3113 3251 itaque
3142 3186 3363 3245 oblatio,
3398 3203 3570 3251 eaque
3597 3203 3723 3251 quae
3742 3202 3828 3236 sa-

2179 3278 2392 3342 criﬁcio
2441 3276 2811 3326 eucharistico
2839 3278 3156 3327 essentialis
3183 3286 3279 3335 est,
3308 3278 3478 3337 juxta
3536 3277 3822 3341 Cyrillum

2177 3374 2291 3424 dici
2343 3374 2492 3423 debet
2523 3390 2648 3438 gnte
2699 3382 2930 3423 vocatur
2972 3364 3195 3439 λατρεία
3226 3366 3580 3438 ἀναίμακτρς.
3612 3390 3821 3438 panem

2178 3457 2489 3519 vinumque
2514 3456 2577 3504 in
2607 3469 2807 3516 corpus
2837 3463 2888 3504 et
2917 3472 3018 3503 san
3026 3457 3259 3518 guinem
3292 3457 3506 3506 Christi
3538 3465 3821 3507 transmu-

2182 3553 2345 3605 tans;
2396 3544 2479 3593 ita
2529 3551 2590 3591 ut
2635 3544 2984 3607 sacriﬁcium
3033 3545 3441 3594 consecratione
3494 3550 3820 3610 perfectum,

2180 3645 2260 3692 sit
2298 3632 2455 3686 θυσία
2483 3636 2581 3685 τοῦ
2611 3630 2873 3702 ἱλασμοῦ,
2932 3643 3281 3705 sacriﬁcium
3317 3643 3783 3703 propitiatOrium
3803 3662 3823 3704 ;

2184 3723 2522 3796 [CCXXXV]
2549 3736 2677 3791 post
2736 3730 3201 3778 consecrationem
3257 3746 3472 3794 quoque
3527 3747 3634 3793 pro
3687 3732 3823 3781 aliis

2184 3811 2549 3877 oﬂerendum.
2582 3809 2696 3858 Nec
2751 3810 2947 3872 negari
3003 3814 3235 3859 omnino
3263 3820 3443 3872 potest
3487 3814 3823 3862 sententiam

2189 3902 2400 3966 Cyrilli
2436 3901 2670 3962 placitis
2724 3899 2979 3948 Ecclesiae
3008 3900 3278 3948 Romanae
3329 3902 3651 3961 proximam
3695 3918 3821 3951 esse.

2188 3991 2521 4048 Notandum
2553 3996 2750 4043 tamen
2782 3989 2929 4043 alios
2960 3991 3161 4043 Patres
3193 4007 3227 4044 a
3256 3990 3472 4060 Cyrillo
3504 3991 3824 4061 plurimum

2190 4079 2527 4137 dissentire.
2563 4080 2643 4133 De
2675 4078 2811 4132 aliis
2869 4078 3142 4133 Patribus
3174 4085 3378 4134 nostra
3410 4097 3503 4135 res
3549 4097 3668 4135 non
3701 4087 3826 4136 est:

2189 4171 2409 4226 mirum
2442 4174 2641 4222 tamen
2675 4167 2721 4222 si
2754 4168 2818 4220 in
2868 4183 2930 4220 re
2962 4167 3261 4238 prmcipua
3319 4174 3376 4221 et
3402 4169 3731 4223 communis
3761 4186 3827 4224 ac

2192 4258 2526 4330 quotidiani
2568 4273 2731 4317 usus,
2766 4272 2883 4310 non
2916 4272 3034 4310 una
3090 4256 3202 4310 fuit
3230 4258 3499 4312 omnium
3556 4258 3827 4313 Ecclesim

2194 4352 2456 4416 Patrum,
2482 4346 2947 4415 eorumdemque
2971 4345 3137 4417 vulgo
3169 4363 3535 4402 summorum
3561 4348 3833 4404 sacerdo-

2196 4448 2344 4505 tum,
2379 4437 2449 4493 de
2482 4436 2571 4490 sui
2605 4436 2919 4491 sacerdotii
2952 4435 3256 4490 functione
3292 4439 3606 4493 sententia.
3642 4438 3753 4493 Sed
3774 4439 3833 4493 in

2195 4527 2412 4600 Cyrillo
2437 4526 2695 4581 consisto
2719 4544 2732 4591 ;
2759 4525 2931 4595 cujus
2952 4526 3309 4579 sententiam
3344 4529 3622 4583 Romanae
3641 4528 3837 4583 Eccle.

452 4631 575 4670 non
606 4613 855 4668 materia
884 4612 1144 4683 quidem.
1176 4632 1307 4684 qua;
1339 4617 1578 4687 physice
1609 4621 1837 4679 diversa
1863 4626 1956 4681 sit.
1992 4628 2095 4681 sed
2126 4615 2168 4678 υ
2202 4620 2303 4674 site
2328 4616 2561 4688 placitis
2583 4631 2699 4669 non
2718 4617 3056 4684 proximam,
3079 4613 3178 4668 sed
3213 4616 3510 4686 geminam
3544 4633 3612 4671 ac
3651 4618 3831 4672 simil-

455 4702 847 4757 aastimatione
878 4700 950 4755 ob
982 4702 1195 4757 animai
1227 4705 1513 4761 unitatem
1539 4726 1552 4775 ;
1594 4713 2095 4780 quemadmodum
2203 4708 2409 4763 limam
2443 4704 2825 4773 eamdemque
2844 4702 3019 4773 plane
3042 4703 3237 4758 dicere
3256 4704 3578 4760 debuisset.
3605 4707 3745 4761 Cum
3770 4725 3835 4762 ex

408 4788 424 4799 ’
459 4792 531 4848 ab
563 4792 667 4846 illa
696 4792 921 4847 unitate
946 4793 1030 4854 ﬁt.
1059 4799 1124 4848 ut
1154 4811 1289 4850 caro
1323 4798 1538 4853 Christi
1573 4816 1643 4856 ex
1679 4803 1909 4877 Virgine
1937 4812 2094 4872 nata,
2206 4813 2275 4852 eo
2307 4810 2657 4866 quaererem,
2700 4792 2841 4861 quid
2898 4792 3137 4847 tandem
3194 4793 3405 4848 diversi
3440 4795 3596 4849 inter
3640 4796 3836 4851 ambas

460 4898 581 4938 una
606 4885 665 4934 et
693 4880 901 4935 eadem
959 4899 1095 4937 cum
1127 4885 1410 4942 cruriﬁxa
1466 4899 1799 4959 censeatur,
1833 4897 2100 4966 quamvis
2209 4885 2410 4957 Cyrilli
2443 4890 2501 4939 et
2529 4882 2964 4938 Catholicorum
3013 4882 3085 4936 de
3115 4882 3405 4937 sacriﬁcio
3456 4885 3839 4941 eucharistico

464 4968 617 5025 nihil
637 4968 786 5022 forte
810 4969 1022 5039 prioris
1046 4972 1208 5026 illius
1230 4976 1493 5031 materiai
1514 4980 1811 5052 reliquum
1836 4990 2010 5038 esset.
2043 4985 2101 5039 Si
2214 4973 2538 5029 sententias
2569 4969 3080 5041 deprehendisset,
3105 4986 3178 5024 ne
3211 4970 3387 5041 Plane
3419 4979 3841 5029 consentaneas

464 5058 725 5131 primum
779 5060 1030 5122 censuit,
1081 5064 1376 5131 quomodo
1433 5083 1567 5122 cum
1623 5074 1900 5140 prmsenﬁ
1948 5080 2103 5128 statu
2213 5064 2536 5127 fateretur;
2571 5057 2881 5130 respondit
2908 5059 3096 5114 multo
3148 5059 3320 5130 plura
3351 5076 3527 5130 quam
3559 5062 3713 5133 apud
3744 5064 3842 5135 Cy-

469 5144 733 5216 corporis
766 5145 978 5199 Christi
1011 5147 1072 5201 in
1103 5149 1249 5205 cwlo
1278 5152 1435 5222 quod
1463 5171 1535 5209 ex
1565 5156 1673 5213 hac
1705 5158 2015 5230 hypothesi
2045 5162 2106 5215 in
2216 5155 2440 5219 rillum,
2464 5152 2748 5207 doctrina:
2780 5150 2851 5205 de
2897 5150 3188 5205 sacriﬁcio
3238 5151 3631 5207 eucharistico
3665 5154 3848 5224 capita

470 5236 831 5291 immensum
855 5243 1145 5291 cresceret
1174 5238 1233 5292 id
1259 5244 1534 5313 componi
1567 5248 1753 5316 possit
1780 5266 1898 5304 non
1929 5250 2107 5305 intel-
2219 5242 2515 5300 recenseri
2546 5259 2582 5297 a
2611 5240 2782 5296 nobis
2811 5238 3127 5294 Catholicis
3152 5255 3165 5303 ;
3188 5238 3308 5293 sive
3339 5240 3399 5294 in
3419 5240 3689 5297 doctrina
3718 5259 3848 5297 con-

469 5325 624 5395 ligo:
657 5323 825 5390 alias,
859 5323 916 5377 id
976 5325 1131 5395 quod
1183 5336 1359 5400 negat
1386 5331 1474 5386 vir
1526 5334 1745 5393 clariis.
1773 5355 1809 5394 a
1838 5340 2110 5395 Patribus
2221 5336 2341 5391 cilii
2373 5330 2699 5389 Tridentini
2758 5332 2834 5384 De
2861 5329 3131 5397 sacriﬁcio
3189 5329 3365 5383 missa:
3414 5347 3560 5385 sess.
3621 5335 3707 5397 22,
3742 5333 3847 5387 sive

412 5470 415 5473 .
474 5414 595 5469 illis
624 5411 936 5475 creditum,
991 5414 1207 5469 Christi
1237 5435 1450 5490 corpus
1482 5439 1511 5478 e
1569 5425 1716 5482 ccelo
1750 5426 2110 5486 descendere
2221 5423 2377 5495 apud
2405 5420 2603 5477 Jacob.
2641 5417 3009 5473 Bossuetium
3042 5416 3399 5472 Meldensem
3433 5421 3845 5491 episcopumin

476 5506 795 5575 Oporteret,
831 5507 894 5555 ut
923 5518 957 5556 a
984 5502 1258 5560 fidelibus
1281 5519 1633 5568 sumeretur.
1660 5516 1714 5568 Si
1739 5516 1993 5572 alterum
2019 5535 2111 5574 ar-
2221 5513 2441 5571 Gallico
2473 5511 2624 5565 libro
2651 5510 2720 5563 De
2739 5507 3104 5578 expficatione
3124 5506 3488 5577 quarumdam
3518 5512 3851 5567 ceremonia-

478 5595 729 5651 bitratus
760 5595 868 5657 est,
903 5590 1089 5649 fateor
1121 5610 1187 5648 ex
1217 5598 1441 5654 unitate
1466 5602 1681 5659 animaa
1711 5606 1947 5669 Christi,
1978 5624 2113 5662 cum
2221 5620 2343 5661 rum
2392 5604 2584 5656 missae.
2620 5600 2753 5654 Haec
2798 5596 3205 5668 responsionis
3263 5612 3410 5650 mete
3442 5615 3676 5655 summa
3707 5601 3846 5656 fuit:

485 5681 710 5742 caelesti
741 5685 867 5735 tum
925 5682 1317 5741 eucharistico
1348 5691 1576 5760 corpori
1635 5693 1951 5766 adjunctus,
1984 5695 2113 5751 ﬁeri
2225 5693 2403 5749 ﬁdem
2434 5695 2699 5745 nostram
2724 5688 2795 5743 de
2829 5685 3199 5742 eucharistiaa
3229 5685 3522 5743 sacriﬁcio
3555 5693 3737 5745 totam
3759 5691 3850 5763 Cy-
