4134 6264
377 320 499 380 2'77

1758 316 2277 382 DISSERTA'I‘IO
2322 320 2434 383 III.

3678 327 3796 390 278

378 453 790 511 rillioratione
813 451 1144 518 contineri;
1186 450 1519 523 pleniorem
1542 453 1671 524 ejus
1694 453 2035 527 intelligen-
2068 461 2121 526 Α
2152 458 2325 514 offert
2348 459 2615 516 Christus
2643 464 2710 515 ut
2755 460 3053 515 victimam
3082 477 3095 528 ;
3126 460 3591 534 Ecclesiamque,
3623 464 3796 537 cujus

380 546 524 600 tiam
547 549 607 598 et
628 541 1081 614 explicationem
1106 540 1179 595 ab
1203 541 1275 595 iis
1296 542 1637 598 auctoribus
1654 541 1804 609 dari,
1821 543 2040 600 collec-

382 641 502 690 tam
537 640 662 687 tum
693 649 764 686 ex
792 631 968 685 variis
1009 630 1104 683 SS.
1139 632 1380 685 Patrum
1434 631 1703 702 ejusdem
1753 632 2039 689 doctrinae

385 721 733 778 enarranda)
759 718 973 785 modis,
994 724 1120 773 tum
1145 735 1211 772 ex
1236 720 1589 774 necessariis
1612 720 1880 791 eiusdem
1906 738 2040 779 con-

2150 549 2398 622 ﬁguram
2415 550 2566 623 gerit
2584 550 2692 605 sub
2716 549 3023 621 speciebus
3044 550 3214 621 panis
3236 556 3293 605 et
3312 552 3431 606 vini
3455 559 3792 626 contentus,

2148 654 2285 694 nam
2318 644 2383 693 ut
2406 640 2576 711 panis
2618 645 2676 694 et
2720 641 2921 694 vinum
2953 656 3023 694 ex
3051 638 3255 694 multis
3286 642 3485 713 granis
3512 643 3572 697 in
3604 660 3792 700 unum

2147 730 2437 786 contusis.
2472 731 2553 784 ita
2577 729 2839 785 Ecclesia
2870 746 2939 784 ex
2972 728 3174 783 multis
3206 729 3485 786 ﬁdelibus
3515 733 3576 787 in
3606 749 3791 790 unum

380 814 651 870 sectariis
676 831 690 878 ;
714 812 928 883 hisque
956 810 1236 866 omnibus
1254 827 1456 866 secum
1477 811 1835 883 comparatis
1859 817 2037 883 atque

379 901 743 973 compositis.
798 898 958 954 Fidei
1009 898 1317 953 catholicas
1366 897 1438 953 de
1477 899 1769 954 sacriﬁcio
1802 916 2036 956 summa

375 997 484 1059 est,
534 1007 642 1061 per
691 988 1204 1044 consecrationem
1266 1003 1301 1043 a
1350 985 1653 1043 sacerdote
1704 988 1920 1043 Christi
1974 993 2035 1044 et

372 1081 649 1138 Ecclesiae
682 1079 958 1133 ministro
987 1077 1226 1142 factam,
1259 1078 1399 1149 poni
1432 1077 1493 1132 in
1525 1077 1696 1133 altari
1729 1077 2028 1134 Christum

372 1175 638 1226 mactata)
669 1169 860 1222 instar
890 1167 1140 1221 victimm
1164 1166 1505 1237 jacentem;
1556 1173 1623 1222 ut
1664 1168 1737 1223 ab
1764 1170 2028 1229 Ecclesia

369 1259 488 1313 Deo
519 1258 577 1310 in
610 1255 1097 1327 propitiationem
1128 1270 1233 1325 pro
1259 1253 1401 1307 vivis
1433 1258 1492 1308 et
1530 1255 1779 1311 mortuis
1811 1257 2026 1316 offera-

364 1351 482 1409 tur,
516 1350 575 1399 et
600 1345 731 1415 ejus
761 1342 1040 1398 carnibus
1072 1341 1363 1396 sacriﬁcio
1386 1341 1808 1412 participantes
1833 1361 2025 1402 vesca-

363 1449 517 1487 mur.
554 1434 689 1487 Hzec
720 1431 924 1486 omnia
951 1430 1173 1485 fatente
1206 1429 1413 1484 Pfafﬁo
1445 1432 1709 1502 agnoscit
1737 1432 2012 1504 Cyrillus.

364 1520 512 1575 Hinc
544 1519 751 1574 omnia
796 1516 1101 1573 catholicas
1147 1516 1431 1571 doctrinm
1464 1519 1835 1574 consectaria
1863 1521 2017 1577 ultro

358 1613 832 1709 ορῖξξδθῆυυηων·
866 1606 1087 1709 Plinio:
1121 1621 1324 1705 νθιξυω
1357 1611 1414 1660 et
1457 1606 1766 1705 Ριᾯρνίυῐη
1800 1610 2015 1709 θυξέῒιᾶξ
2124 1624 2465 1696 praesentia,
2499 1623 2700 1691 negari
2725 1628 2933 1695 potest.
2963 1622 3073 1678 Sed
3096 1623 3253 1694 quod
3286 1623 3539 1695 Cyrillus
3572 1628 3775 1695 tacuit,

352 1698 589 1753 ristiam
623 1714 753 1753 esse
786 1696 1166 1761 sacriﬁcium,
1200 1696 1260 1749 in
1303 1712 1418 1765 quo
1467 1696 1727 1766 primum
1754 1698 1926 1768 panis
1958 1716 1989 1755 e

2124 1729 2245 1768 non
2276 1712 2495 1767 idcirco
2528 1713 2853 1784 ignorasse,
2877 1711 2963 1767 vel
2989 1711 3145 1782 quod
3172 1712 3363 1784 pejus,
3389 1713 3668 1784 rejecisse
3693 1714 3778 1769 di-

349 1788 714 1898 νξυιιωιθθο
760 1785 961 1898 ξιξίίίξδ
1007 1801 1113 1885 Per
1156 1785 1851 1898 ίνδίξδωυξῗίίίξηθξηνδυί
1899 1787 2009 1843 de"
2041 1832 2088 1898 B
2121 1802 2345 1859 cendus
2375 1807 2500 1868 est;
2536 1803 2656 1856 imo
2699 1801 2952 1857 aliorum
2995 1803 3233 1855 Patrum
3267 1801 3413 1856 scita
3443 1807 3501 1857 et
3531 1809 3770 1860 senten-

346 1884 697 1933 struantur:
752 1876 968 1931 deinde
1017 1875 1360 1945 imponatur
1406 1874 1576 1929 altari
1627 1875 1866 1931 victima
1901 1894 1994 1949 prc

2117 1892 2229 1947 tias
2255 1892 2365 1947 sibi
2399 1891 2732 1963 prepositas
2774 1890 3204 1963 approbaturus
3243 1889 3422 1947 fuisse
3453 1891 3761 1963 dicendus,

344 1968 539 2024 salute
563 1966 812 2022 humani
835 1964 1069 2026 εθηθΐίε
1091 1963 1319 2029 Oblata;
1346 1980 1455 2018 ῐιθο
1478 1968 1735 2034 Ponatur
1755 1969 2007 2036 tantum.
2115 1980 2177 2036 ni
2210 1981 2387 2036 certis
2420 1980 2793 2035 documentis
2824 1980 2894 2035 de
2927 1978 3223 2034 contrario
3246 1980 3593 2037 constiterit.
3623 1984 3764 2040 Hoc-

343 2059 449 2116 Sed
480 2058 556 2113 ad
578 2056 833 2111 νίοίίῐηω
866 2059 1133 2110 "laetati"
1177 2052 1419 2108 mOdum
1443 2053 1651 2143 Ῐᾶίξθῐιε
1683 2055 2009 2143 ξδοηείίῑυδ-
2114 2087 2228 2143 que
2259 2086 2404 2142 pace
2450 2070 2557 2124 viri
2605 2069 2921 2125 clarissimi
2968 2068 3235 2140 mihique
3282 2070 3760 2141 conjunctissimi

342 2155 478 2215 tur;
504 2148 587 2202 ita
607 2151 675 2200 ut
695 2146 853 2201 dicat
875 2143 1225 2215 simpliciter
1254 2160 1387 2197 cum
1421 2142 1626 2198 multis
1652 2142 1786 2197 aliis
1815 2145 2008 2199 Patri-
2114 2159 2336 2215 dictum
2367 2160 2462 2221 sit,
2496 2160 2556 2214 in
2588 2165 2709 2214 ιοιο
2730 2157 2919 2214 pfami
2943 2174 3121 2230 opere
3143 2157 3347 2213 vitium
3366 2158 3766 2231 deprehendi-

338 2238 453 2294 bus
480 2234 760 2307 Cyrillus,
785 2238 896 2289 cat.
921 2235 1009 2295 23,
1044 2248 1204 2288 num.
1257 2235 1343 2295 10,
1379 2232 1649 2286 Christum
1680 2238 1994 2288 mactatumi

2113 2254 2228 2314 tur,
2279 2249 2436 2321 quod
2476 2248 2844 2322 singulorum
2894 2249 3135 2303 Patrum
3167 2247 3412 2303 alterius
3442 2255 3578 2321 post
3605 2251 3760 2307 alte-

338 2324 796 2402 ἐσφαγιασμενον,
837 2338 939 2391 pro
972 2321 1214 2391 peccatis
1260 2322 1460 2374 nostris
1512 2337 1546 2373 a
1594 2321 1751 2374 nobis
1791 2323 1994 2391 offerri.

2108 2356 2242 2395 rum
2272 2339 2628 2394 sententiam
2660 2337 3028 2401 examinans,
3060 2336 3117 2392 id
3150 2354 3636 2410 unumquemque
3663 2358 3762 2396 so-

340 2416 449 2482 Qui
481 2414 727 2485 quidem
757 2412 1010 2466 victimae
1051 2415 1260 2476 status,
1294 2410 1385 2463 VF‘l
1435 2426 1504 2465 ex
1536 2411 1664 2483 ejus
1704 2412 1832 2466 sine
1861 2428 1994 2467 voce

2106 2428 2413 2484 lummodo
2447 2434 2505 2483 et
2534 2427 2819 2499 cogitasse
2859 2431 2919 2480 et
2958 2426 3215 2481 sensisse
3246 2432 3413 2497 putet
3444 2427 3599 2498 quod
3634 2429 3761 2501 ejus

337 2522 407 2560 ac
439 2510 606 2559 motu
632 2501 956 2573 praesentia
976 2500 1331 2559 desumitur,
1353 2499 1443 2553 vel
1470 2515 1538 2552 ex
1570 2504 1844 2569 separata
1871 2516 1994 2555 cor-

2107 2518 2301 2572 verbis
2333 2518 2691 2583 continetur,
2716 2520 2931 2570 cmtera
2953 2515 3231 2585 rejecisse
3257 2532 3270 2569 :
3297 2532 3551 2587 cumque
3573 2518 3635 2573 in
3657 2499 3760 2573 ex-

342 2595 508 2666 PO“is
556 2609 624 2647 ac
667 2594 978 2661 εᾶηϐυίηίε
1027 2594 1645 2678 οοηεθοΐδίίοηθγιαυδ
1685 2605 1900 2661 corpus
1942 2594 2002 2645 et
2106 2606 2436 2678 pendendis
2470 2606 2854 2677 profanorum
2909 2609 3218 2659 auctorum
3252 2604 3505 2676 scriptis,
3541 2606 3757 2677 quibus

2145 820 2480 892 conjunctis
2501 819 2895 891 componitur.
2920 819 3259 890 Eademque
3281 821 3509 876 ratione
3530 822 3794 880 Ecclesia

2142 909 2285 965 dum
2316 909 2612 965 Christum
2648 911 2839 976 offert,
2864 925 2925 964 se
2952 925 3186 980 quoque
3218 910 3391 965 offert
3417 916 3483 965 ut
3513 911 3624 982 ipsi
3651 929 3793 969 con-

2131 1000 2405 1072 junctam
2437 1006 2495 1056 et
2523 1001 2584 1056 in
2615 999 3022 1056 eucharisticis
3054 999 3364 1072 speciebus
3393 1008 3793 1073 repraesenta-

2140 1095 2281 1145 tam.
2316 1092 2448 1146 Haec
2480 1106 2548 1146 ex
2573 1090 2779 1146 multis
2810 1089 3119 1161 Augustini
3171 1091 3485 1145 sententiis
3514 1091 3784 1150 collecta.

2139 1178 2260 1233 Vid.
2297 1180 2358 1234 in
2389 1179 2598 1250 primis
2631 1178 2731 1233 lib.
2767 1196 2802 1234 x
2830 1180 2907 1234 De
2945 1180 3046 1233 civ.
3084 1179 3197 1244 Dei,
3229 1195 3361 1250 cap.
3403 1182 3435 1234 6
3468 1186 3526 1234 et
3549 1184 3636 1237 20.

2203 1270 2292 1322 93.
2326 1268 2505 1323 Plura
2532 1268 2650 1323 alia
2679 1284 2915 1339 possem
2943 1283 3013 1322 ex
3038 1268 3132 1322 SS.
3165 1267 3437 1323 Patribus
3476 1270 3783 1327 catholicas

2131 1354 2206 1410 de
2236 1356 2527 1411 sacriﬁcio
2559 1356 2841 1412 doctrinm
2874 1357 3241 1411 consectaria
3271 1357 3781 1430 producere,quo-

2129 1461 2263 1500 rum
2293 1445 2547 1510 nullum,
2580 1444 2841 1501 admissa
2870 1445 3055 1500 semel
3084 1444 3285 1516 Cyrilli
3310 1447 3625 1517 sententia,
3653 1464 3782 1505 rea-

2128 1532 2290 1605 quue
2320 1534 2535 1589 Christi
2570 1533 2677 1589 sub
2709 1534 2879 1605 panis
2911 1540 2967 1589 et
3016 1534 3133 1588 vini
3166 1534 3477 1605 speciebus
3513 1537 3573 1590 in
3606 1536 3779 1593 altari

342 2683 584 2755 sanguis
614 2681 699 2735 uti
729 2696 838 2751 per
867 2685 1121 2734 mortem
1154 2678 1338 2733 divisa
1368 2683 1426 2732 et
1454 2677 1751 2747 disjuncta
1780 2694 1996 2750 repra-

340 2777 673 2828 sentantur.
707 2769 834 2833 Qua
864 2784 934 2822 ex
963 2766 1194 2823 actione
1225 2766 1445 2821 factum
1468 2771 1534 2820 ut
1557 2769 1752 2821 Patres
1773 2767 1995 2838 passim

344 2864 536 2919 dicant
566 2863 937 2918 sacerdotem
977 2876 1102 2915 voce
1147 2876 1247 2915 sua
1288 2860 1449 2929 quasi
1493 2860 1680 2928 gladio
1719 2875 1913 2930 corpus
1944 2866 1995 2915 et

346 2956 661 3022 sanguinem
694 2953 909 3006 Domini
938 2951 1228 3004 incruenta
1261 2950 1496 3003 sectione
1524 2947 1788 3015 dividere,
1823 2948 1990 3020 Greg.

340 3045 483 3111 NaL,
520 3043 681 3114 epist
734 3042 857 3094 240.
891 3042 997 3095 Nos
1026 3055 1232 3108 agnum
1259 3037 1672 3091 immaculatum
1702 3037 1906 3092 cedere
1930 3038 1991 3092 in

332 3130 704 3186 holocaustum
760 3129 1006 3193 Domino,
1067 3126 1412 3181 immolantes
1464 3126 1693 3195 mystice
1747 3130 1798 3179 et
1851 3124 1985 3194 olfe-

327 3228 526 3276 rentes.
583 3225 676 3273 etc
753 3220 872 3273 Non
928 3217 1150 3271 mentiri
1201 3230 1297 3269 nos
1352 3214 1482 3268 dum
1525 3215 1584 3267 in
1640 3218 1976 3269 sacramento
2008 3203 2050 3269 C

327 3311 607 3366 Christum
633 3308 913 3362 immolari
941 3305 1197 3373 dicimus,
1222 3307 1393 3376 Aug,
1426 3320 1518 3375 ep.
1550 3304 1639 3370 98,
1666 3302 1739 3359 ad
1772 3302 1985 3370 Bonif.,

328 3416 498 3455 num.
532 3402 586 3453 9.
622 3397 914 3467 Secundo,
960 3396 1256 3450 Christum
1288 3395 1349 3449 in
1398 3394 1509 3449 hoc
1540 3393 1830 3449 sacriﬁcio
1862 3410 1986 3449 non

323 3488 631 3543 victimam
665 3485 860 3541 solum
880 3501 1009 3539 esse
1033 3484 1105 3539 ab
1131 3482 1395 3538 Ecclesia
1416 3482 1696 3549 oblatam,
1720 3481 1823 3536 sed
1846 3498 1988 3552 pon-

330 3578 554 3633 tiﬁcem
589 3594 650 3631 se
682 3577 877 3647 ipsum
901 3590 1005 3645 pro
1029 3573 1299 3628 Ecclesia
1318 3572 1685 3626 offerentem.
1719 3570 1986 3625 Christus

332 3667 495 3722 enim
529 3663 881 3721 sacerdotali
911 3678 1019 3718 sua
1049 3661 1335 3733 dignitate
1367 3658 1582 3730 privari
1618 3674 1735 3712 non
1768 3663 1983 3729 potest,

329 3761 387 3810 et
417 3755 490 3810 ob
523 3755 635 3809 hoc
665 3771 701 3809 a
729 3752 1033 3809 sacerdote
1064 3751 1125 3805 in
1156 3749 1327 3805 altari
1357 3746 1620 3820 ponitur,
1648 3752 1715 3800 ut
1735 3746 1892 3818 quod
1924 3747 1985 3802 in

329 3843 493 3900 oculis
523 3842 660 3915 agit,
694 3842 756 3896 in
806 3840 979 3895 terris
1026 3839 1227 3903 faciat,
1275 3852 1491 3907 nempe
1541 3834 1780 3890 assistat
1806 3835 1988 3889 vultui

334 3938 434 3992 Dei
458 3951 565 4005 pro
588 3933 746 3989 nobis
769 3931 838 3999 ³⁸,
869 3930 1165 4002 passionis
1210 3945 1331 3984 sum
1380 3926 1653 4000 symbola
1684 3924 1985 3981 efﬁcacius

332 4023 678 4097 prasferens.
727 4020 1082 4094 [CCXXXVl]
1130 4018 1344 4083 Tertio,
1376 4015 1734 4072 sacriﬁcium
1767 4015 1986 4071 eucha—

329 4114 603 4169 risticum
635 4109 1265 4166 commemorationem
1299 4123 1427 4162 esse
1459 4105 1734 4161 sacriﬁcii
1767 4106 1981 4170 crucis,

329 4203 448 4258 imo
480 4209 543 4258 et
570 4201 729 4257 idem
751 4201 1197 4264 continuatum;
1223 4198 1284 4252 in
1312 4213 1380 4251 eo
1404 4196 1563 4252 enim
1586 4195 1794 4251 eodem
1817 4195 1984 4251 adest

325 4293 582 4359 victima,
634 4289 913 4361 idemque
964 4286 1250 4360 pontifex,
1298 4286 1505 4341 eadem
1554 4285 1810 4340 offerens
1841 4286 1980 4350 Deo,

331 4382 658 4451 eademque
689 4395 794 4451 pro
826 4393 1004 4433 causa
1029 4393 1041 4430 :
1077 4381 1307 4431 tantum
1329 4374 1390 4429 in
1413 4390 1587 4429 cruce
1608 4389 1741 4428 vere
1766 4374 1981 4428 immo-

328 4470 482 4527 latus
512 4469 804 4534 Christus,
829 4468 889 4522 in
913 4464 1274 4521 eucharistia
1294 4463 1541 4536 mystice
1571 4468 1631 4517 et
1659 4479 1981 4534 repraesen-

328 4560 505 4614 tative
552 4574 744 4613 caesus
792 4561 851 4610 et
895 4554 1257 4610 immolatus.
1311 4553 1442 4606 Haec
1472 4567 1506 4607 a
1536 4551 1974 4622 Chrysostomo,

324 4651 483 4707 hom.
524 4654 588 4704 17
614 4652 673 4703 in
703 4650 880 4718 Epist.
927 4647 1002 4702 ad
1029 4646 1304 4710 Hebraeos,
1338 4660 1466 4716 pag.
1500 4645 1625 4707 856,
1649 4642 1973 4698 admirabi-

321 4741 459 4798 liter
479 4741 889 4813 explicantur:
914 4738 1014 4809 qui
1038 4737 1210 4793 ambo
1232 4735 1523 4791 sacriﬁcia
1545 4734 1738 4790 crucis
1759 4739 1817 4789 et
1842 4735 1973 4789 mis-

314 4849 393 4888 sas
424 4832 510 4887 sic
540 4833 864 4902 comparat.
900 4833 966 4882 ut
994 4831 1053 4881 et
1102 4823 1458 4881 sacriﬁcium
1516 4823 1973 4879 eucharisticum

317 4924 594 4982 sacriﬁcii
622 4921 837 4988 crucis,
879 4924 939 4975 et
984 4917 1341 4974 sacriﬁcium
1373 4916 1566 4971 crucis
1595 4916 1972 4972 eucharistici

320 5015 570 5090 ﬁguram
602 5013 762 5069 dicat
831 5010 996 5077 Quod
1040 5014 1239 5065 autem
1289 5007 1554 5063 Christus
1583 5007 1646 5062 in
1678 5008 1970 5064 sacriﬁcio

316 5103 713 5161 eucharistico
728 5117 833 5173 per
844 5096 1472 5154 commemorationem
1484 5096 1797 5167 prazteritas
1813 5112 1972 5151 mor-

310 5194 391 5249 tis
423 5198 687 5266 praestat,
720 5191 831 5245 hoc
861 5189 924 5243 in
954 5203 1122 5243 coena
1153 5184 1294 5241 fecit
1321 5201 1428 5257 per
1456 5185 1970 5241 commemoratio-

311 5298 451 5338 nem
484 5281 693 5337 mortis
723 5279 956 5334 futurae.
988 5278 1227 5341 Quarto,
1274 5274 1335 5328 in
1384 5274 1675 5329 sacriﬁcio
1699 5274 1972 5329 euchari-

310 5372 461 5427 stico
492 5370 793 5425 Christum
852 5382 915 5421 se
975 5370 1034 5420 et
1086 5361 1429 5424 Ecclesiam,
1462 5362 1786 5417 Ecclesiam
1818 5378 1881 5417 se
1912 5367 1971 5417 et

311 5461 613 5517 Christum
646 5474 753 5530 per
796 5454 1168 5512 sacerdotum
1218 5467 1430 5507 manus
1479 5452 1691 5506 offerre
1723 5452 1858 5509 Deo.
1897 5451 1967 5508 Se

377 5617 422 5652 ⁸³
447 5615 623 5675 Hebr.
658 5630 718 5683 x,
748 5613 839 5670 24.

2104 2695 2271 2751 nulla
2300 2694 2458 2750 idem
2490 2693 2763 2749 sentendi
2783 2693 2879 2748 lex
2904 2691 3035 2759 fuit,
3068 2692 3322 2748 aliorum
3356 2710 3427 2748 ex
3457 2693 3591 2749 aliis
3621 2711 3754 2751 ver-

2101 2783 2178 2840 ba
2210 2790 2267 2839 et
2298 2790 2558 2839 mentem
2590 2783 2893 2838 declarare
2915 2781 3295 2837 etillustrare
3326 2781 3662 2850 soleamus;
3690 2782 3751 2838 id

2100 2890 2251 2946 pene
2283 2873 2454 2928 nobis
2476 2874 2537 2927 in
2567 2873 2660 2927 SS.
2696 2871 2967 2927 Patribus
2998 2870 3321 2933 interdicit,
3345 2888 3599 2942 quorum
3630 2889 3751 2929 una

2097 2978 2267 3018 mens
2286 2967 2463 3034 atque
2486 2961 2804 3016 consilium
2830 2959 2961 3027 fuit,
2984 2965 3049 3013 ut
3065 2976 3441 3014 communem
3471 2960 3748 3017 Ecclesia)

2096 3051 2423 3107 doclrinam
2453 3067 2557 3122 pro
2590 3067 2696 3105 suo
2729 3051 2981 3121 quisque
3013 3052 3187 3120 captu
3223 3065 3289 3103 ac
3332 3048 3612 3105 facultate
3635 3049 3746 3106 de-

2096 3141 2385 3197 clararet:
2420 3139 2667 3211 perinde
2701 3138 2871 3210 quasi
2902 3137 3138 3192 licuerit
3167 3136 3288 3191 illis
3316 3137 3377 3191 in
3404 3138 3581 3194 rebus
3611 3155 3747 3212 gra-

2095 3231 2353 3287 vissimis
2377 3235 2516 3297 (non
2540 3230 2600 3283 in
2625 3228 2820 3284 dubiis
2841 3227 2931 3282 vel
2955 3226 3202 3282 minoris
3226 3227 3555 3295 momenti),
3576 3245 3748 3284 suam

2097 3321 2205 3377 sibi
2238 3320 2473 3391 cuique,
2507 3318 2740 3374 omissis
2770 3322 2829 3372 et
2856 3315 3210 3372 inconsultis
3233 3315 3365 3371 aliis
3388 3319 3746 3373 sententiam

2094 3410 2415 3465 informare
2443 3425 2456 3467 :
2490 3408 2949 3480 impositamque
2971 3405 3081 3460 sibi
3106 3404 3263 3476 quod
3284 3404 3567 3461 traditum
3598 3408 3746 3463 anti-

2096 3499 2316 3570 quitus,
2340 3504 2398 3553 et
2418 3498 2479 3552 in
2500 3496 2764 3553 Ecclesia
2784 3494 3181 3550 communiter
3201 3493 3515 3559 creditum,
3542 3499 3745 3553 tenen-

2095 3587 2153 3643 di
2187 3593 2245 3642 et
2274 3585 2614 3642 afﬁrmandi
2647 3584 3064 3640 necessitatem
3097 3583 3514 3656 ignoraverint.

2380 3676 2455 3730 De
2483 3676 2825 3729 invocatione
2865 3672 2939 3727 ad
2976 3675 3454 3728 consecrationem.

2163 3766 2249 3820 94.
2284 3763 2577 3828 Quaeritur
2626 3762 2724 3817 hic
2783 3764 2839 3816 1ο
2878 3777 3022 3815 num
3080 3760 3335 3831 Cyrillus
3367 3760 3740 3816 eucharistiae

2094 3853 2625 3920 consecrationem,
2660 3851 2791 3911 soli.
2840 3850 3096 3905 exclusis
3143 3848 3495 3921 evangelicis
3524 3849 3740 3919 verbis,

2092 3942 2451 3999 invocationi
2484 3942 2544 3996 in
2582 3940 2821 4012 liturgia
2863 3943 3156 3994 contenta;
3187 3938 3569 3993 attribuerit?
3596 3941 3656 3992 2°
3683 3939 3742 3994 Si

2092 4032 2175 4087 ita
2205 4030 2461 4087 senserit
2479 4029 2622 4101 quid
2649 4028 2721 4083 de
2742 4028 2846 4082 illa
2866 4028 2995 4098 ejus
3017 4027 3452 4081 existimatione
3485 4026 3742 4083 sentien-

2093 4120 2233 4176 dum
2258 4138 2272 4187 ;
2297 4136 2539 4175 errorne
2562 4119 2639 4174 sit
2662 4134 2737 4173 an
2759 4116 3022 4190 legitima
3041 4115 3312 4169 doctrina
3331 4115 3358 4170 ?
3386 4118 3443 4170 3°
3465 4115 3739 4173 Liceatne

2090 4210 2457 4265 necessarias
2470 4208 2544 4264 ad
2561 4206 3068 4263 consecrationem
3085 4204 3518 4260 invocationem
3532 4221 3740 4277 preces

2090 4297 2475 4355 existimare?
2531 4303 2612 4351 Ac
2664 4293 3043 4367 [CCXXXVII]
3076 4293 3149 4348 de
3180 4293 3373 4365 prima
3409 4293 3739 4364 quaestione

2085 4385 2415 4448 fatendum.
2448 4385 2918 4456 quotiescunque
2947 4382 3020 4437 de
3059 4382 3507 4437 consecratione
3535 4381 3736 4453 loqui-

2087 4482 2185 4532 tur
2212 4477 2488 4549 Cyrillus,
2519 4475 2673 4530 hanc
2702 4473 2775 4528 ab
2807 4489 2895 4537 ea,
2929 4471 3155 4526 nullius
3185 4471 3430 4526 alterius
3462 4472 3547 4525 rei
3576 4470 3734 4527 facta

2011 4576 2053 4640 D
2086 4566 2412 4628 mentione,
2444 4563 2517 4619 ad
2547 4563 2641 4618 SS.
2675 4561 2980 4617 Trinitatis
3009 4560 3097 4615 vel
3130 4560 3382 4631 Spiritus
3415 4560 3602 4615 sancti
3635 4561 3731 4616 in-

2082 4654 2452 4711 vocationem
2483 4650 2691 4708 referri
2722 4650 2934 4715 solere,
2970 4648 3136 4704 Panis
3166 4655 3219 4703 et
3256 4650 3443 4704 vinum
3472 4650 3727 4706 euchari-

2081 4746 2215 4812 stiae,
2247 4749 2360 4799 cat.
2397 4745 2482 4805 l9,
2516 4758 2575 4798 n.
2610 4745 2662 4810 7,
2695 4746 2822 4794 ante
2867 4746 3113 4794 sanctam
3144 4738 3448 4795 adoranda:
3480 4739 3727 4795 Trinita-

2083 4837 2151 4890 tis
2180 4835 2581 4889 invocationem
2625 4829 2806 4884 nudus
2828 4831 2994 4899 panis
3024 4834 3075 4882 et
3103 4830 3289 4882 vinum
3319 4834 3476 4891 erat;
3505 4830 3733 4884 invoca-

2082 4925 2228 4978 tione
2277 4927 2458 4978 autem
2499 4925 2729 4991 peracta
2773 4918 2938 4988 panis
2984 4920 3046 4986 ﬁt
3090 4933 3284 4987 corpus
3332 4916 3552 4973 Christil
3604 4917 3727 4973 Cat.

2080 5014 2169 5080 21,
2202 5028 2262 5067 n.
2296 5012 2350 5079 3,
2381 5011 2547 5065 Panis
2577 5006 2937 5075 eucharistia,
2965 5012 3092 5077 post
3136 5008 3532 5061 invocationem
3556 5007 3732 5061 sancti

2082 5099 2321 5170 Spiritus
2347 5115 2456 5153 non
2487 5104 2563 5153 est
2594 5098 2895 5152 communis
2915 5098 3105 5167 panis,
3154 5095 3243 5150 sed
3274 5110 3470 5165 corpus
3501 5095 3726 5152 Christi.

2078 5189 2200 5244 Cat.
2262 5189 2352 5253 23,
2406 5203 2467 5243 n.
2529 5188 2614 5252 19,
2676 5202 2977 5257 exponens
3024 5184 3220 5247 verba,
3269 5186 3473 5239 Sancta
3500 5185 3728 5255 sanctis,

2076 5277 2197 5331 ait:
2231 5276 2437 5331 Sancta
2472 5281 2599 5329 sunt
2627 5289 2754 5344 qua?
2781 5276 2840 5329 in
2869 5273 3039 5328 altari
3077 5276 3368 5344 proposita
3393 5275 3607 5344 jacent,
3638 5289 3730 5327 re-

2077 5372 2230 5434 cepto
2285 5365 2528 5433 Spiritus
2583 5365 2759 5417 sancti
2811 5369 3157 5433 superventu.
3203 5361 3333 5429 Sed,
3365 5360 3524 5432 quod
3552 5366 3731 5431 caput

2078 5457 2188 5522 est,
2219 5468 2385 5508 num.
2420 5454 2473 5520 7,
2506 5451 2778 5507 ordinem
2810 5451 3061 5524 liturgia)
3108 5466 3450 5516 recensens,
3482 5465 3616 5505 cum
3649 5448 3725 5504 ad
