4108 6270
387 375 506 436 279

1571 371 1674 433 DE
1719 364 2123 431 DOCTRINA
2165 365 2229 423 S.
2277 361 2621 423 CYRILLI.

3680 370 3802 429 280

391 510 899 569 consecrationem
932 509 1189 577 devenit,
1223 509 1536 565 verborum
1568 506 2041 580 evangelicorum
2075 510 2122 574 Α
2156 499 2326 560 tioni.
2348 496 2563 553 deinde
2587 503 2644 552 et
2665 502 2930 555 veterum
2958 501 3291 557 Grecorum
3319 503 3581 564 Patrum.
3609 505 3729 561 imo
3752 512 3813 563 et

391 619 465 658 ne
494 601 768 657 meminit
801 599 1041 671 quidem
1070 616 1082 652 :
1118 616 1237 653 non
1268 598 1426 670 quod
1457 600 1516 653 in
1549 597 1787 671 liturgia
1815 600 2054 668 praster-

394 692 579 747 missa
609 693 829 747 essent.
862 688 921 742 id
955 689 1112 743 enim
1146 704 1220 742 ne
1254 688 1509 760 cogitare
1543 687 1783 758 quidem
1813 683 2053 757 permit-

392 781 539 838 titur
566 796 579 847 ;
611 778 713 833 sed
746 777 904 848 quod
937 778 1221 832 historice
1255 782 1483 831 tantum
1526 777 1793 843 recitata,
1824 773 2055 830 nullam

395 869 616 924 habere
644 867 705 920 in
737 882 905 920 sacra
932 866 1164 920 actione
1194 866 1311 919 vim
1367 866 1738 921 existimasse
1764 864 2051 918 videatur.

398 958 591 1013 Solius
623 961 820 1010 autem
854 955 1241 1010 invocationis
1264 955 1631 1010 mentionem
1662 954 1804 1009 facit
1833 954 1895 1007 in
1929 953 2056 1006 haec

397 1046 618 1102 verba:
654 1046 954 1115 Postquam
1011 1047 1367 1113 nosmetipsos
1406 1060 1511 1114 per
1542 1044 1640 1097 has
1673 1044 1857 1098 laudes
1889 1042 2056 1111 spiri-

400 1135 572 1192 tuales
627 1133 958 1205 (trisagium
1014 1133 1316 1205 intelligit)
1373 1135 1851 1202 sanctiﬁcavimus,
1890 1136 2059 1187 Deum

403 1225 699 1293 benignum
752 1238 1041 1276 exoramus
1107 1228 1168 1276 ut
1216 1224 1428 1276 emittat
1491 1229 1741 1277 sanctum
1790 1221 2061 1292 Spiritum

401 1328 566 1383 super
593 1312 740 1365 dona
765 1312 1088 1381 prOposita;
1120 1316 1181 1364 ut
1227 1312 1410 1378 faciat
1453 1326 1657 1379 panem
1688 1311 1908 1380 quidem
1938 1325 2062 1363 cor-

396 1418 505 1474 pus
535 1401 759 1465 Chrzsti,
791 1398 982 1454 vinum
1028 1415 1155 1454 vero
1200 1403 1521 1468 sanguinem
1572 1399 1794 1454 Christi.
1831 1400 2061 1454 Omnino

407 1492 551 1546 enim
580 1489 943 1559 quodcunque
996 1490 1250 1557 attigerit
1293 1489 1535 1558 Spiritus
1573 1495 1811 1553 sanctus,
1846 1489 1902 1542 id
1931 1504 2060 1543 san-

410 1582 709 1648 ctiﬁcatum
741 1584 793 1633 et
824 1585 1248 1633 transmutatum
1279 1584 1373 1634 est.
1407 1578 1546 1643 Quas
1578 1578 1818 1649 quidem
1853 1576 2058 1632 Pfafﬁo

410 1669 471 1724 in
504 1669 691 1723 altera
721 1668 1137 1723 dissertatione
1174 1669 1243 1721 De
1273 1670 1676 1722 consecratione
1703 1674 1946 1722 veterum
1977 1684 2066 1721 eu-

413 1758 712 1813 charistica
742 1757 921 1828 plane
952 1756 1224 1811 sufﬁcere
1255 1757 1378 1811 visa
1404 1762 1561 1818 sunt,
1590 1763 1655 1810 ut
1685 1773 1818 1810 eum
1853 1756 1924 1811 iis
1955 1772 2061 1811 an-

2156 588 2555 644 recentiorum
2597 588 2996 644 Grmculorum
3045 590 3468 647 existimationi
3502 594 3814 650 adversan-

2158 682 2299 732 tem.
2326 677 2706 732 Recentiores
2747 678 2903 732 enim
2957 680 3138 735 Graeci
3187 682 3271 735 uti
3305 682 3667 739 calumniam
3700 686 3816 741 sibi

2159 767 2477 838 impactam
2510 767 2681 839 longe
2711 769 2994 838 rejecere,
3042 770 3202 840 quod
3249 772 3476 827 nullam
3510 774 3570 828 in
3604 792 3813 830 conse-

2162 857 2425 911 cratione
2457 856 2648 910 verbis
2701 858 3051 929 evangelicis
3099 866 3327 930 partem
3363 862 3624 918 tribuere
3654 865 3815 920 dice-

2161 950 2387 1000 rentur.
2422 946 2636 1014 Tertio,
2678 947 2738 999 in
2788 946 3040 1020 liturgiaz
3072 949 3284 1004 Graeca:
3316 967 3447 1018 usu,
3477 969 3607 1023 qua)
3638 971 3815 1009 evan-

2162 1034 2351 1106 gelica
2402 1034 2577 1089 verba
2626 1034 2981 1089 invocationi
3034 1038 3359 1107 praemittit,
3405 1040 3658 1097 dubitari
3691 1060 3814 1098 non

2163 1141 2338 1197 posse
2372 1125 2641 1180 existimo
2666 1127 2810 1197 quin
2840 1128 3174 1183 Graecorum
3205 1130 3472 1185 omnium
3497 1137 3554 1187 et
3574 1140 3815 1189 aetatum

2166 1220 2225 1270 et
2252 1215 2517 1270 locorum
2572 1218 2868 1272 sententia
2914 1217 3093 1272 fuerit
3137 1220 3433 1276 Christum
3467 1239 3587 1277 non
3619 1225 3821 1280 statim

2166 1309 2302 1377 post
2358 1304 2827 1377 evangelicorum
2883 1307 3193 1363 verborum
3243 1313 3819 1383 pronuntiationem,

2169 1393 2270 1449 sed
2304 1399 2532 1449 tantum
2583 1401 2715 1466 post
2757 1396 3189 1452 invocationem
3230 1406 3531 1471 peractam
3571 1402 3822 1471 adesse;

2170 1488 2411 1539 Patrum
2470 1485 2852 1541 auctoritates
2913 1504 3032 1541 non
3094 1487 3305 1559 allego,
3367 1508 3498 1561 quas
3541 1492 3823 1548 omnibus

2173 1579 2329 1628 notae
2362 1578 2521 1641 sunt,
2556 1590 2663 1628 nec
2694 1575 2754 1629 in
2786 1592 2849 1629 re
2880 1581 3083 1647 aperta
3118 1583 3253 1631 utor
3283 1579 3532 1634 testibus
3564 1596 3682 1636 non
3714 1597 3823 1636 ne-

2172 1662 2467 1719 cessariis.
2500 1665 2642 1717 Nata
2675 1681 2742 1718 ea
2782 1664 2984 1735 opinio
3034 1672 3124 1721 est
3170 1683 3239 1721 ex
3271 1666 3418 1738 ipsis
3449 1668 3827 1741 liturgiarum

2173 1757 2230 1806 et
2261 1768 2442 1806 sacrae
2475 1752 2864 1808 invocationis
2915 1755 3126 1819 verbis,
3171 1757 3384 1827 quibus
3426 1759 3763 1830 postulatur
3794 1776 3833 1815 a

416 1853 713 1911 numeret,
741 1864 889 1916 quos
912 1847 970 1899 in
997 1845 1123 1900 sola
1148 1846 1519 1901 invocatione
1552 1852 2061 1901 consecrationem
2096 1875 2144 1939 B
2177 1841 2314 1903 Deo,
2348 1848 2413 1895 ut
2445 1841 2501 1895 id
2534 1841 2686 1912 quod
2717 1843 2887 1912 panis
2910 1850 2967 1898 et
2987 1844 3176 1899 vinum
3209 1853 3297 1900 est
3326 1864 3359 1900 a
3389 1849 3607 1918 Spiritu
3632 1857 3827 1905 sancto

414 1936 755 2008 reposuisse
786 1935 1101 2007 pertendit.
1147 1935 1285 1989 Dico
1333 1937 1383 1988 1°
1430 1952 1614 1989 unum
1647 1936 1847 2008 Cyrilli
1882 1936 2061 1990 silen-

421 2026 567 2080 tium
600 2042 718 2079 non
752 2024 989 2085 sufﬁcit,
1016 2030 1080 2079 ut
1100 2023 1171 2099 ab
1196 2042 1265 2080 eo
1295 2025 1411 2080 vim
1446 2025 1914 2097 evangelicorum
1940 2041 2070 2079 ver-

420 2115 633 2173 borum
666 2117 955 2172 sublatam
981 2116 1421 2170 existimemus:
1446 2117 1602 2186 quod
1634 2116 1905 2187 exemplo
1940 2133 2078 2171 con-

424 2207 619 2261 ﬁrmo.
654 2206 711 2260 Si
744 2222 814 2262 ea
852 2211 1079 2259 tantum
1115 2205 1167 2259 S.
1192 2206 1593 2277 Chrysostomi
1626 2222 1806 2276 Opera
1836 2205 2082 2262 habere-

424 2312 578 2365 mus,
605 2296 664 2350 in
698 2296 913 2367 quibus
942 2294 1126 2349 solius
1151 2294 1539 2349 invocationis
1572 2282 1852 2366 tanquam
1879 2313 2082 2351 conse'

428 2386 715 2442 crationis
741 2402 933 2440 causae
960 2384 1321 2450 meminit,ut
1346 2383 1446 2437 lib.
1472 2401 1533 2439 iu
1558 2387 1633 2439 De
1654 2386 2084 2456 sacerd.,cap.4’

428 2490 558 2549 pag.
584 2478 672 2540 32,
698 2481 756 2530 et
777 2474 879 2528 lib.
906 2491 982 2539 vi,
1005 2490 1130 2544 cap.
1152 2476 1207 2541 4,
1227 2490 1355 2545 pag.
1377 2475 1463 2537 93,
1486 2479 1544 2528 et
1565 2491 1742 2529 serm.
1765 2475 2087 2540 32,tom.V’

429 2581 561 2638 pag.
583 2566 707 2629 487,
728 2568 787 2617 et
806 2580 982 2618 serm.
1010 2564 1097 2628 36,
1125 2579 1254 2633 pag.
1281 2565 1404 2627 553,
1430 2563 1656 2618 nullam
1682 2580 1815 2618 eum
1841 2581 2085 2636 evange-

425 2652 561 2708 licis
584 2652 780 2706 verbis
805 2650 1131 2706 efﬁcaciam
1152 2650 1465 2722 reliquisse
1489 2654 1948 2724 suspicaremur.
1975 2653 2087 2708 Sed

432 2741 527 2795 his
557 2758 688 2812 quas
720 2739 939 2794 diserte
974 2738 1118 2793 dicit
1144 2755 1321 2793 serm.
1349 2742 1436 2807 30,
1465 2742 1541 2794 De
1561 2741 1878 2810 proditione
1907 2741 2087 2808 Juda’,

430 2846 563 2903 pag.
596 2829 721 2895 463,
757 2844 831 2883 ne
863 2829 945 2883 ita
975 2826 1046 2881 de
1075 2844 1141 2882 eo
1167 2829 1492 2883 sentiamus
1523 2829 1928 2900 prohibemur.
1955 2832 2088 2886 Haac

429 2917 754 2974 ostendunt
770 2924 1083 2989 utramque
1103 2917 1459 2973 sententiam
1481 2919 1701 2989 optime
1719 2921 2090 2990 componi,ut

426 3014 485 3066 et
497 3009 671 3064 verba
684 3008 1019 3081 evangelica
1032 3025 1138 3063 sua
1150 3009 1197 3062 vi
1216 3008 1941 3064 transsubstantiationem
1957 3028 2065 3083 ope
2079 3026 2089 3034 '

428 3106 635 3154 rentur
657 3117 669 3166 ;
693 3105 759 3153 ut
774 3115 980 3153 eorum
1001 3103 1197 3152 tamen
1218 3098 1480 3169 operatio
1499 3103 1557 3152 et
1573 3099 1890 3170 applicatio
1911 3116 1944 3154 a
1960 3117 2089 3171 pre-

431 3189 597 3244 cibus
625 3187 1040 3242 ecclesiasticis
1072 3193 1355 3257 tanquam
1403 3187 1475 3242 ab
1521 3187 1876 3259 impetrante
1907 3206 2086 3245 causa

433 3275 800 3347 dependeat;
836 3275 1065 3330 Christo
1097 3280 1154 3329 et
1185 3275 1404 3345 Spiritu
1449 3282 1651 3329 sancto
1683 3292 1803 3330 una
1832 3292 2081 3346 operan-

431 3366 611 3420 tibus.
640 3365 822 3429 Quam
856 3363 1097 3434 quidem
1146 3361 1345 3435 Cyrilli
1399 3362 1581 3417 fuisse
1630 3365 1988 3419 sententiam
2024 3371 2090 3420 ut

443 3472 565 3510 non
596 3453 851 3520 afﬁrmo,
884 3452 985 3517 ita,
1020 3469 1141 3507 non
1175 3451 1356 3506 fuisse
1389 3469 1585 3517 nemo,
1610 3459 1675 3507 ut
1695 3454 1927 3524 opinor,
1949 3472 2090 3525 pro-

436 3543 576 3599 bare
609 3548 819 3614 potest.
856 3540 993 3596 Dico
1018 3545 1076 3595 2°
1098 3541 1334 3595 nonnisi
1361 3548 1494 3612 post
1524 3542 1951 3597 invocationem
1977 3544 2089 3616 Cy-

432 3633 605 3688 rillus
622 3635 919 3703 peractam
940 3630 1370 3685 elementorum
1391 3632 1939 3686 transmutationem
1962 3649 2090 3688 sen'

362 3716 367 3722 ’
440 3724 534 3779 sit.
563 3724 643 3776 Ea
664 3719 735 3775 de
758 3736 841 3785 re,
866 3724 930 3773 ut
950 3719 1094 3773 mihi
1119 3719 1358 3789 quidem
1390 3719 1639 3786 videtur,
1665 3720 1935 3776 dubitare
1968 3739 2086 3777 non

434 3810 791 3884 permittunt
821 3807 1072 3862 laudata)
1097 3808 1371 3879 superius
1399 3808 1562 3862 illius
1591 3811 1923 3877 sententia,
1958 3813 2086 3882 qui-

433 3900 545 3956 bus
575 3907 702 3955 ante
732 3900 1129 3953 invocationem
1159 3896 1419 3952 afﬁrmat
1442 3914 1644 3968 panem
1676 3906 1726 3953 et
1771 3902 1959 3954 vinum
1990 3917 2085 3955 eu-

433 3990 713 4046 charistiae
744 3988 948 4043 nudum
997 4003 1103 4042 esse
1143 4005 1347 4058 panem
1397 3994 1447 4042 et
1495 3990 1677 4042 uinum
1705 4004 1722 4041 :
1762 4005 1931 4058 eaque
1955 4007 2089 4060 per-

433 4087 560 4135 acta
599 4079 727 4148 jam
783 4082 909 4132 tum
970 4076 1171 4131 Christi
1243 4093 1439 4147 corpus
1487 4083 1537 4131 et
1581 4080 1905 4146 sanguinem
1956 4095 2082 4136 esse.

433 4169 582 4235 Quid
613 4166 684 4222 de
715 4166 824 4221 hac
857 4167 985 4239 ejus
1008 4165 1446 4221 existimatione
1476 4166 1854 4221 sentiendum
1886 4167 1962 4223 sit
1991 4184 2088 4224 ro-

430 4275 531 4332 gas
554 4257 581 4313 ‘I
610 4256 811 4328 paucis
842 4256 1065 4327 aperio.

503 4349 590 4402 95.
624 4349 705 4401 Ac
734 4344 926 4416 primo
971 4342 1213 4415 quidem
1258 4342 1565 4398 fatendum
1599 4350 1689 4399 est
1721 4350 1901 4402 totam
1933 4347 2085 4404 hanc

433 4433 894 4492 controversiam
927 4432 1001 4487 ad
1030 4433 1207 4487 fidem
1256 4432 1407 4487 nihil
1454 4434 1773 4505 pertinere.
1809 4436 2085 4501 Quamvis

434 4527 662 4580 Graecos
694 4524 850 4578 inter
877 4528 936 4576 et
965 4522 1201 4576 Latinos
1234 4522 1537 4594 theologos
1574 4524 1634 4577 in
1667 4525 1921 4580 concilio
1954 4527 2087 4581 Flo-

2176 1936 2470 1996 mutatum,
2502 1934 2601 1999 ﬁat
2633 1948 2827 2002 corpus
2884 1940 2931 1988 et
2975 1937 3199 2004 sanguis
3233 1936 3452 1991 Christi.
3490 1936 3677 1993 Verba
3701 1938 3834 1995 haec

2181 2019 2533 2091 detorquere
2565 2021 2639 2075 ad
2663 2023 2904 2077 eﬁ‘ectus
2926 2024 3298 2079 eucharistim
3332 2026 3391 2080 in
3424 2027 3595 2081 nobis
3628 2033 3836 2099 postu-

2186 2107 2746 2174 landos,Ecclesiam
2772 2111 3333 2178 luculentissimo,et
3358 2116 3852 2172 constantissimo

2192 2198 2878 2255 transsubstantiationis
2913 2203 3249 2257 testimonio
3284 2204 3511 2274 privare
3544 2211 3650 2259 est.
3688 2206 3863 2261 Alio-

2197 2288 2297 2359 qui
2330 2288 2643 2343 verborum
2676 2289 2915 2344 illorum
2940 2308 3202 2358 sensum,
3230 2309 3336 2364 per
3366 2310 3427 2348 se
3462 2301 3764 2365 patentem
3798 2303 3864 2353 et

2198 2377 2608 2447 conspicuum,
2663 2394 2692 2432 e
2737 2379 2950 2450 quibus
2999 2381 3217 2435 certius
3257 2382 3638 2453 accipiemus,
3673 2401 3859 2455 quam

2200 2466 2272 2520 ab
2306 2467 2379 2520 iis
2401 2468 2498 2537 qui
2522 2484 2627 2538 per
2652 2485 2860 2523 omnes
2884 2474 3086 2525 aetates
3109 2471 3229 2525 illis
3257 2472 3347 2526 usi
3381 2490 3424 2526 S'.
3453 2478 3520 2527 nt
3539 2474 3567 2528 ‘?
3588 2475 3713 2528 Non
3739 2474 3860 2528 mi-

2197 2571 2331 2610 rum
2391 2557 2777 2612 scholasticos
2836 2565 3072 2613 nostros
3130 2577 3199 2616 ea
3258 2562 3554 2617 sententia
3590 2564 3855 2618 offensos

2197 2644 2379 2699 fuisse
2406 2663 2418 2699 :
2452 2647 2716 2717 persuasi
2750 2653 2919 2702 erant
2950 2650 3027 2720 (et
3071 2651 3280 2705 merito
3311 2651 3551 2722 quidem
3585 2653 3633 2706 si
3665 2654 3736 2707 ad
3764 2653 3854 2707 li-

2199 2735 2451 2807 turgiam
2483 2737 2809 2792 Romanam
2843 2754 2960 2808 qua
3006 2739 3329 2795 utebantur
3376 2742 3647 2813 spectes),
3681 2743 3855 2797 Chri-

2199 2829 2354 2878 stum
2383 2826 2581 2880 statim
2613 2832 2748 2897 post
2779 2828 3247 2900 evangelicorum
3280 2831 3589 2886 verborum
3622 2831 3850 2888 recita-

2198 2913 2419 2967 tionem
2451 2915 2618 2969 nulla
2650 2932 2814 2971 mora
2838 2917 2943 2971 sub
2964 2919 3133 2988 panis
3157 2925 3214 2973 et
3239 2920 3355 2974 vini
3377 2920 3685 2992 speciebus
3710 2938 3854 2977 con-

2197 3000 2395 3058 tineri.
2433 3004 2543 3058 Sed
2602 3005 2727 3059 huic
2779 3006 2852 3060 ad
2916 3007 3173 3062 Graecam
3211 3008 3505 3081 liturgiam
3538 3010 3850 3067 transferri

2197 3091 2467 3163 iniquum
2500 3099 2665 3162 erat;
2700 3095 2761 3149 in
2794 3097 3057 3151 Romana
3087 3098 3266 3157 enim.
3310 3100 3757 3164 Mediolanensi,
3791 3106 3856 3155 et

2198 3182 2474 3236 omnibus
2505 3200 2654 3253 pene
2678 3185 2896 3239 Latinis
2919 3187 3214 3242 veteribus
3246 3188 3521 3261 liturgiis,
3556 3189 3853 3246 invocatio

2198 3269 2320 3335 illa,
2354 3278 2413 3325 ut
2444 3273 2597 3327 nobis
2644 3290 2839 3343 corpus
2897 3280 2945 3328 et
3000 3278 3223 3346 sanguis
3264 3280 3361 3347 ﬁat
3401 3278 3635 3333 Domini
3664 3281 3859 3335 nostri

2196 3363 2331 3416 Jesu
2364 3360 2599 3428 (Ihristi,
2629 3362 2718 3417 vel
2768 3364 2982 3419 similis
3032 3367 3219 3420 oratio
3268 3367 3459 3422 verbis
3497 3369 3859 3442 evangelicis

2196 3449 2477 3522 praemitti
2514 3450 2696 3516 solet;
2732 3469 2913 3522 quare
2960 3452 3127 3508 nulla
3167 3455 3456 3510 dubitatio
3489 3457 3859 3530 relinquitur

2199 3540 2345 3611 quin
2393 3540 2465 3595 iis
2516 3541 2776 3597 recitatis
2825 3544 3192 3598 consecratio
3244 3550 3480 3616 peracta
3512 3547 3606 3602 sit.
3636 3548 3855 3617 Quare,

2198 3634 2263 3683 ut
2294 3630 2476 3684 Graeci
2509 3632 2711 3685 Patres
2744 3638 2876 3702 post
2925 3633 3353 3689 invocationem
3393 3643 3642 3698 tantum.
3677 3638 3856 3693 abso-

2198 3716 2382 3772 lutam
2417 3721 2927 3774 consecrationem
2961 3722 3388 3784 existimantes.
3442 3725 3525 3780 ita
3568 3726 3731 3797 loqui
3766 3745 3862 3782 so-

2197 3806 2323 3861 lent
2348 3809 2517 3877 quasi
2550 3809 2838 3864 invocatio
2880 3810 2982 3865 illa
3029 3812 3155 3867 sola
3184 3816 3694 3871 consecrationem
3730 3818 3856 3872 efﬁ-

2197 3896 2350 3962 ciat;
2384 3896 2463 3950 ita
2494 3898 2697 3952 Patres
2740 3898 2926 3953 Latini
2974 3908 3106 3970 post
3134 3903 3608 3975 evangelicorum
3642 3906 3850 3962 verbo-

2196 4001 2327 4038 rum
2359 3985 2767 4043 recitationem
2802 3993 3051 4048 tantum.
3076 3989 3303 4045 ﬁnitam
3338 3997 3849 4051 consecrationem

2196 4072 2486 4136 arbitrati,
2520 4074 2591 4129 de
2623 4075 2715 4129 his
2746 4076 2938 4131 verbis
2979 4078 3060 4132 ita
3109 4078 3269 4150 loqui
3302 4081 3575 4138 videntur
3601 4085 3848 4154 perinde

2196 4162 2363 4232 quasi
2389 4162 2508 4218 illis
2531 4164 2673 4219 solis
2697 4168 3109 4222 transmutatio
3132 4169 3562 4227 elementorum
3587 4172 3851 4228 tribuen-

2195 4249 2270 4304 da
2296 4252 2408 4322 sit;
2442 4253 2545 4308 sed
2603 4270 2795 4325 neque
2844 4256 2933 4309 illi
2989 4257 3301 4314 verborum
3346 4261 3846 4334 evangelicorum,

2196 4344 2290 4399 isti
2321 4345 2508 4399 multo
2557 4345 2756 4399 minus
2812 4362 3055 4416 precum
3113 4349 3528 4405 necessitatem
3562 4357 3619 4405 et
3645 4351 3849 4408 efﬁca-

2195 4433 2345 4488 ciam
2378 4433 2690 4488 sustulisse
2713 4434 2969 4489 dicendi.
2994 4437 3158 4500 Quod
3182 4438 3421 4508 quidem
3453 4440 3522 4495 de
3552 4443 3845 4512 utrisque,

2194 4523 2517 4594 generatim
2542 4522 2848 4589 duntaxat,
2875 4541 2991 4577 non
3016 4523 3087 4579 de
3110 4526 3386 4581 omnibus
3418 4534 3476 4583 et
3497 4529 3749 4602 singulis
3772 4530 3845 4585 ad

432 4617 666 4670 rentino
702 4631 769 4668 ea
799 4613 871 4668 de
905 4629 965 4667 re
997 4613 1191 4667 acrius
1221 4612 1585 4682 disputatum
1628 4614 1722 4681 sit,
1756 4616 1816 4669 in
1849 4616 2085 4672 decreto
2115 4603 2159 4666 D
2186 4612 2442 4684 rigorem
2476 4611 2725 4683 intelligi
2754 4612 2902 4666 volo.
2930 4613 3166 4669 Latinos
3198 4623 3394 4671 autem
3419 4619 3750 4687 permultos
3771 4618 3843 4675 de

434 4711 633 4760 tamen
665 4702 903 4757 unionis
944 4701 1093 4756 nihil
1126 4706 1409 4756 statutum
1442 4702 1554 4757 fuit
1584 4703 1654 4757 de
1686 4705 1907 4759 utravis
1940 4722 2075 4761 sen-

428 4794 632 4850 tentia.
660 4791 985 4848 Concilium
1008 4791 1414 4845 Tridentinum
1440 4792 1591 4846 hanc
1614 4793 2074 4863 disputationem

427 4903 500 4941 ne
529 4882 719 4956 attigit
748 4882 1029 4953 quidem:
1079 4882 1490 4954 [CCXXXVIII]
1542 4900 1686 4937 sess.
1741 4883 1824 4946 l3,
1860 4901 1984 4955 cap.
2021 4889 2074 4955 2,

425 4974 650 5036 statuit,
704 4973 890 5028 statim
926 4977 1054 5040 post
1095 4972 1551 5027 consecrationem
1582 4989 1648 5026 ea:
1676 4974 1731 5026 vi
1769 4973 2075 5029 verborum,

428 5069 487 5120 et
534 5078 664 5117 can.
717 5061 770 5127 4,
813 5066 1045 5129 peracta
1092 5062 1514 5127 consecratione,
1565 5077 1779 5132 corpus
1828 5066 1887 5116 et
1942 5078 2076 5119 san-

424 5153 664 5227 guinem
713 5147 928 5202 Christi
975 5146 1083 5201 sub
1136 5148 1445 5219 speciebus
1489 5150 1661 5221 panis
1705 5156 1763 5205 et
1807 5150 1926 5205 vini
1956 5166 2079 5208 una

423 5258 557 5300 cum
588 5239 789 5295 anima
820 5241 877 5289 et
903 5234 1208 5290 divinitate
1246 5237 1525 5294 exsistere
1554 5257 1567 5293 :
1618 5239 1722 5294 sed
1750 5257 1881 5311 quia
1912 5243 2078 5297 verba

417 5332 522 5390 illa
554 5330 673 5385 sint
702 5324 920 5398 quibus
948 5328 1280 5380 consecratio
1293 5331 1608 5398 peragitur,
1633 5346 1750 5384 non
1783 5328 2072 5385 decernit-

416 5415 707 5485 Secundo,
742 5415 789 5470 si
821 5412 1075 5485 Cyrillus
1103 5414 1217 5469 vim
1249 5418 1719 5490 evangelicorum
1756 5418 2070 5475 verborum

413 5506 770 5571 sustulisset,
805 5509 863 5558 et
911 5503 971 5557 in
1021 5503 1182 5558 nuda
1230 5505 1603 5561 invocatione
1647 5508 1826 5561 totius
1858 5524 2070 5563 conse-

409 5596 692 5658 crationis
721 5609 961 5649 causam
994 5595 1376 5664 reposuisset,
1414 5596 1673 5651 dicerem
1709 5597 2064 5654 sententiam

410 5692 564 5747 hanc
594 5684 784 5740 videri
814 5682 978 5755 mihi,
1014 5682 1233 5739 Latinas
1265 5684 1527 5755 primum
1573 5684 1849 5741 Ecclesiae
1880 5685 2061 5743 tradi-

2185 4701 2236 4754 vi
2291 4718 2529 4771 precum
2582 4700 2641 4754 in
2691 4701 2981 4756 sacriﬁcio
3032 4708 3275 4760 testatos
3325 4722 3451 4761 esse
3484 4714 3693 4763 notum
3727 4716 3840 4781 est,

2185 4806 2296 4844 nec
2326 4794 2551 4844 veteres
2584 4796 2811 4844 tantum
2844 4790 2997 4854 dico,
3046 4799 3111 4846 ut
3160 4794 3604 4866 Hieronymum.
3640 4802 3836 4871 Augu-

2186 4879 2438 4945 stinum;
2471 4879 2575 4933 sed
2598 4879 2775 4934 etiam
2798 4880 3250 4950 recentiores,ut
3271 4884 3641 4957 Agobardum
3665 4890 3835 4960 epist.

2186 4968 2259 5023 ad
2299 4968 2580 5022 Bernard.
2622 4968 2886 5034 Vienne.,
2919 4971 3298 5027 Paschasium
3345 4975 3606 5032 Ratbert.
3642 4980 3741 5050 qui
3774 4981 3835 5035 in

2184 5056 2288 5112 lib.
2325 5057 2394 5111 De
2422 5074 2574 5128 corp.
2607 5063 2658 5112 et
2684 5073 2835 5127 sang.
2875 5059 3113 5126 Domini,
3157 5078 3284 5134 cap.
3327 5064 3379 5130 3,
3412 5064 3527 5119 ait:
3559 5068 3835 5137 Spiritum

2183 5153 2433 5203 sanctum
2475 5149 2641 5218 panis
2671 5154 2723 5201 et
2752 5149 2870 5201 vini
2914 5149 3297 5219 substantiam,
3331 5155 3599 5210 invisibili
3621 5165 3830 5227 poten-

2186 5240 2387 5308 tiaper
2415 5235 2769 5309 [CCXXXIX]
2807 5241 3138 5293 sacramenti
3184 5241 3274 5296 sui
3319 5248 3829 5317 sancti/irationem,

2182 5325 2404 5397 operari
2430 5342 2645 5382 carnem
2678 5332 2730 5379 et
2760 5329 3079 5397 sanguinem
3111 5330 3334 5398 Christi,
3367 5338 3424 5386 et
3465 5349 3591 5405 cap.
3630 5339 3716 5399 t2.
3751 5338 3829 5391 De

2180 5417 2433 5473 Christo.
2468 5418 2583 5487 ipse
2638 5422 2717 5471 est
2768 5418 2864 5485 qui
2913 5432 3020 5487 per
3074 5418 3343 5489 Spiritum
3394 5430 3643 5480 sanctum
3688 5426 3829 5481 hanc

2175 5522 2329 5561 suam
2360 5508 2527 5574 efﬁcit
2557 5520 2793 5559 carnem.
2824 5505 3041 5560 Omitto
3062 5508 3368 5582 theologos
3400 5513 3639 5579 multos,
3673 5533 3826 5585 pras-

2174 5594 2376 5651 sertim
2409 5610 2440 5649 e
2469 5594 2717 5663 Scholis,
2742 5594 2841 5665 qui
2874 5597 3287 5666 necessitatem
3314 5617 3553 5672 precum
3587 5603 3663 5658 ad
3692 5605 3817 5661 haec

2170 5691 2375 5741 nostra
2404 5690 2673 5755 tempora
2702 5689 3045 5740 constanter
3073 5702 3399 5748 asseruere.
