4134 6264
298 337 425 400 281

1677 338 2199 409 DlSSERTATIO
2241 344 2349 409 ΙΙΙ.

3600 345 3726 409 282

378 475 475 528 96.
506 473 895 529 lnvocationis
926 489 1067 530 sane
1098 474 1160 530 in
1179 475 1625 532 consecratione
1650 478 1959 534 eucharis-
1990 480 2041 546 Α
2074 496 2182 551 per
2205 497 2335 537 eam
2360 481 2699 539 absolvatur
2718 484 3106 550 consecratio,
3134 483 3195 539 in
3219 482 3440 539 Latinis
3459 498 3594 537 vero
3619 498 3729 537 nec

312 564 417 617 tia
442 563 767 619 efﬁcaciam
785 565 1107 635 quamdam
1133 583 1281 631 esse,
1307 582 1556 639 eamque
1578 583 1700 622 non
1731 585 1970 639 parvam

303 659 373 707 ut
408 653 496 708 ait
536 654 808 717 Basilius,
862 655 963 711 lib.
1032 658 1108 711 De
1162 657 1381 727 Spiritu
1438 664 1618 725 sunto,
1651 674 1701 713 c.
1735 661 1821 712 27.
1855 658 1973 715 duo

317 744 472 798 mihi
504 759 740 815 semper
786 745 1042 800 maxime
1091 752 1530 818 persuaserunt.
1568 748 1833 803 Primum
1865 755 1974 818 est,

312 833 697 888 verissimum
723 833 872 889 illud
903 836 1213 907 Augustini
1242 836 1623 907 principium,
1641 853 1975 894 sacramen-

313 928 517 978 torum
551 923 882 980 efficaciam
909 925 982 981 ab
1015 927 1292 982 Ecclesia
1320 928 1594 999 precibus
1617 929 1972 1001 dependere.

319 1013 603 1080 Quamvis
636 1019 696 1068 et
724 1015 1000 1070 minister
1044 1033 1150 1087 per
1207 1017 1561 1074 exteriorem
1619 1022 1976 1076 sacramenti

318 1102 932 1169 administrationem,
965 1110 1025 1160 et
1079 1106 1347 1163 Christus
1406 1124 1511 1179 per
1560 1110 1807 1181 gratiam
1845 1127 1975 1182 qua

323 1193 719 1248 sacramentis
744 1194 854 1249 rite
876 1194 1109 1251 collatis
1132 1212 1201 1252 ex
1222 1197 1349 1267 ejus
1372 1197 1565 1253 divina
1579 1200 1975 1270 promissione

313 1299 632 1353 nunquam
660 1300 781 1339 non
808 1283 998 1352 adest,
1031 1284 1289 1357 baptizet
1318 1292 1377 1341 et
1400 1293 1641 1358 peccata
1670 1290 1935 1344 remittat
1959 1306 1972 1344 :

302 1371 580 1427 Ecclesia
601 1389 859 1445 quoque.
880 1390 999 1429 non
1033 1379 1262 1432 tantum
1286 1377 1425 1448 quia
1455 1377 1646 1432 claves
1677 1393 1709 1432 a
1731 1379 1963 1434 Christo

308 1460 663 1516 immediate
696 1463 943 1535 accepit,
978 1480 1126 1532 quas
1165 1482 1270 1537 per
1315 1466 1619 1521 ministros
1650 1483 1783 1522 cum
1816 1484 1850 1523 a
1889 1485 1975 1537 se,

311 1554 439 1605 tum
474 1567 511 1606 a
544 1550 778 1606 Christo
800 1551 1113 1624 deputatos
1137 1562 1397 1623 exercet;
1422 1572 1623 1611 verum
1653 1556 1831 1612 etiam
1857 1557 1974 1613 alio

315 1656 529 1701 sensu.
558 1657 668 1711 per
697 1642 1034 1698 orationum
1075 1660 1313 1699 suarum
1352 1662 1659 1716 nunquam
1693 1646 1972 1702 deﬁcien-

315 1730 471 1784 tium
497 1729 850 1794 efﬁcaciam,
873 1749 1005 1787 vere
1023 1732 1137 1788 dici
1161 1740 1353 1805 potest
1374 1741 1433 1789 et
1458 1735 1748 1807 baptizare
1770 1742 1827 1791 et
1848 1752 1976 1808 pec.

2083 570 2272 626 forma
2304 572 2661 636 eadem,nec
2695 574 2851 628 idem
2902 573 3108 639 locus;
3144 573 3497 645 evangelicis
3527 577 3727 627 tamen

2083 660 2276 715 verbis
2307 663 2474 734 vulgo
2517 663 2916 734 praemittitur.
2952 663 3042 717 Sic
3084 663 3145 717 in
3194 661 3431 733 liturgia
3462 664 3725 717 Romana

2085 749 2177 805 his
2200 752 2389 806 verbis
2411 769 2689 825 expressa
2716 760 2805 807 est
2833 752 2907 807 ad
2930 754 3192 807 Patrem:
3220 774 3245 800 ‹‹
3270 752 3455 816 Quam
3482 751 3724 805 oblatio-

2086 841 2113 889 ξ(
2143 857 2279 895 nem
2303 843 2497 913 (panis
2529 848 2586 897 et
2617 842 2757 908 vini)
2791 848 2849 896 tu
2884 843 3058 908 Deus,
3084 842 3145 896 in
3168 841 3465 905 omnibus,
3490 856 3722 910 quasu-

2082 951 2111 979 ‹‹
2127 946 2277 995 mus,
2295 931 2691 999 benedictam,
2707 932 3047 1003 ascriptam,
3064 940 3271 997 ratam,
3288 929 3723 998 rationabilem,

2082 1041 2110 1069 ‹‹
2125 1020 2667 1093 acceptabilemque
2680 1022 2872 1077 facere
2892 1021 3245 1092 digneris,ut
3259 1018 3429 1075 nobis
3443 1034 3657 1089 corpus
3671 1022 3730 1072 et

2088 1131 2108 1157 ι
2135 1110 2374 1180 sanguis
2396 1111 3016 1167 ﬁatdilectissimiFilii
3033 1112 3115 1165 tui
3136 1110 3368 1166 Domini
3388 1108 3725 1163 nostriJesu

2088 1219 2114 1251 ι
2136 1198 2369 1255 Christi.
2397 1201 2504 1265 Qui
2534 1201 2723 1273 pridie
2747 1217 2924 1272 quam
2951 1206 3272 1272 pateretur,
3298 1221 3326 1249 »
3358 1203 3468 1255 etc.
3503 1196 3723 1253 Similis

2081 1305 2232 1359 pene
2252 1289 2656 1345 Ambrosiana
2676 1290 2928 1362 liturgia
2948 1289 3276 1349 formula.si
3296 1305 3413 1343 non
3428 1288 3499 1343 ad
3516 1290 3728 1343 Roma-

2081 1393 2217 1432 nam
2238 1379 2529 1450 posterius
2550 1379 2769 1435 inflexa
2789 1385 2846 1434 et
2866 1378 3246 1434 accomodata
3266 1381 3360 1432 sit.
3394 1379 3563 1432 Certe
3586 1379 3725 1429 Am-

2079 1464 2315 1522 brosius
2332 1484 2707 1523 communem
2732 1468 3050 1539 quamdam
3076 1467 3377 1522 Trinitatis
3400 1464 3722 1520 invocatio-

2080 1573 2219 1613 nem
2252 1558 2313 1612 in
2347 1558 2637 1613 sacriﬁcio
2669 1558 2994 1613 adhibitam
3042 1558 3207 1612 testis
3266 1562 3355 1610 est
3404 1555 3495 1609 his
3528 1553 3721 1608 verbis

2081 1645 2183 1701 lib.
2216 1663 2275 1701 ιιι
2301 1649 2372 1702 De
2390 1649 2606 1719 Spiritu
2634 1656 2841 1714 sancto,
2865 1665 2991 1718 cap.
3020 1650 3105 1713 16,
3126 1664 3184 1701 ιι.
3217 1648 3353 1700 112;
3389 1667 3415 1693 ‹‹
3448 1646 3591 1699 Cum
3615 1645 3721 1699 Pa-

2082 1758 2109 1787 ‹‹
2144 1741 2231 1791 tre
2253 1742 2311 1790 et
2340 1736 2485 1792 Filio
2504 1754 2537 1791 a
2555 1736 2957 1791 sacerdotibus
2988 1736 3047 1790 in
3072 1735 3425 1806 baptismate
3449 1732 3720 1787 nomina-

313 1824 447 1874 cam
476 1819 825 1902 Τθπιίηθτθε
861 1822 1018 1892 (10οά
1041 1822 1113 1877 ab
1136 1824 1462 1896 Augustino
1503 1825 1728 1880 centies
1757 1825 1969 1881 decan-
2007 1857 2050 1922 Β
2083 1848 2111 1877 ‹‹
2145 1831 2237 1880 tur
2259 1827 2535 1898 (Spiritus
2557 1827 2835 1895 sanctus),
2869 1832 2927 1880 et
2957 1826 3018 1880 in
3050 1823 3450 1880 oblationibus
3485 1821 3720 1876 invoca-

315 1899 538 1963 tatum.
576 1908 701 1963 Vid.
737 1908 841 1966 lib.
876 1927 933 1965 ιιι
962 1913 1031 1966 De
1054 1914 1228 1982 bapt.,
1263 1930 1388 1984 cap.
1418 1917 1500 1977 17,
1536 1914 1637 1969 lib.
1670 1931 1740 1983 IV,
1764 1931 1890 1987 cap.
1915 1917 1969 1985 4,

311 2013 487 2051 num.
524 2000 574 2063 6t
601 2015 779 2053 serm.
804 2002 893 2065 99,
931 2017 989 2054 ιι.
1022 2003 1076 2065 9,
1111 2005 1569 2067 serm.295,n.2.
1595 2003 1721 2058 Vid.
1745 2004 1971 2060 similes

310 2083 483 2140 locos
517 2087 675 2157 apud
697 2087 970 2147 Ambros.
990 2088 1092 2144 lib.
1119 2094 1228 2145 vin
1260 2094 1414 2159 Luc.,
1450 2109 1614 2148 num.
1638 2096 1723 2157 11,
1743 2100 1801 2149 et
1822 2093 1923 2149 lib.
1950 2112 1969 2149 1

309 2175 381 2229 De
395 2177 632 2245 parauit,
653 2193 705 2231 c.
738 2180 822 2243 15,
846 2194 903 2232 ιι.
940 2180 1029 2244 81,
1056 2185 1114 2234 et
1143 2180 1373 2253 insigne
1406 2182 1814 2237 testimonium
1837 2186 1970 2239 Am-

310 2264 505 2321 brosii
528 2269 805 2339 Ansperti
838 2271 896 2324 in
928 2272 1102 2340 Apoc.
1140 2288 1189 2326 c.
1225 2287 1285 2336 ιι,
1323 2275 1372 2325 1.
1422 2273 1528 2337 Qui
1562 2274 1721 2328 enim
1771 2290 1967 2330 sacra-

295 2357 521 2411 mentis
555 2357 680 2411 suis
711 2374 774 2413 se
805 2358 1149 2414 adfuturum
1204 2360 1506 2432 pollicitus
1550 2368 1642 2417 est
1672 2363 1963 2430 Christus,

305 2460 436 2499 cum
450 2447 704 2518 gratiam
722 2464 889 2503 suam
904 2465 1010 2519 per
1028 2449 1131 2504 illa
1145 2450 1430 2506 ﬂuentem
1445 2453 1517 2507 ab
1535 2453 1813 2509 Ecclesia
1837 2471 1962 2526 pre-

304 2532 476 2588 cibus
508 2533 852 2606 dependere
884 2536 1155 2605 voluerit,
1187 2538 1328 2594 facit
1356 2545 1421 2593 ut
1444 2557 1751 2613 nunquam
1774 2542 1835 2597 in
1857 2544 1960 2599 Ec-

312 2619 501 2677 clesia
521 2630 859 2679 sanctorum
887 2626 1074 2681 oratio
1099 2626 1333 2683 deficiat
1358 2644 1637 2700 ;eamque
1664 2647 1770 2702 per
1791 2631 1962 2686 mini-

309 2718 519 2775 strum,
554 2713 831 2769 Ecclesia
854 2722 1120 2771 votorum
1175 2716 1584 2789 interpretem,
1619 2735 1958 2791 expressam

311 2818 622 2872 nunquam
644 2820 766 2858 non
790 2804 1046 2864 exaudit.
1072 2807 1135 2859 In
1155 2807 1317 2861 omni
1337 2815 1843 2864 sacramentorum
1866 2810 1961 2865 ad-

318 2892 750 2947 ministratione
780 2895 1160 2950 continentur
1202 2896 1480 2951 Ecclesia
1511 2914 1738 2968 preces,
1762 2914 1959 2954 sacra-

322 2982 498 3036 menti
551 2981 828 3037 effectum
859 2999 891 3038 a
923 2985 1038 3038 Deo
1060 2985 1426 3055 postulantes
1453 3003 1465 3040 :
1498 3004 1630 3058 qua
1660 3003 1780 3042 non
1809 3005 1959 3059 pura

308 3084 367 3125 ac
388 3071 555 3127 nuda
575 3072 1062 3139 caremonia,sed
1078 3074 1354 3129 Ecclesia
1378 3091 1508 3131 vere
1539 3076 1764 3131 orantis
1795 3082 1953 3132 voto-

305 3177 427 3216 rum
465 3161 775 3233 expressio
830 3168 968 3217 sunt
996 3179 1030 3218 a
1062 3164 1333 3219 ministro
1378 3166 1653 3221 Ecclesia
1685 3167 1793 3222 sub
1826 3167 1955 3238 ejus

308 3252 552 3306 nomine
580 3252 726 3307 fusa
752 3270 765 3318 ;
790 3252 1126 3324 idcircoque
1151 3259 1391 3326 prapter
1414 3257 1671 3310 ministri
1695 3256 1954 3329 indigni-

303 3345 485 3396 tatem
510 3341 727 3396 aﬁ‘ectu
749 3358 1057 3413 nunquam
1073 3342 1378 3399 fraudata.
1404 3345 1504 3400 His
1520 3345 1828 3417 principiis
1847 3350 1958 3400 Λιι-

300 3431 600 3501 gustinus,
626 3430 764 3484 totis
794 3437 1001 3486 contra
1023 3433 1359 3488 Donatistas
1377 3434 1656 3505 operibus
1676 3434 1955 3505 baptismi

305 3521 373 3576 ab
406 3521 681 3593 indignis
706 3527 764 3576 et
794 3521 865 3576 ab
890 3522 1186 3578 haereticis
1213 3523 1333 3579 dati
1355 3524 1716 3579 validitatem
1740 3525 1952 3580 defen-

305 3609 597 3665 dit.ldem
629 3610 700 3665 de
720 3610 993 3682 precibus
1014 3612 1289 3667 Ecclesia
1330 3613 1402 3668 ad
1444 3614 1954 3669 consecrationem

299 3699 359 3755 in
390 3700 641 3773 liturgia
662 3701 956 3756 contentis
994 3702 1393 3757 sentiendum.
1428 3704 1954 3759 Sacramentalium

300 3807 551 3861 precum
579 3790 905 3845 efficaciam
938 3792 1141 3846 Patres
1168 3808 1285 3846 uno
1312 3808 1412 3846 ore
1445 3793 1616 3847 enixe
1649 3808 1951 3848 commen-

300 3877 467 3941 dant,
492 3895 602 3933 nec
615 3878 914 3935 robustius
929 3880 1241 3952 quisquam
1259 3898 1435 3952 quam
1449 3881 1701 3953 Cyrillus
1718 3888 1950 3937 noster:

300 3970 397 4040 qui
426 3967 647 4023 iisdem
679 3970 956 4041 precibus
987 3976 1043 4025 et
1073 3987 1241 4040 aqua
1270 3970 1645 4042 baptismalis
1666 3972 1802 4035 vim,
1837 3976 1949 4027 cat.

303 4057 353 4126 3,
386 4075 450 4121 ιι,
491 4059 545 4122 3,
580 4063 639 4112 et
668 4057 785 4113 olei
816 4059 1124 4114 exorcizati
1170 4060 1494 4116 efﬁcaciam
1523 4067 1636 4116 cat.
1686 4064 1774 4128 20,
1802 4077 1862 4116 ιι.
1897 4063 1950 4131 3,

300 4151 356 4200 et
402 4146 752 4201 chrismatis
802 4147 953 4202 sacri
1005 4152 1381 4218 potestatem,
1429 4156 1540 4205 cat.
1573 4152 1661 4214 2t,
1714 4166 1773 4204 n.
1809 4152 1861 4217 3,
1894 4154 1953 4205 et

300 4235 675 4291 eucharistia
703 4235 959 4307 denique
995 4238 1553 4293 transmutationem
1586 4238 1811 4293 tribuit.

366 4329 459 4382 97.
519 4324 809 4390 Alterum,
868 4324 1026 4396 quod
1085 4326 1495 4381 eucharistica
1555 4327 1948 4383 invocationis

304 4413 629 4470 efﬁcaciam
661 4414 1198 4484 necessitatemque
1224 4431 1341 4469 non
1367 4414 1683 4470 minimum
1709 4417 1949 4471 demon-

305 4508 469 4571 strat,
506 4509 596 4558 est
616 4500 773 4573 quod
806 4502 879 4557 ab
910 4510 1137 4559 secreta
1178 4504 1583 4575 apostolorum
1630 4505 1946 4561 traditione

2090 1935 2116 1967 α
2139 1921 2251 1970 tur.
2279 1938 2303 1964 υ
2336 1916 2447 1971 Sed
2473 1916 2650 1970 aliam
2681 1915 2831 1970 forte
2854 1915 3180 1969 orationem
3208 1913 3484 1984 respexit.
3503 1913 3723 1966 Auctor

2080 2005 2367 2060 librorum
2395 2006 2465 2061 De
2491 2007 2851 2061 sacramentis
2877 2003 3033 2076 apud
3053 2002 3450 2068 Ambrosium,
3474 2002 3574 2071 qui
3597 2016 3719 2055 non

2078 2095 2536 2150 Mediolanensis
2567 2095 2806 2166 quidem
2839 2094 2943 2149 sed
2998 2093 3203 2149 vicina
3262 2091 3537 2147 Ecclesia
3569 2091 3718 2144 ritus

2075 2184 2427 2255 exponebat,
2470 2185 2622 2239 hanc
2661 2186 2938 2239 Romana
2989 2182 3245 2237 similem
3286 2179 3717 2234 invocationem

2074 2272 2255 2328 refert
2276 2273 2377 2328 lib.
2404 2290 2476 2341 ιν,
2501 2290 2626 2345 cap.
2646 2275 2700 2339 5,
2725 2289 2889 2327 num.
2910 2275 2969 2326 2i
2999 2288 3010 2325 :
3041 2296 3066 2321 ‹‹
3096 2270 3245 2326 Dicit
3273 2268 3549 2325 sacerdos
3571 2284 3582 2322 :
3603 2268 3714 2321 Fac

2073 2384 2101 2412 ‹‹
2134 2363 2309 2418 nobis
2337 2363 2490 2419 hanc
2526 2363 2888 2418 oblationem
2916 2362 3254 2433 ascriptam,
3287 2364 3498 2425 ratam,
3530 2357 3708 2412 ratio-

2072 2475 2102 2503 «
2126 2452 2572 2523 nabilem,quod
2596 2452 2782 2524 ﬁgura
2805 2457 2894 2505 est
2913 2450 3176 2522 corporis
3198 2456 3257 2505 et
3281 2448 3585 2519 sanguinis
3607 2448 3713 2501 Do-

2077 2560 2099 2590 ι
2127 2542 2270 2597 mini
2290 2542 2475 2596 nostri
2493 2542 2628 2596 Jesu
2649 2541 2862 2595 Christi
2891 2557 2953 2595 :»
2977 2540 3133 2612 quod
3155 2539 3236 2594 ita
3260 2538 3713 2609 intelligendum

2070 2638 2131 2688 ut
2164 2649 2231 2688 ex
2265 2649 2417 2704 pane
2446 2638 2504 2686 et
2532 2632 2671 2686 vino
2703 2632 2805 2686 ﬁat
2836 2631 3020 2703 ﬁgura
3043 2635 3100 2685 et
3121 2635 3557 2685 sacramentum
3589 2643 3710 2683 cor-

2067 2723 2229 2793 poris
2261 2728 2319 2776 et
2376 2722 2680 2794 sanguinis
2710 2721 2926 2776 Christi
2985 2720 3389 2792 praesentium.
3434 2718 3705 2789 Liturgia

2069 2812 2397 2883 Hispanica
2446 2810 2911 2867 consecrationis
2946 2810 3198 2864 formam
3236 2809 3318 2864 sic
3369 2807 3710 2878 exprimunt

2067 2901 2277 2956 Beatus
2301 2907 2359 2955 et
2384 2901 2677 2955 Etherius
2704 2899 2802 2953 lib.
2835 2917 2851 2954 ι
2879 2921 2899 2948 ι
2936 2905 3092 2954 cont.
3144 2898 3397 2953 Felicem
3429 2904 3485 2951 et
3533 2896 3706 2967 Elip.,

2067 3011 2095 3039 ‹‹
2132 2990 2275 3043 Bibl.
2313 2992 2413 3043 PP.
2445 2989 2620 3061 Lugd.
2642 2996 2768 3043 tom.
2803 2989 2949 3054 XIII,
2978 3004 3110 3056 pag.
3145 2988 3241 3040 371
3264 3003 3276 3040 :
3301 2987 3473 3040 Sexta
3503 3001 3704 3039 succe-

2067 3078 2505 3148 «dit(Liturgi:e
2544 3078 2741 3146 oratio)
2791 3076 3167 3131 confirmatio
3227 3074 3607 3139 sacramenti,
3640 3077 3705 3127 ut

2064 3189 2092 3218 α
2113 3167 2332 3222 oblatio
2348 3184 2478 3238 qua
2502 3167 2614 3222 Deo
2634 3167 2899 3230 offertur,
2916 3165 3282 3227 sanctificata
3296 3181 3399 3236 per
3416 3163 3700 3234 Spiritum

2066 3277 2093 3306 «
2112 3262 2382 3315 sanctum
2406 3257 2617 3312 Christi
2635 3255 2864 3327 corpori
2886 3261 2944 3309 et
2964 3255 3234 3326 sanguini
3259 3253 3704 3309 conﬁrmetur.»

2065 3347 2183 3402 Hoc
2208 3347 2385 3402 hodie
2418 3347 2478 3400 in
2512 3345 2727 3401 Missali
2762 3344 3117 3400 Mozarabico
3162 3344 3373 3399 visitur
3415 3343 3600 3398 oratio
3631 3342 3705 3398 ad

2063 3435 2276 3490 Filium
2310 3435 2569 3489 directa:
2601 3454 2619 3480 ι
2647 3434 2883 3501 Adesto,
2908 3432 3131 3497 adesto,
3154 3433 3311 3499 Jesu,
3336 3431 3487 3487 bone
3509 3430 3703 3502 ponti-

2065 3546 2093 3575 «
2126 3523 2239 3579 fex.
2274 3524 2333 3576 in
2370 3523 2561 3577 medio
2592 3523 2800 3589 nostri,
2831 3524 2984 3576 sicut
3014 3522 3173 3576 fuisti
3222 3522 3281 3576 in
3311 3522 3502 3576 medio
3528 3519 3708 3575 disci-

2067 3634 2093 3660 u
2127 3612 2401 3684 pulcrum
2426 3619 2660 3666 tuorum
2687 3629 2697 3673 ;
2726 3612 3031 3666 sanctiﬁca
3054 3612 3204 3666 hanc
3233 3611 3616 3673 oblationem,
3644 3614 3709 3663 ut

2065 3723 2091 3749 «
2124 3701 2309 3756 sancti
2323 3701 2492 3756 licata
2511 3718 2816 3756 sumamus
2838 3718 2942 3772 per
2960 3717 3172 3755 manus
3196 3701 3381 3755 sancti
3405 3699 3597 3772 angeli
3624 3699 3706 3754 tui

2065 3811 2093 3841 «
2121 3796 2319 3846 sancte
2345 3791 2590 3845 Domine
2613 3807 2678 3846 ac
2702 3790 3059 3861 Redemptor
3079 3798 3353 3845 aterne.»
3372 3791 3711 3860 Sequuntur

2061 3880 2238 3935 verba
2264 3880 2616 3953 evangelica.
2664 3880 2727 3933 ln
2760 3879 2997 3951 liturgia
3054 3878 3331 3932 Africana
3374 3878 3709 3949 expressior

2062 3970 2251 4024 sancti
2304 3969 2555 4041 Spiritus
2608 3969 2898 4023 invocatio
2959 3967 3158 4022 habita
3214 3967 3447 4021 videtur
3493 3983 3564 4022 ex
3610 3966 3704 4021 his

2060 4057 2472 4112 Africanorum
2524 4064 2831 4113 auctorum
2879 4056 3070 4111 verbis
3105 4096 3117 4109 .
3170 4056 3415 4127 Optatus
3449 4097 3463 4123 ,
3514 4055 3634 4110 lib.
3682 4070 3701 4112 ι

2060 4169 2088 4197 ‹‹
2114 4153 2269 4201 cont.
2301 4148 2599 4213 Parmen.,
2622 4164 2680 4201 η.
2716 4150 2739 4200 1
2779 4162 2791 4202 :
2827 4146 3049 4200 Altaria
3079 4146 3138 4199 in
3171 4145 3385 4215 quibus
3420 4150 3551 4199 vota
3595 4162 3702 4215 po-

2061 4236 2237 4309 «puli
2269 4236 2592 4307 (oblationes
2616 4238 2784 4306 panis
2815 4241 2864 4290 et
2890 4237 3046 4306 vini),
3085 4241 3141 4289 et
3170 4234 3438 4290 membra
3485 4233 3700 4289 Christi

2059 4347 2087 4375 «
2122 4333 2354 4397 portata
2384 4331 2561 4382 sunt:
2599 4343 2714 4396 quo
2775 4326 2925 4380 Deus
2983 4325 3363 4396 omnipotens
3396 4324 3700 4378 invocatus

2063 4435 2089 4466 ι
2120 4416 2229 4481 sit;
2262 4432 2377 4486 quo
2426 4415 2757 4486 postulatus
2799 4414 3106 4469 descendit
3136 4414 3384 4485 Spiritus
3437 4418 3699 4479 sanctus,

2059 4526 2085 4554 «
2111 4504 2267 4559 unde
2292 4504 2539 4558 amultis
2562 4505 2772 4575 pignus
2787 4504 2994 4558 salutis
3017 4510 3252 4558 aterna
3276 4509 3333 4555 et
3353 4518 3487 4572 spes
3501 4518 3697 4556 resur-

304 4592 1048 4663 petita,judiceBasilio,in
1069 4593 1347 4647 omnibus
1366 4610 1606 4665 prorsus
1623 4600 1779 4648 tuam
1800 4595 1948 4648 anti-
1978 4585 2023 4650 Ι)
2061 4613 2084 4645 ι
2119 4594 2398 4648 rectionis
2423 4599 2663 4663 accepta
2681 4599 2787 4647 est.
2810 4616 2831 4639 »ι
2862 4596 2923 4646 Αν
2954 4609 2987 4665 g
3017 4636 3031 4658 ,
3059 4592 3229 4663 epist.
3258 4593 3379 4653 149,
3408 4607 3467 4645 ιι.
3498 4593 3580 4655 19,
3607 4596 3696 4645 to-

308 4682 435 4751 quis
469 4689 528 4737 et
555 4697 669 4736 usu
695 4681 1013 4754 abrogatis,
1048 4698 1226 4752 quam
1250 4682 1484 4736 usitatis
1512 4699 1671 4737 nunc
1696 4682 1950 4755 liturgiis

304 4772 631 4843 reperitur;
664 4787 784 4825 non
816 4770 1027 4825 iisdem
1056 4770 1249 4827 verbis
1298 4777 1583 4843 concepta
1613 4789 1723 4828 nec
1754 4772 1948 4828 eidem

304 4855 427 4915 loco
460 4860 677 4925 affixa;
712 4860 814 4914 sed
871 4860 1044 4914 modo
1101 4861 1295 4915 verbis
1353 4862 1704 4934 evangelicis
1753 4863 1944 4934 prait,

306 4950 472 5004 modo
504 4965 574 5003 ea
605 4948 1028 5020 subsequitur;
1062 4948 1237 5004 modo
1268 4948 1342 5005 ad
1368 4956 1550 5006 totam
1573 4952 1943 5020 Trinitatem,

304 5038 471 5093 mo-lo
528 5036 605 5093 ad
635 5037 919 5109 Spiritum
978 5043 1295 5105 sanctum;
1354 5039 1530 5094 modo
1588 5040 1662 5095 ad
1708 5041 1941 5108 Filium,

301 5126 461 5183 modo
492 5126 567 5182 ad
600 5129 835 5181 Patrem
853 5125 1078 5181 directa
1104 5144 1116 5180 :
1138 5126 1415 5182 eumdem
1435 5134 1632 5183 tamen
1666 5128 1942 5184 effectum

300 5216 623 5284 postulans,
654 5221 722 5271 ut
743 5214 965 5271 oblatio
992 5216 1055 5270 in
1085 5215 1256 5272 altari
1286 5218 1590 5289 proposita
1618 5217 1680 5271 in
1719 5234 1935 5289 corpus

301 5308 353 5357 et
381 5306 729 5380 sanguinem
759 5303 973 5359 Christi
1005 5309 1454 5360 transmutetur.
1481 5308 1551 5361 Et
1580 5307 1643 5361 in
1664 5306 1941 5361 omnibus

303 5394 531 5462 quidem
563 5393 819 5466 liturgiis
868 5398 988 5448 tam
1047 5393 1264 5449 Gracis
1314 5411 1491 5466 quam
1542 5394 1940 5451 Orientalibus

304 5496 335 5536 a
359 5484 474 5539 viro
506 5482 854 5539 doctissimo
886 5482 950 5538 D.
1000 5482 1256 5538 Eusebio
1313 5483 1681 5540 Renaudotio
1741 5483 1936 5552 editis,

303 5570 735 5645 [CCXL]eadem
759 5569 1313 5643 peneinvocationis
1334 5572 1543 5641 forma,
1567 5572 1725 5628 idem
1748 5572 1935 5642 locus,

307 5665 432 5729 post
456 5658 809 5734 evangelica
857 5659 1144 5720 nimirum
1166 5677 1348 5719 cana
1394 5661 1829 5735 recitationem,
1872 5666 1938 5718 ut

2058 4688 2177 4739 tam
2210 4682 2512 4755 liturgiam
2527 4683 2583 4736 in
2601 4688 2854 4753 quatuor
2872 4687 3066 4753 partes
3081 4680 3695 4737 distribuens.secun-

2059 4771 2454 4827 damdeﬁnitu
2480 4771 2778 4825 orationes
2797 4787 2928 4824 cum
2954 4769 3696 4836 benedicitur,etsanctiﬁ-

2057 4882 2085 4911 «
2109 4868 2294 4926 catur,
2331 4866 2390 4915 et
2419 4860 2492 4916 ad
2526 4859 3004 4915 distribuendum
3036 4859 3463 4914 comminuitur
3492 4864 3693 4929 (supp.

2059 4973 2079 5000 ι
2105 4951 2252 5007 illud
2268 4951 2423 5022 quod
2447 4951 2611 5005 estin
2636 4950 2868 5004 Domini
2893 4965 3099 5004 mensa
3150 4965 3325 5020 quam
3352 4955 3529 5003 totam
3554 4949 3699 5021 peti-

2054 5041 2257 5095 «tione
2281 5040 2463 5094 mfere
2479 5039 2673 5093 omnis
2688 5038 3259 5094 EcclesiaDominica
3277 5039 3542 5094 oratione
3561 5055 3699 5093 con-

2057 5129 2310 5194 acludit;
2332 5136 2382 5183 et
2406 5129 2497 5182 lib.
2524 5146 2556 5182 v
2590 5130 2667 5183 De
2698 5128 3015 5199 baptismo,
3047 5143 3165 5198 cap.
3197 5130 3288 5187 20,
3321 5145 3378 5182 η.
3411 5130 3514 5182 28:
3540 5129 3695 5193 Quo-

2053 5239 2080 5267 ‹‹
2111 5217 2285 5272 modo
2308 5217 2547 5272 exaudit
2566 5219 2720 5273 Deus
2740 5218 3097 5273 homicidam
3132 5218 3571 5289 deprecantem,
3598 5218 3691 5272 vel

2053 5322 2499 5377 «superaquam
2516 5306 2905 5376 baptismatis.
2932 5307 3025 5361 vel
3052 5306 3564 5378 superolcum,vel
3597 5323 3697 5361 su-

2052 5414 2076 5447 c
2101 5410 2207 5466 per
2239 5393 2678 5455 eucharistiam,
2708 5394 2802 5448 vel
2829 5411 3007 5465 super
3033 5395 3225 5464 capita
3247 5410 3451 5448 eorum
3476 5393 3693 5465 quibus

2053 5505 2075 5532 ι
2106 5499 2315 5537 manus
2346 5481 2709 5553 imponitur?
2739 5488 2804 5537 ut
2832 5499 3048 5554 nempe
3078 5489 3205 5538 rata
3235 5484 3355 5537 sint
3384 5498 3452 5536 ea
3484 5498 3687 5536 sacra-

2052 5594 2072 5622 α
2098 5577 2318 5647 menta.
2333 5571 2673 5640 Fulgentius,
2693 5569 2788 5625 lib.
2814 5588 2851 5625 ιι
2874 5571 2946 5627 ad
2968 5571 3449 5640 Monimum,oap.
3479 5572 3509 5622 6
3532 5570 3685 5624 :Jam

2049 5684 2071 5715 ι
2105 5648 2267 5720 nunc
2296 5661 2475 5718 etiam
2504 5660 2609 5718 illa
2638 5665 2729 5718 est
2748 5661 2921 5720 nobis
2951 5660 3024 5718 de
3056 5661 3307 5734 Spiritus
3337 5658 3524 5715 sancti
3543 5656 3686 5711 mis-
