4108 6270
419 386 540 447 283

1604 374 1707 436 DE
1732 371 2147 434 -DOCTRINA
2189 372 2256 433 S.
2301 372 2636 434 CYRlLLI.

3704 370 3825 429 284

422 539 448 571 α
482 518 650 574 sione
682 515 933 587 quastio
954 511 1434 579 resolvenda,cur
1455 508 1680 565 scilicet
1702 508 1749 562 si
1772 506 1933 562 omni
1954 505 2071 560 Tri-
2099 511 2150 576 Α
2183 506 2349 576 quasi
2374 506 2526 561 sicut
2554 505 2656 561 ille
2680 505 2850 560 nobis
2871 504 3258 577 Cyrillianum
3284 518 3575 558 canonem
3597 500 3825 573 objicit,

426 627 447 657 ι
486 606 660 661 nitati
720 603 1078 660 sacriﬁcium
1136 601 1403 667 offertur,
1457 597 1531 653 ad
1572 594 2065 651 sanctiﬁcandum

422 719 449 746 α
486 694 803 751 oblationis
834 698 1050 747 nostra
1083 706 1300 745 munus
1332 687 1520 743 sancti
1552 685 1804 757 Spiritus
1837 690 2066 739 tantum

425 807 451 836 (τ
481 784 687 840 missio
729 782 1096 854 postuletur;
1153 786 1205 834 et
1236 778 1453 849 cap.7:
1511 775 1762 847 Spiritus
1819 774 2067 845 [CCXLI]

422 895 450 924 ‹‹
484 877 727 927 sanctus
786 871 859 925 ad
917 869 1385 923 consecrandum
1441 864 1798 920 sacriﬁcium
1830 878 1865 917 a
1895 863 2065 915 Patre

422 983 444 1010 ι
482 961 783 1033 poscitur;
819 966 871 1013 et
911 975 1030 1028 cap.
1064 958 1136 1010 9:
1171 956 1365 1011 Sancti
1402 953 1655 1024 Spiritus
1685 951 1757 1006 ad
1803 950 2063 1005 sanctiﬁ-

432 1070 453 1100 σ
489 1051 746 1106 candum
770 1049 950 1104 totius
1000 1047 1274 1102 Ecclesia
1326 1044 1683 1101 sacriﬁcium
1733 1040 2068 1112 postulatur

418 1163 447 1191 «
474 1140 780 1206 adventus,
830 1140 978 1193 Inter
1007 1137 1207 1192 multas
1249 1134 1415 1204 hujus
1452 1134 1534 1187 rei
1590 1145 1777 1186 causas
1807 1130 1946 1183 hanc
1979 1144 2063 1183 as-

421 1252 449 1280 ‹‹
477 1232 659 1298 signat
689 1244 735 1283 c.
772 1229 837 1281 10
868 1244 881 1280 :
914 1224 1156 1291 Quando
1196 1230 1395 1278 autem
1440 1220 1865 1294 congruentius
1886 1234 2065 1288 quam

425 1338 451 1371 α
483 1319 557 1373 ad
588 1314 1061 1373 consecrandum
1102 1312 1461 1369 sacriﬁcium
1518 1308 1782 1382 corporis
1828 1306 2061 1373 Christi,

424 1430 445 1457 ι
474 1410 681 1463 sancta
708 1405 973 1460 Ecclesia
1010 1421 1141 1474 qua
1174 1407 1263 1457 est
1290 1417 1503 1472 corpus
1536 1398 1773 1465 Christi,
1817 1396 2065 1468 Spiritus

421 1518 449 1547 ‹‹
483 1496 670 1551 sancti
730 1494 1009 1565 deposcat
1062 1492 1400 1558 adventum,
1455 1506 1586 1560 qua
1643 1488 1841 1559 ipsum
1889 1490 2068 1557 caput

418 1608 447 1637 «
482 1601 654 1640 suum
714 1583 788 1637 de
848 1582 1066 1653 Spiritu
1120 1585 1322 1635 sancto
1377 1578 1606 1633 noverit
1661 1582 1889 1642 natum,
1923 1596 1951 1624 ››
2001 1579 2067 1629 ut

418 1674 577 1729 idem
608 1672 895 1726 nimirum
928 1670 1029 1741 qui
1060 1668 1274 1724 Christi
1315 1684 1530 1738 corpus
1580 1666 1640 1720 in
1675 1664 1906 1736 Virgine
1946 1662 2063 1717 for-

419 1763 618 1829 mavit,
644 1760 793 1816 illud
824 1760 885 1813 in
911 1758 1269 1814 eucharistia
1299 1774 1369 1812 ex
1427 1772 1577 1828 pane
1628 1760 1686 1809 et
1714 1754 1846 1807 vino
1877 1751 2066 1806 conﬁ-

417 1855 554 1911 ciat.
612 1854 814 1909 Utrum
848 1851 910 1906 in
968 1850 1245 1905 Africana
1296 1848 1478 1902 missa
1526 1844 1819 1900 invocatio
1866 1841 2059 1895 verbis

418 1942 769 2015 evangelicis
799 1941 1056 2013 prairet,
1097 1939 1263 1994 nullo
1295 1955 1365 1993 ex
1410 1934 1748 1991 testimonio
1779 1932 2057 2004 colligere

416 2033 603 2106 potui.
663 2033 728 2087 In
784 2030 1035 2103 liturgia
1093 2028 1408 2084 Gallicana
1439 2022 1841 2080 aMabillonio
1886 2021 2057 2075 edita

418 2122 619 2178 missis
663 2119 1068 2192 compluribus
1115 2116 1404 2172 invocatio
1454 2114 1768 2185 reperitur,
1814 2110 1888 2168 ad
1945 2112 2057 2165 Pa-

418 2217 570 2267 trem
618 2227 853 2281 semper
882 2224 1136 2279 eumque
1195 2206 1387 2261 solum
1452 2204 1679 2259 directa
1734 2198 2057 2272 aliquando

415 2305 482 2356 ut
511 2300 842 2355 sanctiﬁcet
898 2299 1055 2353 dona
1111 2296 1346 2361 oblata;
1399 2293 1699 2348 interdum
1750 2288 2057 2362 postulans

413 2396 479 2445 ut
525 2389 701 2445 modo
734 2386 989 2443 Verbum
1023 2402 1218 2451 suum,
1250 2384 1425 2439 modo
1455 2388 1521 2438 ut
1569 2380 1852 2452 Spiritum
1886 2394 2059 2433 sanc-

415 2481 562 2541 tum,
597 2476 772 2532 modo
804 2481 868 2529 ut
893 2480 1212 2543 utrumque
1254 2470 1328 2527 ad
1359 2466 1851 2525 sanctiﬁcandum
1883 2464 2059 2519 sacri-

417 2566 618 2622 ﬁcium
650 2564 901 2631 emittat,
936 2564 1069 2617 Hac
1098 2568 1295 2617 autem
1342 2558 1593 2614 habetur
1640 2555 1848 2619 oratio,
1883 2552 2057 2608 modo

413 2660 572 2719 ante,
606 2653 780 2708 modo
813 2657 945 2723 post
994 2649 1329 2722 evangelica
1360 2647 1554 2703 verba.
1589 2643 1922 2716 Aliquando
1954 2658 2061 2696 au-

346 2773 350 2776 ~
414 2750 535 2800 tem
568 2746 628 2799 in
661 2749 849 2798 totum
909 2740 1420 2813 praetermittitur:
1481 2736 1639 2807 quod
1699 2735 1771 2790 ad
1829 2733 2058 2788 nullam

411 2834 591 2889 aliam
617 2849 857 2888 causam
889 2831 1079 2886 refero
1110 2835 1326 2902 prater
1355 2829 1549 2892 istam,
1584 2825 1740 2897 quod
1771 2821 2057 2896 imperfe-

412 2927 507 2978 cta
536 2921 736 2976 sitilla
767 2921 1083 2975 missarum
1115 2918 1406 2984 collectio,
1432 2917 1492 2971 in
1524 2931 1641 2986 qua
1671 2930 1823 2985 sape
1856 2911 2058 2966 multa

412 3016 611 3084 partes
632 3011 866 3072 desunt,
892 3026 963 3065 ex
982 3026 1091 3063 usu
1114 3006 1414 3063 communi
1437 3011 1503 3061 ut
1522 3009 1663 3077 puto
1686 3000 2054 3073 supplenda.

409 3100 575 3166 Quod
598 3101 646 3155 si
671 3100 805 3171 quis
829 3099 1048 3155 multas
1073 3097 1197 3152 illic
1219 3096 1509 3168 perfectas
1532 3094 1744 3149 missas
1765 3088 2057 3147 contineri

408 3190 745 3262 pertendat,
766 3190 826 3243 in
849 3189 1065 3259 quibus
1092 3187 1322 3241 nullum
1344 3183 1731 3240 invocationis
1748 3180 2056 3251 vestigium

2174 612 2295 651 non
2327 597 2623 667 possimus
2655 595 2741 649 illi
2791 594 3047 649 vicissim
3082 597 3359 649 Romana
3394 598 3452 646 et
3479 591 3824 646 Latinorum

2174 686 2414 740 Patrum
2447 701 2737 740 canonem
2761 700 3080 756 opponere.
3122 674 3322 736 Altera
3344 687 3433 736 est
3463 680 3534 735 de
3558 681 3826 752 Scriptu-

2172 792 2372 830 rarum
2406 775 2479 830 ad
2513 774 2842 829 faciendam
2874 773 3048 827 ﬁdem
3082 772 3422 844 dogmatum
3466 771 3824 826 necessitate

2173 884 2374 923 rarum
2406 867 2480 922 ad
2512 866 2844 922 faciendam
2873 866 3051 920 ﬁdem
3073 864 3416 937 dogmatum
3463 862 3820 919 necessitate

2175 962 2233 1013 et
2262 957 2620 1012 sufﬁcientia
2652 955 2964 1027 ;[CCXLII]
2999 971 3175 1025 quam
3209 952 3455 1024 opponit
3483 952 3821 1007 traditionis

2174 1052 2233 1102 et
2262 1046 2536 1101 Ecclesia
2560 1044 2975 1099 deﬁnitionum
2994 1042 3350 1098 auctoritati.
3374 1040 3636 1096 Primum
3658 1040 3820 1111 quod

2173 1136 2403 1202 attinet,
2435 1134 2625 1189 multa
2654 1134 2714 1187 in
2747 1149 2813 1187 co
2848 1138 3052 1204 peccat
3085 1131 3319 1185 Rivetus
3344 1145 3357 1186 :
3384 1129 3615 1195 I°Quod
3636 1128 3818 1201 Cyril-

2171 1226 2294 1281 lum
2341 1230 2517 1297 negat
2576 1224 2885 1279 historiam
2944 1224 3248 1286 Susanna,
3309 1220 3463 1274 Belis
3512 1225 3571 1274 et
3632 1220 3815 1274 trium

2172 1330 2491 1386 puerorum
2513 1313 2809 1368 canticum
2833 1312 3161 1383 agnovisse.
3186 1309 3501 1382 Ignorabat
3527 1308 3816 1364 nimirum

2170 1402 2434 1475 Cyrllum
2494 1401 2758 1457 Danielis
2811 1399 3300 1471 interpretatione
3354 1397 3815 1452 aTheodotione

2171 1492 2478 1559 adornata,
2501 1508 2635 1546 cum
2668 1496 2789 1545 tota
2819 1490 3018 1544 Graca
3036 1494 3093 1543 et
3124 1489 3328 1543 Latina
3356 1487 3619 1542 Ecclesia
3640 1503 3815 1542 usum

2172 1598 2347 1638 esse:
2382 1582 2444 1636 in
2476 1597 2594 1652 qua
2648 1580 2814 1635 nulla
2836 1584 2985 1645 erat,
3042 1578 3195 1633 sicut
3242 1577 3301 1631 in
3362 1576 3817 1647 ltieronymiana

2173 1671 2580 1736 translatione,
2597 1670 2775 1724 trium
2799 1669 3039 1723 illorum
3067 1673 3591 1722 monumentorum
3616 1682 3652 1721 a
3675 1665 3813 1720 reli-

2171 1778 2286 1831 quo
2320 1759 2579 1815 Danielis
2616 1764 2777 1812 textu
2833 1756 3174 1822 dictinctio;
3208 1755 3310 1811 sed
3370 1756 3429 1810 in
3462 1755 3655 1827 primo
3685 1754 3815 1810 loco

2172 1849 2499 1904 habebatur
2530 1848 2779 1902 historia
2807 1847 3088 1901 Susanna
3119 1863 3131 1900 :
3164 1846 3227 1899 in
3249 1845 3445 1900 medio
3477 1844 3662 1914 captis
3696 1849 3812 1897 ter-

2166 1939 2230 1992 tii
2263 1938 2559 1993 canticum
2578 1952 2931 2007 puerorum;
2966 1940 3024 1990 et
3052 1934 3124 1989 ad
3155 1934 3333 1988 ﬁdem
3351 1933 3507 1988 Belis
3538 1931 3812 1987 historia.

2163 2027 2511 2099 Hujusmodi
2528 2026 2787 2082 Danielis
2801 2023 3236 2095 exemplaribus
3250 2023 3569 2078 utebantur
3583 2023 3808 2088 Patres;

2163 2117 2502 2189 hujusmodi
2528 2123 2667 2172 sunt
2686 2131 2893 2169 omnes
2927 2130 3075 2186 pene
3107 2130 3247 2169 mss.
3273 2113 3456 2168 Graci
3482 2111 3808 2166 Bibliorum

2163 2205 2416 2261 codices.
2445 2205 2558 2260 Sed
2583 2203 3006 2260 inexcusabilis
3053 2202 3239 2257 Riveti
3289 2201 3361 2255 de
3394 2200 3612 2272 Cyrillo
3643 2200 3807 2255 afﬁr-

2163 2295 2366 2363 matio,
2398 2312 2532 2351 cum
2566 2295 2678 2349 tria
2714 2294 2838 2349 hac
2871 2298 3258 2348 monumenta
3307 2292 3368 2345 in
3401 2290 3801 2357 Catechesibus,

2162 2385 2249 2441 uti
2281 2401 2447 2440 veras
2476 2383 2736 2439 Danielis
2757 2382 3081 2454 prophetia
3109 2385 3307 2452 partes
3337 2381 3499 2448 citet,
3517 2380 3804 2434 Susanna

2163 2473 2471 2529 historiam
2496 2478 2608 2529 cat.
2638 2475 2723 2535 16,
2745 2488 2803 2527 n.
2829 2473 2917 2538 31,
2953 2470 3251 2524 canticum
3273 2469 3453 2523 trium
3487 2483 3810 2539 puerorum

2163 2569 2276 2619 cat.
2310 2580 2369 2617 n.
2404 2566 2490 2629 16,
2523 2569 2634 2617 cat.
2662 2562 2718 2626 9,
2752 2578 2809 2615 n.
2862 2564 2916 2624 2,
2952 2559 3072 2614 Beli
3103 2564 3162 2614 et
3190 2558 3464 2613 draconis
3496 2557 3808 2612 historiam

2163 2659 2275 2709 cat.
2310 2653 2398 2715 14,
2431 2669 2491 2707 n.
2525 2654 2614 2707 25.
2647 2649 2889 2705 Baruchi
2927 2649 3145 2702 librum
3190 2654 3476 2718 praterea
3507 2651 3565 2701 et
3593 2645 3809 2717 episto-

2162 2741 2281 2797 lam
2307 2740 2576 2796 Ieremia
2608 2740 2669 2793 in
2701 2738 2963 2809 catalogo
2989 2754 3094 2792 suo
3126 2740 3437 2800 recenset;
3480 2739 3539 2789 et
3567 2734 3808 2789 tertium

2164 2829 2361 2886 Esdra
2391 2829 2612 2883 librum
2644 2826 3032 2899 probabiliter
3087 2842 3194 2897 pro
3226 2824 3426 2880 Esdra
3475 2824 3662 2896 primo
3693 2822 3804 2876 ha-

2163 2920 2312 2985 buit,
2344 2935 2480 2973 cum
2511 2917 2742 2973 cateris
2772 2916 2941 2988 vulgo
2973 2914 3270 2971 Patribus.
3296 2913 3558 2969 Estheris
3587 2911 3810 2983 pariter
3891 2960 3895 2965 .

2165 3007 2571 3064 additamenta
2601 3005 2663 3059 in
2693 3022 2798 3060 suo
2833 3004 2983 3059 libro
3014 3020 3149 3059 cum
3207 3002 3439 3059 cateris
3492 3003 3814 3072 conjuncta

2164 3114 2285 3153 non
2302 3095 2531 3150 videtur
2551 3111 2586 3149 a
2606 3094 2835 3164 reliquo
2868 3099 3030 3148 textu
3053 3093 3416 3157 distinxisse,
3442 3091 3542 3163 qui
3568 3089 3811 3145 Hebrai-

2164 3204 2246 3243 ca
2277 3186 2492 3257 lingua
2526 3184 2701 3256 plane
2733 3182 2895 3238 rudis
2927 3188 3054 3237 erat
3082 3199 3095 3236 :
3128 3199 3202 3236 ne
3234 3182 3468 3237 Rivetus
3515 3196 3648 3235 eum
3685 3178 3812 3234 solo

410 3283 710 3350 appareat,
745 3278 903 3348 quod
936 3279 1026 3331 Vix
1056 3275 1257 3348 negari
1288 3279 1516 3345 Potest;
1553 3273 1745 3327 dicam
1784 3270 1948 3324 illam
1982 3285 2052 3323 ex
2082 3259 2123 3324 C
2164 3275 2542 3332 Hebraorum
2577 3289 2803 3329 canone
2836 3287 3009 3326 usum
3060 3272 3396 3337 existimet;
3430 3270 3490 3324 in
3541 3285 3657 3341 quo
3690 3285 3811 3324 uno

406 3366 558 3420 votis
589 3365 857 3420 ﬁdelium
908 3370 1030 3418 tota
1076 3362 1338 3434 mysterii
1374 3362 1606 3416 actione
1638 3357 1913 3430 supponi.
1946 3356 2052 3409 Ille

406 3459 607 3511 autem
646 3453 899 3525 liturgia
926 3452 1242 3508 Gallicana
1283 3466 1447 3515 usus,
1479 3454 1545 3502 ut
1589 3446 1763 3501 modo
1797 3460 2051 3516 evange-

411 3544 543 3600 licis
585 3544 778 3599 verbis
844 3548 1065 3615 praeat
1117 3542 1429 3609 invocatio,
1487 3538 1665 3593 modo
1720 3536 2055 3608 evangelica

412 3633 591 3689 verba
620 3633 1000 3694 invocationi,
1064 3631 1275 3703 probat
1330 3630 1481 3684 nihil
1539 3627 1795 3683 maxime
1821 3626 1895 3680 ad
1927 3640 2053 3679 rem

413 3723 713 3795 pertinere
738 3739 854 3792 quo
888 3722 948 3776 in
983 3721 1109 3775 loco
1133 3737 1202 3775 ea
1231 3719 1571 3775 collocetur.
1610 3718 1763 3772 Duas
1790 3732 1882 3771 res
1905 3732 2053 3787 pra-

415 3812 659 3867 standas
689 3812 751 3865 in
786 3815 1156 3865 sacramento
1189 3808 1368 3863 habet
1396 3806 1678 3872 Ecclesia,
1711 3811 1777 3860 ut
1806 3810 1864 3859 et
1892 3802 2059 3859 Chri-

415 3902 489 3957 sti
521 3901 695 3957 verba
724 3901 952 3964 recitet,
984 3916 1116 3970 qua
1146 3904 1212 3953 ut
1233 3898 1374 3953 olim
1409 3897 1467 3951 in
1499 3913 1666 3951 cana
1715 3896 1900 3966 ipsius
1930 3909 2055 3961 ore,

417 3990 502 4047 sic
534 4007 693 4045 nunc
724 4007 960 4062 quoque
989 3989 1061 4044 ab
1094 3989 1220 4060 ipso
1252 3986 1662 4043 ministrorum
1695 3987 1823 4055 ejus
1853 3998 2055 4055 perso-

417 4096 556 4136 nam
589 4081 1012 4136 sustinentium
1038 4095 1138 4133 ore
1170 4078 1415 4132 recitata
1438 4075 1771 4131 mirabilem
1795 4072 2060 4128 euchari-

419 4170 547 4225 stia
587 4170 1035 4225 conversionem
1094 4173 1415 4239 operentur
1456 4184 1471 4232 ;
1531 4170 1591 4220 et
1639 4170 1835 4218 votum
1887 4178 2059 4217 suum

417 4258 728 4329 exprimat,
788 4262 855 4313 ut
909 4257 1174 4312 Christus
1230 4254 1555 4309 secundum
1609 4251 2065 4323 promissionem

418 4364 587 4403 suam
620 4363 725 4403 suo
771 4350 1141 4402 sacramento
1202 4360 1276 4398 ne
1324 4342 1515 4397 desit:
1561 4342 1687 4396 hac
1717 4358 1852 4395 cum
1884 4339 2060 4395 simul

421 4443 699 4503 prastare
723 4453 842 4491 non
867 4435 1072 4507 possit.
1098 4440 1360 4504 tempore
1389 4430 1647 4485 dividere
1678 4430 1924 4502 cogitur.
1950 4428 2061 4483 Sed

416 4543 536 4582 una
549 4527 804 4581 estactio
831 4523 1104 4580 sacriﬁcii
1121 4522 1349 4576 duabus
1367 4520 1488 4575 illis
1512 4519 1687 4574 rebus
1706 4518 2060 4590 composita:

2162 3381 2224 3420 se
2256 3366 2657 3418 Protestantes
2714 3362 3093 3432 acquiescere
3135 3361 3483 3433 gloriantur.
3538 3359 3806 3414 Alterum

2163 3452 2430 3525 ejusdem
2454 3451 2637 3506 Riveti
2657 3457 2963 3521 peccatum
2984 3456 3093 3517 est,
3130 3449 3287 3520 quod
3317 3447 3817 3504 deuterocanoni-

2162 3559 2263 3599 cos
2290 3558 2439 3613 quos
2471 3540 2724 3595 dicimus
2748 3540 3101 3610 librosquia
3132 3540 3191 3593 in
3224 3539 3546 3610 Cyrilliano
3578 3553 3809 3593 canone

2164 3648 2285 3688 non
2314 3637 2723 3694 recensentur,
2740 3629 2811 3684 ab
2836 3646 2903 3685 eo
2935 3646 3178 3700 prorsus
3199 3630 3454 3700 rejectos
3487 3628 3808 3683 existimet.

2164 3723 2230 3777 In
2260 3720 2523 3792 catalogo
2556 3736 2762 3774 revera
2820 3736 2941 3773 non
2995 3718 3450 3789 comprehendit
3479 3734 3607 3784 suo,
3637 3716 3807 3788 quasi

2163 3810 2376 3865 dubios
2396 3816 2453 3864 et
2473 3808 2741 3863 nundum
2764 3808 2886 3862 ullo
2914 3808 3190 3863 Ecclesia
3213 3805 3811 3878 universalisjndicio

2164 3900 2226 3954 in
2257 3914 2545 3953 canonem
2580 3903 2869 3969 receptos.
2901 3899 2973 3951 At
3014 3913 3219 3951 eorum
3248 3898 3500 3967 aliquos,
3534 3896 3693 3950 idem
3737 3895 3810 3949 de

2164 3990 2394 4046 cateris
2426 3989 2553 4043 sine
2575 3987 2773 4053 dubio,
2801 3988 2847 4043 si
2879 4004 2939 4043 se
2967 3986 3229 4043 dedisset
3245 3986 3497 4053 occasio,
3521 3986 3813 4053 facturus,

2166 4096 2323 4150 sape
2371 4079 2530 4133 citat.
2599 4077 2914 4148 Sapientia
2974 4077 3193 4132 librum
3243 4082 3355 4133 cat.
3389 4079 3442 4143 9,
3474 4092 3533 4131 n.
3567 4079 3601 4129 2
3631 4080 3691 4129 et
3720 4076 3808 4141 16,

2164 4166 2370 4223 laudat
2424 4166 2532 4221 sub
2574 4167 2812 4221 nomine
2869 4166 3233 4232 Salomonis;
3292 4165 3807 4234 Ecclesiasticique

2169 4255 2482 4311 sententiis
2513 4255 2700 4310 utitur
2730 4261 2842 4309 cat.
2874 4257 2928 4323 6,
2961 4272 3019 4311 n.
3046 4257 3101 4322 4,
3134 4260 3245 4310 cat.
3283 4255 3368 4321 i3,
3398 4271 3456 4309 n.
3492 4256 3544 4321 8,
3574 4258 3685 4309 cat.
3722 4255 3813 4318 11,

2168 4362 2228 4401 n.
2263 4348 2346 4399 19.
2405 4346 2527 4398 lmo
2587 4349 2645 4398 et
2691 4343 3079 4415 Apocalypsis
3133 4344 3446 4399 sententiis
3504 4341 3816 4415 permultis

2167 4435 2372 4498 utitur,
2406 4433 2671 4504 quamvis
2704 4432 2921 4487 librum
2954 4434 3113 4489 hunc
3146 4449 3420 4504 expresse
3453 4433 3538 4487 uti
3569 4448 3815 4505 apocry-

2170 4523 2353 4594 phum
2388 4523 2665 4594 rejecisse
2696 4522 2986 4577 videatur.
3033 4522 3189 4577 Idem
3242 4522 3333 4577 illi
3373 4521 3532 4593 quod
3586 4520 3817 4577 cateris

417 4635 686 4690 quanam
709 4633 913 4673 earum
931 4615 1018 4669 vel
1043 4611 1445 4685 pracedatvel
1471 4617 1755 4682 sequatur
1780 4626 1854 4665 ne
1879 4610 2065 4664 maxi-
2098 4634 2140 4698 ο
2173 4613 2442 4668 Patribus
2478 4612 2713 4677 accidit,
2750 4618 2813 4667 ut
2842 4630 2975 4668 cum
3016 4612 3588 4668 deuterocanonicos
3632 4612 3816 4668 libros

416 4725 512 4763 me
541 4708 793 4772 intersit,
842 4706 981 4761 facit
1031 4704 1284 4759 actionis
1343 4703 1519 4772 hujus
1577 4702 1793 4756 unitas.
1854 4701 2063 4771 Aptius

418 4802 618 4852 tamen
642 4796 887 4861 videtur,
913 4799 978 4849 ut
997 4809 1175 4848 causa
1197 4792 1519 4862 impetrans
1542 4807 1671 4862 qua
1695 4790 1757 4844 in
1783 4788 2058 4861 precibus

421 4886 532 4941 sita
559 4891 669 4951 est,
697 4885 1051 4940 efﬁcientem
1076 4898 1314 4938 causam
1339 4896 1515 4952 quam
1541 4880 1603 4934 in
1633 4879 1826 4934 verbis
1847 4878 2063 4933 Christi

418 4974 762 5045 reponimus
794 4973 1091 5045 pracedat
1117 4978 1173 5026 et
1201 4971 1494 5037 attrahat;
1537 4986 1669 5040 qua
1724 4975 1814 5023 est
1843 4968 2062 5023 Latina

416 5062 696 5119 Ecclesia
751 5061 1162 5123 consuetudo;
1212 5075 1389 5131 quam
1448 5062 1515 5112 ut
1562 5057 1829 5113 efﬁciens
1886 5072 2065 5112 causa

418 5153 836 5223 impetrantem
871 5166 1132 5220 prasens
1165 5152 1467 5219 exspectet
1504 5151 1570 5201 ut
1603 5151 1756 5219 agat,
1789 5162 1921 5217 qua
1976 5148 2065 5201 est

420 5244 635 5297 Graca
667 5239 1038 5295 caremonia
1069 5238 1241 5293 ratio.

1030 5355 1262 5409 CAPUT
1300 5352 1448 5408 XIII.

584 5475 657 5528 De
688 5488 848 5528 sacra
875 5473 1173 5541 scriptura,
1208 5469 1525 5537 traditione,
1557 5474 1609 5523 et
1642 5467 1897 5523 Ecclesia.

494 5599 582 5653 98.
620 5599 775 5652 Duas
806 5597 901 5650 hic
953 5594 1241 5649 habemus
1288 5591 1645 5647 refellendas
1677 5592 1863 5647 Riveti
1896 5592 2059 5664 obje-

420 5691 670 5755 ctiones,
703 5702 849 5757 quas
886 5702 955 5741 ex
984 5683 1333 5740 auctoritate
1371 5681 1574 5755 Cyrilli
1617 5681 1679 5736 in
1710 5681 2063 5737 catholicam

422 5778 747 5837 Ecclesiam
776 5776 1050 5832 intentat.
1082 5773 1283 5829 Prima
1306 5776 1414 5838 est,
1439 5769 1598 5845 quod
1618 5770 1805 5827 alium
1829 5787 1865 5827 a
1882 5770 2064 5844 Cyril-

421 5869 584 5929 liano
614 5882 936 5943 sequamur
962 5864 1402 5940 Scripturarum
1449 5875 1739 5920 canonem
1768 5875 1784 5933 ;
1814 5859 2065 5935 perinde

2172 4701 2244 4757 ab
2276 4701 2557 4757 omnibus
2590 4701 2868 4757 Ecclesiis
2899 4718 3018 4756 non
3049 4702 3231 4772 recipi
3267 4702 3463 4759 sciret.
3493 4701 3553 4755 in
3587 4718 3816 4757 canone

2171 4807 2289 4845 non
2337 4790 2722 4845 recensuerit.
2785 4790 2895 4845 Sed
2928 4797 3127 4846 tamen
3184 4807 3317 4845 eum
3383 4790 3703 4845 haberetur
3754 4791 3816 4846 in

2168 4878 2432 4934 Ecclesia
2461 4884 2623 4933 certa
2663 4884 2719 4933 et
2750 4878 3085 4934 indubitata
3115 4878 3185 4933 de
3219 4895 3427 4934 eorum
3462 4878 3727 4934 bonitate
3760 4883 3818 4935 et

2171 4968 2426 5023 utilitate
2461 4968 2719 5036 traditio,
2752 4967 2825 5023 de
2874 4985 3076 5023 eorum
3138 4985 3273 5024 vero
3333 4969 3664 5034 divinitate,
3694 4986 3815 5024 non

2170 5058 2275 5113 illa
2313 5062 2474 5113 certa
2531 5063 2590 5113 et
2646 5056 2949 5129 explorata
2979 5074 3046 5113 ac
3077 5057 3392 5131 generalis,
3453 5058 3557 5113 sed
3615 5064 3815 5115 tamen

2170 5146 2506 5202 communis
2538 5163 2648 5201 nec
2705 5146 3056 5218 interrupta,
3110 5153 3169 5201 et
3195 5147 3464 5201 omnium
3522 5163 3673 5219 pene
3705 5149 3812 5203 Pa-

2171 5242 2328 5293 trum
2360 5236 2543 5292 veluti
2600 5236 2860 5291 divinam
2918 5236 3282 5308 Scripturam
3333 5237 3644 5292 citantium
3699 5252 3809 5292 usu

2171 5327 2552 5393 conﬁrmata;
2587 5342 2687 5381 eos
2718 5332 2999 5397 tanquam
3030 5326 3260 5380 divinos
3292 5325 3573 5382 laudabat
3611 5326 3807 5382 Eccle-

2171 5416 2273 5471 sia
2323 5415 2620 5487 judicium
2679 5422 3048 5486 exspectans.
3104 5415 3318 5481 Tertio,
3378 5415 3585 5486 inique
3641 5416 3811 5471 nobis

2172 5504 2375 5575 objicit
2434 5505 2670 5559 Rivetus
2720 5504 3026 5575 Cyrilliani
3077 5505 3324 5559 canonis
3377 5505 3814 5572 auctoritatem,

2172 5592 2422 5666 perinde
2462 5594 2630 5665 quasi
2663 5599 2765 5648 aut
2813 5610 2881 5648 eo
2932 5593 3044 5665 ipsi
3097 5595 3500 5649 Protestantes
3532 5600 3811 5664 utantur;

2171 5687 2274 5739 aut
2302 5682 2415 5755 ipsi
2446 5682 2788 5751 debeamus,
2818 5682 2909 5738 vel
2938 5683 3115 5739 etiam
3145 5684 3445 5754 possimus
3474 5699 3684 5741 omnes
3715 5684 3810 5743 SS.

2170 5773 2432 5840 Patrum,
2476 5789 2725 5846 quorum
2782 5777 2925 5829 nota
2970 5777 3061 5830 est
3113 5773 3272 5829 inter
3314 5789 3376 5830 se
3414 5770 3724 5832 diversitas
3754 5778 3814 5830 et

2173 5862 2563 5923 contrarietas
2622 5862 2831 5940 sequi.
2888 5862 3003 5924 Sed
3058 5879 3168 5925 nos
3224 5862 3344 5922 illis
3405 5862 3625 5939 potiori
3673 5864 3811 5939 jure
