4134 6264
329 310 456 371 285

1714 305 2237 371 DISSERTATIO
2280 309 2389 371 III.

3638 308 3755 370 286

328 443 594 515 objicere
624 458 949 514 possumus
979 442 1171 515 primo
1204 440 1482 514 antiquos
1536 442 1757 498 Latina
1792 441 1995 496 Eccle-
2026 445 2075 510 Α
2108 452 2251 500 cont.
2281 446 2580 515 Gaudent.,
2612 462 2739 518 cap.
2801 447 2887 512 31,
2917 458 3083 499 num.
3117 444 3205 510 38,
3262 446 3320 496 et
3348 445 3422 497 De
3463 459 3598 498 cura
3642 460 3751 513 pro

328 534 455 600 sia,
488 533 549 587 in
582 548 702 603 qua
763 532 1098 604 regenerati
1154 537 1314 595 sunt,
1372 549 1631 588 canones
1672 548 1820 603 quos
1877 548 1983 585 nos

338 623 687 694 sequimur;
747 620 966 677 deinde
1024 621 1497 676 Protestantibus
1550 621 1796 692 aquiori
1847 625 1984 691 jure

337 712 652 783 objicimus
684 716 949 765 mentem
1009 726 1076 765 ac
1108 710 1466 765 sententiam
1526 709 1752 782 Cyrilli,
1784 709 1845 763 in
1889 725 1984 763 ca-

334 818 493 857 none
553 799 995 870 Scripturarum
1054 799 1468 854 describendo.
1525 800 1709 864 Quam
1768 804 1830 852 ut
1870 797 1982 869 ipsi

335 890 564 964 perﬁde
609 895 1023 956 contemnunt,
1058 890 1140 945 ita
1196 906 1303 944 nos
1336 889 1593 960 perfecte
1653 888 1981 959 sequimur,

336 997 467 1037 cum
498 981 681 1035 etiam
712 979 784 1034 ab
818 979 947 1048 ejus
1005 995 1232 1034 canone
1290 978 1674 1033 discedimus.
1727 977 1981 1050 Cyrillus

330 1068 637 1143 [CCXLIII]
668 1085 790 1123 non
820 1085 926 1124 sua
956 1068 1305 1123 auctoritate
1338 1084 1627 1122 canonem
1658 1067 1982 1138 Scriptura-

328 1176 464 1216 rum
493 1159 851 1230 composuit,
896 1158 1000 1213 sed
1032 1158 1204 1213 illum
1229 1172 1406 1229 quem
1439 1174 1544 1213 sua
1593 1156 1857 1211 Ecclesia
1888 1171 1977 1210 se-

332 1248 644 1319 quebatur,
704 1245 827 1301 suis
883 1245 1256 1300 auditoribus
1314 1244 1511 1299 dedit:
1571 1260 1639 1300 ac
1687 1260 1793 1315 pro
1854 1243 1978 1316 lege

324 1335 691 1410 prascripsit
742 1340 808 1389 ut
828 1352 928 1390 eos
958 1334 1142 1389 libros
1181 1350 1286 1405 pro
1347 1334 1559 1388 divinis
1601 1332 1978 1400 haberemus,

330 1444 480 1500 quos
497 1426 669 1481 nobis
692 1426 969 1481 Ecclesia
1001 1425 1301 1481 unanimis
1327 1424 1651 1479 auctoritas
1700 1428 1758 1478 et
1798 1422 1977 1477 tradi-

326 1516 409 1572 tio
440 1515 741 1588 pr0ponit,
775 1520 888 1570 cat.
934 1516 989 1581 4,
1022 1530 1081 1568 n.
1116 1515 1203 1581 33,
1239 1515 1325 1579 35,
1362 1514 1448 1569 36.
1503 1515 1581 1567 Ex
1610 1529 1679 1567 ea
1707 1512 1835 1582 lege
1869 1528 1979 1566 nos

323 1604 898 1662 deuterocanonicos
925 1603 1107 1657 libros
1131 1603 1509 1674 suscipimus,
1545 1618 1693 1672 quos
1716 1602 1841 1672 ipse
1872 1600 1975 1654 ho-

328 1695 426 1751 die
456 1694 736 1750 Ecclesia
782 1699 1019 1749 secutus
1049 1693 1462 1748 auctoritatem
1513 1692 1841 1764 susciperet
1869 1690 1979 1761 Cy-

328 1785 528 1839 rillus.
568 1783 653 1838 Illi
705 1783 864 1879 omni
924 1782 1201 1837 Ecclesia
1235 1787 1358 1879 tum
1417 1781 1544 1851 ejus
1592 1781 1651 1835 in
1708 1798 1823 1851 qua
1854 1779 1978 1834 nati
2011 1815 2058 1879 Β

327 1879 491 1938 sunt,
520 1878 646 1927 tum
673 1872 1024 1927 universalis
1049 1870 1326 1926 Ecclesia
1350 1887 1379 1924 e
1412 1886 1529 1941 qua
1551 1870 1867 1924 schismate
1888 1885 1983 1923 re-

324 1965 656 2021 cesserunt.
692 1960 1041 2015 auctoritate
1069 1958 1349 2030 seposita,
1383 1974 1673 2013 canonem
1716 1957 1987 2029 Scriptu-

324 2067 532 2107 rarum
557 2067 627 2106 ex
648 2049 894 2104 arbitrio
919 2064 1325 2120 composuere.
1352 2046 1607 2119 Cyrillus
1640 2047 1702 2102 in
1737 2063 1843 2100 suo
1888 2062 1981 2101 ca-

324 2159 483 2197 none
518 2143 647 2195 sine
680 2140 1111 2196 detrectatione
1142 2138 1386 2194 admisit
1415 2137 1620 2201 libros,
1668 2136 1739 2191 de
1769 2133 1986 2207 quibus

329 2231 473 2286 olim
496 2230 691 2285 fuerat
711 2228 1146 2296 addubitatum,
1172 2244 1280 2282 nec
1311 2226 1500 2299 ipsius
1550 2231 1721 2279 atate
1752 2224 1984 2279 dubita-

329 2321 412 2375 tio
436 2319 728 2374 desierat:
754 2318 838 2373 nti
865 2318 1190 2390 Epistolam
1213 2316 1285 2373 ad
1310 2316 1605 2382 Hebraos,
1634 2320 1692 2370 et
1717 2331 1786 2369 ex
1815 2330 1984 2369 sano-

338 2411 494 2465 nicis
515 2408 795 2480 Epistolis
817 2409 1154 2479 complures
1181 2432 1195 2474 ;
1214 2407 1316 2462 sed
1339 2406 1679 2477 pravalenti
1704 2403 1985 2459 Ecclesia-

325 2516 459 2556 rum
489 2498 826 2554 auctoritati
848 2497 1295 2568 obtemperavit.
1344 2495 1559 2561 Quidni
1592 2511 1728 2566 ergo
1762 2492 1990 2548 hodier-

339 2604 492 2644 num
524 2588 734 2643 Graeca
756 2586 977 2657 pariter
993 2590 1049 2641 et
1078 2586 1294 2640 Latina
1318 2584 1595 2639 Ecclesia
1620 2582 1990 2654 sutTragium,

338 2678 401 2734 id
435 2677 822 2733 admittendis
876 2675 1428 2731 deuterocanonicis
1461 2673 1629 2728 libris
1660 2676 1992 2743 sequuntur

342 2766 684 2831 adversarii,
734 2765 968 2821 etiamsi
1016 2763 1309 2820 nonnulla
1340 2763 1411 2818 de
1443 2762 1516 2817 iis
1550 2761 1703 2816 forte
1735 2758 1995 2831 supersit

342 2856 630 2913 dubitatio
670 2854 949 2910 Ecclesia
980 2854 1159 2909 totius
1199 2851 1531 2908 auctoritati
1564 2848 1989 2905 submittenda.

413 2950 498 3001 99.
536 2947 859 3015 Utriusque
881 2944 1157 3000 Ecclesia
1185 2941 1399 2998 veteris
1440 2943 1651 2998 Graca
1672 2946 1731 2995 et
1750 2940 1991 3011 Latina,

350 3052 472 3092 cum
498 3035 767 3090 diversos
792 3034 1226 3106 Scripturarum
1251 3029 1996 3096 canonesconderent,una

336 3140 502 3180 mens
528 3141 598 3180 ac
632 3123 932 3179 sententia
974 3122 1101 3177 fuit.
1138 3121 1246 3187 Qui
1277 3120 1439 3175 verbi
1489 3120 1676 3192 gratia
1707 3118 1992 3173 deutero-

332 3214 649 3269 canonicos
709 3211 1120 3273 excludebant.
1151 3226 1252 3265 eos
1283 3216 1483 3264 tamen
1544 3209 1606 3264 in
1655 3207 1779 3263 suis
1810 3206 1980 3261 libris
2015 3176 2058 3243 C

331 3304 554 3376 passim
585 3307 652 3359 ut
680 3301 914 3357 divinos
945 3300 1113 3356 nullo
1136 3299 1483 3355 discrimine
1506 3296 1848 3353 laudabant.
1876 3294 1985 3360 Qui

330 3399 530 3451 autem
554 3394 616 3448 in
636 3408 866 3447 canone
890 3391 1276 3462 recipiebant,
1297 3390 1336 3444 ii
1356 3390 1524 3445 nulla
1544 3394 1705 3444 certa
1726 3387 1820 3443 affi
1832 3403 1987 3441 rma-

340 3482 525 3549 tione,
558 3486 662 3537 ant
690 3481 1004 3536 contraria
1028 3480 1340 3534 sententia
1354 3478 1734 3534 damnatione
1760 3476 1819 3531 id
1839 3493 1988 3548 pra-

339 3571 620 3627 stabant:
650 3569 754 3624 sed
786 3568 943 3623 velut
970 3566 1249 3623 idoneam
1275 3567 1687 3621 auctoritatem
1736 3582 1856 3620 sua
1881 3566 1991 3618 Ec-

339 3660 538 3716 clesia
573 3657 954 3714 traditionem
988 3656 1196 3719 secuti,
1232 3656 1451 3710 certius
1483 3660 1681 3709 tamen
1705 3659 1764 3708 et
1809 3669 1988 3724 gene-

337 3748 526 3805 ralius
549 3746 973 3819 exspectabant
992 3745 1267 3800 Ecclesia
1291 3742 1642 3798 universalis
1667 3741 1987 3812 judicium.

337 3838 429 3894 Sic
456 3854 590 3893 cum
624 3835 888 3892 Ecclesia
909 3835 1187 3890 Africana
1205 3833 1266 3888 in
1290 3832 1543 3888 concilio
1562 3830 1988 3903 Carthaginen-

338 3928 386 3984 si
415 3944 513 3983 an.
550 3928 673 3993 397,
709 3940 998 3981 canonem
1031 3939 1224 3983 suum.
1260 3922 1356 3994 qui
1391 3921 1734 3977 Tridentino
1767 3918 1990 3974 confor.

336 4018 450 4073 mis
481 4020 593 4078 est,
658 4014 1014 4086 scripsisset,
1071 4012 1248 4067 veluti
1309 4010 1700 4066 subdubitans
1730 4007 1987 4064 addidit:

338 4107 414 4161 De
471 4103 847 4173 conﬁrmando
898 4105 1004 4157 isto
1056 4117 1264 4157 canone
1316 4099 1691 4154 transmarina
1750 4098 1989 4153 Ecclesia

340 4193 677 4249 cumulatur.
712 4193 1049 4261 Iterumque
1080 4189 1141 4244 in
1188 4189 1374 4244 altero
1408 4187 1852 4261 Carthaginensi
1886 4203 1984 4242 an.

340 4282 461 4349 “9,
497 4281 708 4337 eodem
740 4280 1004 4352 catalogo
1037 4279 1387 4345 confirmato
1424 4277 1682 4349 subjicit,
1722 4278 1788 4332 Ut
1816 4280 1990 4345 fratri

343 4378 391 4426 et
420 4370 797 4427 consacerdoti
828 4370 1116 4437 Bonifacio
1169 4366 1381 4438 (papa)
1407 4371 1457 4419 et
1513 4382 1701 4420 earum
1736 4368 1989 4434 partium

344 4461 611 4532 episcoyis
636 4463 954 4514 innotescat.
1000 4456 1287 4512 Similiter
1314 4454 1675 4527 Augustinus
1708 4456 1806 4525 qui
1840 4457 1987 4511 utri-

2095 536 2325 589 mortuis
2356 553 2482 607 cap.
2518 540 2566 603 l,
2621 552 2785 590 num.
2822 536 2872 589 3.
2933 535 3079 587 Item
3111 532 3182 586 de
3245 532 3558 602 Sapientia
3591 532 3745 587 libro

2095 625 2166 680 ab
2201 626 2669 680 Massiliensibus
2728 624 2971 694 rejecto,
3022 622 3081 676 in
3113 621 3215 677 lib.
3283 628 3358 675 De
3402 622 3581 691 praed.
3642 624 3743 677 SS.

2095 715 2166 769 Et
2186 714 2245 768 in
2269 716 2459 785 primo
2482 716 2782 769 Retractat.
2810 713 2936 777 lib.,
2961 728 3087 783 cap.
3119 712 3205 773 10,
3239 726 3403 764 num.
3456 712 3507 776 3,
3557 715 3740 766 retra-

2095 809 2215 858 ctat
2238 810 2295 857 et
2315 803 2556 873 corrigit
2579 802 2635 857 id
2653 801 2809 873 quod
2824 800 3039 856 alicubi
3056 798 3231 854 verba
3244 816 3311 853 ex
3333 798 3742 853 Ecclesiastico

2095 899 2347 965 sumpta,
2368 893 2699 962 prophetica
2712 892 2873 946 verba
2887 889 3318 961 appellaverat;
3344 890 3498 957 quia,
3522 888 3737 958 inquit,

2091 1000 2201 1039 non
2235 985 2291 1037 in
2314 985 2431 1054 ejus
2462 983 2601 1037 libro
2633 983 2892 1053 teguntur
2920 997 3080 1052 quem
3109 981 3246 1035 certi
3274 981 3442 1033 simus
3470 994 3579 1032 esse
3603 994 3741 1047 pro-

2084 1073 2330 1145 phetam.
2377 1072 2632 1127 Junilius
2691 1086 3035 1142 quanquam
3096 1069 3406 1123 Africanus
3460 1067 3521 1120 in
3554 1066 3657 1122 lib.
3697 1084 3734 1134 ι,

2092 1179 2218 1233 cap.
2269 1164 2321 1229 3,
2346 1163 2398 1227 4,
2424 1165 2475 1229 5,
2511 1165 2542 1217 6
2574 1168 2631 1215 et
2660 1165 2710 1225 7,
2741 1161 2813 1216 de
2844 1160 3047 1215 multis
3086 1158 3347 1214 Africani
3397 1155 3646 1227 catalogi
3674 1155 3738 1210 li-

2091 1251 2211 1305 bris
2232 1251 2330 1317 ait,
2352 1251 2444 1305 vel
2468 1250 2610 1305 inter
2638 1253 2929 1306 canonicas
2955 1248 3255 1319 [CCXLlV]
3281 1248 3599 1316 Scripturas
3630 1261 3741 1300 non

2090 1356 2326 1407 currere,
2357 1339 2448 1393 vel
2476 1341 2666 1394 media
2714 1340 3059 1393 auctoritatis
3089 1354 3214 1392 esse.
3261 1337 3610 1406 Quanquam
3642 1335 3735 1388 In-

2089 1428 2400 1483 nocentius
2428 1434 2485 1481 et
2515 1428 2779 1483 Gelasius
2807 1428 3056 1483 Romani
3099 1426 3411 1498 pontiﬁces
3443 1439 3734 1479 canonem

2088 1516 2379 1572 librorum
2403 1533 2511 1572 sua
2532 1517 2880 1571 auctoritate
2916 1515 3238 1581 dedissent,
3271 1514 3333 1567 in
3365 1530 3482 1583 quo
3515 1513 3744 1567 Macha-

2090 1608 2352 1663 baorum
2381 1608 2513 1662 libri
2537 1607 2942 1671 continentur,
2969 1623 3174 1661 eorum
3204 1611 3400 1660 tamen
3426 1619 3738 1658 successor

2088 1699 2143 1754 S.
2168 1698 2479 1769 Gregorius
2523 1698 2762 1770 Magnus
2815 1696 2916 1751 lib.
2946 1714 3036 1750 χιι
3068 1695 3286 1762 Moral.,
3317 1710 3423 1763 cap
3460 1694 3543 1753 l3,
3580 1691 3738 1762 quod

2090 1787 2161 1841 iis
2194 1804 2335 1841 usus
2367 1792 2523 1841 esset
2551 1787 2632 1840 ita
2681 1802 2740 1839 se
2793 1791 3069 1840 excusat:
3105 1795 3227 1842 Non
3266 1790 3585 1839 inordinate
3618 1789 3741 1851 agi-

2089 1892 2217 1925 mus
2269 1877 2321 1925 si
2370 1892 2437 1924 ex
2469 1876 2634 1924 libris
2682 1876 2807 1925 licet
2844 1890 2956 1923 non
2986 1874 3289 1930 canonicis,
3333 1873 3427 1920 sed
3457 1880 3639 1919 tamen
3669 1870 3741 1919 ad

2090 1965 2351 2015 Ecclesiae
2396 1966 2821 2030 cediﬂcatiomm
2881 1966 3063 2022 editis,
3124 1963 3497 2011 testimonium
3541 1962 3741 2022 profe-

2090 2079 2304 2113 ramus.
2338 2057 2416 2110 Ne
2434 2057 2717 2109 miremur
2739 2054 3037 2109 inferioris
3061 2052 3616 2109 subselliiauctores
3638 2066 3740 2104 ea-

2093 2144 2228 2199 dem
2261 2144 2321 2198 in
2352 2144 2693 2215 rejiciendis
2726 2143 3079 2214 quibusdam
3106 2159 3176 2197 ex
3205 2142 3323 2195 illis
3360 2140 3524 2194 libris
3556 2139 3734 2193 liber-

2093 2238 2232 2301 tate,
2256 2238 2357 2288 aut
2377 2234 2437 2288 in
2471 2250 2576 2288 sua
2597 2233 2668 2288 de
2692 2234 2914 2287 eisdem
2948 2232 3313 2287 dubitatione
3345 2228 3735 2302 significanda

2091 2337 2230 2376 usos
2263 2337 2411 2376 esse.
2470 2322 2659 2377 Unum
2693 2338 2762 2376 ex
2792 2321 3090 2387 omnibus,
3150 2320 3248 2390 qui
3282 2319 3547 2373 omnium
3583 2331 3732 2387 pene

2095 2410 2437 2464 Latinorum
2462 2410 2867 2482 theologorum
2888 2410 3169 2481 magister
3181 2408 3366 2473 audit,
3383 2408 3436 2461 S.
3454 2407 3739 2460 Thomam

2094 2499 2293 2562 laudo,
2328 2500 2427 2570 qui
2479 2500 2671 2571 prima
2702 2505 2890 2571 parte,
2955 2504 3145 2570 quaest
3225 2500 3312 2561 89,
3348 2502 3456 2551 art.
3492 2497 3545 2562 8,
3579 2495 3651 2549 ad
3680 2499 3735 2560 2,

2096 2589 2575 2643 Ecclesiasticum
2631 2590 2819 2644 citans
2874 2589 2990 2645 ait:
3023 2598 3091 2647 Si
3126 2606 3309 2645 tamen
3370 2593 3741 2643 Ecclesiastici

2095 2678 2400 2727 auctoritas
2434 2694 2541 2727 non
2572 2678 2904 2739 recipiatur,
2934 2693 2992 2725 eo
3019 2678 3164 2741 quod
3193 2676 3344 2738 apud
3378 2673 3613 2723 Hebraea
3645 2674 3739 2721 in-

2097 2786 2180 2826 ter
2240 2777 2527 2827 canouicas
2583 2778 2913 2839 Scripturas
2957 2792 3068 2825 non
3126 2782 3491 2837 computatur.
3527 2763 3747 2818 Eadem

2097 2875 2247 2930 pene
2277 2858 2347 2913 de
2408 2858 2615 2913 eodem
2658 2858 2810 2912 libro
2866 2857 3044 2912 habet
3100 2857 3369 2911 Julianus
3426 2854 3743 2909 Toletanus

2096 2949 2492 3016 Prognosticon
2545 2947 2647 3003 lib.
2684 2964 2743 3013 ιι,
2796 2964 2924 3017 cap.
2958 2948 3046 3012 30,
3081 2945 3347 3016 quamvis
3378 2961 3448 2997 ex
3496 2943 3746 3009 Isidoro,

2101 3035 2503 3106 Hildephonso
2535 3035 2788 3106 aliisque
2822 3034 3228 3089 monumentis
3278 3036 3509 3088 constet
3540 3029 3742 3084 Eccle-

2100 3125 2249 3181 siam
2268 3124 2876 3196 Hispanicamlibrum
2896 3125 3075 3190 hunc,
3100 3122 3183 3178 uti
3201 3128 3444 3176 cateros
3468 3120 3747 3174 deutero-

2098 3214 2507 3273 canonicosin
2527 3230 2749 3269 canone
2765 3213 3063 3268 habuisse.
3090 3210 3199 3265 Sed
3215 3217 3527 3281 postquam
3544 3224 3746 3263 acces-

2099 3303 2407 3358 sitdudum
2433 3309 2739 3375 expectata
2755 3302 3099 3358 Ecclesiain
3127 3300 3380 3356 concilio
3402 3298 3745 3354 Tridentino

2098 3392 2388 3455 deﬁnitio,
2423 3393 2494 3448 ab
2546 3393 2822 3448 omnibus
2854 3392 3074 3447 Latinis
3127 3390 3405 3445 Ecclesiis
3439 3387 3739 3443 unanimi-

2099 3487 2189 3538 ter
2208 3489 2529 3553 acceptata.
2557 3489 2614 3536 et
2635 3484 2847 3537 Graeca
2870 3480 3148 3536 Ecclesia
3172 3478 3482 3535 sententia
3499 3492 3745 3532 consen-

2100 3576 2294 3640 tanea,
2319 3590 2449 3642 qua
2471 3572 2655 3626 libros
2676 3571 2810 3626 illos
2836 3571 3076 3625 tandem
3103 3587 3206 3641 pro
3231 3569 3534 3625 canonicis
3558 3584 3744 3639 agno-

2100 3661 2370 3731 scit,qua
2392 3660 2548 3715 circa
2572 3660 2708 3715 illos
2724 3677 3031 3731 superesse
3058 3659 3245 3730 possit
3265 3657 3553 3713 dubitatio
3569 3657 3743 3727 plane

2100 3767 2220 3806 non
2251 3750 2437 3804 video.
2499 3750 2844 3820 Quanquam
2878 3765 2997 3804 non
3038 3750 3240 3821 ignoro
3291 3747 3444 3800 viros
3476 3745 3743 3815 apprime

2099 3839 2423 3895 catholicos
2456 3839 2730 3899 inveniri,
2781 3839 2882 3910 qui
2916 3855 3022 3892 nec
3053 3854 3086 3892 a
3143 3836 3379 3891 concilii
3412 3831 3741 3887 Tridentini

2097 3946 2207 3985 nec
2238 3946 2271 3984 a
2298 3931 2576 3984 Romana
2608 3928 2883 3983 Ecclesia
2916 3926 3213 3981 sententia
3242 3925 3560 3979 abhorrere
3592 3938 3741 3976 cen-

2098 4024 2252 4087 sent,
2312 4017 2629 4089 quamdam
2680 4017 3045 4072 auctoritatis
3105 4015 3261 4069 inter
3313 4010 3629 4069 canonicos
3683 4015 3742 4066 et

2098 4107 2666 4165 deuterocanonicos
2698 4106 2880 4160 libros
2907 4104 3351 4159 distinctionem
3402 4100 3734 4157 admittere.

2170 4198 2289 4251 100.
2325 4195 2411 4250 Ad
2440 4196 2725 4267 Cyrillum
2779 4201 2835 4249 et
2873 4193 3195 4249 Ecclesiam
3251 4189 3733 4261 Hierosolymita-

2096 4302 2235 4341 nam
2267 4284 2463 4340 redeo.
2499 4285 2652 4350 Quos
2684 4283 2787 4339 illa
2816 4283 3016 4354 Cyrilli
3047 4281 3416 4353 temporibus
3468 4278 3733 4334 nondum

2097 4374 2419 4445 recipiebat
2439 4373 2621 4428 libros
2650 4372 3103 4428 succedentibus
3121 4371 3371 4443 agnovit.
3406 4371 3547 4424 Nam
3580 4370 3733 4438 Apo-

2098 4463 2384 4535 calypsim
2420 4464 2819 4517 Damascenus
2850 4461 2911 4515 in
2943 4476 3170 4515 canone
3204 4459 3341 4513 Novi
3379 4454 3742 4512 Testamenti

348 4567 460 4623 que
483 4548 739 4604 concilio
761 4545 1051 4612 interfuit,
1080 4562 1215 4601 cum
1240 4543 1513 4599 eumdem
1535 4544 1868 4616 catalogum
1896 4561 1997 4600 ex-
2027 4538 2072 4602 Ι)
2106 4552 2272 4608 nulla
2289 4552 2673 4606 dubitationis
2689 4551 3120 4623 signiﬁcatione
3134 4545 3603 4619 comprehendit.
3626 4547 3743 4599 An-

350 4637 571 4695 scribat
599 4637 704 4691 lib.
738 4653 779 4690 II
809 4636 884 4689 De
913 4634 1055 4688 doct.
1093 4633 1318 4697 Christ.,
1371 4648 1498 4702 cap.
1528 4633 1581 4695 8,
1615 4647 1673 4685 n.
1712 4633 1797 4695 13,
1831 4632 1996 4702 prius

346 4741 547 4793 tamen
572 4753 631 4790 n.
660 4738 725 4789 12
750 4735 903 4789 hanc
924 4731 1189 4804 regulam
1211 4730 1691 4802 prascripserat:
1726 4728 1800 4777 1η
1843 4730 1997 4779 Scri-

338 4827 532 4887 pturis
563 4824 847 4873 canonicis
902 4820 1287 4870 Ecclesiarum
1347 4818 1751 4867 catholicarum
1798 4834 1996 4883 quam-

336 4916 606 4977 plurium
666 4912 1055 4961 auctoritatem
1098 4919 1368 4974 sequatur
1430 4907 1743 4972 (Scriptura
1790 4907 1999 4957 studio-

345 5007 469 5062 sus).
507 5000 735 5052 Tenehit
767 5000 952 5063 igitur
1001 4999 1147 5049 hunc
1174 4999 1400 5047 modum
1449 4997 1512 5045 in
1562 4996 1877 5058 Scripturis
1907 5012 2000 5046 ca-

349 5093 587 5150 nonicis,
620 5099 683 5140 ut
714 5105 805 5139 eas
856 5103 984 5153 qua:
1017 5089 1084 5137 ab
1127 5085 1386 5135 omnibus
1415 5086 1770 5147 accipiuntur
1817 5087 2002 5135 Eccle-

345 5184 449 5231 stis
471 5188 771 5245 praeponat
800 5180 881 5228 eis
909 5192 1048 5243 quas
1074 5176 1332 5242 quaedam
1363 5191 1474 5224 non
1497 5176 1818 5237 accipiunt;
1842 5176 1904 5225 in
1921 5176 2001 5225 eis

347 5288 469 5324 vero
498 5289 625 5338 quae
650 5286 761 5322 non
786 5269 1146 5332 accipiuntur
1172 5270 1241 5318 ab
1267 5264 1543 5324 omnibus,
1585 5274 1876 5328 praeponat
1911 5282 2003 5316 eas

348 5379 485 5428 quas
506 5365 707 5426 plures
728 5360 1128 5424 gravioresque
1151 5357 1456 5419 accipiunt,
1482 5356 1562 5405 eis
1598 5371 1738 5420 quas
1766 5356 2003 5419 paucio-

352 5466 438 5500 res
458 5450 816 5513 minorisque
834 5446 1190 5497 auctoritatis
1221 5445 1483 5493 Ecclesia
1515 5450 1723 5494 tenent.
1756 5446 1839 5500 Ac
1867 5462 2002 5517 pro-

353 5546 558 5614 pterea
577 5541 651 5597 de
675 5537 1146 5595 Machabaorum
1169 5535 1456 5591 librorum
1490 5532 1793 5588 divinitate
1826 5534 2004 5590 certis

353 5627 506 5689 locis
526 5629 694 5690 haud
722 5633 886 5685 tanta
905 5625 1338 5684 asseveratione
1359 5623 1725 5697 pronuntiat,
1748 5623 1834 5678 uti
1857 5622 1959 5680 lib.
1984 5641 2004 5680 ι

2090 4642 2278 4712 ,ἀνεῖχε
2301 4641 2615 4707 Cretensis,
2642 4641 2740 4711 qui
2767 4656 2795 4694 e
2816 4639 3310 4710 Jerosolymitana
3332 4635 3595 4691 Ecclesia
3619 4650 3748 4707 pro-

2106 4730 2285 4786 diisse
2319 4730 2554 4796 dicitur,
2588 4729 3016 4784 commentario
3050 4727 3326 4782 eumdem
3360 4726 3573 4779 librum
3604 4724 3736 4778 illu-

2106 4820 2327 4875 stravit.
2359 4820 2500 4890 Ejus
2526 4818 2884 4872 testimoniis
2916 4822 3163 4871 utuntur
3192 4815 3741 4887 SophroniusJero-

2108 4909 2471 4980 solymorum
2504 4906 2860 4978 patriarcha,
2895 4906 3161 4959 oratione
3195 4905 3265 4957 De
3294 4904 3521 4972 angelis,
3556 4908 3615 4956 et
3644 4901 3743 4954 Mi-

2108 4998 2276 5053 chael
2306 4997 2612 5069 Syncellus
2645 5012 2801 5050 nono
2824 4994 3157 5072 saculo,in
3185 5009 3291 5048 sua
3319 4992 3661 5047 Laudatione
3692 4992 3750 5045 in

2108 5093 2319 5143 sanctos
2345 5086 2566 5155 angelos
2596 5101 2629 5139 a
2659 5084 3010 5139 Combefisio
3044 5083 3236 5137 edita:
3273 5082 3373 5152 qui
3418 5080 3658 5152 quidem
3691 5079 3753 5134 in

2111 5176 2171 5231 in
2196 5175 2402 5231 eadem
2424 5174 2690 5228 oratione
2713 5190 2843 5227 cum
2864 5171 3371 5245 Apocalypsi,tum
3393 5170 3614 5236 Judith,
3646 5170 3755 5223 To-

2111 5264 2244 5328 bia,
2274 5269 2332 5319 et
2357 5263 2822 5317 Machabaorum
2872 5261 3042 5317 libris
3074 5261 3263 5316 tribus
3293 5261 3497 5315 utitur.
3547 5258 3751 5313 Antio-

2113 5354 2279 5421 chus,
2306 5352 2486 5406 laura
2510 5352 2562 5405 S.
2591 5351 2753 5405 Saba
2773 5351 3098 5405 monachus
3127 5350 3307 5413 hom.,
3349 5351 3433 5412 17,
3468 5347 3755 5402 Ecclesia-

2113 5443 2242 5500 stici
2269 5441 2481 5495 librum
2511 5440 2672 5495 citat.
2697 5440 3101 5512 Andreasjam
3125 5438 3418 5501 laudatus,
3445 5443 3589 5491 orat.
3625 5440 3657 5490 2
3689 5436 3749 5490 in

2113 5534 2168 5590 S.
2195 5531 2523 5604 Patapium,
2545 5548 2602 5602 p.
2627 5533 2751 5597 221,
2775 5529 3137 5601 Sapientiam
3167 5528 3499 5583 Salomonis
3521 5526 3626 5581 sub
3652 5542 3752 5579 no-

2111 5623 2272 5680 mine
2305 5622 2464 5678 citat.
2496 5619 2795 5676 Palastini
2829 5619 3069 5675 tandem
3113 5616 3373 5691 episcopi
3432 5615 3493 5669 in
3526 5613 3748 5687 synodo
