4108 6270
400 376 519 438 287

1586 379 1690 440 DE
1730 376 2133 441 DOCTRINA
2173 379 2239 440 S.
2285 375 2627 441 CYRILLI.

3687 364 3807 429 288

403 511 915 579 Βθιῇιθὶιθωίὶὶοδ,
950 529 1050 568 an,
1085 515 1242 581 1672,
1278 513 1642 585 Sapientiam
1684 513 2038 581 Salomonis,
2068 512 2123 579 Α
2154 511 2440 572 fallaciae?
2460 523 2645 559 nonne
2664 507 2875 556 divina:
2894 503 3206 566 Scriptura
3224 507 3362 551 sunt
3388 500 3547 550 salus
3577 500 3814 550 nostra!

403 603 666 669 Tobiam,
696 602 920 667 Judith,
956 603 1077 656 Beli
1111 608 1168 657 et
1198 603 1480 658 Susannaa
1512 603 1811 669 historias,
1839 602 2042 658 Eccle-

404 692 709 747 siasticum
741 697 801 745 et
830 691 1194 747 Machabaeos
1235 693 1533 764 recipiunt
1578 693 1636 746 in
1672 693 1796 747 hmo
1831 693 2041 749 verba:

401 779 500 834 Καὶ
530 783 698 833 ταῦτα
727 782 824 843 τῆς
878 782 1094 856 Γραφῆς
1144 800 1280 852 μερη
1325 781 1605 854 κρίνομεν*
1658 785 1725 837 Ει
1756 783 1850 838 hos
1883 782 2046 837 libros

399 869 703 939 Scriptura:
727 876 916 940 partes
938 870 1276 938 judicamus.

399 968 480 1030 pe
506 966 871 1029 adjungenda
930 968 1242 1029 Scriptura
1294 968 1635 1018 Traditionis
1692 975 1742 1016 et
1786 967 2047 1017 Ecclesiae

1047 1049 1397 1098 auctoritate.

475 1142 594 1193 iOl.
629 1139 895 1194 Alterum
933 1140 1240 1213 aggredior
1300 1139 1718 1212 disputationis
1777 1157 1914 1196 cum
1946 1140 2047 1196 Ri-

398 1233 526 1283 veto
578 1234 866 1299 susceptae
898 1234 1091 1300 caput.
1152 1230 1550 1302 Triumphans
1582 1229 1838 1301 quodam
1870 1230 2045 1285 modo

398 1318 587 1373 multa
612 1318 878 1373 cumulat
897 1318 1098 1390 Cyrilli
1124 1320 1461 1374 testimonia
1475 1319 1545 1374 de
1581 1320 1895 1390 Scriptura;
1926 1319 2047 1374 suf-

400 1408 663 1463 ﬁcientia
693 1412 751 1462 et
793 1409 1183 1475 necessitate;
1217 1408 1433 1479 quibus
1477 1408 1651 1463 verbo
1685 1408 2046 1480 respondere

317 1557 321 1561 ,
399 1514 659 1568 possem,
715 1498 826 1570 agi,
861 1498 989 1568 ipso
1046 1497 1291 1562 fatente,
1352 1496 1424 1551 de
1476 1498 1745 1570 symbolo
1803 1498 1864 1552 in
1927 1515 2044 1569 quo

398 1586 662 1658 [CCXLV]
697 1586 1074 1657 agnoscimus
1131 1586 1280 1641 nihil
1337 1586 1630 1641 contineri
1693 1586 1879 1642 solius
1913 1587 2044 1643 sine

401 1675 619 1746 scripto
647 1675 979 1730 traditionis
1002 1677 1350 1731 auctoritate
1396 1675 1802 1748 prepositnm;
1837 1682 1902 1731 ut
1932 1676 2046 1730 mi-

400 1782 532 1820 rum
561 1782 679 1819 non
709 1765 785 1819 sit
811 1771 974 1820 tanta
990 1766 1040 1819 vi
1080 1766 1364 1836 Cyrillum
1396 1782 1754 1832 asseverare,
1788 1765 1939 1820 nihil
1972 1765 2042 1820 de

2148 618 2331 651 nonne
2376 601 2783 664 prophetarum
2849 594 3276 658 praedictiones?
3337 592 3802 643 Commendatum

2151 695 2336 757 igitur
2364 693 2461 742 hoc
2490 692 2800 756 deqositum
2855 687 2999 736 mihi
3032 685 3318 735 immobile
3370 683 3605 743 custodi,
3650 692 3810 747 teque

2150 798 2310 833 nemo
2339 784 2643 831 dimoveat:
2674 780 2828 829 crede
2859 777 3033 825 Deum
3059 775 3340 825 hominem
3362 778 3601 835 factum.
3641 774 3805 831 Ridi.

2151 873 2282 928 cule
2306 872 2489 927 trahit
2510 872 2620 926 hoc
2644 872 2950 939 depositum
2979 866 3051 921 ad
3077 871 3131 919 to
3143 871 3258 920 tam
3283 863 3617 918 doctrinam
3640 863 3810 919 Chri-

2151 964 2430 1026 stianam,
2459 960 2618 1032 quod
2676 958 2747 1014 ad
2782 973 2962 1013 unum
3008 971 3161 1009 veras
3216 953 3646 1008 incarnationis
3677 969 3809 1007 cre-

2150 1052 2359 1108 dendaa
2382 1050 2698 1105 articulum
2724 1048 3002 1119 pertinet.
3031 1045 3154 1099 Cat.
3186 1045 3267 1102 l3.
3306 1059 3470 1097 num.
3505 1043 3535 1095 8
3561 1058 3574 1095 :
3601 1043 3806 1091 Omnia

2149 1157 2277 1206 quae
2331 1139 2403 1190 ad
2435 1140 2711 1189 Christum
2734 1138 3025 1199 pertinent
3086 1134 3301 1193 scripta
3326 1140 3500 1191 sunt;
3544 1130 3805 1194 nihilque

2151 1232 2483 1293 ambiguum
2526 1237 2623 1288 est,
2682 1227 2832 1276 nihil
2860 1225 3013 1273 enim
3069 1222 3389 1271 testimonio
3449 1220 3804 1275 destitutum,

2151 1321 2339 1371 omnia
2369 1321 2431 1369 in
2462 1318 2731 1368 columnis
2783 1314 3127 1377 propheticis
3152 1312 3433 1373 inscripta
3486 1318 3659 1370 sunt;
3691 1324 3806 1359 non

2154 1411 2215 1459 in
2252 1409 2486 1472 lapideis
2539 1406 2769 1462 tabulis,
2818 1404 2910 1452 sed
2942 1419 2975 1451 a
3004 1401 3235 1462 Spiritu
3282 1407 3473 1448 sancto
3503 1400 3806 1459 manifeste

2151 1501 2445 1561 descripta.
2479 1498 2619 1547 Cum
2650 1496 2839 1559 itaque
2882 1493 3166 1542 audiveris
3213 1490 3587 1552 Evangelium
3616 1503 3743 1552 qua
3768 1504 3805 1538 α

2150 1590 2296 1639 Juda
2323 1596 2479 1652 gesta
2505 1595 2641 1635 sunt
2661 1587 2928 1647 referens,
2953 1596 3159 1644 nonne,
3179 1581 3331 1629 debes
3353 1581 3479 1641 ejus
3502 1580 3585 1627 rei
3601 1578 3806 1628 audire

2153 1694 2221 1728 ex
2237 1678 2556 1739 Scripturis
2572 1676 2847 1724 veteribus
2865 1671 3247 1722 testimonium
3262 1669 3281 1718 τ
3298 1670 3585 1718 Audivisti
3611 1669 3805 1718 lancea

2153 1772 2304 1821 latus
2358 1766 2867 1817 transverberatum
2931 1778 3046 1811 esse
3102 1761 3421 1821 Christum;
3481 1775 3595 1808 non
3647 1761 3802 1809 debes

400 1855 660 1926 Symboli
694 1854 964 1910 doctrina
1012 1854 1139 1910 sine
1189 1855 1623 1927 Scripturarum
1673 1855 2039 1921 auctoritate,
2074 1889 2121 1956 Β
2152 1859 2447 1921 explorare
2489 1856 2838 1917 scriptumne
2903 1851 3055 1901 illud
3081 1864 3298 1914 quoque
3354 1847 3432 1907 (in
3464 1847 3583 1896 νει.
3616 1848 3804 1897 Testa-

399 1960 467 1998 ex
499 1945 759 1998 humano
816 1944 1128 1999 ratiocinio
1186 1944 1267 2015 (id
1313 1944 1471 1999 enim
1504 1945 1696 1999 solum
1755 1944 2034 2013 excludit,

393 2050 514 2089 non
537 2033 813 2088 Ecclesiae
836 2034 1221 2105 proponentis
1244 2040 1301 2088 et
1321 2034 1766 2105 interpretantis
1797 2040 2032 2089 senten-

394 2125 582 2191 tiam),
614 2126 765 2180 tradi
797 2124 1032 2180 debere.
1067 2126 1355 2191 Quoniam
1388 2142 1521 2180 vero
1553 2126 1645 2181 his
1677 2126 2035 2181 testimoniis

392 2220 451 2269 et
483 2213 830 2269 traditiones
863 2230 983 2269 non
1017 2215 1285 2286 scriptas,
1320 2221 1377 2269 et
1396 2215 1807 2270 auctoritatem
1834 2216 2037 2270 Eccle-

393 2304 495 2360 sia)
527 2309 845 2376 oppugnat,
879 2320 950 2358 ea
987 2321 1061 2358 ne
1095 2304 1235 2374 quid
1268 2303 1646 2360 dissimulare
1688 2305 1906 2373 videar,
1939 2305 2034 2360 hic

390 2394 681 2449 exscribo.
722 2395 844 2448 Cat.
868 2396 921 2461 4,
955 2410 1119 2448 num.
1153 2398 1239 2457 17,
1272 2395 1577 2465 praposita
1615 2394 2034 2465 compendiose

387 2484 665 2538 Ecclesiaa
696 2484 855 2538 circa
909 2483 1259 2539 Trinitatem
1290 2483 1561 2539 doctrina
1621 2484 1702 2539 ait
1732 2484 1984 2557 Cyrillus
2017 2501 2030 2538 :

387 2573 505 2622 Hoc
528 2573 885 2636 signaculum
924 2573 977 2619 in
1033 2582 1215 2621 mente
1247 2580 1343 2621 tua
1372 2588 1588 2634 semper
1621 2572 1827 2636 habeto,
1885 2574 2036 2637 quod

386 2663 611 2727 quidem
642 2676 795 2710 nunc
840 2661 942 2709 tibi
970 2661 1301 2709 summatim
1321 2676 1429 2723 per
1483 2662 1729 2722 capitum
1760 2663 2033 2710 recensio-

387 2768 514 2801 nem
544 2752 785 2800 edictum
807 2760 914 2811 est;
944 2752 997 2800 si
1024 2765 1149 2799 vero
1182 2752 1456 2800 Dominus
1491 2753 1835 2809 concesserit,
1870 2752 2032 2801 adhi-

388 2832 504 2881 bita
527 2846 594 2879 ex
625 2831 943 2892 Scripturis
978 2831 1448 2880 demonstratione
1467 2846 1575 2892 pro
1605 2831 1822 2881 viribus
1851 2848 1887 2882 a
1934 2848 2029 2881 no-

385 2923 466 2971 bis
495 2922 847 2970 edisseretur.
883 2921 1101 2982 Oportet
1147 2921 1299 2970 enim
1331 2922 1482 2971 circa
1535 2922 1731 2971 divina
1760 2931 1811 2972 et
1837 2932 2033 2973 sancta

379 3011 515 3076 ﬁdei
538 3010 809 3073 mysteria
832 3025 898 3057 ne
921 3009 1229 3058 minimum
1251 3010 1474 3073 quidem
1495 3010 1618 3059 sine
1637 3011 1849 3059 divinis
1879 3012 2031 3060 Scri-

382 3100 569 3154 pturis
594 3099 775 3159 tradi;
822 3114 922 3147 nec
952 3107 1149 3147 temere
1163 3097 1663 3160 probabilitatibus
1723 3116 2031 3163 argumen-

379 3190 562 3252 tisque
592 3191 653 3237 in
713 3190 1003 3238 verborum
1031 3190 1275 3253 artiﬁcio
1335 3189 1764 3239 consistentibus
1806 3193 2024 3241 abduci.

378 3279 460 3327 lVe
493 3278 637 3326 mihi
658 3278 881 3341 quidem
912 3279 1023 3327 ista
1042 3278 1358 3339 pro/eremi
1376 3279 1527 3327 ultro
1558 3280 1877 3339 credideris,
1909 3282 2028 3331 nisi

381 3367 446 3415 de
478 3367 691 3416 divinis
721 3367 1033 3429 Scripturis
1081 3383 1274 3417 eorum
1311 3384 1433 3431 quas
1490 3369 1592 3417 tibi
1625 3372 1904 3419 annuntio
1938 3372 2028 3419 de-

382 3457 844 3505 monstrationem
865 3458 1125 3519 accipias.
1156 3458 1277 3507 Haec
1305 3458 1455 3507 enim
1486 3459 1620 3522 ﬁdes
1654 3461 1748 3509 cui
1779 3470 2027 3510 nostram

383 3548 623 3595 salutem
646 3546 918 3603 debemus,
954 3564 1064 3597 non
1092 3564 1159 3597 ea:
1210 3550 1593 3599 commentitia
1629 3550 2027 3612 disputatione,

383 3639 478 3685 sed
506 3653 573 3685 e.v
602 3637 929 3689 divinarum
963 3641 1397 3703 Scripturarum
1418 3643 1882 3692 demonstratione
1912 3644 2025 3693 vim

379 3726 555 3776 habet.
589 3727 699 3776 Cat.
759 3729 805 3786 5,
862 3743 1004 3778 num.
1063 3730 1155 3779 l2:
1215 3732 1406 3780 Fidem
1463 3731 1799 3794 (symbolum)
1859 3733 2024 3783 illam

375 3817 554 3866 solam
575 3819 904 3880 amplectere
936 3828 987 3867 et
1020 3834 1197 3882 serva,
1227 3835 1352 3884 quce
1381 3835 1536 3870 nunc
1565 3822 1668 3871 tibi
1694 3824 1760 3871 ab
1774 3823 2025 3872 Ecclesia

376 3907 646 3965 traditur,
679 3924 748 3956 ex
801 3911 1060 3959 omnibus
1090 3911 1407 3972 Soripturis
1464 3912 1756 3960 vallata....
1787 3920 1837 3960 et
1866 3914 2023 3962 modo

376 3996 603 4060 quidem
638 3998 810 4047 nudis
863 3999 1209 4048 verbistenus
1257 3999 1494 4049 audiens
1530 4000 1697 4063 ﬁdem
1752 4001 2024 4050 memoria

378 4086 598 4145 retine;
624 4088 987 4149 singulorum
1024 4103 1148 4136 vero
1193 4091 1443 4150 capitum
1476 4091 1665 4148 excipe
1710 4099 2019 4151 opportuno

375 4183 615 4237 tempore
630 4192 697 4224 ea:
725 4176 938 4225 divinis
962 4179 1277 4239 Scripturis
1298 4174 1678 4228 assertionem.
1710 4179 1833 4228 Non
1864 4181 2017 4230 enim

373 4277 435 4318 ut
466 4266 787 4317 hominibus
822 4268 1007 4321 libuit,
1039 4268 1171 4331 ﬁdei
1195 4283 1418 4316 summa
1458 4271 1758 4330 composita
1775 4277 1886 4329 est;
1920 4270 2018 4318 sed

363 4361 563 4409 selecta
590 4375 658 4407 ex
686 4359 944 4407 omnibus
969 4358 1282 4419 Scripturis
1328 4359 1798 4408 commendatoria
1830 4361 2013 4422 capita

373 4474 539 4507 unum
558 4459 691 4522 ﬁdei
707 4457 1019 4504 doctrinam
1035 4456 1337 4518 perﬁciunt
1358 4463 1405 4503 et
1447 4457 1737 4517 complent.
1765 4449 1887 4504 Cat.
1924 4453 2009 4515 11,

373 4555 432 4594 n.
474 4542 558 4602 l2,
592 4556 727 4593 cum
759 4537 1006 4592 dixisset
1034 4535 1106 4591 de
1165 4535 1376 4591 divina:
1406 4537 1804 4607 generationis
1835 4539 2010 4593 modo

2149 1951 2427 2008 mento),...
2482 1946 2714 1994 Audisti
2771 1944 2912 2008 quod
2940 1940 3296 1999 resurrexit;
3356 1953 3467 1987 non
3499 1938 3654 1986 debes
3707 1938 3802 1986 in-

2139 2038 2367 2102 quirere
2418 2051 2557 2084 num
2591 2041 2640 2082 te
2694 2030 2972 2098 [CCXLVI]
3032 2030 3117 2079 his
3178 2027 3450 2077 doctrinis
3489 2027 3798 2075 ludamus?

2139 2127 2204 2183 Id
2228 2130 2356 2198 jam
2413 2124 2579 2179 nefas
2630 2127 2807 2183 esset.
2864 2120 3071 2193 adjicit
3125 2119 3387 2184 Rivetus,
3450 2117 3791 2172 Christiano

2137 2218 2361 2287 adulto,
2398 2215 2619 2271 nedum
2643 2214 3092 2279 catechumeno,
3118 2214 3219 2265 aut
3240 2208 3539 2279 neophyto
3565 2225 3576 2261 :
3614 2208 3677 2261 in
3698 2208 3793 2262 his

2136 2313 2295 2363 certe
2326 2305 2582 2379 Cyrillus
2618 2303 2850 2376 papista
2878 2316 3000 2356 non
3032 2300 3162 2355 fuit.
3213 2296 3563 2371 Ignorabam
3595 2295 3795 2367 bapti-

2135 2401 2260 2452 zato
2306 2393 2660 2450 Proteslanti
2720 2392 2921 2458 licere,
2951 2405 3125 2444 suum
3178 2385 3474 2442 contentis
3506 2385 3570 2439 in
3602 2387 3792 2439 Evan-

2135 2485 2288 2558 gelio
2315 2484 2531 2539 Christi
2584 2480 2886 2553 mysteriis
2918 2493 3234 2534 assensum
3294 2473 3504 2530 taudiu
3536 2490 3788 2545 suspen-

2137 2576 2298 2643 dere,
2331 2574 2518 2629 donec
2576 2573 2637 2627 in
2669 2568 2974 2644 prophetis
3006 2584 3077 2622 ea
3132 2565 3492 2621 conﬁrmata
3522 2567 3580 2617 et
3636 2580 3791 2634 pra!-

2135 2665 2294 2721 dicta
2324 2662 2714 2735 cognovisset.
2775 2662 2894 2714 Cat.
2931 2660 3017 2724 16,
3051 2671 3215 2711 num.
3244 2657 3316 2707 2:
3360 2652 3632 2701 Dicamus
3687 2666 3789 2701 nos

2134 2753 2199 2802 de
2227 2752 2452 2814 Spiritu
2480 2759 2670 2800 sancto
2723 2763 2786 2797 ea
2844 2749 3073 2796 tantum
3102 2759 3228 2808 qua:
3260 2743 3478 2802 scripta
3530 2749 3700 2790 sunt:
3734 2742 3789 2791 si

2132 2840 2272 2907 quid
2301 2854 2427 2887 vero
2473 2839 2740 2898 scriptum
2771 2849 2884 2883 non
2912 2833 3112 2895 fuerit,
3153 2846 3223 2880 ne
3252 2830 3472 2880 curiose
3495 2831 3785 2880 scitemur.

2132 2929 2260 2991 Ipse
2289 2929 2549 2990 Spiritus
2576 2933 2804 2975 sanctus
2854 2924 3104 2972 elocutus
3140 2929 3221 2970 est
3275 2921 3636 2982 Scripturas;
3668 2919 3788 2982 ipse

2132 3019 2196 3068 de
2218 3034 2276 3067 se
2303 3032 2520 3082 quoque
2551 3017 2670 3076 ipso
2706 3013 2855 3063 dixit
2907 3025 3250 3076 quaecunque
3278 3010 3478 3069 voluit,
3507 3022 3605 3057 seu
3633 3024 3786 3072 quee-

2131 3125 2342 3174 cunque
2399 3121 2589 3169 capere
2635 3113 2982 3167 poteramus.
3033 3102 3306 3152 Dicamus
3356 3114 3485 3163 ergo
3540 3114 3666 3163 qua
3719 3100 3787 3148 ab

2140 3201 2259 3261 ipso
2284 3198 2432 3246 dicta
2457 3203 2631 3255 sunt;
2676 3209 2802 3242 nam
2830 3207 2958 3257 qua
3018 3191 3118 3239 ille
3176 3205 3288 3238 non
3336 3189 3499 3249 dixit,
3530 3202 3630 3236 nos
3673 3202 3787 3236 non

2138 3289 2429 3338 audemus.
2483 3283 2716 3334 Tandem
2772 3281 2982 3337 cat.17,
3016 3295 3069 3329 n.
3102 3280 3167 3330 1:
3223 3279 3499 3328 Humanis
3554 3277 3789 3327 ratioci-

2140 3374 2467 3426 nationibus
2490 3382 2541 3422 et
2572 3372 2817 3421 inventis
2852 3385 2951 3419 nec
2977 3369 3244 3418 hodierno
3282 3368 3374 3416 die
3401 3375 3650 3426 utemur,
3675 3367 3784 3415 mi-

2137 3468 2288 3515 nime
2319 3466 2470 3514 enim
2500 3462 2756 3524 expedit:
2803 3461 2896 3509 sed
2924 3460 3257 3509 divinarum
3312 3458 3597 3507 duntaxat
3627 3458 3787 3508 Scri-

2128 3566 2442 3619 pturarum
2473 3553 2777 3602 sententias
2798 3551 3083 3600 memoriae
3101 3563 3484 3612 suggeremus,
3507 3548 3604 3597 hoc
3630 3549 3786 3598 enim

2139 3654 2510 3703 tutissimum.
2548 3646 2630 3698 Ex
2661 3643 2753 3699 his
2794 3640 3072 3696 omnibus
3130 3639 3489 3695 testimoniis
3545 3638 3660 3694 tria
3690 3654 3787 3694 se-

2137 3734 2398 3791 cundum
2422 3739 2595 3789 sectae
2628 3750 2748 3787 sua:
2779 3730 3127 3803 pra-judicia
3148 3728 3505 3784 concludere
3535 3727 3683 3783 velle
3706 3726 3784 3781 vi-

2135 3825 2310 3879 detur
2329 3823 2701 3879 adversarius
2728 3839 2741 3876 :
2776 3820 2830 3875 1ο
2852 3822 3346 3890 Unumquemque
3370 3817 3549 3873 fidem
3573 3817 3683 3872 sibi
3706 3817 3779 3873 ab

2134 3913 2397 3968 Ecclesia
2426 3913 2487 3966 in
2528 3927 2644 3982 qua
2676 3915 2849 3964 natus
2883 3914 2972 3963 est
2999 3907 3388 3980 propositam,
3412 3905 3486 3961 ad
3517 3907 3781 3978 Scriptu-

2132 4020 2335 4058 rarum
2364 4017 2677 4057 censuram
2735 4014 3007 4054 revocare
3038 3997 3295 4065 debere;
3330 3996 3617 4067 omnique
3663 3997 3780 4051 hu-

2130 4108 2309 4148 mana
2336 4090 2685 4145 auctoritate
2745 4088 3023 4159 seposita,
3084 4086 3244 4157 quod
3304 4085 3622 4157 Scripturis
3666 4084 3778 4140 sibi

2130 4182 2434 4258 conforme
2464 4179 2758 4234 videbitur
2779 4177 3113 4241 admittere,
3140 4174 3298 4247 quod
3330 4175 3774 4231 dissentaneum

2124 4272 2372 4341 rejicere
2396 4289 2410 4337 ;
2444 4267 2502 4323 2°
2531 4268 2758 4323 nullam
2792 4266 3205 4323 traditionibus
3235 4282 3353 4320 non
3378 4265 3611 4336 scriptis
3636 4281 3778 4321 auc-

2126 4361 2425 4416 toritatem
2487 4358 2730 4414 concedi
2790 4362 3099 4428 oportere;
3133 4355 3189 4409 3°
3219 4355 3458 4410 tandem
3500 4355 3777 4412 Ecclesiae

2115 4449 2411 4522 judicium
2441 4466 2509 4505 ac
2539 4447 2949 4503 definitionem
2982 4461 3087 4517 per
3118 4461 3180 4499 se
3206 4461 3273 4500 ac
3293 4461 3399 4500 sua
3427 4445 3778 4502 auctoritate

2123 4538 2274 4593 nihil
2306 4538 2539 4605 valere;
2602 4536 2702 4593 sed
2737 4542 2981 4590 eatenus
3032 4534 3415 4602 audiendam,
3475 4540 3774 4605 quatenus

374 4629 527 4684 nihil
555 4629 835 4697 Spiritum
871 4631 1137 4681 sanctum
1166 4603 1600 4696 Scripturarum
1624 4633 1924 4683 auctorem
1954 4629 2015 4683 in
2052 4603 2093 4667 ί)
2125 4628 2297 4683 nobis
2330 4603 2645 4699 Scriptura}
2699 4625 3025 4681 conformis
3061 4641 3189 4679 esse
3244 4603 3558 4679 videbitur.
3622 4624 3778 4679 Nihil

374 4718 460 4771 eis
492 4716 733 4778 dixisse,
772 4716 1007 4771 subdit:
1039 4713 1184 4766 Quid
1239 4714 1424 4775 igitur
1473 4730 1692 4776 operose
1744 4717 2014 4780 inquiris,

370 4820 496 4870 qua!
527 4820 701 4869 neque
729 4804 985 4866 Spiritus
1003 4814 1232 4854 sanctus
1259 4805 1317 4855 in
1338 4785 1654 4869 Scripturis
1684 4810 2016 4858 enarravit?

375 4894 483 4946 Qui
512 4910 575 4941 ea
602 4909 728 4957 quae
755 4896 969 4956 scripta
995 4903 1130 4943 sunt
1171 4910 1283 4943 non
1313 4897 1479 4954 nosti,
1514 4912 1625 4945 non
1653 4899 1867 4958 scripta
1887 4914 2015 4961 per-

377 4982 707 5031 cunctaris?
756 4983 867 5030 Cat.
913 4983 988 5040 12,
1050 4998 1192 5032 num.
1224 4984 1288 5032 5:
1325 4985 1653 5038 Quwramus
1710 4987 1870 5047 cujus
1931 4989 2015 5037 rei

372 5070 568 5134 gratia
604 5070 941 5120 descenderit
968 5073 1132 5121 Jesus
1153 5089 1171 5132 ;
1227 5089 1403 5138 neque
1435 5075 1573 5124 meis
1628 5076 2017 5126 ratiocinatio-

371 5161 541 5210 nibus
556 5161 791 5216 attende.
814 5161 1171 5224 sophismatis
1191 5165 1340 5212 enim
1362 5167 1508 5225 forte
1537 5164 1707 5214 illudi
1719 5167 2016 5228 possibile;

370 5266 584 5308 verum,
623 5250 741 5299 nisi
762 5250 1166 5311 prophetarum
1196 5251 1260 5299 de
1287 5267 1348 5300 re
1376 5268 1716 5317 unaquaque
1742 5256 2015 5317 acceperis

371 5340 704 5397 testimonia,
748 5339 837 5387 his
870 5354 996 5402 quae
1050 5340 1309 5389 dicentur
1365 5356 1434 5390 ne
1466 5343 1634 5392 crede.
1685 5344 1814 5393 Nisi
1873 5355 1922 5393 et
1952 5347 2017 5395 de

381 5428 633 5491 Virgine.
666 5436 714 5476 et
745 5429 809 5476 de
846 5427 977 5485 loco,
1007 5437 1056 5477 et
1102 5430 1167 5477 de
1196 5439 1452 5492 tempore,
1492 5440 1542 5481 et
1603 5433 1666 5481 de
1694 5435 1850 5484 modo
1879 5435 2017 5485 didi-

372 5520 511 5567 reris
541 5534 609 5567 ex
665 5520 877 5567 divinis
929 5519 1263 5580 Scripturis,
1296 5536 1365 5569 ne
1418 5522 1662 5584 accipias
1696 5524 1763 5573 ab
1792 5525 2016 5577 homine

370 5609 775 5657 testimonium.
827 5611 937 5657 Cat.
1000 5610 1181 5657 eadem
1218 5624 1363 5659 num.
1400 5610 1488 5659 (ὃς
1555 5613 1709 5662 Num
1756 5615 2016 5665 doctrina

371 5706 581 5749 nostras
609 5699 901 5749 verborum
932 5706 1238 5749 commenta
1264 5706 1420 5761 sunt,
1454 5708 1503 5749 et
1524 5702 1764 5751 humani
1791 5704 2013 5767 ingenii

2125 4716 2462 4788 Cyrillianze
2498 4714 2782 4769 doctrinae
2814 4714 2908 4768 his
2939 4712 3206 4768 articulis
3238 4713 3605 4769 contrarium
3649 4731 3776 4770 ma-

2106 4805 2212 4885 rgis
2236 4806 2363 4876 jam
2395 4805 2666 4860 ostendo.

2198 4896 2319 4950 102.
2354 4896 2434 4949 Ac
2462 4894 2532 4949 de
2565 4894 2759 4965 primo
2792 4893 3056 4965 quidem,
3087 4896 3155 4947 ut
3209 4897 3433 4947 taceam
3467 4892 3775 4964 probabile

2124 5000 2246 5039 non
2270 5000 2418 5051 esse,
2452 4984 2861 5055 prasscriptam
2894 4998 2927 5037 a
2950 4980 3169 5053 Cyrillo
3200 4997 3380 5036 unam
3404 4981 3774 5039 invenienda:

2122 5073 2391 5128 veritatis
2423 5073 2596 5139 viam,
2627 5090 2757 5144 qua;
2792 5070 2846 5126 1°
2878 5087 3105 5143 magnai
3131 5071 3445 5126 hominum
3488 5073 3639 5143 parti
3673 5073 3774 5144 qui

2126 5161 2456 5233 Scripturas
2489 5161 2684 5233 legere
2716 5160 2804 5216 vel
2834 5177 2955 5232 pra)
2989 5160 3289 5231 imperitia
3313 5160 3403 5215 vel
3434 5177 3555 5231 prus
3589 5176 3770 5217 occu-

2123 5254 2361 5325 patione
2392 5269 2513 5307 non
2573 5256 2844 5323 possunt,
2898 5256 3012 5305 cat.
3065 5252 3118 5309 5.
3151 5266 3314 5305 num.
3376 5253 3460 5315 l2,
3495 5251 3768 5323 impossi-

2122 5341 2261 5397 bilis
2293 5341 2401 5407 sit;
2435 5340 2647 5395 deinde
2689 5338 2965 5394 omnibus
3019 5339 3193 5411 longa
3231 5343 3290 5393 et
3317 5338 3504 5396 ardua
3532 5346 3773 5413 propter

2124 5431 2562 5502 Scripturarum
2595 5428 2998 5494 difﬁcultates,
3025 5428 3388 5487 versionum.
3424 5435 3690 5484 textuum
3714 5432 3772 5485 et

2122 5519 2515 5590 interpretum
2550 5518 2994 5589 comparatione
3026 5517 3471 5583 discutiendas;
3502 5518 3561 5572 3°
3584 5518 3769 5574 errori

2120 5608 2292 5663 facile
2323 5607 2581 5664 obnoxia
2619 5610 2860 5679 prepter
2913 5605 3171 5661 diversas
3232 5606 3579 5668 sententias.
3640 5624 3770 5680 quas

2122 5714 2330 5755 omnes
2363 5697 2677 5769 Scriptura
2735 5697 3086 5753 auctoritate
3129 5695 3297 5752 fulta
3337 5696 3665 5769 jactantur;
3697 5696 3769 5754 de
