4108 6270
274 355 402 417 289

1657 360 2174 425 DISSERTATIO
2215 362 2322 424 IlI.

3577 365 3698 427 290

276 490 503 562 quibus
524 490 855 546 secundum
878 491 1147 548 Rivetum
1162 510 1230 549 ex
1253 498 1515 552 veterum
1531 498 1940 569 sententiaju-
1966 500 2014 565 Α
2048 503 2287 554 tratum.
2321 497 2443 553 Cat.
2482 497 2568 559 17,
2592 513 2651 550 n.
2685 497 2773 550 35.
2808 517 2837 545 «
2870 495 2927 550 Si
2960 497 3194 553 steteris
3224 498 3287 553 in
3322 499 3457 563 ﬁde,
3483 500 3693 558 beatus

277 581 507 636 dicium
566 581 928 649 instruitur;
987 584 1045 637 4ο
1073 600 1383 655 nunquam
1417 589 1559 643 satis
1617 597 1798 656 certa,
1832 588 1938 644 sed

278 688 520 743 semper
550 689 689 727 cum
719 672 1040 728 formidine
1075 676 1431 746 conjuncta;
1463 679 1681 751 quippe
1702 697 1836 734 cum
1869 696 1939 735 ex

278 761 560 818 acumine
582 762 826 834 ingenii,
851 762 1161 835 diligentia
1193 770 1251 819 et
1272 766 1604 824 eruditione
1647 771 1937 840 cujusque

283 847 652 920 dependeat:
681 848 772 903 his
793 849 1032 904 omissis
1055 850 1186 905 dico
1210 868 1223 905 :
1259 854 1313 905 1ο
1341 853 1520 908 aliam
1552 856 1937 909 catechume-

284 954 496 993 norum
547 954 699 1008 quos
720 937 1044 1010 alloquitur
1078 941 1355 1013 Cyrillus,
1408 943 1586 1007 aliam
1617 943 1939 1015 baptizato-

283 1046 413 1084 rum
446 1029 766 1085 hominum
791 1046 920 1085 esse
942 1031 1236 1087 rationem
1264 1048 1278 1086 :
1310 1033 1371 1086 hi
1393 1050 1593 1089 coram
1623 1036 1849 1108 angelis
1879 1040 1939 1091 et

281 1119 631 1174 hominibus
685 1119 968 1190 scriptam
1028 1121 1089 1176 in
1145 1121 1292 1177 ccelo
1323 1124 1457 1193 (cat.
1511 1127 1596 1180 19.
1658 1141 1823 1181 num.
1885 1126 1937 1197 5)

284 1208 423 1264 ﬁdei
454 1208 895 1280 professionem
927 1211 1183 1267 confessi
1216 1219 1388 1267 sunt:
1414 1214 1567 1270 hanc
1596 1215 1671 1272 ad
1719 1232 1934 1272 censu-

280 1314 408 1353 ram
432 1315 604 1354 suam
630 1315 928 1366 revocare,
954 1306 1010 1354 et
1031 1299 1187 1371 quod
1210 1303 1614 1360 Protestantes
1643 1304 1936 1371 fecerunt,

280 1394 677 1456 commutare,
697 1388 986 1463 fmdifragi
1010 1390 1204 1447 scelus
1226 1398 1318 1447 est
1337 1392 1554 1464 CyriIlo
1579 1394 1782 1464 judice
1805 1394 1936 1450 loco

280 1479 482 1534 citato.
508 1478 684 1533 Nullo
707 1479 1003 1550 ejusmodi
1027 1488 1399 1537 sacramento
1423 1483 1716 1556 obligatos
1739 1485 1841 1554 qui
1862 1484 1937 1540 ad

279 1568 638 1641 religionem
666 1574 933 1625 nostram
951 1569 1332 1637 accedebant,
1356 1577 1424 1626 ut
1440 1572 1795 1628 rationabile
1819 1574 1936 1629 Deo

280 1658 420 1713 fidei
454 1658 840 1729 obsequium,
874 1658 1240 1725 exbiberent,
1272 1666 1395 1715 tum
1418 1678 1453 1717 a
1479 1662 1776 1735 magistris
1810 1669 1935 1718 tum

281 1766 387 1804 suo
402 1749 676 1820 ipsorum
691 1748 887 1803 studio
912 1749 1183 1806 etlabore
1201 1750 1272 1806 de
1285 1752 1635 1808 Christianae
1649 1753 1934 1809 doctrinas

280 1838 530 1893 veritate
555 1838 901 1910 persuaderi
928 1856 1164 1909 mquum
1187 1846 1344 1897 erat:
1379 1842 1440 1896 in
1463 1859 1719 1914 eumque
1752 1844 1933 1898 ﬁnem

281 1928 434 1982 nihil
468 1927 678 1982 utilius
706 1928 1104 1984 adoctoribus
1134 1930 1412 1986 Ecclesia)
1444 1932 1744 2002 praascribi
1776 1939 1936 2004 pote-

282 2023 392 2082 rat,
428 2034 612 2088 quam
642 2022 708 2072 ut
750 2018 1047 2091 Evangelii
1083 2020 1388 2075 historiam
1445 2037 1579 2076 cum
1610 2024 1938 2094 prophetiis

282 2110 724 2176 compararent.
759 2105 936 2160 Nobis
968 2107 1265 2178 Evangelii
1309 2107 1484 2163 ﬁdem
1517 2110 1576 2166 in
1619 2110 1939 2166 dubitatio-

284 2209 425 2248 nem
452 2193 773 2258 adducere,
803 2193 1016 2250 scelus.
1052 2195 1344 2264 Secundo,
1380 2203 1550 2252 erant
1592 2203 1659 2252 ut
1694 2198 1819 2270 ipse
1850 2199 1939 2255 fa-

286 2287 446 2338 tetur
474 2282 733 2353 Cyrillus
758 2287 873 2338 cat.
896 2286 951 2347 5,
985 2299 1151 2339 num.
1177 2287 1261 2350 I2,
1294 2285 1395 2356 qui
1426 2286 1760 2357 Scripturas
1790 2288 1943 2361 lege-

288 2390 351 2429 re
377 2390 500 2428 non
532 2377 800 2444 possent,
853 2372 1066 2445 quibus
1098 2390 1204 2446 per
1233 2375 1570 2446 symbolum
1615 2377 1943 2454 [CCXLVII]

290 2462 734 2534 Scripturarum
783 2463 1207 2533 compendium
1267 2465 1669 2537 complectens
1726 2467 1799 2522 ab
1831 2469 1941 2524 Ec-

295 2549 478 2605 clesia
509 2550 867 2605 subventum
922 2553 1043 2606 ait:
1070 2551 1163 2606 his
1196 2567 1332 2624 ergo
1359 2553 1651 2624 praaclusa
1679 2561 1807 2610 erat
1852 2556 1944 2611 in-

297 2641 606 2695 venienda:
651 2657 760 2712 per
790 2657 853 2697 se
909 2642 1172 2697 veritatis
1203 2643 1311 2698 via.
1373 2645 1495 2700 Nisi
1554 2646 1772 2701 dixeris
1799 2647 1943 2704 satis

298 2731 414 2786 illis
444 2731 749 2802 provisum
782 2747 912 2786 esse
944 2748 1050 2803 per
1088 2739 1436 2805 argumenta
1465 2751 1536 2790 ex
1566 2736 1881 2807 Scripturis
1911 2753 1946 2793 a

300 2819 639 2876 doctoribus
670 2820 871 2885 allata,
918 2821 1135 2891 quibus
1166 2822 1413 2895 singula}
1444 2830 1641 2896 partes
1691 2826 1945 2897 symboli

307 2910 724 2981 probabantur.
742 2913 815 2964 At
828 2910 1019 2981 primo
1040 2912 1463 2984 Hierosolymis
1477 2915 1781 2986 proprium
1797 2921 1944 2985 erat,

314 3006 370 3053 ut
395 2999 649 3078 symboli
682 2998 955 3055 doctrina
975 2999 1222 3055 diversis
1255 3002 1664 3059 catechesibus
1686 3022 1792 3076 per
1823 3006 1948 3061 sin-

307 3089 465 3161 gulas
498 3093 701 3160 partes
755 3094 1025 3144 accurate
1052 3089 1593 3146 demonstraretur:
1655 3093 1794 3149 alibi
1829 3110 1948 3150 uno

306 3182 531 3234 tantum
565 3184 669 3233 aut
692 3177 878 3233 altero
912 3195 1205 3247 sermone,
1240 3180 1400 3236 nuda
1429 3181 1769 3254 dogmatum
1818 3184 1947 3239 sine

2047 610 2075 638 «
2103 606 2202 654 es;
2236 589 2283 643 si
2318 604 2385 643 ex
2418 586 2769 644 infidelitate
2801 587 3111 649 cecideris,
3138 590 3265 659 jam
3323 591 3395 645 ab
3428 592 3537 647 hoc
3595 594 3691 648 die

2048 697 2076 726 (ι
2108 676 2524 731 infidelitatem
2555 675 2771 746 abjice,
2806 680 2864 729 et
2889 675 3121 730 ﬁrmam
3149 675 3328 731 indue
3358 680 3693 748 persuasio-

2049 788 2076 816 «
2110 783 2270 820 nem.
2300 787 2328 815 ››
2355 764 2678 821 Restabant
2708 770 2906 820 tamen
2937 764 3227 835 probandi
3261 771 3378 820 tres
3424 768 3691 823 articuli-

2047 855 2319 926 symboli.
2354 854 2553 909 Fidem
2615 854 2892 908 omnibus
2926 854 3069 909 locis
3112 870 3361 926 eamque
3417 857 3690 913 intimam

2046 944 2415 999 auditoribus
2463 943 2862 999 commendat.
2900 943 3024 998 Vid.
3085 950 3307 1015 procat.
3358 962 3417 1001 n.
3451 947 3482 999 8
3515 953 3573 1000 et
3605 950 3692 1004 17.

2046 1036 2168 1089 Cat.
2202 1038 2253 1103 1,
2287 1052 2350 1100 n,
2384 1038 2433 1101 1,
2467 1033 2552 1088 ait
2579 1057 2604 1083 α
2642 1049 2741 1088 eos
2774 1032 2910 1087 ﬁdei
2945 1032 3249 1105 lampades
3267 1051 3459 1106 nuper
3487 1052 3697 1091 accen-

2047 1145 2075 1174 «
2107 1122 2288 1190 disse,
2324 1144 2352 1172 »
2384 1123 2772 1193 hortaturque
2805 1127 2869 1176 ut
2892 1122 3277 1178 inexstinctas
3307 1130 3698 1196 conservent;

2045 1228 2207 1267 num.
2244 1215 2296 1277 2,
2331 1212 2622 1278 hortatur,
2646 1217 2712 1265 ut
2740 1231 2767 1261 «
2797 1210 3191 1266 arrhabonem
3219 1212 3470 1284 Spiritus
3504 1214 3694 1269 sancti

2046 1323 2073 1351 α
2104 1300 2417 1371 acquirant
2445 1318 2550 1372 per
2585 1300 2782 1356 ﬁdem.
2811 1321 2838 1349 »
2889 1301 3011 1355 Cat.
3046 1304 3097 1367 2,
3129 1318 3188 1356 n.
3224 1304 3275 1369 3,
3310 1303 3593 1375 supponit
3624 1304 3692 1358 ﬁ-

2045 1389 2180 1445 dem
2228 1391 2290 1444 in
2322 1390 2536 1445 animis
2594 1390 2930 1444 auditorum
2961 1389 3295 1459 formatam,
3357 1392 3462 1447 sed
3487 1409 3690 1449 cavere

2036 1479 2211 1550 jubet
2240 1495 2314 1534 ne
2344 1478 2488 1549 quid
2518 1477 2837 1534 admittant
2873 1478 3095 1546 animo,
3125 1480 3283 1551 quod
3312 1481 3475 1549 ﬁdem
3524 1482 3690 1538 illam

2046 1566 2360 1622 discindat.
2396 1565 2712 1621 Multarum
2756 1583 2955 1621 rerum
2999 1573 3135 1622 ante
3168 1568 3551 1638 probationes
3584 1569 3693 1625 ad-

2044 1655 2345 1711 ducendas
2376 1655 2555 1727 exigit
2612 1655 2809 1711 fidem.
2844 1656 3034 1727 Exigit
3062 1662 3285 1727 procat.
3340 1673 3398 1711 [ι.
3431 1658 3462 1710 8
3495 1658 3567 1712 de
3594 1659 3694 1713 ob-

2043 1745 2292 1800 tinenda
2322 1761 2427 1816 per
2458 1745 2751 1799 sinceram
2783 1744 3151 1800 voluntatem
3177 1762 3243 1800 ac
3277 1746 3455 1800 fidem
3486 1748 3693 1801 remis-

2048 1834 2214 1889 sione
2246 1840 2658 1906 peccatorum;
2694 1839 2753 1889 et
2778 1840 2899 1890 tota
2931 1835 2991 1888 in
3024 1835 3134 1889 hoc
3182 1843 3528 1905 argumento
3561 1853 3688 1891 ver~

2048 1931 2211 1979 satur
2241 1924 2448 1986 oratio,
2483 1930 2549 1978 ut
2580 1923 3023 1979 simulationem
3058 1923 3360 1995 deponant
3400 1942 3469 1981 ac
3496 1926 3692 1981 since-

2043 2030 2171 2069 ram
2195 2014 2370 2070 fidem
2395 2014 2773 2085 concipiant;
2801 2013 2981 2086 exigit
3008 2019 3118 2069 cat.
3154 2018 3186 2067 2
3211 2020 3348 2079 tota,
3384 2016 3453 2071 de
3497 2017 3692 2088 possi-

2045 2103 2150 2158 bili
2183 2121 2288 2175 per
2317 2104 2726 2175 paenitentiam
2749 2104 3124 2175 reparatione
3162 2106 3523 2176 peccatoris;
3565 2106 3695 2161 exi-

2045 2194 2129 2266 git
2156 2200 2268 2248 cat.
2288 2196 2341 2261 2,
2373 2194 2445 2249 de
2478 2194 2661 2249 sancti
2688 2193 2939 2265 Spiritus
2962 2193 3024 2249 in
3046 2194 3217 2264 aquis
3237 2194 3693 2265 baptismalibus

2046 2283 2381 2356 praesentia.
2412 2282 2532 2337 Cat.
2563 2285 2597 2336 4
2619 2282 2883 2354 singulos
2908 2299 3058 2353 pene
3081 2283 3365 2338 articulos
3388 2301 3535 2355 quos
3558 2302 3691 2356 pro-

2046 2373 2215 2445 ponit
2253 2372 2468 2439 solum,
2514 2372 2657 2426 olim
2702 2387 2818 2427 ase
2856 2371 3375 2436 demonstrandos,
3416 2374 3625 2446 incipit
3664 2391 3700 2431 a

2048 2462 2223 2517 verbo
2256 2463 2461 2529 Crede;
2495 2477 2749 2531 cumque
2790 2461 3092 2517 Trinitatis
3114 2462 3449 2518 doctrinam
3498 2463 3701 2519 absol-

2049 2552 2215 2617 verit,
2241 2551 2503 2623 subjicit,
2543 2574 2564 2602 ι
2594 2551 2711 2607 Hoc
2738 2551 3111 2624 signaculum
3145 2551 3207 2607 in
3231 2559 3432 2609 mente
3466 2569 3705 2626 semper

2052 2665 2080 2693 «
2113 2641 2347 2697 habeto.
2383 2664 2411 2691 »
2447 2641 2571 2695 Non
2603 2657 2740 2713 ergo
2772 2640 3008 2696 volebat
3038 2647 3103 2697 ut
3134 2641 3342 2697 tandiu
3374 2659 3698 2715 suspensus

2050 2734 2337 2806 penderet
2363 2750 2662 2803 assensus,
2693 2734 2881 2790 donec
2909 2733 3166 2790 adducta
3197 2735 3449 2791 fuissent
3477 2753 3692 2808 propo-

2052 2824 2178 2878 sitae
2201 2822 2553 2894 simpliciter
2575 2828 2631 2878 et
2652 2823 2918 2879 nondum
2943 2824 3202 2894 probata:
3222 2824 3505 2880 doctrinm
3528 2842 3699 2898 argu-

2052 2911 2439 2968 menta.ldem
2452 2912 2524 2966 de
2538 2912 2805 2983 symbolo
2820 2912 3090 2983 praecipit
3105 2918 3214 2967 cat.
3240 2916 3356 2978 5,n.
3382 2917 3465 2967 I2:
3493 2940 3519 2963 (ι
3537 2915 3698 2968 Hanc

2061 3019 2087 3049 α
2119 2998 2296 3053 ﬁdem
2328 3004 2610 3070 tanquam
2642 2999 2918 3054 viaticum
2936 2999 3289 3071 [CCXLVIII]
3323 3006 3444 3055 toto
3478 3007 3702 3073 tempo-

2054 3110 2083 3138 «
2116 3104 2179 3143 re
2201 3088 2418 3144 habere
2439 3088 2642 3160 jubeo,
2668 3095 2726 3143 et
2742 3094 2958 3159 praeter
2986 3105 3115 3143 eam
3130 3089 3361 3145 nullam
3374 3091 3552 3146 aliam
3577 3108 3701 3147 amo

2055 3201 2083 3228 (ι
2114 3178 2271 3250 plius
2330 3179 2653 3251 suscipere,
2686 3195 2880 3250 neque
2914 3179 3145 3235 etiamsi
3200 3197 3309 3236 nos
3348 3181 3460 3253 ipsi
3491 3182 3702 3238 mutati

304 3266 671 3337 argumentis
709 3267 1094 3338 expositione,
1120 3269 1369 3339 symboli
1398 3270 1635 3326 traditio
1678 3272 1946 3329 absolve-
1976 3244 2018 3310 θ
2061 3289 2083 3319 ι
2119 3269 2210 3324 his
2241 3285 2372 3340 quae
2421 3285 2580 3323 nunc
2610 3268 2892 3324 docemus
2939 3271 3237 3325 οοῐὶῐιέινίίι
3283 3270 3698 3342 loqueremur;

303 3353 496 3410 batur.
513 3353 737 3410 Deinde
759 3354 980 3410 satisne
1011 3356 1319 3426 prudentis
1342 3357 1446 3412 viri
1465 3358 1560 3427 sit,
1592 3361 1812 3416 auditis
1842 3361 1951 3417 do-

303 3445 480 3499 ctoris
493 3443 751 3514 alicujus
771 3445 1344 3515 argumentis,etiam
1358 3448 1612 3503 maxime
1634 3450 1949 3520 probabili-

303 3532 436 3602 bus,
460 3532 628 3587 nullo
671 3533 786 3588 alio
810 3533 1081 3588 examine
1104 3533 1282 3590 ﬁdem
1308 3534 1590 3592 adhibere
1606 3537 1633 3592 ?
1652 3556 1786 3594 cum
1808 3557 1954 3611 prm-

306 3622 513 3677 sertim
548 3621 620 3676 de
653 3621 785 3676 rudi
819 3628 878 3676 et
901 3622 1206 3678 illitterato
1237 3630 1443 3695 agatur
1473 3627 1564 3680 cui
1599 3626 1756 3683 leves
1778 3645 1952 3701 argu-

303 3711 703 3767 mentationes
722 3710 952 3782 possint
971 3711 1143 3766 facile
1171 3712 1372 3767 fucum
1405 3713 1619 3769 facere.
1645 3717 1859 3781 Tertio.
1891 3722 1953 3773 at

303 3818 497 3873 neque
518 3801 966 3856 catechumenis
988 3800 1059 3856 de
1083 3802 1400 3873 prapositae
1419 3804 1531 3858 sibi
1554 3804 1838 3861 doctrinas
1860 3823 1951 3862 ve-

302 3893 500 3956 ritate,
530 3897 668 3945 ante
697 3890 981 3945 adductas
1010 3891 1377 3963 singularum
1413 3892 1949 3953 demonstrationes

303 3980 574 4036 dubitare
607 3979 916 4051 permittit.
945 3978 1005 4034 ld
1035 3986 1197 4051 patet
1218 3981 1270 4036 ιο
1295 3997 1366 4036 ex
1395 3983 1506 4038 hac
1536 3983 1759 4041 diserta
1786 4002 1946 4042 asse-

303 4069 603 4125 veratione
634 4074 744 4124 cat.
780 4071 866 4134 13,
902 4085 958 4124 n.
994 4072 1064 4124 9:
1093 4093 1120 4119 ‹‹
1151 4072 1549 4129 Convenimus
1584 4090 1704 4129 non
1734 4081 1799 4130 ut
1837 4094 1946 4149 pu-

303 4182 331 4211 α
362 4177 424 4214 re
448 4159 999 4230 contemplatricem
1031 4159 1465 4231 Scripturarum
1512 4165 1946 4235 expositionem

307 4271 335 4300 α
364 4249 696 4304 efficiamus
728 4265 906 4313 nunc,
942 4247 1046 4303 sed
1075 4254 1142 4304 ut
1162 4250 1359 4321 potius
1391 4250 1462 4305 de
1489 4250 1581 4307 his
1613 4271 1727 4325 que
1757 4255 1949 4310 credi-

306 4361 334 4390 κ
363 4340 560 4395 dimus
586 4338 763 4394 certis
810 4337 1183 4393 documentis
1230 4339 1671 4398 convincamur.
1706 4365 1735 4393 »
1781 4344 1951 4401 Fide-

304 4427 446 4484 lium
479 4444 702 4484 nomen
758 4426 1087 4500 gestabant,
1119 4444 1241 4482 non
1272 4428 1346 4483 ad
1406 4429 1643 4485 titulum
1703 4438 1762 4488 et
1791 4451 1952 4505 pom-

306 4535 458 4590 pam.
495 4517 599 4572 sed
631 4522 694 4571 ut
725 4532 932 4572 revera
960 4517 1242 4588 mysteria
1272 4523 1478 4573 nostra
1502 4525 1662 4575 certo
1701 4537 1950 4580 assensu

2057 3377 2086 3410 ci
2115 3375 2309 3430 neque
2340 3360 2572 3415 etiamsi
2603 3360 2849 3432 angelus
2878 3360 3327 3416 adversaiiusin
3346 3362 3494 3417 lucis
3520 3380 3698 3435 ange-

2054 3474 2083 3501 ‹‹
2118 3452 2243 3506 lum
2265 3452 2717 3524 transfiguratus
2750 3452 2811 3506 in
2843 3467 3105 3508 errorem
3140 3458 3193 3507 te
3225 3453 3402 3508 vellet
3441 3454 3700 3511 abduce-

2055 3562 2083 3590 «
2118 3557 2201 3596 re.
2237 3563 2265 3591 ››
2298 3540 2570 3597 Nondum
2593 3541 2846 3612 symboli
2876 3541 3208 3598 doctrinam
3242 3560 3311 3599 ex
3334 3544 3698 3616 argumentis

2054 3635 2427 3686 asseruerat:
2461 3631 2614 3685 hanc
2646 3634 2845 3685 tamen
2887 3631 3015 3702 jam
3049 3636 3172 3687 tum
3204 3639 3363 3688 certo
3395 3640 3454 3689 et
3481 3635 3700 3690 immu-

2055 3721 2222 3777 tabili
2254 3738 2504 3778 assensu
2533 3722 2719 3794 recipi
2754 3722 2944 3794 jubet.
2988 3725 3249 3780 Tandem
3298 3734 3702 3782 sacramento-

2053 3827 2188 3866 rum
2214 3812 2476 3868 veritatis
2501 3812 2894 3868 assertionem
2927 3813 3157 3868 distulit
3186 3820 3319 3884 post
3351 3816 3594 3881 Pascha,
3641 3821 3701 3870 et

2056 3900 2261 3955 eadem
2294 3916 2329 3955 a
2374 3901 2690 3973 neophytis
2737 3907 3009 3972 recepta:
3044 3918 3120 3956 an
3152 3900 3370 3956 idcirco
3404 3904 3585 3956 voluit
3631 3908 3699 3957 ut

2054 3989 2128 4044 ad
2158 3990 2574 4046 eucharistiam
2629 3990 2789 4045 verbi
2819 3990 3009 4062 gratia
3046 3989 3208 4044 dubii
3242 3995 3300 4045 et
3355 3991 3699 4047 haesitantes

2054 4078 2125 4134 de
2147 4080 2389 4135 veritate
2412 4081 2678 4151 corporis
2698 4078 2911 4133 Christi
2927 4078 3041 4133 sibi
3064 4078 3183 4134 dati
3206 4079 3578 4146 accederent,
3594 4081 3703 4136 do—

2054 4185 2164 4224 nec
2196 4169 2257 4223 in
2289 4169 2583 4225 catechesi
2626 4170 2756 4241 ejus
2785 4168 2868 4223 rei
2903 4184 2975 4223 ex
3005 4168 3323 4239 Scripturis
3372 4169 3519 4224 ﬁdes
3549 4170 3703 4226 facta

2055 4258 2258 4312 esset?
2288 4274 2486 4313 nonne
2532 4257 2884 4329 imperando
2928 4257 3380 4328 responsionem
3409 4259 3596 4327 Amen,
3628 4258 3703 4313 ad

2053 4346 2374 4401 formulam
2418 4345 2878 4412 communionis,
2914 4346 3120 4416 Corpus
3150 4346 3377 4412 Christi,
3430 4347 3705 4419 exigeba-

2056 4438 2154 4489 tur
2181 4438 2344 4489 certa
2374 4433 2505 4504 ejus
2534 4433 2619 4488 rei
2672 4433 2839 4489 ﬁdes.
2876 4434 2974 4487 His
3004 4435 3371 4506 argumentis
3424 4434 3705 4489 demons-

2057 4526 2277 4576 tratum
2312 4528 2474 4593 puto,
2509 4537 2642 4576 cum
2675 4521 2930 4592 Cyrillus
2963 4520 3074 4575 sibi
3107 4521 3398 4592 permittit
3427 4538 3548 4576 non
3576 4538 3704 4578 cre-

307 4611 635 4666 crederent.
688 4611 919 4663 Procat.
946 4625 1002 4663 n.
1032 4612 1063 4663 6
1092 4625 1105 4663 :
1140 4630 1162 4660 ι
1200 4608 1552 4665 Miserabilis
1604 4611 1785 4668 homo
1816 4631 1951 4671 cum
1985 4616 2032 4681 Β
2062 4610 2144 4680 di,
2178 4611 2292 4666 nisi
2324 4616 2485 4667 certa
2521 4626 2592 4665 ex
2624 4610 2940 4681 Scripturis
2976 4610 3317 4683 dogmatum
3349 4610 3707 4668 documenta

304 4720 331 4751 κ
362 4701 462 4770 sis,
500 4701 604 4757 Dei
654 4716 983 4772 cognomen
1019 4723 1046 4750 ι)
1086 4700 1171 4770 (in
1217 4700 1620 4773 appellatione
1671 4726 1699 4754 «
1734 4704 1951 4778 ﬁdelis)

302 4810 329 4840 α
354 4791 612 4863 accipis;
642 4789 746 4845 sed
776 4806 911 4845 cave
936 4805 1010 4845 ne
1041 4789 1508 4861 appellationem
1542 4792 1758 4860 ﬁdelis,
1808 4795 1948 4850 inﬁ-

303 4902 328 4931 ι(
358 4881 509 4937 delis
539 4896 676 4934 vero
700 4879 1066 4951 propositum
1085 4895 1274 4951 geras.
1313 4900 1341 4927 »
1372 4879 1494 4935 Cat.
1521 4884 1573 4948 5,
1600 4899 1658 4937 n.
1692 4886 1725 4937 2
1750 4900 1763 4937 :
1796 4906 1824 4934 ‹‹
1853 4884 1955 4940 [lic

305 4992 330 5019 ‹‹
352 4970 481 5042 jam
513 4968 804 5040 quaeritur
834 4974 897 5022 ut
928 4967 1120 5022 ﬁdelis
1154 4969 1287 5040 quis
1315 4970 1646 5027 secundum
1679 4972 1953 5029 intimam

304 5078 329 5107 (κ
361 5058 788 5115 conscientiam
836 5057 1235 5128 reperiatur...
1272 5064 1336 5112 ut
1369 5063 1482 5114 Deo
1515 5059 1652 5115 ﬁdei
1703 5062 1951 5119 sinceri-

307 5167 328 5198 ι
362 5154 544 5204 tatem
567 5147 873 5215 ostendas,
891 5146 991 5218 qui
1019 5152 1314 5202 scrutatur
1337 5165 1510 5203 renes
1542 5151 1790 5206 etcorda
1808 5151 1857 5187 39
1880 5173 1895 5219 ;
1920 5175 1947 5205 ι)

302 5242 359 5293 et
386 5252 553 5293 num.
586 5239 618 5292 9
646 5253 661 5291 :
727 5257 748 5286 ι
784 5236 842 5291 Si
876 5235 1100 5291 nullius
1132 5242 1234 5291 aut
1268 5237 1516 5293 modica)
1570 5239 1755 5296 fueris
1789 5242 1947 5312 fidei,

302 5348 329 5378 ι(
358 5326 654 5399 benignus
687 5330 781 5382 est
810 5325 1117 5388 Dominus,
1148 5342 1397 5396 seseque
1428 5326 1502 5382 ad
1563 5333 1618 5383 te
1647 5330 1948 5400 pmniten-

303 5436 333 5467 α
362 5420 483 5473 tem
513 5416 810 5490 propitius
828 5414 1103 5471 demittit.
1132 5415 1236 5470 Dic
1268 5421 1500 5471 tantum
1523 5422 1581 5472 et
1606 5423 1666 5473 tu
1690 5419 1948 5492 ingenue

300 5524 329 5556 α
360 5510 421 5561 et
448 5520 522 5561 ex
571 5504 798 5570 animo,
834 5523 856 5552 ι
892 5502 1101 5559 Credo.
1131 5503 1402 5574 Domine,
1459 5504 1673 5577 adjuva
1700 5507 1952 5565 inﬁdeli-

301 5618 331 5649 ι
355 5602 540 5655 tatem
566 5612 761 5655 meam
784 5595 850 5653 ⁴⁰.
880 5618 910 5648 »
954 5596 1109 5663 Ηωο,
1141 5601 1280 5652 ante
1322 5598 1692 5670 pr0positum
1725 5601 1946 5659 solum-

302 5684 480 5744 modo
511 5684 875 5763 symbolum,
927 5684 1153 5743 nodum
1205 5686 1524 5760 probatum
1569 5704 1638 5746 ac
1667 5689 1948 5752 demons-

367 5803 416 5842 ⁸⁸
442 5803 602 5862 Psal.
635 5820 730 5862 vn.
764 5803 852 5861 18.
926 5802 973 5840 ⁴⁰
1001 5804 1177 5863 Marc.
1211 5821 1289 5876 ix,
1321 5807 1408 5865 23.

2062 4700 2395 4772 protulerit,
2430 4700 2555 4755 hinc
2581 4699 2653 4754 de
2687 4699 3103 4771 suspendendo
3139 4699 3342 4754 tandiu
3363 4700 3704 4757 auditorum

2064 4807 2311 4845 assensu
2339 4789 2703 4852 nullatenus,
2738 4788 2841 4844 sed
2872 4789 2944 4843 de
2976 4795 3263 4860 concepta
3296 4796 3524 4845 tantum
3563 4808 3706 4847 cau-

2065 4896 2144 4934 see
2175 4896 2353 4951 quam
2411 4878 2621 4951 agebat
2652 4877 2868 4933 fiducia
2909 4877 3162 4950 intelligi
3220 4887 3511 4951 oportere.
3542 4882 3709 4936 Nunc

2062 4968 2435 5039 probandum
2491 4968 2564 5023 ab
2596 4984 2664 5023 eo
2692 4966 3041 5023 traditiones
3099 4985 3206 5024 nos
3249 4970 3498 5041 scriptas
3551 4970 3710 5027 haud

2064 5058 2251 5130 magis
2282 5058 2453 5112 lassas
2485 5074 2636 5112 esse.

2135 5237 2256 5290 103.
2293 5233 2500 5290 Nullus
2544 5238 2634 5288 est
2684 5235 2923 5289 Patrum
2956 5234 3054 5305 qui
3109 5236 3310 5307 plures
3368 5236 3709 5309 allegaverit

2060 5323 2411 5378 traditiones
2442 5338 2561 5376 non
2600 5323 2870 5394 scriptas,
2904 5339 2971 5378 ac
3019 5324 3091 5380 de
3123 5341 3326 5380 earum
3359 5326 3410 5381 vi
3441 5327 3707 5382 crebrius

2063 5411 2363 5467 efﬁcacius
2394 5410 2627 5466 locutus
2669 5410 2746 5466 sit
2788 5428 2966 5483 quam
3015 5414 3270 5486 Cyrillus
3317 5421 3540 5470 noster.
3592 5417 3709 5471 Ma-

2059 5502 2273 5573 gniﬁce
2304 5500 2525 5573 passim
2548 5499 2787 5555 disserit
2817 5500 2888 5557 de
2916 5502 2971 5556 vi
3003 5509 3063 5558 et
3088 5504 3345 5559 utilitate
3377 5505 3530 5577 signi
3563 5521 3706 5560 cru—

2058 5591 2143 5647 cis
2174 5596 2285 5647 cat.
2317 5592 2371 5659 4,
2407 5606 2467 5645 ιι.
2502 5590 2589 5656 14,
2623 5594 2734 5646 cat.
2784 5591 2869 5656 13,
2901 5608 2962 5645 n.
2996 5593 3100 5658 36;
3134 5591 3206 5647 de
3240 5592 3705 5648 exorcismorum

2057 5688 2117 5740 et
2151 5680 2628 5744 insufflationum
2671 5680 2909 5751 virtute,
2932 5686 3157 5755 procat.
3190 5697 3251 5739 n.
3284 5684 3356 5750 9;
3385 5680 3502 5738 olei
3532 5696 3705 5738 exor-
