4108 6270
362 435 476 496 291

1124 413 1226 484 DE
1267 420 1665 483 DOCTRINA
1708 421 1772 480 S.
1819 418 2159 479 CYBlLLl.
2205 453 2281 463 —
2324 418 2840 483 DISSERTATIO
2884 421 2987 519 IlI.

3646 424 3764 483 292

363 566 532 624 cizati
566 562 850 620 efficacia.
875 565 987 616 cat.
1022 563 1111 626 20,
1145 575 1206 614 n.
1235 558 1309 624 2;
1346 556 1616 626 sacrique
1640 551 2001 615 chrismatis,
2038 559 2087 619 Α
2121 553 2479 609 testimoniis
2530 555 2745 624 citatis,
2804 558 3134 627 praesertim
3169 561 3219 625 1,
3252 559 3305 624 2,
3339 558 3392 623 4,
3428 557 3482 623 5,
3517 556 3567 609 8.
3617 556 3764 611 Gra-

361 664 473 714 cat.
510 659 596 721 21,
633 671 692 708 n.
727 654 795 719 3;
829 651 900 706 de
945 650 997 703 vi
1029 647 1512 703 benedictionum
1571 641 2003 699 ecclesiastica-

360 764 494 802 rum
520 746 577 799 in
605 739 1007 798 consecranda
1030 754 1185 809 aqua
1214 734 1573 807 baptismali,
1600 739 1713 787 cat.
1748 735 1800 795 3,
1833 748 1891 785 n.
1928 731 1998 796 3;

363 837 493 891 oleo
527 831 873 888 exorcizato.
907 844 1073 884 sacro
1108 826 1451 885 chrismate.
1498 823 1693 878 citatis
1726 820 1910 886 locis;
1945 824 2005 873 et

365 941 531 981 sacra
566 920 942 979 eucharistia.
975 924 1088 973 cat.
1126 919 1209 981 19,
1243 931 1301 969 n.
1335 919 1388 976 ‘7,
1419 919 1530 969 cat.
1564 916 1651 977 21,
1704 928 1764 965 n.
1801 911 1853 975 3,
1886 914 1997 963 cat.

361 1017 450 1075 23,
478 1030 536 1070 n.
563 1017 613 1066 '7.
637 1010 859 1076 Quibus
875 1026 941 1063 ex
964 1006 1279 1077 Scripturis
1297 1005 1421 1058 haec
1442 1002 1727 1056 habemus
1740 1004 2001 1068 accepta,

356 1112 459 1160 aut
488 1117 763 1173 quasnam
796 1115 997 1153 earum
1022 1094 1357 1150 testimonia
1390 1093 1450 1147 in
1471 1090 1881 1163 probationem
1904 1104 2003 1142 ea-

354 1210 487 1248 rum
522 1206 719 1246 reruin
752 1188 1045 1244 adducere
1077 1184 1288 1255 satagit
1312 1181 1563 1254 Cyrillus
1586 1180 1614 1234 ?
1648 1179 1807 1234 Idem
1841 1177 1999 1232 dica-

354 1300 487 1337 mus
520 1282 590 1335 de
625 1263 853 1335 honore.
876 1277 1036 1348 ligno
1070 1273 1392 1329 Dominicze
1414 1270 1606 1325 crucis
1657 1267 1939 1332 exhibito,
1969 1281 2003 1321 a

361 1371 639 1427 ﬁdelibus
666 1367 985 1440 particulas
1016 1365 1144 1435 ejus
1175 1362 1392 1417 habere
1424 1358 1821 1430 cupientibus,
1856 1372 2000 1427 quo-

358 1477 491 1515 rum
525 1459 702 1513 {idem
750 1454 952 1510 laudat
1000 1451 1253 1524 Cyrillus
1284 1455 1396 1504 cat.
1434 1452 1520 1512 10,
1570 1464 1628 1502 n.
1665 1449 1751 1515 19,
1802 1451 1912 1500 cat.
1945 1446 1999 1511 4,

358 1568 418 1605 n.
457 1553 539 1613 10,
595 1553 701 1603 cat.
743 1548 828 1609 13,
890 1561 950 1598 n.
976 1545 1029 1607 4,
1077 1547 1134 1597 et
1163 1540 1232 1595 de
1264 1537 1596 1594 reverentia
1651 1540 1854 1592 sancto
1891 1534 2000 1589 Do-

359 1636 507 1691 mini
541 1636 954 1697 monumento,
1002 1628 1188 1684 monti
1222 1626 1544 1698 Golgothm,
1601 1623 1854 1693 aliisque
1889 1622 2001 1675 Do-

357 1727 503 1783 mini
528 1724 931 1781 monumentis
955 1723 1254 1792 impensa;
1280 1736 1410 1789 qua)
1427 1732 1731 1787 nunquam
1750 1713 2003 1785 Cyrillus

362 1817 489 1872 sine
541 1814 887 1888 prmfatione
943 1809 1186 1865 honoris
1218 1807 1496 1878 appellat,
1526 1811 1583 1859 et
1608 1803 1795 1857 titulis
1824 1802 2000 1874 ἅγιος,

2106 641 2361 699 vissimas
2392 646 2678 716 Cyrillum
2724 652 2788 701 ut
2843 648 2922 702 ita
2953 653 3012 702 et
3066 648 3413 719 loqueretur
3468 652 3530 701 et
3565 650 3770 716 ageret

2107 731 2496 803 impellebant
2515 752 2736 791 causas:
2764 737 2951 807 prima
2967 742 3073 792 est.
3092 736 3520 809 persuadendm
3546 743 3603 790 et
3625 736 3758 791 efﬁ-

2107 822 2325 875 caciter
2356 824 2835 881 demonstranda:
2884 826 3187 899 religionis
3235 832 3453 881 nostra)
3496 826 3762 881 veritatis

2104 912 2447 979 necessitas;
2474 931 2603 985 qua;
2628 915 3426 987 prophetarumjauctoritate
3460 915 3645 970 multo
3677 916 3760 971 si-

2106 1000 2507 1071 gnificantius,
2534 1021 2709 1074 quam
2738 1005 3016 1059 humanis
3042 1002 3599 1059 ratiocinationibus
3619 1022 3762 1060 con-

2109 1092 2391 1147 stituitur.
2452 1095 2576 1150 Vid.
2611 1102 2724 1152 cat.
2760 1099 2844 1163 13,
2879 1113 2937 1151 n.
2971 1098 3021 1161 8,
3057 1103 3115 1151 et
3142 1096 3343 1151 Homil.
3368 1098 3428 1151 in
3456 1097 3752 1166 paralytic.

2108 1196 2166 1233 n.
2193 1183 2224 1234 9
2248 1182 2519 1237 Secunda
2548 1190 2694 1249 erat,
2728 1192 2794 1239 ut
2823 1185 3122 1240 auditores
3144 1202 3281 1240 suos
3317 1184 3601 1240 adversus
3632 1186 3760 1240 ha:-

2106 1270 2427 1325 reticorum
2458 1272 2863 1329 cavillationes
2895 1274 3172 1329 muniret.
3214 1274 3616 1329 Valentiniani
3648 1275 3760 1346 Py-

2107 1358 2872 1434 thagoriczePlatonicceque
2892 1362 3282 1434 phi1050phiae
3307 1363 3599 1435 principia
3620 1380 3757 1419 cum

2105 1448 2390 1503 Judaismi
2417 1455 2476 1504 et
2504 1451 2936 1507 Chrsitianismi
2968 1452 3296 1507 seminibus
3335 1452 3753 1522 admiscentes,

2107 1535 2383 1591 insanum
2444 1539 2721 1595 humanis
2783 1541 3107 1596 ratiociniis
3156 1541 3441 1596 doctrinm
3493 1547 3754 1611 systema

2108 1627 2480 1691 efﬁnxerant.
2514 1647 2630 1700 quo
2677 1629 2925 1686 rudibus
2957 1636 3015 1685 et
3072 1631 3365 1701 imperitis
3408 1629 3755 1686 illuderent.

2108 1717 2411 1773 Manichaai
2445 1735 2681 1789 quoque
2714 1735 2822 1775 sua
2850 1720 2921 1774 de
2956 1719 3216 1774 tenebris
3244 1736 3568 1790 earumque
3593 1719 3758 1790 prin-

2107 1805 2337 1876 cipibus
2395 1808 2627 1861 somnia
2676 1814 2839 1863 tanta
2885 1808 3197 1863 verborum
3257 1825 3474 1880 pompa
3529 1807 3760 1863 adorna

363 1903 625 1977 πανάγιος
652 1903 912 1957 decorat.
950 1899 1111 1953 Idem
1145 1898 1216 1952 de
1248 1896 1301 1949 vi
1352 1901 1691 1949 sanctarum
1720 1890 2000 1961 reliquia-
2035 1919 2081 1984 Β
2111 1893 2937 1968 bant,utspretaveteriquam
2953 1897 3754 1969 calumniabanturScriptu-

359 2011 492 2049 rum
527 1993 791 2063 disputat
839 1987 1246 2060 copiosissime
1278 1991 1338 2040 et
1391 1983 1732 2056 gravissime
1764 1986 1874 2035 cat.
1912 1981 1998 2048 18,

361 2101 421 2147 n,
452 2084 513 2137 l6
538 2099 551 2148 ;
578 2082 647 2136 de
670 2079 925 2135 utilitate
958 2076 1220 2148 suffragii
1253 2080 1591 2129 sanctorum
1617 2071 1838 2126 nostris
1868 2085 1999 2141 pre-

360 2172 527 2228 cibus
550 2172 609 2224 in
633 2168 908 2225 sacrificii
941 2166 1243 2221 oblatione
1275 2162 1563 2233 adjuncti,
1586 2166 1697 2216 cat.
1725 2162 1816 2227 23,
1851 2176 1910 2213 n.
1944 2160 1999 2227 9,

361 2267 418 2317 et
448 2258 725 2315 sacrificii
757 2274 861 2328 pro
900 2255 1190 2309 levamine
1222 2259 1590 2308 mortuorum
1640 2250 1819 2305 oblati
1853 2248 1996 2304 ibid.

358 2365 419 2406 n.
455 2352 521 2402 10
546 2365 558 2402 :
588 2346 757 2418 cujus
785 2346 873 2401 rei
923 2344 1210 2398 disertum
1241 2342 1303 2396 in
1334 2340 1649 2411 Scripturis
1692 2354 2001 2411 argumen-

355 2444 482 2493 tum
508 2452 643 2493 cum
674 2451 794 2490 non
818 2433 959 2489 alibi
991 2432 1321 2504 reperiatur
1349 2435 1744 2502 praeterquam
1778 2429 1837 2482 in
1878 2429 1998 2483 Ma-

355 2527 727 2583 chabazorum
757 2523 921 2578 libris
941 2539 1090 2593 quos
1118 2520 1371 2592 Cyrillus
1391 2521 1454 2573 in
1483 2535 1711 2575 canone
1740 2535 1860 2572 non
1892 2518 1999 2573 ha-

351 2618 711 2682 buit,sotam
744 2630 807 2668 in
839 2628 909 2667 ea
929 2628 988 2667 re
1015 2610 1348 2666 traditionis
1381 2608 1793 2665 auctoritatem
1827 2623 1996 2662 secu-

352 2712 479 2761 tum
513 2723 648 2761 eum
671 2720 800 2759 esse
831 2717 1074 2757 necesse
1110 2705 1215 2755 est.
1252 2702 1366 2754 Nec
1397 2715 1599 2753 revera
1630 2699 1839 2752 horum
1867 2713 1992 2751 om-

351 2796 518 2850 nium
552 2794 734 2848 ullam
768 2789 1176 2862 probationem
1200 2790 1410 2843 afferre
1444 2787 1689 2842 laborat.
1720 2787 1818 2840 His
1845 2785 1995 2840 adde

351 2890 700 2956 perpetuam
740 2881 932 2935 Marias
953 2878 1350 2949 virginitatem
1399 2882 1511 2932 cat.
1542 2880 1628 2945 12,
1661 2892 1717 2930 n.
1756 2877 1841 2940 34,
1876 2891 1996 2930 mo-

350 2972 563 3028 nastici
598 2970 883 3043 propositi
941 2986 1008 3024 ac
1040 2968 1229 3023 devoti
1263 2972 1561 3038 perpetuis
1610 2965 1991 3020 continentia;

349 3061 613 3133 corporis
647 3060 903 3124 laudem,
939 3064 1050 3113 cat.
1085 3059 1138 3123 4,
1174 3074 1233 3110 n.
1269 3057 1356 3122 23,
1378 3061 1487 3111 cat.
1527 3057 1612 3122 12,
1640 3072 1700 3110 n.
1730 3056 1816 3115 35.
1853 3060 1988 3121 etc.,

349 3150 642 3207 clericalis
673 3148 1056 3203 continentiae
1094 3147 1292 3211 decus,
1329 3151 1440 3200 cat.
1475 3146 1563 3211 12,
1587 3162 1645 3199 n.
1673 3144 1765 3211 25,
1794 3144 1989 3215 ipsum

346 3240 600 3310 denique
629 3239 1061 3308 Scripturarum
1095 3252 1409 3302 canonem,
1434 3234 1534 3304 qui
1568 3238 1726 3288 certe
1759 3234 1817 3287 in
1845 3232 1989 3303 ipsis

347 3328 663 3399 Scripturis
715 3326 1046 3396 descriptus
1076 3341 1195 3379 non
1228 3330 1350 3389 est;
1384 3323 1551 3393 cujus
1578 3322 1990 3377 auctoritatem

347 3420 415 3474 ab
453 3417 823 3487 apostolorum
853 3420 903 3469 et
932 3421 1172 3468 veterum
1203 3415 1578 3482 episcoporum
1607 3411 1861 3466 Ecclesiae
1877 3427 1995 3465 rec-

356 3515 536 3561 torum
567 3506 865 3558 traditione
895 3502 1152 3565 desumit,
1185 3507 1295 3555 cat.
1330 3503 1383 3566 4,
1416 3517 1475 3555 n.
1523 3501 1610 3554 34.
1642 3501 1784 3554 Cum
1817 3500 1996 3571 igitur

356 3597 419 3651 in
451 3594 699 3666 objectis
759 3608 924 3646 num.
972 3592 1040 3645 98
1072 3589 1453 3655 testimoniis,
1509 3588 1660 3643 nihil
1694 3587 1989 3659 [CCXLIX]

350 3683 463 3739 nisi
497 3682 932 3753 Scripturarum
982 3678 1332 3735 auctoritate
1389 3676 1705 3749 probatum
1745 3676 1905 3731 credi
1938 3681 1998 3730 et

348 3771 622 3828 assentiri
647 3771 854 3843 jubet;
889 3769 1146 3840 primum
1186 3768 1304 3839 agit
1342 3765 1414 3821 de
1446 3766 1736 3838 symbolo,
1768 3782 1890 3821 non
1921 3764 1994 3820 de

346 3860 757 3926 sacramentis,
793 3858 1142 3928 ceterisque
1183 3855 1603 3911 traditionibus
1635 3855 1991 3910 ecclesiasti-

348 3952 455 4018 cis,
507 3966 758 4022 quarum
810 3948 1037 4003 nullam
1079 3947 1138 4001 in
1191 3945 1459 4017 symbolo
1491 3945 1782 4000 contineri
1836 3945 1991 4000 ultro

346 4040 744 4113 agnoscimus.
763 4037 1102 4109 Symbolum
1120 4040 1317 4091 autem
1331 4052 1465 4089 cum
1483 4034 1683 4106 Cyrilli
1699 4035 1994 4089 sententia

348 4133 609 4191 cat.5,n.
644 4131 730 4195 12,
764 4124 1423 4197 nihilaliudsit.pra3ter
1444 4141 1676 4178 summa
1706 4124 1991 4178 doctrinm

343 4220 402 4273 in
425 4218 743 4289 Scripturis
767 4220 1060 4271 contentae
1075 4214 1303 4285 capita;
1329 4213 1472 4283 quid
1501 4213 1719 4267 mirum
1752 4213 1798 4268 si
1829 4213 1891 4267 in
1923 4229 1992 4269 ea

344 4309 620 4363 doctrina
649 4305 1000 4377 explicanda
1032 4302 1100 4359 ad
1125 4304 1284 4374 ipsas
1316 4302 1649 4373 Scripturas
1677 4319 1989 4357 recurren-

342 4398 482 4453 dum
507 4398 600 4452 sit.
626 4397 687 4451 in
715 4394 931 4466 quibus
958 4395 1106 4447 Deus
1132 4391 1274 4463 quid
1308 4397 1366 4445 et
1394 4397 1681 4462 quantum
1712 4392 1783 4446 de
1815 4392 1990 4447 rebus

345 4488 405 4541 in
431 4486 699 4559 symbolo
733 4483 1029 4539 contentis
1059 4480 1303 4536 credere
1348 4481 1674 4537 debeamus
1718 4484 1987 4553 aperuit;

342 4584 555 4633 caetera
576 4575 650 4631 ad
663 4572 1053 4630 exercendam
1075 4576 1341 4625 nostram
1359 4571 1540 4625 animi
1561 4571 1986 4627 demissionem

2110 2000 2194 2048 ra,
2219 1984 2293 2038 ad
2315 1985 2618 2041 veritatem
2634 1986 2931 2041 auditores
2945 2004 3083 2041 suos
3111 1992 3270 2042 certo
3284 2004 3344 2042 se
3362 1986 3577 2041 ducere
3592 1985 3761 2041 nulla

2110 2071 2273 2126 dubii
2303 2073 2737 2144 significatione
2788 2075 3175 2142 affirmarent,
3234 2093 3303 2130 ac
3333 2074 3538 2131 multis
3577 2075 3758 2129 etiam

2109 2160 2555 2231 persuaderent.
2593 2163 2657 2217 Hi
2690 2162 2750 2217 in
2784 2163 3100 2218 Palaestina
3148 2162 3349 2234 Cyrilli
3384 2163 3757 2234 temporibus

2109 2251 2366 2307 maxime
2396 2252 2833 2324 grassabantur.
2869 2254 3150 2308 Hinctam
3180 2253 3357 2309 creba
3378 2253 3535 2324 apud
3562 2254 3759 2324 ipsum

2110 2344 2167 2394 et
2198 2344 2315 2394 tam
2348 2341 2644 2397 inculcata
2673 2342 2919 2398 humani
2950 2342 3188 2397 rationii
3210 2342 3594 2414 contemptio.
3628 2342 3762 2413 ejus

2110 2428 2525 2501 queimperata
2541 2430 2919 2487 audientibus
2941 2431 3293 2486 difﬁdentia.
3325 2430 3760 2486 Attraditiones

2109 2518 2571 2574 ecclessiasticas
2600 2520 2774 2575 verbo
2807 2520 3026 2575 violare
3058 2520 3171 2591 ipsi
3205 2520 3412 2593 religio
3453 2519 3683 2574 fuisset.

2181 2612 2301 2664 104.
2331 2612 2529 2681 Neque
2562 2628 2736 2683 porro
2777 2611 2961 2683 magis
2993 2611 3272 2666 Ecclesia:
3321 2611 3663 2666 definientis
3695 2614 3756 2666 et

2107 2699 2551 2769 praescribentis
2565 2700 2975 2756 auctoritatem
2998 2700 3470 2772 uniuscujusque
3485 2716 3752 2755 censuras

2108 2793 2166 2841 et
2195 2787 2437 2843 arbitrio
2469 2789 2742 2859 subjecit.
2790 2791 2893 2845 Cat
2946 2790 3034 2854 18,
3085 2806 3146 2845 n.
3178 2791 3267 2849 23,
3304 2788 3527 2855 scribit,
3559 2789 3755 2843 Eccle-

2107 2876 2256 2931 siam
2282 2893 2416 2932 cum
2458 2884 2699 2948 propter
2722 2878 2870 2933 alias
2896 2895 3106 2933 causas
3137 2879 3485 2943 catholicam,
3518 2878 3626 2932 hoc
3658 2882 3751 2933 est

2107 2969 2466 3023 uniuersalem
2479 2969 2922 3039 appellari,tum
2938 2969 3362 3041 propteristam
3380 2988 3391 3024 :
3410 2993 3436 3019 ‹‹
3454 2970 3599 3034 Quia
3611 2969 3749 3023 uni-

2106 3076 2136 3109 ι(
2150 3073 2314 3111 verse
2328 3063 2386 3112 et
2407 3057 2629 3128 absque
2645 3058 2877 3113 defectu
2900 3058 3073 3113 donet
3096 3059 3299 3114 omnia
3320 3076 3450 3130 qua:
3469 3060 3529 3113 in
3552 3058 3751 3113 homi-

2106 3167 2135 3195 «
2149 3162 2293 3201 num
2306 3147 2578 3201 notitiam
2592 3148 2789 3201 venire
2803 3148 3021 3203 debent
3034 3148 3453 3219 dogmatasive
3466 3148 3536 3203 de
3550 3148 3751 3202 visibi-

2106 3235 2302 3289 «libus
2326 3242 2383 3291 et
2404 3236 2824 3298 invisibilibus.
2853 3237 2972 3291 sive
2995 3237 3066 3291 de
3090 3237 3428 3293 coelestibus
3450 3243 3510 3293 et
3532 3244 3750 3293 terres-

2104 3324 2327 3379 «tribus
2348 3326 2546 3382 rebus.
2564 3349 2591 3376 »
2608 3326 2760 3381 Nihil
2780 3327 3054 3382 Ecclesiae
3077 3327 3361 3382 doctrinae
3383 3327 3749 3396 addendum,

2099 3414 2381 3485 quoniam
2404 3418 2668 3471 universa
2690 3416 3281 3488 doceatquzecunque
3310 3417 3480 3489 [CCL]
3501 3418 3562 3472 in
3593 3418 3750 3472 noti-

2098 3514 2240 3569 tiam
2254 3513 2569 3569 hominum
2583 3515 2779 3570 venire
2799 3515 3018 3571 debent
3034 3532 3046 3571 :
3064 3515 3216 3571 nihil
3231 3515 3747 3583 detrahendum,si

2098 3604 2289 3657 omnia
2302 3620 2433 3674 qum
2450 3602 2642 3666 docet.
2659 3607 2718 3659 in
2733 3607 2995 3660 notitiam
3013 3604 3298 3660 hominum
3318 3609 3502 3661 venire
3515 3605 3749 3668 debent;

2097 3691 2248 3746 nihil
2264 3693 2751 3749 commutandam
2768 3701 2871 3749 aut
2891 3693 3356 3762 reformandum,
3391 3711 3524 3749 cum
3542 3695 3745 3765 absque

2097 3783 2313 3849 defectu
2325 3781 2653 3848 doceat,nec
2668 3782 3252 3855 majoracgraviorin
3268 3783 3535 3839 docendo
3558 3784 3748 3839 defcc-

2097 3874 2192 3923 tus
2223 3886 2351 3923 esse
2401 3871 2589 3941 possit
2618 3887 2797 3941 quam
2845 3871 3062 3926 erroris
3096 3872 3457 3942 praedicatio.
3512 3873 3566 3927 Si
3596 3873 3746 3928 falsa

2097 3957 2338 4014 doceret
2367 3959 2649 4022 Ecclesia,
2705 3977 2825 4014 non
2858 3966 3014 4015 esset
3043 3961 3105 4015 in
3149 3962 3279 4033 ejus
3341 3962 3476 4016 sinu
3506 3979 3741 4033 perina-

2096 4048 2379 4111 nendum,
2416 4048 2518 4102 sed
2560 4049 2826 4118 magistri
2866 4050 3126 4104 veritatis
3175 4049 3514 4121 ubicunque
3546 4051 3744 4106 forent

2094 4134 2461 4206 requirendi.
2490 4139 2561 4190 At
2580 4136 2832 4207 Cyrillus
2850 4136 2907 4191 in
2925 4138 3188 4192 Ecclesia
3205 4155 3334 4208 qua:
3353 4138 3643 4193 catholica
3658 4137 3742 4192 di-

2096 4225 2247 4279 citur
2268 4231 2611 4279 constanter
2626 4226 2961 4296 permaneri
2976 4226 3151 4298 jubet
3175 4243 3187 4280 :
3209 4227 3359 4282 hanc
3383 4226 3541 4282 enim
3562 4242 3738 4281 unam

2095 4333 2223 4371 esse
2247 4316 2462 4371 Christi
2487 4333 2786 4388 sponsam,
2810 4333 2990 4372 unam
3017 4322 3261 4373 matrem
3297 4318 3564 4374 fidelium
3590 4337 3603 4385 ;
3632 4334 3743 4374 nec

2094 4405 2346 4460 aliarum
2362 4412 2659 4461 sectarum
2682 4405 2980 4461 illecebris
2997 4423 3104 4461 nos
3122 4411 3345 4478 patitur
3360 4407 3594 4463 abduci:
3611 4424 3743 4479 qua;

2094 4494 2361 4566 quamvis
2380 4494 2661 4550 Ecclesia:
2685 4511 2903 4549 nomen
2926 4501 3233 4566 usurpent,
3257 4512 3325 4551 eo
3342 4496 3467 4551 solo
3483 4496 3642 4567 quod
3659 4514 3746 4553 ca-

2094 4583 2329 4638 tholicas
2357 4584 2597 4638 nomine
2621 4583 3039 4645 destituuntur,
3065 4584 3342 4639 Ecclesiaa
3369 4585 3628 4640 nominis
3652 4586 3745 4642 in-

346 4666 586 4722 silentio
619 4670 773 4719 tecta
794 4660 1242 4731 adorarijussit,
1274 4660 1868 4731 prohibuitcuriosus
1894 4660 1984 4716 in-

2104 4674 2249 4742 iuste
2283 4673 2469 4727 invasi
2500 4690 2637 4740 reas,
2664 4678 2723 4727 et
2753 4673 2881 4729 sola
2906 4675 3162 4731 Ecclesia:
3184 4676 3613 4745 malignantium
3642 4693 3749 4748 ap-

343 4753 589 4825 dagari?
619 4755 699 4807 Ea
728 4753 812 4807 vis
846 4750 1324 4807 testimoniorum
1356 4749 1558 4821 Cyrilli
1591 4749 1985 4822 objectorum,

344 4842 678 4915 prmsertim
729 4845 780 4907 1,
811 4845 863 4899 2.
898 4843 950 4910 3,
983 4842 1035 4905 6,
1070 4843 1121 4905 ’7,
1157 4840 1207 4893 8.
1259 4838 1554 4910 Quidquid
1585 4846 1780 4895 autem
1811 4842 1986 4896 Chri-

347 4938 472 4988 stus
504 4931 577 4986 ad
620 4930 1055 4985 institutionem
1090 4933 1147 4983 et
1177 4928 1755 4984 administrationem
1785 4931 1990 4987 Eccle-

347 5023 450 5076 sine
482 5020 811 5075 constituit.
839 5036 955 5074 non
993 5035 1167 5073 omne
1190 5018 1251 5072 in
1283 5018 1600 5089 Scripturis
1630 5020 1986 5093 consignari,

349 5110 451 5166 sed
484 5108 773 5163 nonnulla
804 5124 909 5177 per
942 5106 1217 5161 Ecclesia:
1242 5106 1621 5161 traditionem
1652 5114 1988 5167 conservari

347 5198 551 5257 Voluit.
585 5203 649 5251 ut
680 5202 737 5251 et
785 5195 958 5249 dictis
988 5202 1046 5250 et
1077 5194 1243 5249 factis
1274 5197 1569 5265 praecipue
1629 5198 1753 5253 suis
1784 5215 1989 5259 omnes

347 5292 552 5344 Patres
573 5287 806 5343 docent.
825 5284 1115 5351 Secundo,
1141 5300 1274 5339 cum
1297 5285 1549 5356 Cyrillus
1571 5287 1892 5360 quidquam
1916 5293 1990 5348 ad

349 5379 677 5449 Scripturas
700 5375 835 5431 addi
867 5379 1041 5437 vetat,
1077 5373 1227 5427 nihil
1257 5373 1420 5428 aliud
1445 5374 1705 5430 excludit
1733 5379 1849 5434 nisi
1882 5382 1989 5436 hu-

346 5484 538 5523 mana:
567 5463 922 5521 inventionis
966 5461 1297 5525 ratiocinia.
1349 5462 1731 5533 sophismata,
1768 5468 1988 5541 ingenii

346 5558 409 5612 in
432 5556 715 5628 mysteria
738 5559 939 5608 nostra
955 5552 1460 5613 exercitationem,
1476 5559 1535 5607 et
1555 5560 1619 5607 ut
1640 5555 1763 5625 ipse
1785 5561 1986 5631 appel-

344 5646 451 5715 lat,
483 5639 877 5718 ευρεσιΑογῖας,
900 5637 1227 5716 σοφίσματα,
1282 5641 1593 5716 σοφιστικὰς
1636 5648 1984 5723 κατασκευὰς,

348 5731 722 5812 ἆνθρωπίκους
769 5726 1091 5805 λογισμούς,
1144 5734 1254 5785 etc.
1305 5729 1370 5785 Id
1433 5730 1653 5788 diserte
1699 5740 1862 5805 patet
1916 5755 1986 5795 ex

2096 4763 2418 4835 pellatione
2451 4762 2641 4835 dignas
2681 4763 3133 4819 convincuntur.
3168 4787 3197 4815 «
3232 4766 3474 4836 Proprie
3527 4771 3586 4820 et
3611 4782 3747 4821 vere

2098 4874 2126 4903 «
2143 4852 2275 4923 quis
2290 4851 2523 4919 dixerit,
2542 4875 2568 4899 n
2584 4852 2798 4923 inquit.
2814 4859 2925 4909 cat.
2949 4854 3034 4922 18,
3051 4871 3110 4908 n.
3126 4857 3194 4908 62
3217 4871 3274 4908 :«
3290 4854 3612 4910 Ecclesiam
3629 4871 3749 4911 ma-

2099 4965 2126 4992 ‹‹
2142 4942 2496 5014 lignantium
2511 4958 2638 4997 esse
2654 4943 3069 4998 haereticorum
3086 4952 3293 5000 coetus.
3306 4987 3315 4998 .
3328 4986 3341 4999 .
3366 4946 3584 5000 Eorum
3608 4945 3750 5000 abo-

2102 5053 2129 5081 «
2145 5030 3266 5105 minandacollegiafugiens,adha:reas
3283 5051 3517 5105 semper
3531 5040 3749 5089 sancta

2102 5142 2130 5171 «
2144 5120 2449 5175 catholicze
2465 5121 2831 5177 Ecclesize.in
2848 5139 2964 5192 qua
2979 5128 3037 5176 et
3051 5129 3291 5178 renatus
3318 5126 3477 5179 es.Et
3499 5124 3545 5179 si
3562 5141 3752 5195 quan-

2105 5228 2127 5256 α
2143 5209 2216 5264 do
2231 5210 2639 5282 peregrinatus
2653 5210 2834 5264 fueris
2853 5211 2911 5264 in
2927 5210 3280 5279 civitatibus,
3304 5228 3377 5267 ne
3400 5213 3753 5284 simpliciter

2101 5300 2481 5370 «requiras...
2498 5298 2599 5355 ubi
2616 5299 2984 5355 sitEcclesia:
3003 5302 3105 5355 sed
3120 5300 3219 5355 ubi
3241 5302 3623 5358 sitcatholica
3643 5303 3750 5357 Ec-

2101 5410 2126 5443 α
2142 5389 2338 5445 clesia.
2353 5390 2468 5444 Hoc
2487 5389 2644 5443 enim
2661 5390 2963 5460 proprium
2982 5406 3200 5445 nomen
3215 5397 3305 5446 est
3319 5392 3495 5463 hujus
3509 5397 3751 5459 sanctis,

2099 5509 2125 5535 α
2144 5478 2420 5533 etmatris
2433 5478 2700 5532 omnium
2715 5485 3006 5534 nostrum.
3030 5481 3169 5545 Quae
3186 5480 3427 5551 quidem
3452 5488 3505 5535 et
3536 5496 3752 5553 sponsa

2098 5567 2827 5622 «estDomininostriJesu
2842 5567 3079 5631 Christi,
3102 5590 3129 5617 »
3151 5574 3240 5623 etc
3270 5569 3354 5624 Ab
3369 5570 3478 5625 hac
3491 5570 3753 5625 Ecclesia

2088 5655 2262 5728 jubet
2282 5672 2391 5711 nos
2414 5656 2726 5726 requirere
2741 5672 3032 5711 canonem
3055 5657 3581 5729 Scripturarum,et
3600 5675 3754 5732 sym-

2095 5743 2301 5803 bolum
2332 5743 2489 5804 fidei.
2538 5746 2616 5801 De
2674 5744 2871 5817 priore
2903 5746 2986 5802 ait
3013 5751 3126 5802 cat.
3175 5749 3231 5817 4,
3265 5764 3328 5805 n.
3363 5749 3428 5803 33
3454 5765 3468 5804 :
3498 5749 3753 5806 Studiose
