4134 6264
292 331 423 392 293

1547 327 1927 394 VETERUM
1969 326 2481 391 TESTIMONIA.

3591 331 3710 392 294

290 476 532 532 quoque,
566 466 619 515 et
665 460 733 515 ab
787 460 1031 516 Ecclesia
1078 458 1245 527 disce,
1298 459 1523 531 quinam
1571 462 1681 516 sint
1734 461 1943 515 Veteris
1976 475 2019 538 Α
2048 460 2152 531 jus
2175 476 2422 516 examen
2444 459 2516 515 ad
2540 459 2862 531 scripturas
2885 474 3033 531 quas
3061 459 3257 530 legere
3279 476 3399 515 non
3431 465 3710 531 poterant

296 548 634 605 Testamenti
655 550 806 611 libri.
832 551 929 620 qui
948 566 1074 605 vero
1098 552 1253 615 Novi,
1282 555 1339 604 et
1367 567 1531 605 num.
1561 553 1625 604 35
1649 567 1662 604 :
1684 552 1789 605 Eos
1810 550 1949 605 solos

292 638 466 694 libros
491 639 728 694 studiose
756 639 1021 694 meditare
1049 645 1100 693 et
1146 654 1321 706 versa,
1352 655 1486 708 quos
1524 641 1691 694 etiam
1742 638 1802 694 in
1850 641 1949 694 Ec-

289 728 460 783 clesia
488 744 606 782 cum
638 735 790 782 certa
818 727 1024 797 ﬁducia
1054 727 1303 797 legimus.
1343 728 1518 783 Multo
1562 728 1947 798 prudentiores

290 822 339 871 et
368 815 716 885 religiosores
750 823 798 871 te
829 823 986 871 erant
1025 824 1229 872 veteres
1284 816 1527 887 episcopi
1583 817 1947 872 Ecclesiarum

283 906 571 976 praesides,
607 908 705 974 qui
750 920 838 960 eos
901 906 1200 960 tradidere.
1244 907 1321 960 Tu
1355 922 1482 976 ergo
1506 907 1653 974 ﬁlius
1696 907 1945 961 Ecclesiae

293 1010 415 1048 cum
444 996 539 1060 sis,
573 1009 642 1047 ne
669 993 809 1063 leges
835 997 1048 1064 positas
1098 1001 1350 1064 pcrverte
1431 996 1555 1050 Non
1602 994 1780 1066 igitur
1810 1010 1945 1065 per-

292 1080 571 1135 mittebat
591 1097 1081 1152 unumquemque
1105 1088 1300 1153 spreto
1333 1082 1853 1153 Ecclesieejudicio
1876 1097 1946 1135 ex

291 1170 520 1242 privato
541 1169 775 1241 spiritu,
805 1186 909 1225 seu
944 1170 1128 1242 magis
1154 1170 1418 1239 arbitrio,
1442 1170 1513 1225 de
1540 1170 1754 1225 divinis
1776 1169 1944 1225 libris

284 1258 590 1331 judicium
615 1259 932 1315 instruere.
965 1261 1034 1313 Et
1051 1276 1214 1315 num.
1245 1261 1312 1313 36
1339 1276 1352 1313 :
1379 1261 1738 1329 Quaecumque
1766 1262 1826 1313 in
1856 1275 1945 1313 ec-

296 1348 475 1403 clesiis
502 1363 614 1402 non
674 1348 953 1417 legunlur,
1004 1348 1105 1402 illa
1132 1364 1308 1418 neque
1357 1351 1625 1419 privatim
1658 1348 1822 1417 legas.
1867 1349 1944 1402 De

290 1437 565 1509 symbolo
581 1453 717 1491 vero
753 1436 890 1491 fidei
923 1442 1035 1491 cat'
1057 1440 1109 1505 5,
1144 1454 1204 1492 n.
1238 1441 1302 1492 12
1328 1457 1340 1493 :
1367 1439 1557 1492 Fidem
1590 1438 1747 1492 illam
1774 1438 1946 1493 solam

287 1527 622 1597 amplectere
643 1533 694 1580 et
724 1541 880 1581 serva
911 1543 1033 1597 quo:
1062 1543 1207 1581 nunc
1256 1527 1357 1581 tibi
1404 1528 1472 1581 ab
1505 1529 1739 1582 Ecclesia
1769 1528 1944 1582 tradi-

287 1621 396 1683 tur,
431 1632 507 1669 ex
537 1615 790 1670 omnibus
844 1616 1144 1685 Scripturis
1196 1616 1424 1670 vallata.
1459 1616 1735 1671 Ecclesia:
1767 1617 1947 1672 unius

286 1704 649 1759 auctoritate
682 1703 904 1775 suscipi
927 1710 986 1759 et
1011 1703 1447 1776 retinerijubet
1466 1705 1816 1770 doctrinam,
1843 1722 1944 1761 cu—

358 1881 405 1917 ⁴¹
443 1882 653 1937 Matth.
683 1898 796 1953 xvx,
834 1883 919 1938 18.
996 1856 1049 1918 δέ
1074 1884 1097 1937 I
1127 1883 1275 1938 Tim.
1310 1901 1390 1938 ιιι.
1432 1886 1518 1941 15.

2059 550 2372 605 instituere
2397 568 2516 622 pra:
2538 550 2872 621 ignorantia
2895 556 2995 605 aut
3015 550 3400 620 occupatione
3423 551 3709 621 impedie-

2057 638 2294 694 bantur.
2321 640 2643 695 Ecclesiam
2677 640 2913 695 tandem
2944 638 3199 693 deﬁcere
3240 656 3359 693 non
3390 657 3561 710 posse
3595 640 3701 695 do-

2055 734 2187 795 cet;
2222 746 2325 784 seu
2353 746 2487 784 cum
2518 735 2629 784 cat.
2666 730 2751 796 18,
2784 746 2843 783 n.
2877 732 2965 790 25.
3001 728 3071 782 de
3127 744 3195 782 ea
3252 727 3422 782 Petro
3481 728 3699 783 dixisse

2053 817 2415 873 Salvatorem
2436 819 2557 876 ait:
2588 818 2887 886 zEdiﬁcabo
2923 819 3211 872 Ecclesium
3231 833 3427 885 meam,
3458 825 3509 871 et
3525 834 3702 887 porta:

2051 909 2221 975 inferi
2278 924 2389 963 non
2424 907 2806 977 praevalebunt
2854 909 3110 961 adversus
3152 923 3272 961 eam
3302 906 3370 969 “,
3407 922 3510 961 seu
3561 923 3698 962 cum

2052 1002 2186 1067 post
2215 997 2463 1051 Pa-.lum
2496 997 2804 1051 columnam
2834 1002 2885 1050 et
2921 995 3351 1051 stabili-mentum
3372 997 3623 1050 veritatis
3656 996 3702 1031 ⁴²

2050 1085 2312 1157 appellat
2344 1103 2357 1139 :
2392 1102 2494 1140 seu
2526 1102 2661 1141 cum
2714 1086 2892 1140 etiam
2942 1084 3287 1140 Antichristi
3323 1084 3697 1156 temporibus

2050 1174 2303 1229 ﬁrmiter
2322 1191 2767 1245 permansurum
2787 1175 3047 1229 afﬁrmat
3067 1179 3176 1228 cat.
3204 1176 3284 1233 15.
3313 1190 3370 1228 n.
3398 1176 3482 1226 16·
3513 1176 3695 1245 Neque

2051 1265 2216 1327 enim,
2239 1264 2452 1334 inquit,
2485 1266 2653 1317 robur
2672 1270 2722 1318 et
2758 1278 2947 1317 nervos
2986 1264 3234 1317 Ecclesia:
3281 1263 3525 1332 despero.
3561 1264 3697 1318 Haec

2049 1351 2251 1423 Cyrilli
2268 1351 2558 1422 principia
2574 1351 2846 1405 meditari
2868 1352 3063 1422 potius
3082 1351 3391 1422 Oportebat
3421 1352 3690 1406 Rivetum

2051 1457 2228 1511 quam
2262 1446 2436 1495 sectas
2485 1458 2605 1495 suae
2656 1440 3071 1512 preejudicatas
3101 1440 3414 1511 opiniones
3474 1446 3697 1497 temere

2053 1530 2304 1600 arreptis
2327 1530 2515 1584 sancti
2534 1530 2791 1584 doctoris
2805 1530 3117 1584 sententiis
3140 1536 3475 1584 sustentare
3496 1531 3698 1585 conari

2053 1634 2123 1673 ac
2155 1620 2434 1673 Romanas
2462 1618 2740 1673 Ecclesiae
2770 1617 2918 1672 falso
2949 1624 3295 1688 conceptam
3331 1620 3458 1688 ejus
3491 1619 3701 1675 decre-

2055 1712 2251 1762 torum
2281 1723 2415 1762 cum
2448 1706 2786 1778 Cyrillianis
2819 1705 3279 1777 discrepantiam
3307 1706 3588 1777 objicere.

1267 2194 1891 2289 VETERUM
1956 2193 2742 2289 TESTIMONIA

1004 2380 1095 2435 DE
1128 2379 1181 2434 S.
1225 2377 1521 2434 CYRlLLO
1581 2377 2243 2435 llIEROSOLYMlTANO
2300 2378 2603 2443 EJUSQUE
2660 2377 2990 2434 SCRIPTIS.

285 2745 698 2819 [CCLI-CCLII]
729 2748 785 2803 S.
821 2746 1073 2801 Basilius
1104 2745 1353 2802 homilia
1386 2746 1470 2811 13,
1528 2761 1659 2818 pag.
1717 2747 1843 2814 413,
1904 2746 2259 2801 sententiam
2292 2744 2490 2812 habet,
2524 2763 2656 2817 quas
2708 2744 2922 2801 iisdem
2975 2746 3219 2802 omnino
3250 2745 3446 2802 verbis
3507 2749 3700 2801 exsta-

1459 2843 1613 2915 apud
1644 2843 1930 2915 Cyrillum
1960 2845 2203 2901 Procat..
2236 2861 2403 2901 num.
2439 2847 2522 2899 16.

295 2971 588 3029 Concilium
620 2970 1292 3040 Conslantinopolilanum
1337 2972 1725 3024 meumenicum
1770 2985 1828 3037 ιι,
1879 2984 1973 3024 αη.

2032 2970 2128 3022 381
2162 2969 2246 3023 vel
2276 2970 2399 3033 382,
2448 2971 2508 3023 in
2537 2969 2769 3039 epistola
2822 2970 2893 3024 ad
2923 2970 3213 3025 Damasum
3253 2975 3303 3024 et
3332 2969 3695 3025 occidentales

1247 3042 1399 3111 apud
1429 3040 1822 3096 Theodoretum
1865 3043 2003 3095 Hist.
2037 3040 2247 3096 eccles.
2301 3041 2394 3094 lib.
2442 3057 2492 3094 v.
2525 3057 2645 3111 cap.
2680 3044 2732 3097 9.

378 3145 499 3212 Τῆς
533 3140 557 3195 ἑ
589 3139 646 3195 δε
695 3139 903 3216 μητρὸς
960 3139 1179 3193 ἀπασῶν
1233 3141 1340 3192 τῶν
1374 3137 1715 3208 Ἐκκλησιῶν
1746 3144 1846 3206 τῆς
1878 3136 1929 3191 ἐν

2114 3138 2665 3210 Hierosolymitanaa
2686 3144 2885 3194 autem
2915 3138 3211 3206 Ecclesiae,
3232 3154 3363 3208 quae
3385 3141 3576 3193 mater
3604 3140 3693 3191 est

276 3228 686 3307 Ἱεροσολύμοις
719 3273 735 3300 ,
805 3229 895 3283 τὸν
943 3226 1372 3300 αἱδεσιμώτατον
1425 3227 1518 3281 καὶ
1576 3220 1929 3303 θεοφιλέστα-

271 3339 359 3374 τον
393 3319 678 3396 Κῦριλλον
708 3318 999 3373 ἐπίσκοπον
1060 3323 1196 3372 εἶναι
1243 3318 1601 3393 γνωρίζομεν
1635 3319 1933 3380 κανονικῶς

272 3430 326 3465 τε
358 3411 513 3483 παρά
568 3413 678 3464 τῶν
735 3416 835 3478 τῆς
890 3408 1159 3482 ἐπαρχίας
1217 3409 1677 3482 χειροτονηθέντα
1732 3408 1928 3475 πάλαι,

272 3501 358 3554 καὶ
390 3497 634 3554 πλεῖστα
663 3498 800 3573 πρὸς
828 3496 955 3559 τοὺς
1008 3495 1313 3571 Ἀρειανοὺς
1346 3496 1399 3549 ὲν
1433 3492 1715 3572 διαφόροις
1742 3495 1933 3557 τόποις

274 3587 412 3659 ἆθλή
422 3607 617 3644 σαντα.

2043 3228 2312 3284 omnium
2370 3228 2797 3295 Ecclesiarum,
2842 3227 3405 3283 reverendissimum
3454 3228 3689 3296 Deoque

2042 3316 2499 3373 dilectissimum
2520 3317 2806 3390 Cyrillum
2830 3317 3175 3388 episcopum
3207 3332 3337 3371 esse
3367 3321 3576 3370 notum
3607 3314 3688 3369 fa-

2042 3408 2271 3461 cimus:
2320 3407 2421 3478 qui
2479 3413 2538 3462 et
2585 3406 2870 3461 canonice
2918 3405 2991 3460 ab
3049 3405 3343 3477 episcopis
3372 3403 3689 3477 provincias

2042 3497 2186 3552 olim
2212 3497 2520 3553 ordinatus
2548 3496 2679 3565 fuit,
2713 3502 2773 3551 et
2800 3496 3059 3567 plurima
3077 3497 3254 3552 variis
3285 3496 3346 3550 in
3375 3496 3524 3552 locis
3554 3510 3695 3550 con-

2042 3591 2136 3641 tra
2166 3586 2415 3641 Arianos
2445 3586 2775 3642 certamina
2796 3584 2994 3640 subiit.

1505 3684 1560 3739 S.
1595 3683 1943 3753 Epiphanius
1973 3683 2164 3752 haeres,
2197 3687 2286 3751 66,
2318 3684 2348 3757 §
2377 3686 2465 3738 20.

343 3786 444 3839 Καὶ
513 3783 620 3838 ἀπὸ
678 3782 820 3852 τότε,
882 3782 971 3836 καὶ
1027 3780 1133 3843 ἓως
1193 3778 1351 3854 δεῦρο
1401 3777 1565 3834 ἄλλοι
1623 3777 1930 3835 ἐπίσκοπον

274 3874 471 3944 Βίζας,
506 3862 758 3948 "Eppium
822 3872 1064 3946 Μάκαρις
1123 3872 1258 3943 Heg.
1321 3871 1645 3943 Μακάριοςῖ.
1684 3869 1932 3942 Μάξιμος

276 3962 611 4039 ΚῦριΛλος,
664 3959 959 4036 Ἐρέννιος,
1020 3958 1291 4033 Κύριλλος
1351 3957 1550 4027 ἄλλος,
1606 3956 1930 4034 Ιλαρίωνος,

273 4056 362 4107 νῦν
396 4054 657 4127 κατέχων
687 4052 786 4120 τὴν
848 4047 1198 4119 Ἐκκλησίαν,
1258 4047 1692 4123 προσεγκληϐεὶς
1721 4051 1790 4122 τῇ
1819 4051 1930 4103 τῶν

278 4143 584 4218 Ἀρειανῶν
614 4141 894 4213 κοινωνίᾳ.

2112 3784 2160 3837 Α
2191 3799 2306 3853 quo
2338 3787 2606 3853 tempore
2637 3781 2709 3837 ad
2742 3781 3090 3837 hodiernam
3130 3781 3287 3836 diem
3317 3781 3378 3835 hi
3422 3780 3688 3851 episcopi

2043 3877 2464 3927 numerantur:
2494 3872 2690 3936 Bazas,
2722 3872 3000 3937 Hermon,
3036 3870 3343 3935 Macarius,
3377 3871 3685 3941 Maximus,

2041 3962 2316 4034 Cyrillus,
2352 3960 2705 4027 Herennius,
2735 3959 2989 4032 Cyrillus
3029 3959 3202 4028 alter,
3243 3959 3581 4016 Hilarionus
3607 3964 3686 4034 (α)

2041 4051 2141 4122 qui
2172 4067 2331 4106 nunc
2361 4050 2638 4105 Ecclesiae
2669 4048 2967 4121 praesidet,
3008 4049 3109 4120 qui
3158 4065 3292 4103 cum
3323 4050 3558 4105 Arianis
3579 4051 3687 4107 ha-

2039 4139 2239 4195 buisse
2270 4140 2756 4195 communionem
2786 4143 3097 4194 accusatus
3129 4144 3237 4196 est.

1647 4239 1796 4293 Idem
1826 4239 2017 4311 haeres,
2047 4241 2136 4307 75,
2169 4238 2198 4310 §
2228 4240 2317 4293 23.

283 4344 537 4402 Ἀκάκιος
594 4342 696 4417 γὰρ
773 4340 801 4394 ὁ
885 4338 1244 4399 Παλαιστινὸς
1305 4337 1332 4391 ὁ
1390 4334 1714 4410 Καισαρείας
1749 4378 1763 4402 ,
1813 4337 1925 4409 ἅμα

279 4431 559 4504 Μελητῖῳ,
590 4431 678 4484 καὶ
738 4428 992 4504 Οὖρανίῳ
1046 4432 1124 4498 τῷ
1170 4425 1370 4501 Τυρίῳ,
1423 4425 1512 4479 καὶ
1560 4424 1821 4499 Εὐτυχίῳ
1848 4429 1926 4497 τῷ

279 4517 806 4595 Ἐλευθεροπολίτῃ,
857 4515 945 4571 διὰ
1000 4517 1092 4571 τὸν
1151 4515 1286 4583 πρὸς
1334 4512 1610 4586 Κύριλλεν
1642 4514 1734 4568 τὸν
1762 4515 1923 4589 Ἰερο-

281 4609 583 4684 σολυμίτην
636 4607 803 4677 ζῆλόν
834 4606 1008 4661 τεκαὶ
1045 4610 1223 4678 μῖσος,
1283 4604 1566 4658 ἀνθίσνατο
1622 4608 1740 4665 τοῖς
1797 4603 1920 4679 περὶ

282 4699 587 4767 Βασίλειον,
634 4697 724 4752 καὶ
756 4697 1030 4771 recup-{nov
1089 4695 1179 4749 τὸν
1243 4689 1527 4763 Λαοδικέα,
1559 4693 1646 4747 καὶ
1686 4690 1924 4747 Σιλουα-

282 4788 365 4842 νόν
410 4790 506 4844 τὸν
538 4786 765 4862 Ταρσέα,
800 4784 1077 4841 Ἐλεὸσιὸν
1125 4804 1184 4837 τε
1233 4783 1325 4837 τὸν
1382 4781 1640 4851 Κυζίκῡυ,
1676 4778 1893 4838 Μακεδό

282 4897 389 4932 νιον
432 4878 525 4932 τὸν
581 4871 1309 4940 Κωνσταντινουπολιτανὸν,
1369 4871 1671 4928 Εὐπάθεον
1702 4871 1797 4926 τὸν
1828 4877 1925 4926 Σε-

285 4959 565 5035 ϐαστείας,
624 4964 716 5019 καὶ
767 4963 1014 5020 Ἀνιανὸν
1070 4961 1162 5016 τὸν
1228 4958 1539 5033 Ἀντιοχέα’
1593 4961 1717 5015 τότε
1769 4966 1931 5015 κᾶτα-

284 5057 602 5124 σταθέντων,
660 5054 779 5108 κατ’
836 5052 1014 5107 αὐτῶν
1074 5049 1257 5105 ἑαυτὸν
1315 5048 1641 5124 στρατεύσας
1699 5050 1728 5104 ὁ
1776 5048 1936 5112 αὐτὸς

287 5129 555 5216 Ἀκάκιος,
588 5142 813 5212 πολλῆν
839 5141 1028 5219 piger:
1054 5140 1365 5215 ἐργάσατο.

2106 4339 2252 4393 Nam
2268 4338 2516 4394 Acacius
2530 4338 2879 4394 Palaestinus
2894 4339 3173 4394 Cmsareze
3197 4338 3527 4410 episcopus,
3549 4356 3684 4394 cum

2036 4426 2290 4494 Meletio,
2326 4433 2384 4482 et
2414 4427 2630 4483 Uranio
2662 4428 2852 4500 Tyrio,
2882 4433 2940 4482 et
2996 4427 3281 4497 Eutychio
3333 4427 3680 4482 Eleuthero-

2035 4516 2321 4587 politano,
2347 4533 2452 4587 pro
2512 4532 2602 4581 eo,
2637 4532 2752 4587 quo
2791 4516 2852 4569 in
2883 4515 3168 4587 Cyrillum
3202 4516 3681 4586 Hierosolymita-

2036 4621 2182 4659 num
2214 4605 2349 4660 odio
2382 4610 2440 4660 et
2468 4604 2692 4659 invidia
2722 4604 3025 4677 ﬂagrabat,
3063 4605 3275 4660 Basilio
3321 4622 3388 4659 ac
3434 4605 3678 4677 Georgio

1959 4717 2002 4783 ρ
2035 4695 2387 4765 Laodiceno,
2447 4696 2697 4768 Sylvano
2747 4695 3042 4762 Tarsensi,
3102 4696 3334 4750 Eleusio
3378 4697 3680 4768 Cyziceno,

2038 4785 2376 4840 Macedonio
2432 4784 3107 4855 Constantinopolitano,
3159 4785 3464 4839 Eustathio
3505 4784 3682 4839 Seba-

2040 4879 2230 4942 steno,
2262 4881 2320 4929 et
2343 4874 2572 4929 Aniano
2610 4873 2977 4928 Antiocheno
3029 4874 3292 4945 seipsum
3351 4874 3632 4945 opposuit
3663 4895 3676 4943 ;

2037 4965 2138 5035 qui
2170 4969 2292 5019 tum
2326 4964 2631 5019 constituti
2663 4980 2799 5019 cum
2841 4969 3059 5025 essent,
3104 4980 3240 5019 suas
3289 4964 3351 5018 in
3400 4980 3501 5019 eos
3530 4963 3682 5019 vires

2038 5052 2279 5125 collegit
2304 5054 2570 5123 Acacius,
2602 5069 2670 5108 ac
2702 5052 3007 5108 turbarum
3038 5053 3364 5125 plurimum
3409 5054 3681 5109 concivit.

1578 5240 1645 5293 Et
1669 5239 1842 5309 paulo
1869 5247 1993 5310 post
2026 5244 2084 5296 in
2124 5242 2307 5296 eodem
2338 5244 2384 5310 §.

353 5332 620 5407 Εὖτύχιος
668 5332 762 5403 μὲν
820 5329 920 5405 γὰρ
953 5330 981 5384 ὁ
1030 5325 1572 5401 Ἐλευθεροπολῖτγ,ς,
1609 5326 1695 5379 οἶα
1726 5324 1791 5393 δὴ
1820 5326 1926 5381 ἀπὸ

287 5424 378 5474 τοῖ’)
412 5422 683 5496 μακαρίον)
718 5420 1019 5491 Μαξιμωνᾶ
1075 5422 1171 5473 τοῦ
1218 5415 1661 5487 Ἰεροσολυμίεου
1715 5414 1925 5488 ὁμολο-

290 5516 454 5586 γητοῦ
506 5510 808 5568 ἐπισκόπου
862 5510 962 5578 τήν
1013 5506 1193 5562 πίστιν
1225 5504 1369 5581 ἔχων
1400 5508 1545 5581 σαφῆ
1598 5512 1696 5575 τῆς
1754 5506 1926 5578 ὀρθο-

352 5640 424 5711 (α)
455 5641 629 5698 Verbi
660 5642 872 5712 potest.
906 5638 1207 5694 Hilarionis
1237 5636 1403 5706 filius.

2111 5332 2251 5385 Nam
2268 5329 2589 5401 Eutychius
2607 5328 3683 5402 EleutherOpolitanus.utpoteabeato

2040 5419 2292 5474 Maximo
2331 5418 2868 5490 liierosolymitano
2902 5419 3176 5490 episcopo
3231 5436 3297 5474 ac
3347 5420 3685 5475 conlessore

2041 5508 2350 5565 catholicas
2386 5508 2522 5564 fidei
2572 5507 2859 5563 institutis
2890 5508 3154 5574 edoctus,
3204 5515 3445 5580 propter
3482 5506 3680 5579 Cyrilli
