4134 6264
408 367 526 430 295

1644 350 2022 417 VETERUM
2064 353 2571 415 TESTIMONIA.

3695 351 3816 413 296

412 499 598 553 olium
619 496 694 553 ad
722 493 1001 551 Acacium
1024 509 1153 549 sese
1172 493 1332 564 [non]
1360 489 1650 561 adiunxit.
1673 489 1780 553 Qui
1811 486 2053 558 quidem

2166 482 2367 556 δοξέας,
2395 483 2486 541 διὰ
2510 487 2611 554 τὴν
2643 485 2779 561 πρὸς
2810 486 2902 540 τὸν
2955 481 3230 557 Κιόριλλον
3264 482 3511 557 ἐχθρίαν,
3561 483 3637 553 (a)
3668 480 3819 556 [οὐκ]

411 588 718 659 aliquanto
751 591 1018 657 tempore
1049 582 1401 638 catholicam
1433 580 1611 634 fidem
1660 578 2053 649 amplectens,

412 678 715 751 dignitatis
749 692 870 732 sum
896 672 1225 730 retinendas
1254 671 1441 743 gratia
1469 668 1882 724 dissimulavit.

2165 574 2328 650 ἐμίγη
2356 580 2472 638 τοῖς
2505 576 2629 650 περὶ
2689 578 2960 644 ’Λκάκιον,
2990 572 3296 648 ὁρθοόὁξως
3358 573 3451 645 μὶν
3503 571 3647 647 ἔχων
3682 569 3817 649 ἄχρι

2165 669 2379 740 καιροῦ,
2415 665 2837 742 ὑποκρινόμενος
2871 662 2929 720 δὲ
2960 661 3048 719 διὰ
3075 662 3165 718 τὸν
3197 660 3337 717 ἳδιον
3372 661 3585 737 θρόνον.

1718 796 1786 849 Ει
1828 793 2069 863 ejusdem
2108 793 2293 848 haeres.
2338 795 2364 862 §
2406 795 2494 847 27.

481 922 625 976 Nam
653 934 787 973 cum
821 935 854 973 a
880 933 941 973 se
973 916 1224 971 invicem
1270 912 1550 985 opinione
1599 927 1719 965 non
1753 909 2055 980 discrepa-

408 1014 565 1075 rent,
597 1007 990 1064 nihilominus
1017 1011 1205 1060 certas
1238 1002 1300 1056 in
1329 1002 1614 1056 factiones
1652 998 1863 1053 divulsi
1895 1003 2054 1064 sunt,

410 1098 551 1152 dum
582 1098 838 1168 privatas
856 1097 1013 1150 inter
1033 1111 1094 1149 se
1114 1092 1444 1148 simultates
1462 1094 1743 1145 exercent
1766 1105 1778 1142 :
1801 1105 1868 1142 eo
1894 1087 2056 1158 quod

415 1187 671 1258 Cyrillus
720 1183 1312 1256 Hierosolymitanus,
1344 1180 1595 1252 [CCLIlI]
1628 1183 1686 1233 et
1732 1177 2055 1248 Eutychius

414 1281 651 1331 mutuas
683 1274 1027 1330 inimicitias
1052 1273 1357 1328 foverent:
1390 1269 1643 1342 Cyrillus
1667 1284 1799 1323 vero
1828 1284 1861 1323 a
1892 1266 2054 1321 Basi-

421 1365 485 1419 lii
519 1364 736 1421 Galatze
765 1370 823 1419 et
850 1363 1064 1418 Aniani
1097 1362 1197 1432 qui
1227 1359 1555 1415 Antiochiae
1587 1358 1898 1413 ordinatus
1930 1361 2055 1411 erat

402 1454 738 1525 episcopus,
768 1469 836 1508 ac
867 1451 1096 1523 Georgii
1129 1448 1441 1505 Laodiceni
1473 1447 1743 1520 partibus
1775 1450 1976 1501 staret.

2235 909 2303 962 "A
2329 907 2430 981 γὰρ
2462 904 2680 969 ἕκαστος
2733 904 2971 980 ἐφρόνει,
3028 907 3197 961 ταῦτα
3251 905 3339 960 καὶ
3369 905 3396 958 6
3424 901 3607 980 ἕτερος
3639 906 3813 979 εἶχεν,

2165 995 2241 1057 εἰς
2275 995 2554 1071 σχίσματα
2604 992 2660 1050 δὲ
2714 994 3066 1070 διῃρέθησαν·
3092 994 3227 1070 πρὸς
3260 991 3563 1063 ἀλλήλους,
3592 995 3627 1063 ἢ
3663 995 3815 1066 μίσει

2163 1086 2267 1141 τινὶ
2299 1090 2378 1157 τῷ
2424 1086 2559 1160 πρὸς
2591 1083 2898 1156 ἀλλήλους,
2931 1081 3019 1139 δια
3045 1085 3107 1140 τὸ
3142 1082 3411 1157 Κύριλλον
3447 1084 3534 1138 τὸν
3567 1084 3811 1156 Ἰεροσο-

2166 1173 2400 1248 λυμίτην
2435 1176 2572 1249 πρὸς
2629 1172 2900 1250 Εὖτύχιον
2933 1171 3080 1248 ἔχειν
3141 1179 3327 1246 μῆνιν,
3387 1172 3477 1228 καὶ
3532 1171 3808 1247 Εὖτῦχιον

2162 1264 2300 1336 πρὸς
2332 1261 2634 1338 Κύριλλοψ
2683 1265 2819 1319 εἶναι
2869 1260 2926 1318 δὲ
2954 1264 3045 1317 τὸν
3080 1259 3360 1338 Κύριλλον
3392 1262 3506 1335 ἅμα
3536 1260 3812 1335 Βασιλεὶῳ

2160 1358 2239 1425 τῷ
2292 1351 2532 1428 Γαλάτῃ,
2581 1351 2672 1407 καὶ
2724 1353 2952 1424 Ἀνιανῷ
3010 1356 3088 1424 τῷ
3146 1346 3531 1415 κατασταθέντι
3564 1350 3651 1407 ἐπὶ
3705 1358 3810 1422 τῆς

2164 1440 2524 1517 Ἀντιοχείας,
2556 1441 2646 1496 καὶ
2675 1440 2933 1517 Γεωργίῳ
2959 1443 3037 1512 τῷ
3073 1436 3411 1502 Λαοδικείας.

1964 1570 2047 1625 Et
2085 1570 2115 1644 §
2157 1573 2243 1626 37.

472 1706 554 1759 Ex
585 1704 697 1760 hoc
730 1702 893 1757 enim
924 1716 1096 1773 grege
1120 1698 1485 1753 Cesariensis
1534 1695 1782 1750 Euzoius
1833 1693 2057 1765 prodiit
2088 1708 2129 1771 Β

398 1794 637 1848 illorum
667 1790 1017 1861 discipulus,
1053 1788 1152 1858 qui
1187 1792 1318 1859 post
1349 1785 1629 1840 Acacium
1663 1785 1714 1839 ei
1749 1783 1875 1838 sedi
1905 1800 2042 1854 pra:-

393 1882 526 1948 fuit,
563 1899 695 1936 cum
729 1885 865 1936 ante
898 1877 1342 1932 Philumenusa
1371 1873 1588 1945 Cyrillo
1623 1871 2048 1943 Hierosolymi-

396 1978 535 2027 tano
566 1972 628 2025 in
660 1971 763 2025 illa
793 1967 1151 2024 constitutus
1181 1965 1392 2019 fuisset
1423 1980 1436 2016 :
1462 1979 1528 2017 ac
1549 1961 1764 2016 deinde
1793 1961 2050 2031 Cyrillus

396 2059 595 2115 senior
624 2058 847 2113 ibidem
889 2057 961 2112 ab
1020 2054 1305 2124 Eutychio
1357 2051 1682 2107 collocatus
1713 2067 1781 2106 ac
1807 2051 2047 2106 demum

396 2149 662 2205 Gelasius
690 2148 763 2202 ab
798 2145 1018 2218 Cyrillo
1040 2141 1600 2211 Hierosolymitano,
1624 2141 1795 2209 cujus
1827 2140 2048 2194 sororis

396 2245 524 2295 erat
555 2238 732 2307 ﬁlius,
764 2253 970 2292 rursus
1011 2238 1169 2289 esset
1216 2231 1551 2302 impositus.
1604 2232 1748 2284 Cum
1794 2230 1954 2285 enim
1986 2230 2046 2284 hi

396 2335 515 2384 tres
542 2328 665 2383 illic
701 2325 956 2381 ordinati
1003 2322 1218 2387 forent,
1253 2327 1311 2375 et
1341 2321 1413 2375 ob
1445 2325 1681 2374 mutuas
1714 2319 2046 2374 simultates

396 2417 679 2490 dignitate
714 2415 1055 2481 cessissent,
1080 2409 1461 2484 postmodum
1491 2408 1698 2464 Euzois
1738 2408 1940 2464 sedem
1970 2407 2047 2463 il-

406 2507 526 2562 lam
559 2506 834 2563 obtinuit.

2230 1692 2316 1762 Ἐξ
2364 1690 2539 1746 αὐτῶν
2598 1691 2700 1765 γὰρ
2757 1689 3000 1760 Εὐξώίὀς
3033 1691 3059 1744 6
3093 1689 3145 1744 ἐν
3201 1688 3492 1765 Καισαρείᾳ
3553 1691 3809 1762 μαθητὴς

2163 1780 2383 1836 ἐκείνων
2446 1780 2748 1856 ὑπάρχων,
2818 1778 2860 1835 εἷ
2910 1780 3000 1834 καὶ
3083 1780 3173 1833 τὸν
3228 1779 3479 1836 Ἀκάκιον
3537 1776 3808 1851 διεδέξατο

2168 1873 2301 1945 μετά
2330 1871 2651 1925 κατάστασιν
2700 1868 3049 1941 Φιλουμὲνου
3086 1873 3183 1924 τοῦ
3233 1869 3335 1923 ὑπὸ
3397 1866 3671 1942 Κυρίλλου
3711 1873 3809 1923 τοῦ

2160 1959 2607 2032 ῗΙεροσολυμίτου
2661 1957 3081 2020 κατασταθέντος
3161 1957 3249 2012 καὶ
3313 1956 3446 2031 μετά
3483 1956 3804 2012 κατάστασιν

2159 2047 2440 2124 Κυρίλλου
2491 2053 2588 2104 τοῦ
2613 2048 2891 2124 γέροντος,
2922 2052 3024 2101 τοῦ
3056 2047 3160 2101 ἅπὸ
3190 2051 3298 2102 τῶν
3357 2046 3480 2120 περὶ
3533 2046 3805 2123 Εὐτύχιον

2156 2138 2571 2202 κατασταθέντος
2649 2137 2739 2193 καὶ
2819 2136 2954 2210 μετά
3011 2137 3331 2191 κατάστασιν
3387 2134 3652 2190 Γελασίου
3708 2139 3807 2191 τοῦ

2158 2227 2261 2283 ὑπὸ
2323 2225 2637 2303 Κυρίλλου,
2696 2225 2847 2291 αὖθις
2902 2230 2998 2280 τοῦ
3045 2224 3486 2301 Ἱεροσολυμίτου
3537 2245 3807 2280 καταστα-

2156 2317 2356 2380 θέντος·
2409 2317 2460 2387 ἐξ
2517 2313 2756 2395 ἀδελφῆς
2809 2316 2911 2391 γὰρ
2970 2314 3134 2370 αὐτοῦ
3191 2314 3477 2390 ἐτύγχανε.
3525 2318 3807 2371 Καταστα-

2155 2408 2352 2470 θέντων
2412 2404 2517 2480 γὰρ
2569 2409 2678 2460 τῶν
2735 2408 2928 2481 τριῶν,
2989 2403 3078 2460 καὶ
3140 2403 3492 2480 ἀργησάντων
3557 2400 3648 2458 διὰ
3701 2405 3805 2473 τὴν

2154 2495 2290 2571 πρὸς
2320 2493 2606 2566 ἀλλήλους
2659 2490 2797 2571 ἔριν,
2829 2494 2979 2557 αὖθις
3039 2495 3066 2549 6
3119 2493 3521 2570 προειρημένος
3556 2494 3803 2564 Εὐζώϊος

2155 2586 2454 2655 κατεστάθη
2467 2629 2478 2640 .

829 2721 1074 2788 Ruﬁnus,
1107 2718 1322 2772 Histor.
1365 2715 1714 2781 ecclesiast.,
1749 2716 1844 2770 lib.
1873 2732 1913 2784 ι,
1946 2733 2064 2786 cap.
2099 2714 2193 2784 23,
2225 2715 2356 2770 edit.
2392 2732 2485 2771 an.
2517 2713 2677 2778 l526,
2706 2715 2791 2769 vel
2821 2712 2891 2771 22
2921 2715 3051 2768 edit.
3086 2730 3176 2769 an.
3218 2715 3371 2768 1580.

471 2835 893 2907 Hierosolymis
924 2850 1059 2889 vero
1090 2832 1342 2903 Cyrillus
1376 2837 1508 2904 post
1538 2831 1874 2898 Maximum,
1910 2830 2237 2887 sacerdotio
2269 2830 2659 2901 confusajam
2717 2828 3094 2885 ordinatione
3148 2834 3445 2901 suscepto,
3479 2828 3800 2900 aliquando

399 2929 461 2985 in
493 2927 631 2993 fide,
666 2925 883 2997 smpius
915 2925 976 2979 in
999 2923 1417 2979 communione
1447 2921 1724 2977 variabat.

1764 3038 1933 3094 Idem.
1968 3039 2064 3094 lib.
2111 3053 2152 3106 I,
2192 3054 2312 3108 cap.
2348 3038 2435 3091 37.

470 3171 726 3243 Cyrillus
759 3175 892 3242 post
920 3169 1237 3224 Maximum
1260 3167 1663 3223 confessorem
1705 3167 2045 3238 Hierosoly-
2075 3169 2116 3234 C
2156 3165 2315 3238 genti
2345 3164 2823 3221 consideratione
2851 3164 3074 3231 habita,
3106 3165 3196 3220 vel
3221 3182 3291 3220 ex
3324 3165 3396 3220 iis
3426 3182 3557 3237 qum
3589 3166 3652 3221 in
3692 3166 3810 3221 Da-

401 3278 533 3316 mus
550 3259 878 3313 habebatur
899 3258 1233 3327 eqiscopus.
1254 3257 1485 3327 Apertis
1501 3256 1676 3328 igitur
1696 3256 2046 3310 fundamen-

400 3351 499 3413 tis,
532 3347 724 3403 calces
756 3346 1260 3416 fundamentaque
1291 3345 1575 3401 adhibita.
1606 3345 1760 3399 Nihil
1793 3346 2039 3400 omnino

402 3439 605 3493 deerat
626 3437 769 3507 quin
794 3435 888 3489 die
909 3440 1162 3505 postera,
1196 3434 1493 3489 veteribus
1533 3433 1860 3489 deturbatis
1896 3450 2047 3489 nova

392 3522 1099 3599 jacerentfundamenta.
1134 3524 1276 3578 Cum
1321 3526 1519 3579 tamen
1561 3522 1875 3594 episcopus
1907 3523 2042 3579 dili-

2154 3255 2333 3310 nielis
2362 3255 2673 3325 prophetia
2694 3255 2767 3309 de
2790 3255 3156 3326 temporibus
3178 3255 3419 3326 legerat,
3452 3255 3541 3309 vel
3564 3255 3721 3326 quod
3744 3256 3809 3312 in

2154 3345 2484 3417 Evangeliis
2517 3346 2805 3401 Dominus
2834 3346 3208 3417 praedixerat,
3243 3346 3611 3417 persisteret,
3644 3346 3811 3402 nullo

2156 3434 2332 3491 modo
2355 3434 2479 3489 fieri
2515 3452 2705 3506 posse,
2741 3440 2805 3489 ut
2836 3435 2915 3489 ibi
2949 3451 2983 3491 a
3009 3435 3228 3490 Judasis
3259 3433 3411 3506 lapis
3443 3451 3621 3505 super
3654 3434 3816 3507 lapi-

2156 3524 2290 3579 dem
2324 3530 2663 3595 poneretur.
2696 3526 2809 3581 Res
2839 3530 2968 3580 erat
2996 3523 3057 3579 in
3085 3523 3552 3595 exspectatione,
3587 3529 3698 3579 etc.

1786 3648 1957 3705 Idem.
1982 3647 2076 3703 lib.
2106 3666 2165 3717 ιι,
2199 3665 2319 3715 cap.
2352 3649 2416 3702 21

471 3774 641 3847 Apud
667 3772 1084 3830 Alexandriam
1115 3772 1399 3827 dnfuncto
1429 3773 1602 3826 Petro
1646 3772 2008 3842 Timotheus,
2041 3777 2099 3829 et
2128 3778 2261 3845 post
2290 3773 2449 3829 hunc
2478 3774 2857 3846 TheOphilus,
2894 3774 2956 3829 in
2989 3773 3416 3847 Hierosolymis
3447 3780 3646 3831 autem
3679 3781 3815 3848 post

399 3865 683 3937 Cyrillum
714 3865 968 3919 Joannes
1000 3861 1354 3934 apostolicas
1384 3866 1663 3932 reparant
1686 3861 1875 3917 sedes.

467 3964 618 4018 Idem
648 3966 872 4034 Ruﬁnus
900 3963 959 4017 in
999 3976 1152 4016 suam
1183 3962 1566 4032 expssilionem
1590 3961 1826 4029 symboli
1854 3961 2028 4015 multa
2080 3978 2148 4017 ex
2178 3963 2373 4032 Cyrilli
2429 3961 2817 4031 catechesibus,
2866 3962 3181 4035 praesertim
3213 3963 3298 4031 13,
3326 3964 3391 4017 14
3423 3968 3480 4019 et
3513 3965 3598 4033 18,
3631 3980 3691 4020 eo
3724 3967 3815 4020 in-

396 4055 674 4109 nominato
706 4051 1009 4107 transtulit.

1463 4151 1521 4206 S.
1553 4151 1917 4220 Hieronymus
1946 4153 2007 4205 in
2037 4152 2327 4208 Chronico
2360 4153 2433 4207 ad
2452 4170 2583 4208 ann.
2614 4155 2739 4208 349.

466 4250 960 4323 Quadragesimus
994 4248 1279 4303 Maximus
1314 4251 1447 4318 post
1485 4248 1803 4302 Macarium
1838 4249 2043 4303 Hiero-

400 4341 763 4412 solymorum
793 4340 1108 4411 episcopus
1139 4336 1407 4392 moritur.
1442 4337 1581 4390 Post
1610 4352 1788 4406 quem
1842 4338 2047 4393 Eccle-

404 4431 553 4485 siam
576 4429 775 4484 Ariani
808 4427 1114 4490 invadunt,
1146 4426 1207 4480 id
1238 4431 1345 4487 est.
1377 4424 1655 4495 Cyrillus,
1690 4426 2043 4497 Eutychius;

396 4535 635 4573 rursum
657 4518 931 4590 Cyrillus,
953 4519 1249 4581 lrenaens;
1276 4513 1449 4569 tertio
1469 4514 1745 4585 Cyrillus,
1768 4516 2045 4585 Hilarius;

398 4611 606 4676 quarto
634 4607 907 4677 Cyrillus.
960 4607 1221 4671 Quorum
1266 4601 1522 4674 Cyrillus
1566 4618 1701 4657 cum
1733 4620 1767 4658 a
1797 4605 2047 4660 Maximo

2154 4250 2451 4322 episc0pis
2511 4251 2749 4306 Arianis
2805 4251 3186 4323 episcopatus
3245 4251 3711 4322 permitteretur,
3760 4253 3811 4308 si

2154 4338 2589 4395 ordinationem
2651 4339 2885 4395 Maximi
2947 4339 3348 4411 repudiasset,
3404 4340 3689 4396 diaconus
3746 4340 3810 4395 in

2155 4428 2421 4485 Ecclesia
2445 4429 2926 4485 administravit:
2965 4428 3037 4483 ob
3091 4445 3269 4499 quam
3301 4428 3667 4500 impietatem
3713 4446 3811 4485 sa-

2157 4518 2403 4572 cerdotii
2441 4518 2715 4575 mercede
2748 4523 3053 4588 pensatus,
3088 4517 3445 4587 Heraclium,
3479 4534 3657 4589 quem
3690 4536 3812 4575 mo-

2157 4607 2320 4662 riens
2346 4608 2631 4663 Maximus
2665 4608 2726 4663 in
2760 4624 2934 4663 suum
2968 4607 3164 4663 locum
3210 4607 3616 4673 substituerat,
3651 4608 3811 4664 varia

396 4694 608 4749 fuisset
630 4696 936 4768 presbyter
978 4695 1310 4759 ordinatus,
1365 4698 1422 4746 et
1453 4696 1586 4763 post
1635 4699 1887 4749 mortem
1919 4696 2047 4767 ejus
2078 4678 2124 4742 Ι)
2158 4693 2364 4751 fraude
2399 4696 2753 4753 sollicitatus
2785 4698 2857 4769 (ὁ)
2890 4696 2960 4752 de
2994 4697 3271 4769 episcopo
3303 4696 3364 4751 in
3394 4695 3811 4769 presbyterum

399 4782 481 4839 ita
510 4783 563 4838 ei
598 4783 671 4838 ab
702 4785 911 4841 Acacio
961 4786 1240 4857 episcopo
1295 4781 1641 4837 Caesariensi
1697 4788 1756 4836 et
1814 4784 2049 4840 caeteris

2161 4785 2494 4857 regradavit
2510 4828 2523 4842 .

1315 4880 1486 4944 Idem,
1524 4881 1584 4934 in
1624 4880 1897 4955 Catalogo
1949 4883 2218 4955 scriptor.
2263 4884 2561 4952 ecclesiat,
2604 4902 2726 4956 cap.
2761 4888 2881 4940 112.

465 4981 718 5055 Cyrillus
771 4983 1191 5055 Hierosolyma)
1248 4987 1586 5060 episcopus,
1644 4999 1805 5055 saepe
1836 4982 2045 5054 pulsus

391 5072 654 5128 Ecclesia
691 5076 749 5126 et
779 5078 1067 5143 receptus,
1102 5073 1174 5128 ad
1209 5082 1538 5132 extremum
1572 5074 1680 5130 sub
1717 5072 2044 5129 Theodosio

390 5162 680 5234 principe.
714 5165 844 5215 octo
873 5160 1048 5215 annis
1072 5162 1494 5220 inconcussum
1521 5164 1931 5235 episc0patum
1967 5167 2045 5217 te-

2225 4967 2509 5053 Κῦριλλος
2565 4981 2969 5057 Ἱεροσολύμων
3020 4982 3347 5052 ἐπίσκοπος,
3397 4981 3668 5045 πολλάκις
3726 4983 3811 5055 ἐξ·

2155 5072 2432 5141 ωθεὶςτῆς
2465 5072 2814 5143 Ἑκκλησίας,
2874 5071 3095 5143 ὕστερον
3157 5070 3450 5128 Θεοδοσίου
3486 5070 3809 5146 βασιλεύον-

2153 5182 2267 5230 τος,
2300 5159 2385 5215 ἐπὶ
2439 5160 2718 5225 ἐνιαυτοὺς
2749 5160 2893 5216 ὀκτὼ
2951 5160 3242 5217 ἀσάλευτον
3275 5158 3406 5237 ἔσχε
3460 5163 3559 5231 τήν
3589 5162 3813 5219 ἐπισκο-

389 5250 536 5305 nuit.
574 5250 818 5304 Exstant
840 5250 969 5321 ejus
997 5251 1358 5321 catecheses,
1382 5270 1531 5325 quas
1554 5252 1615 5307 in
1637 5251 2049 5308 adolescentia

2166 5253 2287 5321 πτήν’
2322 5251 2543 5315 οὗτινός
2604 5251 2736 5306 εἰσιν
2774 5252 3136 5328 κατηχήσεις,
3170 5250 3233 5314 ἃς
3256 5252 3310 5308 ὲν
3339 5256 3408 5327 τῇ
3438 5252 3651 5324 νεότητι
3683 5273 3812 5308 συν-

394 5341 754 5413 composuit.

2158 5340 2359 5413 ἔταξεν.

471 5524 550 5597 (a)
577 5520 1013 5601 05x._Petavius
1034 5523 1288 5601 omnino
1320 5525 1773 5601 exp-ungendam
1804 5531 2009 5601 censet
2046 5524 2302 5599 negandi
2356 5526 2710 5598 particulam
2742 5542 2757 5595 ;
2790 5525 3056 5597 alioquin
3090 5542 3220 5598 qua:
3269 5526 3364 5583 hic
3396 5525 3694 5601 dicuntur,
3725 5527 3815 5586 eis

401 5595 546 5744 qua?)
565 5596 1001 5725 ἓνοξέἱῗὶἓὶρᾶιέεο
1033 5595 1350 5667 habentur,
1381 5595 1557 5669 plane
1589 5598 1888 5654 contraria
1918 5603 2078 5657 sunt.

680 5668 1004 5727 sollicitans.
