4108 6270
175 283 321 344 29Ἷ

1451 276 1831 340 VETERUM
1878 277 2377 339 TESTIMONIA.

3502 287 3619 348 298

456 415 516 470 S.
549 415 723 485 Nylus
752 413 958 469 multas
989 412 1184 480 Cyrilli
1211 413 1510 467 sententias
1541 428 1607 465 ex
1649 412 1902 467 omnibus
1925 429 2066 482 pene
2096 411 2459 467 catechesibus
2489 413 2548 465 in
2579 413 2691 466 suis
2721 414 2964 482 epistolis
2996 419 3364 488 transcripsit.

1142 501 1564 572 Philostorgius,
1598 501 1694 555 lib.
1722 519 1791 568 ιν,
1827 501 2043 556 Histor.
2073 501 2425 570 ecclesiast.,
2458 518 2578 570 cap.
2608 504 2693 554 12.

267 591 604 648 Ἐπέσκοποι
691 588 749 645 δὲ
815 587 1315 665 δευτεραγωνιστῶν
1388 589 1559 664 χορὸν
1645 586 1938 668 ἐκπληοΑ

179 686 424 758 ροῦντες
456 679 649 756 Μάρης
679 701 759 750 τε,
791 701 845 736 κ.
880 701 928 736 τ.
963 679 1004 736 έ.
1034 679 1134 736 Καὶ
1171 676 1238 747 δὴ
1280 679 1371 734 καὶ
1424 681 1678 741 Ἀκάκιος
1705 679 1732 732 6
1761 681 1862 744 τῆς

181 771 587 827 Παλαιστινῶν
621 769 964 845 Καισαρείας,
1013 769 1111 837 τήν
1160 768 1295 844 πρὸς
1353 767 1585 830 ἐκείνους
1622 769 1859 843 ὐποκρι-

181 860 432 931 νόμενος
461 855 782 931 ὁμοδοξίαν,
825 857 905 935 ἐφ’
936 858 981 923 ᾦ
1035 856 1164 918 τοὺς
1211 858 1338 931 περὶ
1395 855 1679 912 Βασίλειον
1713 857 1858 911 ἀντι-

183 946 466 1017 λυπῆσαιο
505 945 648 1002 διότι
672 948 917 1002 κάκεῖνοι
961 944 1238 1020 Κύριλλον
1298 945 1390 1000 τὸν
1436 944 1860 1021 Ἱεροσολύμων,

193 1038 297 1093 ὑπ’
357 1037 523 1092 αὐτοῦ
580 1037 852 1093 παυθὲντα
895 1040 993 1092 τοῦ
1068 1036 1333 1110 ἱερᾶσθαι,
1385 1033 1474 1089 διὰ
1526 1037 1693 1108 τιμῆς
1740 1028 1858 1112 ἔφε-

186 1130 319 1202 po».

2047 590 2344 645 Secundas
2381 595 2580 645 autem
2611 590 2682 644 ab
2711 590 2801 645 his
2832 592 3088 661 (Aetium
3147 599 3205 648 et
3260 596 3615 652 Eunomium

1971 679 2272 752 intelligit)
2305 685 2502 750 partes
2553 679 2883 751 implebant
2922 681 3208 753 episc0pi,
3261 685 3452 752 Maris,
3508 693 3618 742 etc.

1968 770 2234 839 Itemque
2264 769 2514 823 Acacius
2544 769 2823 824 Caesarea:
2855 769 3209 839 Palaestinae,
3243 773 3340 842 qui
3387 791 3446 827 se
3480 792 3612 830 cum

1970 857 2093 912 illis
2120 858 2341 912 sentire
2373 857 2712 924 simulabat,
2746 863 2812 912 ut
2841 857 3126 914 Basilium
3162 865 3217 913 et
3276 862 3511 917 sodales
3539 865 3618 917 vi-

1970 932 2169 1000 cissim
2204 945 2407 1000 dolore
2420 946 3029 1018 afﬁceret,propterea
3053 949 3209 1019 quod
3227 949 3312 1004 illi
3337 952 3623 1022 Cyrillum

1970 1036 2515 1107 Hierosolymorum
2559 1038 2903 1108 episcopum
2961 1038 3032 1093 ab
3092 1039 3221 1111 ipso
3281 1041 3618 1113 depositum

1967 1125 2360 1180 nihilominus
2391 1127 2614 1180 honore
2649 1126 3006 1182 afﬁciebant.

182 1219 248 1274 S.
286 1219 537 1286 Proclus,
571 1216 1215 1287 Constantinopolitanus
1245 1215 1550 1286 episcopus,
1579 1220 1632 1268 et
1661 1213 1718 1269 S.
1752 1215 1987 1287 Basilius
2016 1215 2370 1269 Seleuciensis
2398 1215 2670 1270 nonnulla
2699 1232 2767 1270 ex
2786 1216 2985 1284 Cyrilli
3005 1217 3370 1274 catechesibus
3399 1221 3458 1275 in
3491 1237 3615 1277 suas

184 1293 481 1345 orationes
514 1286 949 1360 transcripsisse,
978 1288 1064 1343 vel
1085 1289 1278 1343 saltem
1308 1288 1515 1342 imitati
1530 1288 1700 1354 fuisse
1720 1286 1998 1342 videntur.

1204 1386 1473 1451 Socrates,
1516 1384 1733 1439 Histor.
1767 1381 2118 1448 ecclesiast.,
2153 1381 2249 1436 lib.
2283 1400 2343 1446 ιι,
2372 1401 2494 1453 cap.
2529 1384 2618 1439 38.

269 1474 537 1536 ’Δκᾶκιος
585 1474 682 1546 μὲν
739 1475 843 1547 γὰρ
887 1473 977 1527 καὶ
1035 1471 1403 1550 Πατρόφιλος,
1463 1470 1713 1542 Μάξιμον
1771 1470 1862 1534 τὸν

183 1561 608 1638 Ἱεροσολύμων
677 1560 1060 1633 ἐξωθήσαντες,
1120 1559 1397 1636 Κύριλλον
1480 1561 1861 1628 ἀντικατέστη-

186 1673 319 1709 σαν.

2042 1471 2291 1526 Aeacius
2311 1488 2570 1543 namque
2599 1477 2658 1528 et
2675 1475 3051 1545 Patrophilus
3066 1478 3316 1532 Maximo
3345 1479 3620 1536 Hieroso-

1971 1560 2269 1632 lymorum
2299 1559 2564 1633 expulso,
2597 1561 2884 1632 Cyrillum
2915 1563 3198 1621 adversus
3233 1582 3368 1622 eum
3395 1570 3619 1624 consti-

1971 1654 2230 1706 tuerant.

1598 1766 1767 1833 Idem,
1801 1766 1894 1821 lib.
1928 1781 1991 1832 ιι,
2025 1781 2144 1836 cap.
2179 1767 2268 1822 40.

264 1857 336 1914 Οἱ
363 1855 425 1911 δὲ
449 1859 550 1910 τοῦ
608 1855 783 1911 ἄλλου
840 1854 1058 1930 μέρους,
1109 1851 1472 1930 διακριθέντες
1516 1855 1608 1909 καὶ
1664 1852 1862 1908 συνελ-

188 1947 382 2008 θόντες
415 1946 557 2000 κατᾶ
603 1947 702 2014 τὴν
739 1944 1086 2014 Ἐκκλησίαν,
1123 1943 1351 2000 ἐκάλουν
1390 1944 1518 2008 τοὺς
1547 1944 1669 2018 περί
1705 1942 1862 2000 Ἀκά-

2045 1854 2303 1910 Alterius
2336 1859 2533 1910 autem
2566 1855 2751 1925 partis
2766 1855 3189 1927 episcopi,cum
3216 1858 3276 1914 in
3299 1860 3622 1916 Ecclesiam

1975 1944 2410 2011 convenissent,
2442 1945 2722 2000 Acacium
2754 1952 3059 2012 vocarunt,
3093 1953 3159 2001 ut
3213 1965 3391 2004 causa
3421 1951 3624 2020 Cyrilli

191 2056 347 2100 κιον,
378 2033 470 2088 ἐπὶ
501 2038 581 2104 τῷ
631 2039 812 2108 κρῖναι
867 2035 934 2088 τὰ
981 2033 1117 2088 κατᾶ
1169 2029 1442 2106 Κύριλλον
1499 2033 1592 2087 τὸν
1643 2031 1897 2086 ἐπίσκο-⁴

342 2124 382 2136 ρΙ
561 2119 581 2136 ‘
613 2121 626 2136 Ι
811 2124 849 2136 ιι
936 2121 946 2136 Ι
1046 2118 1089 2136 h‘
1155 2121 1175 2136 η
1273 2127 1308 2136 -ν
1329 2119 1342 2136 Ι
1411 2119 1430 2136 Ἷ
1451 2119 1469 2136 Ἃ
1587 2117 1647 2136 Ἀθ
1810 2118 1821 2136 1

1996 2033 2520 2104 lierosolymorum
2553 2033 2813 2105 episcopi
2853 2034 3246 2104 judicaretur.
3301 2039 3618 2093 Sciendum

200 2145 310 2178 πον
342 2119 778 2198 Ἱεροσολύμων.
811 2121 1008 2179 Ἰστέον
1043 2118 1120 2188 δὲ,
1155 2121 1236 2175 ὃτι
1273 2119 1547 2196 Κύριλλος
1578 2117 1686 2189 ἢδη
1719 2118 1863 2192 πρό-

203 2233 368 2286 τερον
401 2210 776 2286 κατηγόρητο·
823 2209 913 2265 καὶ
945 2208 1035 2264 διὰ
1084 2208 1138 2264 τί
1190 2210 1284 2281 μὶν
1345 2209 1444 2264 οὐκ
1499 2205 1614 2283 ἔχω
1645 2208 1862 2282 φράσαι’

203 2302 494 2374 καθῃρέθη
523 2297 603 2368 δὲ,
635 2299 717 2353 ’ὀτι
749 2297 1022 2360 πολλάκις
1053 2297 1142 2353 ἐπὶ
1191 2299 1256 2352 τὸ
1309 2300 1562 2373 κριθῆναι
1591 2296 1866 2368 καλούμε-

205 2411 328 2458 νος,
387 2388 582 2464 ἐφεξῆς
637 2385 733 2442 δύο
783 2387 1036 2442 ἐνιαυτῶν
1115 2385 1349 2464 διέφυγε,
1406 2388 1500 2448 τὰς
1541 2385 1868 2459 κατηγορίας

213 2474 648 2551 εὐλαϐούμενος.
714 2476 1056 2537 Καθαιοεθεὶς
1115 2475 1162 2530 δ’
1214 2477 1331 2545 οὗν,
1389 2475 1542 2550 ὅμως
1599 2474 1867 2544 ἐκκλήτου

215 2565 446 2643 βιϐλίον
501 2573 622 2628 τοῖς
664 2564 950 2622 καθελοῦσι
1011 2564 1480 2639 διαπεμψάμενος,
1529 2571 1714 2638 μεῖζον
1750 2563 1869 2618 ἐπε-

211 2656 488 2712 καλέσατο
513 2654 885 2730 δικαστήριον·
920 2654 982 2710 οὗ
1012 2658 1080 2728 τῇ
1112 2653 1364 2726 ἐκκλήτῳ
1404 2655 1490 2708 καὶ
1526 2656 1554 2708 6
1617 2651 1868 2729 βασιλεὺς

216 2748 600 2806 Κωνστάντιος
636 2744 870 2819 ἐγεγόνει
905 2745 1218 2820 σύμψηφος.
1251 2747 1427 2799 Τοῦτο
1493 2743 1585 2814 μὶν
1640 2740 1731 2795 οὖν
1769 2740 1870 2812 μό-

212 2850 310 2896 νος
329 2834 421 2888 καὶ
454 2839 675 2906 πρῶτος
735 2834 883 2906 παρὰ
931 2833 993 2886 τὸ
1034 2833 1261 2899 σύνηθες
1307 2835 1388 2902 τῷ
1434 2830 1873 2900 ἐκκλησιαστικῷ

221 2923 402 2977 κανόνι
433 2919 715 2995 Κύριλλος
746 2919 1016 2990 ἐποίησεν,
1051 2918 1340 2990 ἐκκλήτοις
1392 2919 1466 2980 ὡς
1519 2917 1571 2972 έν
1624 2915 1872 2990 δημοσίῳ

225 3008 556 3083 δικαστηρίῳ
586 3007 1116 3084 χρησάμενος.Τότε
1140 3005 1196 3062 δὲ
1228 3007 1278 3063 ἐν
1292 3010 1360 3080 τῇ
1387 3005 1674 3077 Σελευκείᾳ
1696 3012 1874 3078 παρῆν

219 3101 640 3172 κριθησόμενος·
664 3098 755 3151 καὶ
788 3095 876 3152 διὰ
926 3102 1086 3151 τοῦτο
1138 3098 1189 3150 οἱ
1239 3095 1525 3151 ἐπίσκοποι
1574 3095 1702 3156 τοὺς
1747 3094 1870 3168 περὶ

215 3189 476 3244 Ἀκάκιον
511 3185 767 3252 ἰκάλουν,
799 3186 875 3248 ὡς
929 3190 1110 3260 μικρῷ
1168 3181 1469 3258 ἔμπροσθεν
1530 3184 1872 3258 ἐμνημονεύ-

216 3284 412 3349 σαμεν,
442 3276 595 3339 ὅπως
624 3274 687 3330 ἂν
714 3276 834 3346 περὶ
889 3279 999 3328 τῶν
1027 3273 1523 3349 κατηγορουμένων
1565 3272 1870 3350 διαγνόντες

216 3368 418 3435 κοινὴν
440 3364 754 3439 ἐξενέγκωσι
775 3367 984 3438 ψῆφον.

1973 2123 2133 2176 enim
2164 2127 2272 2183 est.
2295 2122 2581 2193 Cyrillum
2623 2124 2750 2194 jam
2804 2129 2978 2179 antea
3017 2132 3357 2181 accusatum
3386 2127 3569 2182 fuisse
3603 2144 3616 2192 ;

1974 2227 2090 2280 qua
2121 2217 2319 2266 autem
2346 2211 2418 2266 de
2449 2227 2513 2266 re
2545 2228 2778 2282 nequeo
2813 2213 3029 2269 dicere.
3061 2217 3348 2270 Caeterum
3384 2215 3620 2286 deposi-

1975 2305 2070 2354 tus
2087 2306 2517 2371 est.propterea
2547 2303 2706 2372 quod
2721 2304 2936 2373 saapius
2967 2304 3337 2375 injudicium
3361 2311 3621 2370 vocatus,

1976 2389 2206 2443 duobus
2239 2391 2538 2444 continuis
2569 2393 2744 2446 annis
2776 2409 2896 2446 non
2923 2400 3356 2464 comparuerat.
3379 2410 3622 2449 accusa-

1976 2478 2170 2532 tiones
2201 2477 2616 2534 reformidans.
2655 2479 2967 2552 Depositus
2995 2487 3218 2547 tamen,
3253 2484 3500 2554 [CCLIV]
3533 2484 3622 2536 ni-

1977 2566 2303 2622 hilominus
2334 2568 2753 2638 appellationis
2793 2569 2995 2624 libello
3040 2571 3114 2625 ad
3163 2589 3264 2626 eos
3295 2573 3394 2642 qui
3429 2573 3624 2642 ipsum

1979 2655 2378 2726 deposuerant
2399 2657 2601 2718 misso.
2635 2658 2707 2712 ad
2735 2659 3238 2730 majusjudicium
3271 2661 3624 2731 provocavit,

1978 2744 2070 2798 cui
2115 2744 2359 2813 quidem
2418 2745 2804 2816 appellationi
2864 2747 3190 2820 imperator
3245 2751 3628 2804 Constantius

1978 2833 2334 2903 astipulatus
2367 2839 2474 2888 est.
2533 2835 2702 2890 Solus
2733 2835 2911 2906 igitur
2963 2853 3029 2892 ac
3083 2838 3310 2908 primus
3359 2840 3627 2892 omnium

1980 2921 2253 2992 Cyrillus,
2287 2929 2492 2976 contra
2540 2923 2927 2979 ecclesiastici
2951 2927 3198 2980 canonis
3242 2928 3628 2981 consuetudi-

1982 3026 2142 3076 nem,
2175 3010 2637 3080 appellationem
2673 3013 2827 3066 sicut
2857 3013 2917 3066 in
2950 3013 3463 3084 publicisjudiciis
3497 3015 3625 3067 fieri

1985 3097 2137 3153 solet
2159 3099 2622 3168 interposuit.Ac
2655 3107 2778 3154 tum
2811 3100 3052 3170 quidem
3085 3103 3364 3157 Seleuciae
3397 3104 3623 3169 aderat,

1983 3192 2224 3258 paratus
2238 3186 2534 3258 judicium
2551 3188 2920 3256 subire,etob
2946 3191 3098 3245 hanc
3113 3208 3351 3246 causam
3368 3191 3627 3262 episcopi

1985 3277 2310 3332 Acacianos
2340 3277 2414 3332 ad
2445 3294 2799 3333 concessum
2814 3278 3628 3350 vocabant,quemadmodum

1985 3366 2161 3436 paulo
2187 3372 2326 3421 ante
2366 3366 2508 3432 dixi,
2562 3372 2628 3421 ut
2680 3365 2859 3422 rebus
2917 3369 3268 3424 examinatis
3325 3370 3629 3425 communi

1901 3435 1944 3501 Ο
1983 3435 2212 3510 calculo
2245 3456 2601 3510 sententiam
2632 3455 2986 3526 proferrent.

1326 3571 1500 3634 Idem,
1534 3569 1747 3624 Histor.
1784 3568 2134 3626 ecclesiast..
2171 3572 2266 3626 lib.
2293 3588 2354 3634 ιι,
2385 3588 2506 3640 cap.
2541 3573 2628 3625 42.

295 3657 568 3723 Καθεῖλον
599 3655 765 3712 δὲκαὶ
796 3663 1011 3713 Νεωνᾶν
1069 3658 1161 3711 τὸν
1215 3654 1555 3720 Σελευκείας,
1617 3655 1669 3710 ἐν
1699 3654 1735 3730 ᾖ
1764 3655 1878 3730 ἐγε-

209 3750 374 3824 γόνει
408 3748 443 3817 ἣ
481 3745 728 3808 σῦνοδοςο
778 3742 856 3801 ἔτι
912 3748 1018 3818 μὴν
1063 3747 1153 3799 καὶ
1214 3745 1528 3822 Σωφρὸνιον
1586 3745 1678 3798 τὸν
1725 3749 1876 3816 Πομ-

210 3860 298 3909 πη
312 3838 622 3897 ιουπόλεως
652 3843 751 3903 τῆς
779 3835 828 3889 ἐν
864 3833 1238 3911 Παφλαγονίᾳ,
1270 3834 1358 3889 καὶ
1387 3831 1668 3890 Ἐλπίδιον
1705 3834 1876 3888 Σατά-

221 3928 346 3984 λων
380 3933 482 3995 τῆς
515 3922 872 3992 Μακεδονίας,
904 3925 994 3978 καὶ
1023 3924 1114 3978 τὸν
1145 3921 1543 3997 Ἱεροσολύμων
1575 3920 1876 3999 Κύριλλον,

223 4018 323 4073 καὶ
355 4014 569 4080 ἄλλους
601 4012 672 4069 δι’
700 4012 874 4076 ’ἀλλας
904 4014 1076 4076 αἰτίας
1104 4009 1378 4086 ἐξέϐαλον.

2062 3659 2426 3714 Abdicarunt
2452 3660 2630 3715 etiam
2663 3662 2922 3716 Neonam
2954 3664 3296 3735 episcopum
3328 3665 3632 3732 Seleucia),

1989 3764 2105 3818 qua
2134 3749 2194 3802 in
2228 3748 2372 3802 urbe
2405 3749 2666 3820 synodus
2716 3750 2917 3805 habita
2963 3752 3158 3807 fuerat
3188 3772 3201 3818 ;
3237 3753 3634 3823 Sophronium

1989 3854 2225 3907 quoque
2267 3837 2608 3909 episcopum
2641 3841 3148 3912 Pompeiopoleos,
3211 3858 3341 3911 quae
3373 3841 3514 3894 urbs
3546 3847 3634 3895 est

1989 3926 2454 3997 Paphlagoniae;
2515 3927 2810 3998 Elpidium
2870 3929 3200 3984 Satalorum
3253 3930 3631 3996 Macedoniae,

1989 4015 2274 4086 Cyrillum
2335 4015 2879 4089 Hierosolymorum
2912 4018 3434 4089 episcopum,alios
3468 4017 3634 4073 deni-

1993 4121 2106 4174 que
2133 4104 2281 4160 alias
2313 4104 2386 4159 ob
2419 4121 2626 4160 causas
2657 4112 3133 4162 exauctorarunt.

1336 4221 1502 4286 Idem,
1537 4220 1753 4274 Histor.
1788 4219 2144 4285 ecclesiast.,
2179 4220 2274 4274 lib.
2301 4235 2363 4284 ιι,
2397 4236 2517 4289 cap.
2553 4221 2640 4273 45.

301 4313 392 4367 Ἐν
423 4307 481 4364 δὲ
512 4313 630 4371 τοῖς
665 4307 1070 4384 Ἰεροσολύμοις
1125 4307 1239 4362 ἀντὶ
1301 4305 1577 4382 Κυρίλλου
1622 4325 1880 4381 προεχει-

235 4399 398 4474 ρίσθη
461 4397 778 4474 Ἀῥρηνιος.
831 4399 1033 4454 Ἰστέον
1091 4394 1170 4465 δὲ,
1232 4395 1314 4450 ὅτι
1363 4396 1452 4450 καὶ
1517 4397 1632 4467 μετ’
1688 4394 1888 4450 ἐκεῖνον

261 4485 569 4561 Ἡράκλειος
613 4487 869 4556 κατέστη,
919 4486 1008 4541 καὶ
1059 4486 1208 4547 αὗθις
1262 4483 1518 4556 Ἰλάριος’
1580 4484 1797 4555 ὕστερον
1833 4481 1890 4538 ὃὶ

241 4576 426 4650 χρόνῳ
458 4573 742 4649 Κύριλλος
778 4570 945 4644 ἐπέϐη
1003 4575 1112 4629 τῶν
1174 4571 1596 4647 Ἰεροσολύμων,
1644 4573 1739 4627 καὶ
1791 4575 1892 4638 τῆς

243 4664 356 4720 ἐκεῖ
383 4665 711 4732 Έκκλησίας
748 4663 1024 4740 ἐγκρατὴς
1056 4663 1290 4739 ἐγένετο.

2069 4307 2492 4379 Hierosolymis
2524 4325 2676 4377 vero,
2713 4310 2773 4364 in
2803 4309 3000 4366 locum
3031 4312 3232 4381 Cyrilli
3293 4312 3644 4380 subrogatus

1999 4400 2090 4451 est
2110 4397 2457 4450 Arrhenius.
2487 4397 2804 4452 Sciendum
2832 4415 3005 4469 porro
3039 4404 3144 4465 est,
3170 4405 3303 4469 post
3326 4400 3446 4452 hun
3478 4399 3644 4468 cepi-

2001 4501 2245 4556 scopum
2267 4484 2608 4540 ordinatum
2665 4486 2850 4540 fuisse
2901 4487 3258 4555 Heraclium,
3309 4505 3376 4542 ac
3433 4486 3646 4541 deinde

2003 4573 2330 4628 Hilarium:
2368 4574 2727 4645 tandemque
2757 4575 3042 4646 Cyrillum
3099 4576 3507 4646 Hierosolyma
3552 4593 3645 4629 re-

1925 4651 1973 4715 D
2002 4679 2239 4719 versum
2269 4662 2596 4718 Ecclesiam
2637 4680 2806 4720 suam
2837 4679 3244 4736 recuperasse.

1349 4781 1516 4846 Idem,
1549 4780 1766 4835 Histor.
1803 4779 2153 4846 ecclesiast.,
2189 4779 2285 4834 lib.
2320 4795 2404 4844 ιιι,
2437 4795 2558 4850 cap.
2591 4782 2679 4835 20.

317 4877 456 4928 Τότε
488 4869 546 4927 δὲ
577 4869 860 4947 Κύριλλος
891 4872 918 4926 6
960 4875 1068 4926 τῶν
1129 4867 1532 4944 Ἱεροσολύμων
1585 4867 1901 4938 ἐπίσκοπος,

242 4963 307 5018 τὸ
336 4966 436 5017 τοῦ
468 4965 756 5038 προφήτου
790 4960 995 5029 Δανιὴλ
1049 4961 1184 5014 κατᾶ
1237 4963 1363 5013 νοῦν
1415 4952 1736 5031 ἐλάμϐανεν,
1769 4956 1902 5032 ὅπερ

244 5052 390 5107 καὶὸ
425 5051 662 5125 Χριστὸς
697 5049 750 5104 ἐν
806 5055 923 5106 τοῖς
979 5047 1158 5123 ἁγίοις
1217 5045 1580 5122 Εὐαγγελίοις
1634 5046 1902 5124 ἐπεσφρα-

243 5140 458 5214 γίσατο,
491 5137 735 5200 πολλοῖς
765 5159 822 5194 τε
852 5137 1170 5214 προέλεγεν,
1243 5136 1318 5197 ὡς
1370 5133 1474 5210 ἂρα
1529 5139 1618 5189 νῦν
1678 5135 1793 5204 ἣκει
1875 5135 1903 5188 6

246 5230 458 5303 καιρὸς,
495 5227 586 5283 ὅτε
643 5225 795 5291 λίθος
849 5226 937 5282 ἐπὶ
977 5224 1130 5290 λίθον
1188 5224 1288 5279 οὐκ
1339 5225 1399 5278 ἄν
1466 5222 1617 5295 μένοι
1676 5222 1751 5284 εἰς
1809 5222 1899 5276 τὸν

245 5321 389 5387 ναὸν,
425 5317 572 5373 ἄλλᾶ
617 5317 681 5372 τὸ
731 5321 831 5372 τοῦ
891 5322 1151 5388 Σωτῆρος
1209 5313 1396 5390 λόγιον
1445 5310 1894 5386 πληρωθήσεται.

246 5411 427 5464 Ταῦτα
457 5403 636 5484 ἔλεγεν
698 5408 726 5461 6
775 5405 1092 5467 ἐπίσκοπος·
1152 5401 1363 5458 καὶδιὰ
1408 5409 1510 5476 τῆς
1567 5402 1758 5464 νυκτὸς
1819 5422 1898 5457 σει

320 5563 370 5602 ⁸³
397 5566 544 5620 Dan.
574 5580 655 5634 ιι,
685 5566 776 5619 26.
808 5562 857 5599 4⁴
887 5563 1022 5619 Luc.
1051 5578 1172 5629 χχι,
1207 5563 1263 5616 6.

582 5695 844 5754 PATBOL.
893 5694 1008 5752 Gn.
1055 5687 1328 5751 XXXIII.

2083 4870 2206 4935 Quo
2239 4868 2479 4939 quidem
2513 4874 2776 4940 tempore
2809 4869 3062 4940 Cyrillus
3110 4869 3652 4942 Hierosolymorum

2014 4957 2328 5028 episcopus
2359 4973 2590 5012 memor
2619 4958 2878 5012 vaticinii
2947 4958 3207 5012 Danielis
3257 4961 3558 5030 prophetzn
3588 4959 3657 5026 ‘3,

2016 5046 2173 5117 quod
2205 5045 2474 5100 Christus
2506 5047 2684 5101 etiam
2739 5046 2799 5100 in
2845 5048 3029 5101 sacris
3061 5049 3389 5120 Evangeliis
3439 5050 3664 5103 conﬁr-

2014 5135 2196 5190 mavit
2224 5133 2289 5198 ⁴⁴,
2341 5135 2537 5205 palam
2570 5135 2774 5190 multis
2795 5135 3132 5191 astantibus
3164 5138 3455 5207 praedixit,
3491 5138 3620 5191 futu
3641 5167 3659 5178 ε

2014 5239 2145 5278 rum
2182 5223 2342 5278 brevi
2373 5229 2439 5278 ut
2468 5224 2528 5277 in
2562 5241 2629 5279 eo
2679 5225 2902 5296 templo
2963 5224 3113 5296 lapis
3167 5243 3344 5297 super
3400 5226 3661 5297 lapidem

2008 5329 2129 5368 non
2164 5317 2448 5379 maneret,
2482 5312 2586 5368 sed
2616 5314 2937 5369 Servatoris
2982 5315 3292 5370 oraculum
3323 5316 3663 5386 complere-

2009 5407 2122 5457 tur.
2157 5403 2421 5472 Cumque
2446 5402 2574 5458 haec
2604 5402 2852 5459 dixisset
2881 5403 3222 5476 episcopus,
3243 5412 3423 5461 noctu
3457 5406 3668 5475 ingens

3324 5689 3398 5744 10
