4134 6264
472 290 589 348 299

1708 285 2084 349 VETERUM
2127 283 2636 347 TESTIMONIA.

3763 291 3892 352 300

465 434 638 480 terra:
671 429 866 480 motus
899 431 1157 494 exortus,
1190 427 1418 499 lapides
1458 443 1528 482 ex
1556 425 1852 481 veteribus
1908 423 2091 496 templ

2232 424 2368 495 σμὸς
2409 421 2578 498 μέγας
2607 424 3050 498 παραγενόμενος
3088 417 3345 496 ἂνὲὄρασε
3390 421 3518 484 τοὺς
3557 423 3748 488 λίθους
3777 431 3891 482 τῶν

464 516 873 571 fundamentis
903 518 1137 572 avulsos
1169 534 1404 572 sursum
1436 516 1720 584 excussit,
1755 521 1814 572 et
1871 520 2127 572 cunctos

469 621 590 660 una
614 622 749 661 cum
783 607 1077 678 contiguis
1107 606 1381 662 adiﬁciis
1427 605 1725 677 dispersit.

2235 511 2407 568 πάλαι
2439 511 2708 585 θεμελίων
2739 517 2837 568 τοῦ
2881 517 3035 582 ναοῦ,
3095 512 3186 567 καὶ
3243 511 3445 575 πάντας
3491 515 3762 591 ὁιέσπειρε
3793 515 3888 570 σὺν

2235 606 2351 664 τοῖς
2372 602 2794 676 παρακειμένοις
2819 601 2942 673 οῗκή
2953 623 3105 676 μασι.

1534 725 1704 792 Idem,
1739 721 1952 777 Histor.
1987 718 2337 786 ecclesiast.,
2368 720 2463 777 lib.
2498 737 2568 791 ιν,
2601 738 2725 792 cap.
2749 724 2802 777 4.

533 815 612 868 Eo
635 819 900 884 tempore
923 815 1200 869 Romanas
1219 813 1493 870 Ecclesiae
1515 817 1767 884 praeerat
1784 810 2118 866 Liberius...

466 904 1070 976 Hierosolymitanam
1100 920 1236 959 vero
1267 921 1472 959 rursus
1505 901 1815 957 obtinebat
1836 898 2114 972 Cyrillus.

2301 809 2454 864 Κατᾶ
2485 807 2542 863 δὶ
2570 810 2662 864 τὸν
2695 812 2897 886 χρόνον
2927 809 3018 864 τὸν
3048 810 3174 864 τότε
3203 811 3304 884 (α),
3346 813 3446 876 τῆς
3509 813 3602 886 μὲν
3663 812 3718 869 ἐν
3745 815 3885 870 Ῥώ-

2230 916 2303 968 μῃ
2335 893 2661 963 Ἐιικλησίας
2691 898 3017 971 προεστήκει
3070 892 3348 971 Λιϐἑριος.
3387 942 3401 954 .
3437 941 3450 954 .
3482 905 3582 968 τῆς
3642 896 3701 954 δὲ
3753 900 3882 978 περὶ

2223 985 2289 1038 τὰ
2319 982 2680 1058 Ἰεροσόλυμα
2709 983 2992 1062 Κύριλλος
3042 984 3196 1048 αὖθις
3229 984 3438 1062 ἐκράτει

1531 1117 1696 1184 Idem,
1727 1115 1941 1170 Histor.
1974 1111 2327 1181 ecclesiast.,
2358 1111 2451 1166 lib.
2485 1128 2538 1177 ν,
2566 1128 2687 1182 cap.
2722 1113 2774 1165 8.

540 1217 909 1271 Conveniunt
949 1217 1124 1288 igitur
1150 1234 1220 1272 ex
1277 1217 1349 1271 iis
1399 1217 1662 1288 quidem,
1723 1215 1825 1286 qui
1857 1212 2113 1270 consub-

466 1306 763 1360 stantialis
796 1306 974 1361 ﬁdem
1005 1306 1460 1377 proﬁtebantur,
1484 1305 1826 1360 Timotheus
1847 1303 2110 1358 Alexan-

466 1395 609 1449 driaa
669 1395 1001 1466 episcopus,
1061 1395 1313 1467 Cyrillus
1372 1395 1938 1466 Hierosolymorum,
2011 1391 2112 1462 qui

462 1490 603 1538 tunc
633 1485 983 1554 poenitentia
1012 1485 1224 1541 ductus
1265 1484 1796 1541 consubstantialis
1828 1482 1966 1538 fidei
1997 1480 2110 1537 ad-

463 1574 745 1630 haerebat.

2297 1208 2580 1279 Συνῆλθον
2616 1208 2708 1265 οὖν
2729 1217 2829 1280 τῆς
2891 1211 2986 1284 μὶν
3039 1209 3340 1284 όμοουσίου
3395 1212 3656 1285 πίστεως,
3687 1213 3746 1269 ἐκ
3780 1216 3878 1288 μὲν

2227 1295 2629 1370 Ἀλεξανδρείας
2661 1300 2951 1372 Τιμόθεος,
3007 1299 3065 1354 ἐκ
3132 1297 3190 1354 δὶ
3241 1300 3640 1376 Ἰεροσολύμων
3673 1302 3881 1377 Κύριλ-

2223 1385 2345 1462 λος,
2379 1389 2504 1444 τότε
2552 1386 2612 1443 ἐκ
2671 1387 3028 1462 μεταμελείας
3079 1394 3158 1461 τῷ
3215 1390 3498 1464 ὁμοουσίῳ
3548 1393 3875 1468 προσκείμε-

2222 1499 2312 1540 νος

1427 1701 1768 1764 Sozomenus,
1802 1697 2018 1752 Histor.
2053 1693 2402 1760 ecclesiast.,
2438 1695 2532 1750 lib.
2566 1710 2637 1761 ιν,
2671 1711 2793 1764 cap.
2826 1696 2879 1747 5.

536 1789 758 1843 Eodem
798 1792 1063 1860 tempore
1095 1804 1228 1844 cum
1283 1789 1536 1860 Cyrillus
1568 1787 2110 1858 Hierosolymorum
2142 1788 2189 1852 B

462 1878 786 1932 Ecclesiam
818 1883 951 1948 post
983 1876 1301 1931 Maximum
1332 1874 2108 1943 administraret,crucissi-

459 1983 641 2038 gnum
675 1967 734 2020 in
767 1967 913 2021 caalo
948 1967 1241 2037 apparuit,
1289 1967 1600 2038 splendide
1631 1967 1953 2038 refulgens,
1986 1979 2109 2018 non

457 2061 523 2108 ut
552 2061 813 2110 cometes
846 2054 1256 2110 diffluentibus
1313 2056 1515 2123 radiis,
1551 2055 1653 2111 sed
1684 2055 1944 2126 plurima
1977 2053 2107 2108 luce

455 2144 708 2199 collecta
728 2145 1038 2200 densatum
1063 2162 1128 2200 ac
1160 2145 1556 2217 perspiccum,
1580 2143 1953 2217 longitudine
1975 2142 2104 2213 qui-

461 2234 596 2289 dem
629 2253 662 2289 a
718 2236 996 2290 Calvariaa
1028 2236 1155 2291 loco
1183 2236 1256 2290 ad
1287 2241 1550 2290 montem
1565 2235 1884 2300 Olivarum,
1917 2232 1977 2286 id
1995 2235 2105 2297 est,

464 2325 701 2379 circiter
722 2325 1064 2395 quindecim
1090 2325 1300 2390 stadia,
1333 2330 1521 2380 totum
1543 2325 1756 2380 cmlum
1772 2323 1928 2394 quod
1961 2328 2104 2377 trac-

463 2420 589 2467 tum
613 2414 781 2467 illum
806 2416 1207 2484 supereminet
1230 2415 1633 2486 complectens
1657 2431 1670 2480 ;
1696 2412 1946 2468 latitudo
1968 2426 2102 2466 vero

460 2502 859 2572 respondebat
881 2503 1237 2573 longitudini
1293 2505 1473 2558 Porro
1519 2503 1592 2557 ob
1616 2519 1741 2557 rem
1761 2508 1878 2556 tam
1896 2499 2106 2555 insoli-

458 2595 579 2645 tam
602 2597 840 2660 tamque
865 2590 1254 2661 inopinatam,
1288 2591 1602 2646 admiratio
1622 2591 1800 2646 simul
1823 2609 1888 2647 ac
1909 2597 2104 2646 metus

455 2695 664 2733 omnes
683 2681 915 2746 invasit,
949 2679 1294 2750 relictisque
1317 2680 1563 2746 aedibus,
1598 2685 1656 2734 et
1683 2681 1898 2747 foro,et
1925 2694 2101 2751 opere

452 2768 609 2840 quod
643 2769 894 2838 quisque
918 2786 1037 2840 prae
1069 2769 1346 2824 manibus
1385 2769 1659 2830 habebat,
1684 2769 2099 2824 universicum

447 2857 732 2912 uxoribus
763 2864 819 2912 et
851 2857 1052 2912 liberis
1082 2858 1156 2913 ad
1179 2859 1490 2913 ecclesiam
1510 2859 1946 2924 confluxerunt,
1979 2875 2096 2913 uno

445 2963 739 3001 consensu
763 2948 1061 3001 Christum
1087 2947 1732 3018 laudantes,Deumque
1753 2948 1933 3002 alacri
1967 2947 2095 3002 ani-

446 3052 543 3089 mo
577 3036 1138 3092 conﬁtentes.Porro
1173 3039 1300 3108 ejus
1323 3038 1406 3091 rei
1435 3038 1682 3092 nuntius
1705 3053 1912 3092 omnes
1934 3036 2094 3091 orbis

2291 1783 2376 1836 Ἐν
2412 1779 2470 1836 δὲ
2496 1786 2576 1854 τῷ
2605 1781 2727 1836 τότε
2756 1780 2945 1856 χρόνῳ
3001 1783 3079 1854 (b)
3132 1782 3412 1856 Κυρίλλου
3456 1783 3593 1857 μετά
3622 1785 3873 1860 Μάξιμον

2217 1873 2317 1940 τήν
2349 1869 2746 1946 Ἰεροσολύμων
2777 1871 3104 1942 Ἐκκλησίαν
3161 1871 3676 1948 ἐπιτροπεύσαντος,
3709 1897 3871 1931 σταυ-

2221 1965 2316 2037 ροῦ
2367 1965 2600 2032 σημεῖον
2658 1959 2709 2015 ἐν
2757 1959 2837 2034 τῷ
2915 1961 3130 2036 οὐρανῷ
3205 1963 3438 2040 ἀνεφάνη
3527 1964 3868 2039 καταυγάζον

2219 2048 2514 2124 λαμπρῶς,
2548 2048 2655 2124 οὐχ
2676 2053 2791 2105 οἷον
2819 2053 3074 2124 κομήτης
3130 2057 3249 2114 ταῖς
3311 2052 3649 2127 ἐλλάμψεσιν
3687 2054 3866 2130 ἀπορς

2218 2137 2374 2215 ῥέων,
2407 2138 2535 2194 ἁλλ’
2566 2138 2617 2194 ἐν
2648 2141 2894 2194 συστάσει
2952 2139 3170 2196 πολλοῦ
3219 2141 3399 2218 φωτὸς
3455 2141 3710 2204 ἐπιεικῶς
3771 2164 3871 2198 πυ-

2215 2228 2340 2283 κνὸν
2372 2228 2462 2282 καὶ
2491 2225 2766 2302 διαφανές·
2831 2236 3006 2302 μῆκος
3071 2229 3163 2303 μὲν
3221 2231 3344 2284 ὅσον
3406 2229 3464 2286 ἐκ
3500 2235 3596 2286 τοῦ
3629 2232 3870 2306 Κρανίου

2219 2315 2386 2392 μέχρι
2415 2322 2512 2372 τοῦ
2543 2315 2704 2391 ὅρους
2730 2322 2837 2372 τῶν
2893 2317 3146 2391 Ἐλαιῶν,
3179 2319 3324 2398 ἀμφὶ
3381 2317 3508 2376 δέκα
3564 2321 3652 2376 καὶ
3707 2321 3868 2377 πέντε

2215 2405 2406 2462 στάδια
2426 2408 2516 2462 τὸν
2561 2408 2693 2482 ὑπὲρ
2751 2408 2842 2462 τὸν
2892 2407 3076 2481 χῶρον
3135 2413 3328 2464 τοῦτον
3363 2409 3589 2485 οὐρανὸν
3647 2411 3864 2468 ἀπολα-

2214 2489 2332 2549 ϐόν·
2370 2496 2527 2572 εὖρος
2561 2493 2618 2551 δὲ
2646 2501 2727 2568 τῷ
2752 2499 2917 2569 μήκει
2956 2496 3249 2572 ἀνάλογον.
3284 2500 3372 2562 Ὡς
3421 2499 3510 2554 ἐπὶ
3570 2498 3866 2575 παραδόξῳ

2217 2581 2274 2638 δὲ
2301 2589 2379 2656 τῷ
2411 2579 2784 2658 συμϐεϐηκότι
2818 2592 3050 2658 θαύματι
3103 2586 3193 2641 καὶ
3248 2584 3367 2650 δέ.ος
3425 2589 3626 2651 πάντας
3681 2585 3859 2665 ἔσχεν·

2213 2673 2390 2735 οἰκίας
2415 2671 2473 2728 δὲ
2525 2676 2614 2729 καί
2671 2674 2891 2750 ἀγορὰς,
2949 2675 3038 2730 καὶ
3093 2674 3225 2750 ὅπερ
3279 2674 3470 2752 ἔτυχεν
3521 2675 3742 2739 ἕκαστος
3767 2678 3858 2754 ἐρ-

2210 2763 2513 2837 γαζόμενος
2565 2761 2904 2830 καταλιπὼν,
2969 2763 3082 2836 ἃμα
3138 2764 3290 2820 παισί
3333 2767 3422 2820 καὶ
3479 2767 3717 2840 γυναιξὶν
3777 2767 3858 2828 εἷς

2207 2853 2306 2920 τὴν
2364 2851 2653 2922 ἐκκλησίαν
2714 2851 3006 2925 συνῆλθον,
3064 2853 3152 2908 καὶ
3223 2857 3380 2928 κοινῇ
3438 2855 3528 2910 τὸν
3617 2858 3856 2931 Χριστὸν

2207 2941 2436 3014 ὕμνουν,
2466 2943 2554 2996 καὶ
2586 2942 2731 2996 Θεὸν·
2770 2945 3070 3016 προθύμως
3108 2943 3455 3019 ὡμολόγουν.
3501 2945 3580 3003 Οὐ
3614 2945 3852 3019 μετρίως

2207 3028 2265 3085 δὲ
2294 3030 2383 3084 καὶ
2413 3037 2516 3085 πᾶν
2546 3031 2609 3085 τὸ
2665 3032 2782 3086 καθ’
2829 3033 2979 3104 ἡμᾶς
3039 3031 3360 3106 οἲκοόμενον
3388 3036 3423 3103 ἡ
3476 3035 3600 3109 περὶ
3655 3034 3854 3091 τούτου

445 3125 696 3178 Romani
737 3126 1069 3195 provincias
1101 3143 1220 3179 non
1268 3127 1649 3180 mediocriter
1699 3126 2090 3193 conturbavit,

2211 3119 2439 3194 ἀγγελία
2467 3118 2822 3193 κατέπληξεν.
2885 3121 3126 3196 Ἐγένετο
3185 3120 3242 3177 δὲ
3270 3128 3430 3177 τοῦτο
3481 3125 3580 3178 οὐκ
3609 3124 3686 3186 εἷς
3745 3145 3850 3198 μα-

442 3211 603 3265 brevi
637 3219 832 3267 autem
861 3215 919 3267 id
947 3215 1170 3283 ubique
1202 3215 1541 3269 nuntiatum
1570 3219 1677 3269 est.
1702 3217 1845 3269 Nam
1864 3231 1996 3269 cum
2021 3231 2091 3268 ex

443 3301 743 3366 omnibus,
763 3307 828 3355 ut
858 3303 940 3357 ita
978 3303 1250 3371 dixerim,
1278 3303 1436 3358 orbis
1492 3303 1778 3374 partibus,
1811 3309 1877 3357 ut
1903 3304 2088 3358 moris

440 3394 548 3455 est,
578 3390 796 3460 partim
827 3391 1057 3459 orandi,
1091 3392 1306 3462 partim
1330 3409 1498 3447 sacra
1526 3392 1654 3448 loca
1686 3392 2086 3463 perlustrandi

437 3493 635 3545 causa,
698 3479 1122 3551 Hierosolymis
1181 3480 1462 3535 adessent
1501 3481 1818 3553 peregrini,
1853 3498 1922 3537 ea
1952 3498 2082 3552 qum

431 3567 1052 3634 oculisviderant,suis
1074 3575 1280 3640 postea
1296 3570 1648 3626 retulerunt.
1684 3575 1812 3642 Ipse
1843 3587 2082 3642 quoque

427 3657 752 3727 imperator
783 3675 852 3712 ea
882 3658 952 3713 de
984 3676 1047 3713 re
1080 3660 1296 3715 certior
1317 3659 1510 3716 factus
1539 3665 1648 3724 est,
1682 3665 1808 3715 tum
1831 3677 1900 3715 ex
1923 3659 2076 3715 mul-

422 3751 618 3800 torum
650 3747 901 3802 aliorum
952 3748 1263 3814 relatione,
1318 3754 1442 3803 tum
1502 3765 1574 3804 ex
1626 3749 1840 3804 litteris
1872 3749 2076 3820 Cyrilli

422 3835 680 3906 episcopi
741 3837 815 3892 ad
872 3837 1068 3908 ipsum
1123 3839 1294 3894 datis.
1355 3840 1489 3894 Haec
1535 3843 1732 3893 autem
1764 3837 1984 3909 [CCLV]
2015 3839 2073 3894 in

421 3925 605 3979 sacris
663 3926 830 3982 libris
889 3928 1033 3982 olim
1063 3929 1350 4000 praedicta
1404 3928 1588 3983 fuisse
1646 3945 1754 3998 per
1811 3928 2071 3983 divinam

419 4015 737 4084 quamdam
780 4018 1297 4087 prOphetiam,viri
1321 4017 1655 4072 istiusmodi
1681 4034 1879 4072 rerum
1905 4017 2070 4088 gnari

2205 3209 2358 3282 κράνο
2391 3209 2465 3271 ὡς
2495 3209 2594 3284 γὰρ
2621 3207 2822 3276 εἰώθει,
2849 3208 2909 3264 ἐκ
2937 3211 3137 3280 πάσης,
3199 3211 3273 3273 ὡς
3334 3211 3525 3280 εἰπεῖν,
3577 3220 3680 3288 γῆς
3731 3216 3856 3270 κατ’

2199 3297 2370 3366 εὐχὴν
2404 3297 2492 3352 καὶ
2515 3299 2759 3372 ἱστορίαν
2789 3303 2896 3354 τῶν
2922 3297 3054 3373 τῇδε
3078 3299 3259 3355 τόπων
3279 3301 3681 3375 Ἱεροσολύμων
3696 3301 3853 3374 ἐνδη-

2201 3390 2448 3459 μοῦντες,
2483 3387 2556 3440 ὧν
2590 3386 2833 3462 ἐγένοντο
2884 3388 3066 3444 θεαταὶ
3122 3394 3238 3452 τοῖς
3291 3389 3516 3452 οἰκείοις
3549 3390 3847 3464 ἐμήνυσαν.

2193 3477 2373 3550 Ἓγνω
2407 3475 2464 3531 δὲ
2491 3480 2651 3532 τοῦτο
2711 3477 2801 3532 καὶ
2860 3479 2888 3532 ὁ
2953 3477 3232 3554 βασιλεὺς,
3291 3478 3476 3534 ἄλλων
3508 3501 3567 3536 τε
3616 3481 3850 3538 πολλῶν

2191 3563 2642 3641 ἀναγγειλάντων,
2696 3566 2787 3620 καὶ
2845 3565 3125 3642 Κυρίλλου
3179 3572 3278 3622 τοῦ
3354 3567 3654 3624 ἐπισκόπου
3710 3570 3846 3647 γράο

2189 3657 2408 3727 ψαντος.
2445 3652 2691 3729 Ἐλὲγετο
2725 3653 2782 3710 δὲ
2838 3655 2984 3729 παρᾶ
3012 3661 3120 3710 τῶν
3180 3658 3247 3711 τὰ
3304 3655 3490 3712 τοιάδε
3546 3658 3850 3734 ἐπιστημό-

2185 3767 2312 3814 νων,
2344 3744 2480 3799 κατά
2525 3765 2646 3799 τινα
2703 3745 3037 3824 προφητείαν
3090 3745 3235 3802 θείαν
3263 3749 3435 3802 πάλαι
3485 3754 3652 3804 ταῦτα
3698 3771 3843 3817 προ-

2188 3838 2530 3908 μεμηνῦσθαι
2561 3832 2611 3888 ἐν
2643 3839 2761 3898 ταῖς
2790 3835 2962 3909 ἱεραῖς
3027 3830 3260 3910 βίϐλοις
3322 3837 3411 3892 καὶ
3448 3838 3512 3892 τὸ
3575 3839 3668 3911 μὲν
3727 3836 3838 3896 ὧδε

2183 3919 2392 3997 συμϐὰν
2422 3922 2671 3984 πολλους
2731 3922 3016 3996 Ἐλλήνων
3077 3928 3169 3982 καὶ
3227 3925 3506 3984 Ἰουδαίων
3567 3929 3644 3994 εἰς
3697 3935 3836 4006 Χρι-

2181 4013 2495 4086 στιανισμὸν
2530 4013 2848 4089 ἐπηγάγετο.

417 4105 784 4160 asserebant.
820 4107 888 4160 Et
916 4106 1028 4161 hoc
1059 4109 1298 4177 quidem
1333 4107 1566 4180 signum
1588 4106 1880 4179 plurimos
1939 4105 2199 4162 Gentiles
2258 4121 2326 4160 ac
2381 4103 2612 4160 Iudaeos
2671 4105 2745 4160 ad
2805 4105 3200 4163 Christianam
3279 4109 3628 4182 religionem
3686 4127 3829 4183 per-

418 4193 614 4248 traxit.

1762 4320 1936 4375 Idem.‘
1966 4319 2061 4375 lib.
2115 4335 2189 4375 iv.
2221 4316 2341 4375 σαι).
2381 4321 2464 4372 1⁸.

1762 4335 1932 4388 Idem,
1966 4335 2061 4375 uo.

484 4416 727 4487 Scriptis
758 4415 974 4470 litteris
1005 4416 1081 4470 ad
1115 4416 1448 4487 episcopos,
1472 4417 1573 4487 qui
1606 4421 1730 4472 tum
1781 4418 2060 4487 Arimini,

2221 4335 2283 4373 ca
2329 4359 2341 4372 .
2381 4335 2464 4372 1".

2243 4335 2441 4491 Γζάφει
2471 4415 2900 4489 [Constantius]-
2947 4422 3068 4479 τοῖς
3127 4415 3250 4472 τότε
3281 4417 3332 4473 ἐν
3385 4419 3674 4495 Ἀριμίνῳ,
3729 4422 3824 4478 καὶ

414 4511 472 4560 et
502 4507 784 4560 Seleucia)
818 4511 988 4560 erant
1043 4505 1399 4577 congregati,
1452 4505 1636 4575 jussit
1691 4511 1756 4560 ut
1807 4509 2066 4578 primum

409 4593 651 4662 quidem
683 4594 1117 4648 controversias
1139 4592 1210 4647 de
1245 4593 1360 4647 ﬁde
1393 4600 1821 4664 componerent
1847 4596 1946 4651 :ad
1965 4612 2059 4650 ex-

408 4687 666 4735 tremum
703 4700 835 4738 vero
855 4683 926 4736 de
952 4682 1366 4754 episcoporum
1390 4682 1603 4749 causis,
1633 4682 1730 4752 qui
1756 4700 1815 4738 se
1839 4684 2058 4755 injuste

407 4771 708 4841 depositos
727 4779 829 4826 aut
852 4774 913 4826 in
941 4772 1215 4827 exsilium
1240 4773 1454 4826 missos
1488 4789 1616 4827 esse
1641 4780 2054 4842 quererentur,

406 4867 872 4929 cognoscerent;
906 4877 976 4914 ex
1024 4876 1280 4931 quorum
1338 4875 1588 4914 numero
1647 4864 1773 4914 erat
1801 4859 2055 4929 Cyrillus

408 4948 1001 5020 Hierosolymitanus.

2180 4503 2464 4575 Σελευκίᾳ,
2521 4502 2590 4558 τὰ
2644 4504 2769 4578 περὶ
2821 4512 2921 4575 τῆς
2973 4507 3205 4569 πίστεως
3263 4503 3548 4586 ἀμφίϐολα
3588 4508 3824 4586 προδια-

2167 4594 2359 4649 θεῖναι·
2396 4592 2450 4647 ἐν
2474 4594 2622 4650 τέλει
2653 4595 2711 4652 δὲ
2743 4590 3044 4665 διαλαϐεῖν,
3102 4596 3238 4651 κατὰ
3291 4599 3382 4652 τὸν
3441 4602 3542 4663 τῆς
3573 4598 3820 4671 Ἐκκλη-

2168 4681 2284 4744 σίας
2314 4683 2533 4756 θεσμὸν,
2590 4685 2678 4739 καὶ
2736 4685 2861 4759 περὶ
2942 4689 3050 4740 τῶν
3128 4683 3328 4749 ἀδίκως
3383 4690 3719 4762 καθῃρῆσθαι
3778 4692 3816 4762 ἢ

2172 4771 2463 4845 ὑπερορίας
2497 4771 2665 4828 οἶκεῖν
2716 4775 3086 4848 μεμφομένων
3142 4774 3477 4848 ἐπισκόπων,
3527 4775 3572 4832 ὦ
3624 4779 3699 4841 εἷς
3747 4779 3818 4848 ἧν

2166 4858 2440 4935 Κύριλλος
2472 4861 2892 4936 Ἱεροσολύμων.

1755 5076 1922 5141 Idem,
1957 5077 2052 5131 lib.
2087 5094 2161 5143 iv,
2206 5094 2324 5148 cap.
2356 5079 2449 5134 20.

473 5175 722 5229 Acacius
755 5175 916 5228 enim
977 5181 1034 5229 et
1080 5175 1480 5246 Patrophilus,
1543 5173 1713 5246 pulso
1771 5175 2042 5242 Maximo,

398 5265 948 5334 Hierosolymorum
975 5263 1300 5319 Ecclesiam
1331 5263 1549 5336 Cyrillo
1577 5263 1896 5334 regendam
1928 5269 2045 5320 tra-

393 5354 688 5409 diderant.

453 5533 534 5605 (a)
567 5533 665 5585 Τὸν
698 5530 838 5605 τότε.
902 5533 994 5589 Sic
1037 5531 1483 5589 emendavimus
1543 5530 1702 5601 quod
1759 5531 1820 5586 in
1863 5531 2040 5587 editis

380 5603 662 5680 egebatur
690 5603 780 5659 τόν
805 5625 885 5660 τε.
919 5608 1072 5662 Emr.

2226 5176 2292 5231 Οἱ
2329 5177 2423 5249 μὲν
2455 5177 2557 5252 γὰρ
2588 5176 2729 5251 ἀμφὶ
2763 5179 3020 5234 Ἀκάκιον
3083 5181 3173 5234 καὶ
3233 5180 3576 5260 Πατρόφιλον
3610 5184 3812 5258 ἀφελό-

2161 5285 2314 5352 μενοι
2346 5265 2615 5339 Μάξιμον,
2647 5268 2747 5336 τήν
2777 5269 3180 5344 Ἱεροσολύμων
3243 5271 3568 5344 Ἐκκλησίαν
3599 5277 3812 5352 ΚυρίΛ-

2157 5351 2240 5427 λῳ
2263 5354 2572 5429 ἐπέτρεψαν.

2224 5535 2300 5604 (b)
2329 5532 2462 5619 Τότε
2492 5531 2703 5619 χρόνῳ.
2738 5537 2872 5619 I_l_aac
2902 5537 3081 5596 verba
3108 5539 3447 5600 addidimus
3471 5543 3543 5602 de
3575 5551 3805 5605 nostro.

2153 5606 2405 5662 Deerant
2433 5606 2718 5665 in’editis.
2753 5611 2906 5666 Eorr.
