4108 6270
257 353 373 414 301

1504 344 1886 408 VETEHUM
1930 346 2437 411 TESTIMONIA.

3562 351 3688 411 302

1541 477 1709 540 Idem,
1740 476 1991 538 eiusdem
2023 477 2165 529 libri
2194 495 2312 542 cap.
2341 482 2421 532 22.

340 573 608 629 Ἐντεῦθεν
668 570 764 644 [ί.
799 587 845 626 e.
901 568 1187 626 Seleucia;
1219 569 1236 640 ]
1268 569 1320 622 οἱ
1379 567 1471 640 μὲν
1529 567 1793 643 πρότερον
1851 568 1914 622 τὸ
1946 574 1998 639 Α

271 659 451 736 δόγμα
507 659 796 731 ἐξετάζειν,
855 659 906 712 οἱ
965 655 1024 712 δὲ
1079 656 1207 719 τοὺς
1271 655 1425 732 βίους
1484 657 1782 730 ἀνακρίνειν
1813 661 1919 713 τῶν

265 749 767 826 κατηγορουμένων
817 746 868 802 ἐν
904 745 1088 809 αύτοῖς
1121 747 1213 816 (ὧν
1260 747 1328 815 ἦν
1377 743 1653 818 Κύριλλος
1685 747 1921 823 Ἰεροσο-

259 839 450 913 λύμων
505 838 598 894 καὶ
655 837 957 900 Εὗστάθιος
1013 837 1040 890 ὁ
1105 830 1429 898 Σεϐαστείας
1456 835 1743 911 ἀναγκαῖον
1804 831 1922 892 ἔλε-

267 950 385 1005 γον.

2122 575 2271 630 Hinc
2302 575 2403 630 alii
2437 576 2679 646 quidem
2737 576 3070 633 doctrinam
3101 575 3239 632 ﬁdei
3289 580 3428 632 ante
3484 575 3686 630 omnia

2037 667 2450 723 excutiendam
2483 685 2612 723 esse
2643 668 2957 734 dixerunt;
2991 666 3092 722 alii
3122 682 3258 721 vero
3287 666 3682 736 quaestionem

2033 757 2198 828 prius
2234 756 2568 812 habendam
2630 773 2759 813 esse
2789 758 2861 812 de
2893 757 3010 813 vita
3039 772 3106 811 ac
3159 755 3425 811 moribus
3481 768 3686 807 eorum

2033 844 2135 915 qui
2168 845 2325 900 inter
2355 845 2516 917 ipsos
2546 847 2982 902 accusabantur
3013 862 3027 900 :
3061 862 3131 901 ex
3155 860 3407 916 quorum
3439 858 3688 897 numero

2034 940 2160 989 erat
2189 935 2443 1005 Cyrillus
2475 934 3022 1007 Hierosolymorum
3045 933 3377 1005 epiSCOpus,
3404 936 3462 985 et
3479 931 3689 985 Eusta-

2041 1023 2200 1079 thius
2233 1024 2533 1080 Sebastiaa.

1487 1135 1560 1183 Et
1581 1135 1759 1196 paulo
1780 1144 1926 1196 post,
1954 1137 2026 1186 ad
2053 1141 2226 1203 ﬁnem
2257 1139 2474 1201 capitis.

331 1222 478 1284 Ούδὶ
503 1223 606 1292 τὴν
637 1222 808 1292 αὐτὴν
840 1224 1023 1278 πίστιν
1055 1220 1352 1296 ὁμολογεῖν
1381 1215 1697 1292 ἠϐούλοντο
1732 1225 1924 1295 [nimi-

265 1334 390 1373 rum
425 1314 703 1371 Acaciani
732 1314 776 1385 ],
833 1311 868 1381 ἢ
900 1312 1024 1388 περὶ
1052 1312 1161 1366 τῶν
1223 1309 1586 1386 ἐγκλημάτων
1636 1311 1927 1386 ἀπολογεῖ-

268 1419 416 1474 σθαι,
450 1402 575 1460 οὕτε
608 1403 682 1466 εἷς
737 1404 835 1472 τήν
893 1404 1030 1458 κατὰ
1084 1400 1361 1478 Κύριλλον
1423 1401 1658 1473 ἐξέτασιν
1688 1421 1931 1478 παραγε-

269 1497 455 1551 νέσθαι
485 1492 804 1571 ἠνείχοντο,
835 1492 895 1548 ὃν
926 1492 1076 1548 αὐτοὶ
1109 1489 1388 1557 καθεῖλον.

2110 1229 2254 1283 Nam
2285 1245 2480 1301 neque
2511 1229 2785 1286 eamdem
2815 1246 2950 1285 cum
2979 1227 3229 1300 reliquis
3271 1227 3449 1282 ﬁdem
3498 1226 3686 1280 conﬁ-

2039 1317 2149 1372 teri
2166 1317 2463 1383 volebant,
2485 1335 2594 1374 nec
2625 1319 2696 1374 de
2728 1319 3080 1374 criminibus
3104 1318 3214 1374 sibi
3238 1317 3419 1372 illatis
3447 1331 3686 1370 causam

2039 1407 2256 1476 dicere,
2288 1423 2400 1461 nec
2429 1407 2502 1462 ad
2535 1408 2997 1464 examinandum
3023 1407 3227 1478 Cyrilli
3258 1405 3560 1477 negotium
3591 1419 3685 1458 ac-

2041 1495 2248 1551 cedere
2281 1496 2676 1564 sustinebant,
2709 1513 2886 1568 quem
2917 1497 3030 1569 ipsi
3055 1497 3470 1568 deposuerant.

1345 1609 1521 1672 Idem,
1554 1608 1760 1659 Histor.
1791 1608 2104 1672 ecclesiast.,
2141 1611 2243 1663 lib.
2272 1626 2347 1671 Iv,
2379 1626 2496 1673 cap.
2525 1613 2605 1664 25.

339 1699 451 1756 Σὺν
509 1698 729 1761 τούτοις
790 1695 847 1752 δὲ
900 1696 990 1753 καὶ
1050 1695 1327 1770 Κύριλλον
1384 1697 1477 1751 τὸν
1521 1695 1923 1770 Ἰεροσολύμων

255 1789 547 1856 καθεῖλον,
575 1788 648 1850 ὡς
690 1785 972 1859 Εὐσταθίῳ
1020 1784 1110 1840 καὶ
1140 1782 1408 1858 Ἐλαιδίῳ
1459 1784 1920 1855 κεκοινωνηκότα,

2104 1701 2249 1755 Cum
2269 1701 2363 1756 his
2384 1717 2518 1757 vero
2543 1701 2826 1773 Cyrillum
2850 1704 3310 1757 exauctorarunt
3335 1699 3681 1772 episcOpum

2033 1790 2598 1862 Hierosolymorum,
2623 1796 2936 1863 pr0pterea
2958 1790 3116 1862 quod
3140 1807 3273 1846 cum
3299 1789 3604 1845 Eustathio
3629 1793 3688 1844 et

251 1879 477 1935 ἐναντία
549 1873 892 1932 σπουδάσασι
947 1879 1064 1936 τοῖς
1125 1874 1177 1928 ἐν
1238 1874 1506 1948 Μελιτινῇ
1561 1873 1927 1944 συνελθοῦσι,

2051 1878 2266 1950 Elpidio
2299 1880 2823 1948 communicasset,
2857 1881 2958 1952 qui
3009 1880 3247 1936 decreta
3294 1878 3684 1934 Melitinensis

255 1971 382 2042 μεθ’
441 1969 519 2022 ὧν
573 1967 665 2023 καὶ
725 1965 890 2028 αὐτὸς
949 1961 1328 2036 συνεληλύθει·
1393 1964 1480 2018 καὶ
1548 1963 1624 2026 ὡς
1660 1963 1794 2036 μετά
1819 1964 1919 2032 τήν

250 2059 311 2114 ἐν
339 2055 680 2130 Παλαιστίνῃ
734 2055 1039 2130 καθαίρεσιν
1098 2052 1384 2116 κοινωνίας
1443 2054 1786 2129 μετασχόντα
1829 2052 1922 2108 σὺν

255 2146 546 2218 Βασιλείῳ
579 2190 594 2216 ,
647 2145 737 2200 καὶ
800 2145 1053 2220 Γεωργίῳ
1104 2147 1184 2216 τῷ
1242 2140 1560 2204 Λαοδικείας
1613 2142 1915 2215 ἐπισκόπῳ·

256 2233 454 2304 ἐπειδή
513 2235 790 2308 ἐπετράπη
843 2235 943 2302 τὴν
987 2231 1384 2309 Ἱεροσολύμων
1436 2231 1762 2300 ἐπισκοπὴν,
1795 2232 1915 2305 περί

267 2324 762 2399 μητροπολιτικῶν
819 2319 1042 2378 δικαίων
1123 2319 1398 2398 διεφέρετο
1471 2321 1610 2394 πρὸς
1665 2319 1917 2376 Ἀκάκιον

259 2413 610 2488 Καισαρείας,
664 2414 742 2475 ὡς
801 2409 1170 2468 ἀποστολικοῦ
1225 2412 1417 2482 θρόνου
1473 2409 1800 2486 ἡγούμενος·
1840 2408 1922 2464 ἐν-

253 2503 445 2568 τεῦθέν
502 2524 562 2558 τε
618 2501 696 2564 εἷς
749 2503 1040 2577 ἀπέχθειαν
1099 2501 1454 2570 κατέστησαν,
1512 2498 1602 2554 καὶ
1633 2497 1918 2570 ἀλλήλους

263 2588 547 2664 διέϐαλον,
580 2591 653 2654 ὡς
686 2591 796 2666 οὐχ
827 2592 995 2666 ὑγιῶς
1053 2590 1178 2665 περὶ
1235 2594 1368 2645 Θεοῦ
1427 2594 1671 2666 φρονεῖν·
1699 2589 1789 2644 καὶ
1819 2588 1920 2664 γὰρ

254 2683 350 2739 καὶ
382 2682 514 2759 πρὶν
571 2681 623 2736 ἐν
685 2682 913 2752 ὑπονοίᾳ
969 2681 1220 2752 ἑκάτερος
1278 2681 1368 2749 ἦν,
1402 2680 1430 2734 ὁ
1465 2679 1559 2752 μὲν
1586 2678 1652 2733 τὰ
1710 2677 1920 2752 Ἀρείου

265 2769 639 2848 δογματίζων,
700 2769 972 2846 Κύριλλος
1005 2767 1064 2824 δὲ
1111 2774 1230 2832 τοῖς
1291 2766 1611 2840 ὁμοιούσιον
1638 2770 1720 2839 τῷ
1748 2767 1918 2839 Πατρὶ

267 2863 360 2918 τὸν
393 2861 519 2916 rte»
551 2859 963 2937 εἰσηγουμένοις
1007 2859 1294 2934 ἑπόμενος.
1327 2857 1484 2916 Οὕτω
1516 2855 1575 2912 δέ
1605 2854 1750 2932 ἔχων
1781 2859 1923 2932 γνώ-

271 2973 384 3024 μης
416 2954 675 3015 Ἀκάκιος
713 2950 806 3005 σὺν
863 2955 984 3009 τοῖς
1038 2949 1106 3004 τὰ
1160 2948 1325 3004 αὐτοῦ
1383 2951 1670 3025 φρονοῦσιν
1704 2943 1922 3001 ἐπισκό-

272 3062 403 3103 ποις
430 3045 530 3097 τοῦ
561 3039 746 3102 ἔθνους
785 3039 970 3117 φθάνει
1027 3036 1271 3102 καθελὼν
1333 3036 1611 3112 Κύριλλον
1669 3035 1757 3092 ἐπὶ
1787 3055 1927 3109 προ-

274 3133 431 3209 φάσει
499 3127 706 3201 τοιᾷδε·
769 3133 948 3202 Λιμοῦ
1005 3121 1412 3188 καταλαϐόντος
1465 3127 1563 3195 τήν
1621 3123 1926 3202 Ἱεροσολύ-

2033 1967 2268 2041 synodi,
2301 1969 2394 2024 cui
2421 1970 2550 2040 ipse
2581 1985 2817 2042 quoque
2848 1968 3220 2034 interfuerat,
3253 1968 3537 2041 abrogare
3571 1973 3687 2024 stu-

2031 2057 2276 2126 duerat;
2311 2063 2370 2114 et
2412 2059 2571 2130 quod
2616 2064 2752 2131 post
2807 2059 3240 2131 depositionem
3276 2059 3336 2112 in
3368 2058 3687 2113 Palaestina

2028 2144 2244 2200 factam
2278 2189 2293 2211 ,
2349 2148 2832 2204 communionem
2885 2147 3120 2202 iniisset
3173 2163 3307 2202 cum
3367 2145 3582 2200 Basilio
3630 2149 3688 2199 et

2031 2233 2276 2307 Georgio
2299 2235 2572 2307 episcopo
2607 2236 2954 2292 Laodiceno.
2983 2236 3215 2290 Etenim
3263 2240 3399 2307 post
3428 2250 3670 2305 suscep-

2030 2329 2157 2379 tum
2199 2323 2742 2396 Hierosolymorum
2785 2325 3212 2397 episcopatum,
3247 2325 3319 2381 de
3359 2326 3496 2397 jure
3545 2340 3668 2378 me-

2031 2413 2388 2485 tr0politano
2418 2414 2697 2470 adversus
2718 2415 2997 2471 Acacium
3020 2416 3363 2487 episcopum
3393 2416 3672 2469 Caesareas

2030 2503 2493 2558 controversiam
2524 2509 2808 2572 moverat,
2840 2509 3123 2576 tanquam
3167 2503 3550 2576 apostolicam
3583 2517 3677 2556 se—

2030 2592 2167 2648 dem
2199 2592 2474 2648 obtinens
2522 2595 2605 2648 Ex
2636 2610 2751 2664 quo
2809 2594 3032 2650 factum
3078 2594 3293 2662 fuerat,
3326 2599 3391 2648 ut
3419 2591 3678 2647 inimici-

2031 2683 2142 2738 tias
2172 2683 2329 2738 inter
2376 2699 2439 2738 se
2473 2684 2864 2755 susciperent,
2899 2701 3146 2756 seseque
3177 2690 3383 2740 mutuo
3435 2698 3680 2739 accusa-

2029 2777 2184 2837 rent,
2217 2772 2375 2844 quod
2406 2789 2526 2828 non
2558 2780 2717 2830 recte
2749 2775 3042 2830 sentirent
3070 2775 3142 2830 de
3175 2775 3500 2830 divinitate.
3537 2775 3682 2827 Nam

2033 2867 2091 2917 et
2119 2867 2295 2917 antea
2321 2868 2572 2933 uterque
2603 2880 2806 2919 eorum
2840 2865 2902 2919 in
2946 2865 3346 2935 suspicionem
3392 2867 3633 2917 venerat
3663 2877 3676 2928 ;

2034 2951 2284 3006 Aeacius
2315 2951 2579 3021 quidem,
2613 2953 2770 3023 quod
2818 2969 2955 3008 cum
2986 2953 3123 3007 Ario
3172 2952 3331 3008 idem
3380 2951 3631 3006 sentiret
3663 2969 3678 3014 ;

2034 3039 2288 3111 Cyrillus
2316 3057 2472 3108 vero,
2507 3041 2665 3112 quod
2690 3058 2791 3097 eos
2822 3046 3148 3098 sectaretur
3179 3043 3280 3112 qui
3329 3041 3542 3096 Filium
3574 3040 3682 3094 Pa-

2035 3128 2112 3182 tri
2163 3129 2420 3185 similem
2478 3131 2805 3186 secundum
2864 3131 3256 3186 substantiam
3315 3129 3680 3185 asserebant.

273 3241 392 3294 μων
425 3218 641 3294 χώραν,
673 3219 746 3280 ὡς
777 3217 853 3280 εἷς
908 3216 1190 3272 ἐπιίκοπον
1253 3210 1450 3270 ἔϐλεπε
1493 3215 1556 3269 τὸ
1584 3218 1690 3269 τῶν
1724 3211 1926 3286 δεομέ-

2051 3217 2182 3272 Sum
2215 3217 2392 3290 igitur
2421 3219 2504 3275 ita
2535 3220 2784 3275 sentiret
2811 3220 3080 3284 Aeacius,
3112 3236 3234 3276 una
3280 3235 3414 3274 cum
3447 3218 3682 3290 episco-

266 3328 382 3363 νων
439 3308 680 3377 πλῆθος,
739 3309 841 3377 τῆς
901 3305 1194 3381 ἀναγκαίας
1250 3310 1460 3381 τροφῆς
1531 3303 1924 3377 ἀπορούμενον.

265 3395 426 3454 Ἐπεί
473 3394 531 3452 δέ
576 3399 844 3471 χρήματα
881 3397 980 3451 οὑκ
1019 3396 1085 3464 ἦν
1119 3398 1200 3456 οἷς
1235 3393 1540 3462 ἐπικουρεῖν
1573 3388 1704 3458 ἔδει,
1731 3393 1930 3464 κειμη-

270 3491 369 3542 λια
431 3487 525 3541 καὶ
583 3487 702 3558 ἱερὰ
758 3484 1224 3560 παραπετάσματα
1271 3480 1526 3538 ἀπέδοτο.
1591 3482 1685 3537 Ἐκ
1719 3481 1929 3536 τούτων

269 3574 331 3632 δέ
363 3574 550 3651 λόγος,
609 3578 731 3631 τινὰ
785 3575 1077 3650 ἐπιγνῶναι
1136 3572 1337 3628 οἰκεῖον
1396 3570 1647 3643 ἀνάθημα
1703 3576 1934 3643 γυναῖκα

269 3665 331 3721 ἐκ
359 3669 472 3721 τῶν
502 3664 586 3720 ἐπὶ
634 3662 882 3738 θυμέλης
939 3661 1342 3741 ἠμφιεσμένην
1395 3658 1931 3735 πολυπραγμονῆσαί

266 3777 326 3811 τε
357 3754 480 3810 ὅτεν
514 3751 661 3829 ἔχοι,
719 3756 808 3808 καὶ
869 3753 1040 3829 εὐρεῖν
1071 3748 1314 3825 ἔμπορον
1377 3752 1511 3822 αύτῇ
1568 3746 1931 3821 ἀποδόμενον,

269 3850 354 3918 τῷ
419 3841 479 3899 δὲ
539 3842 768 3917 ἐμπόρῳ
828 3843 919 3898 τὸν
979 3841 1271 3897 ἐπίσκοπον
1309 3887 1322 3900 ,
1383 3839 1569 3895 Δίτίαν
1621 3837 1678 3894 δέ
1732 3838 1931 3909 ταύτην

274 3934 659 4007 προϊχόμενον
693 3931 938 3987 καθελεῖν
972 3932 1132 3986 αὑτὸν
1159 3932 1435 3987 Ἀκάκιον.

2037 3308 2128 3378 pis
2157 3309 2474 3380 provincias
2498 3309 2811 3365 Palestinaa
2835 3311 2934 3382 qui
2969 3310 3127 3365 idem
3159 3325 3291 3365 cum
3315 3311 3442 3381 ipso
3476 3307 3687 3362 sentie-

2035 3396 2201 3465 bant,
2235 3398 2521 3468 Cyrillum
2553 3399 2920 3469 praaveniens
2951 3399 3226 3471 deposuit
3246 3397 3590 3470 hujusmodi
3613 3397 3685 3451 ob

2039 3501 2312 3540 causam:
2338 3487 2482 3540 Cum
2508 3487 3048 3558 Hierosolymorum
3064 3488 3365 3560 regionem
3381 3488 3567 3542 fames
3588 3501 3688 3539 oc-

2041 3579 2335 3644 cupasset,
2356 3575 2654 3646 egentium
2679 3576 2994 3632 multitudo
3017 3579 3367 3633 necessariis
3389 3575 3694 3631 alimentis

2042 3662 2344 3724 destituta.
2359 3665 2420 3718 in
2442 3665 2729 3736 Cyrillum
2743 3672 2945 3738 utpote
2959 3667 3301 3738 episcopum
3326 3667 3528 3720 oculos
3551 3681 3690 3718 con-

2037 3752 2184 3823 jecit
2209 3769 2220 3806 :
2250 3769 2384 3808 cum
2416 3760 2614 3808 autem
2669 3757 2933 3826 pecuniae
2993 3757 3271 3811 deessent
3303 3756 3518 3825 quibus
3551 3753 3692 3806 sub-

2043 3843 2230 3896 veniri
2256 3850 2455 3914 posset
2476 3845 2805 3916 egentibus.
2829 3846 3081 3917 Cyrillus
3107 3847 3414 3899 thesauros
3428 3842 3692 3897 ecclesia:

2047 3938 2104 3986 et
2133 3950 2301 3988 sacra
2331 3934 2456 3988 vela
2503 3935 2852 3989 divendidit.
2917 3935 3096 3989 Aiunt
3142 3935 3320 4005 igitur
3377 3932 3694 4002 quemdam

280 4025 602 4082 donarium
635 4040 807 4078 suum
840 4024 1160 4095 aegnovisse
1195 4022 1253 4076 in
1285 4021 1530 4075 muliere
1564 4020 1785 4083 senica,
1819 4037 1950 4091 quas
1983 4020 2086 4076 illo
2120 4024 2336 4078 amicta
2363 4029 2490 4079 erat
2517 4041 2529 4090 ;
2564 4024 3085 4095 inquirentemque
3112 4023 3403 4078 curiosius
3435 4021 3590 4075 unde
3624 4020 3695 4073 il-

279 4115 388 4172 lud
415 4114 686 4180 haberet,
710 4113 1176 4184 deprehendisse
1209 4116 1641 4166 mercantorem
1673 4110 1773 4180 qui
1807 4109 1954 4164 illud
1988 4112 2223 4166 mulieri
2264 4113 2630 4182 vendiderat,
2680 4114 2994 4170 mercatori
3041 4131 3176 4170 vero
3233 4113 3575 4185 episcopum
3609 4123 3697 4162 ve-

281 4202 692 4260 numdedisse.
721 4202 881 4258 Hanc
914 4216 1050 4272 ergo
1084 4215 1321 4255 causam
1352 4205 1682 4270 praetexens
1714 4198 1960 4255 Acacius
1990 4200 2273 4270 Cyrillum
2304 4203 2594 4273 deposuit.

1659 4313 1833 4371 Idem,
1865 4315 1964 4363 lib.
1996 4329 2070 4374 ιν,
2107 4331 2222 4377 cap.
2254 4317 2332 4366 30.

357 4406 637 4486 Κυρίλλου
698 4404 755 4461 δὶ
803 4404 1237 4480 καθαιρεθέντος,
1270 4404 1346 4465 ὡς
1377 4401 1612 4476 εἴρηται,
1645 4402 1935 4478 παραλαμ-

2122 4409 2339 4480 Cyrillo
2369 4426 2526 4475 vero,
2552 4410 2636 4464 uti
2659 4411 2916 4467 diximus
2940 4415 3343 4479 exauctorato,
3370 4406 3706 4479 Hierosoly-

289 4495 439 4554 ϐάνει
495 4499 594 4566 τήν
651 4494 1057 4572 Ἰεροσολύμων
1121 4490 1451 4564 Ἐκκλησίαν
1506 4492 1808 4566 Ἐρέννιος,
1856 4492 1947 4548 καὶ

295 4589 408 4661 μετ’
445 4585 649 4642 ἐκεῖνον
698 4587 1045 4659 Ἡράκλειος,
1109 4583 1299 4660 ἐφεξῆς
1356 4603 1416 4637 τε
1469 4585 1664 4636 τοῦτου
1694 4580 1950 4656 Ἱλάριος.

292 4677 528 4740 Τούτοις
559 4676 663 4752 γὰρ
695 4673 748 4730 ἐν
778 4679 857 4746 τῷ
900 4673 1025 4729 τότε
1068 4674 1168 4743 τὴν
1229 4668 1414 4727 ἐνθάδε
1469 4668 1799 4741 Ἐκκλησίαν
1832 4669 1954 4726 ἐπι-

290 4770 586 4844 τροπεῦσαι
629 4761 1054 4840 παρειλήφαμεν
1101 4762 1268 4838 μέχρι
1315 4767 1415 4830 τῆς
1445 4757 1739 4815 Θεοδοσίου
1802 4761 1953 4834 βασι-

297 4855 472 4924 Λιίας,
499 4853 664 4925 ἡνίκα
694 4851 761 4922 δὴ
794 4850 1074 4928 Κύριλλος
1096 4850 1172 4914 εἷς
1199 4849 1290 4905 τὸν
1335 4849 1496 4903 αὐτὸν
1530 4847 1804 4919 ἐπανῆλθε
1834 4850 1953 4924 θρό-

297 4967 414 5003 νον.

2057 4513 2293 4552 morum
2322 4499 2648 4555 Ecclesiam
2687 4501 2903 4572 accipit
2934 4501 3286 4565 Herennius,
3320 4503 3378 4554 et
3407 4502 3539 4569 post
3569 4512 3706 4551 eum

2061 4585 2387 4655 Heraclius,
2416 4594 2474 4643 et
2501 4593 2636 4661 post
2675 4588 3011 4644 Heraclium
3043 4589 3322 4644 Hilarius.
3375 4587 3489 4641 Hos
3548 4584 3710 4640 enim

2059 4674 2166 4730 illo
2189 4680 2455 4748 tempore
2485 4678 2638 4732 hanc
2658 4677 2981 4733 Ecclesiam
3007 4678 3230 4733 rexisse
3252 4676 3585 4747 reperimus
3611 4691 3710 4728 us-

2065 4781 2179 4835 que
2204 4765 2278 4821 ad
2306 4766 2621 4838 imperium
2653 4767 2998 4822 Theodosii:
3030 4783 3145 4838 quo
3167 4772 3431 4837 tempore
3456 4766 3516 4819 in
3543 4763 3711 4818 illam

2066 4854 2267 4910 sedem
2301 4873 2572 4912 reversus
2605 4861 2693 4912 est
2723 4856 2999 4928 Cyrillus.

1673 5056 1848 5114 Idem,
1881 5057 1978 5106 lib.
2019 5072 2114 5117 v11,
2148 5075 2264 5122 cap.
2299 5061 2348 5110 7.

376 5150 660 5221 Συνῆλθον
697 5150 810 5216 οὗν,
859 5148 918 5206 ἐκ
963 5149 1056 5222 μὲν
1084 5153 1191 5203 τῶν
1253 5145 1547 5220 ὁμοούσιον
1605 5147 1705 5212 τήν
1763 5145 1964 5219 Τριάδα

302 5244 638 5316 δοξαζόντων
676 5288 690 5309 ,
747 5240 887 5317 ἀμφὶ
948 5238 1136 5293 ἐκατὸν
1196 5239 1287 5292 καί
1340 5238 1692 5306 πεντήκοντω
1745 5239 1854 5290 τῶν
1907 5235 1965 5291 δὲ

303 5335 407 5388 άπὸ
438 5340 540 5400 τῆς
593 5327 930 5385 Μακεδονίου
981 5329 1262 5402 αἱρέσεως,
1313 5321 1364 5396 ἔξ
1414 5324 1505 5379 καὶ
1549 5325 1862 5394 τριάκοντα,
1889 5325 1963 5379 ὧν

304 5425 356 5479 οἱ
385 5422 613 5482 πλείους
646 5419 936 5495 ἐτύγχανον
986 5416 1046 5472 ἐκ
1101 5421 1208 5470 τῶν
1243 5415 1365 5482 περὶ
1422 5415 1512 5469 τὸν
1554 5411 1965 5483 Ἑλλήσποντον

305 5513 545 5570 πόλεων.
600 5511 865 5583 Ἡγοῦντο
925 5505 984 5562 δέ
1039 5505 1250 5562 τούτων
1314 5503 1594 5566 Ἐλεύσιος
1638 5503 1665 5556 ὁ
1716 5503 1966 5574 Κυζίκου,

305 5605 394 5659 καὶ
425 5597 740 5677 Μακριανὸς
774 5598 802 5652 ὁ
835 5598 1160 5671 Λαμψάκου,
1211 5597 1328 5651 Τῶν
1364 5591 1421 5647 δέ
1453 5589 1640 5648 ἄλλων
1675 5593 1969 5666 Τιμόθεος,

311 5695 470 5750 ὁτῶν
526 5684 937 5762 Ἀλεξανδρέων
996 5683 1197 5742 διέπων
1259 5680 1476 5760 θρόνον,
1527 5681 1589 5738 οὐ
1619 5682 1725 5758 πρὸ
1755 5680 1972 5738 πολλοῦ

2143 5150 3222 5224 [CCLVI]ExiisigiturquiTrinitatem
3249 5151 3721 5207 consubstantia-

2072 5241 2188 5294 lem
2217 5240 2668 5309 proﬁtebantur.
2709 5247 3369 5297 conveneruntcentum
3403 5241 3639 5294 circiter
3666 5243 3724 5293 et

2075 5330 3054 5401 quinquaginta.ExMacedonianis
3070 5348 3333 5397 vero,sex
3349 5337 3406 5385 et
3421 5329 3590 5390 tringi
3603 5335 3722 5382 nta:

2078 5436 2328 5490 quorum
2354 5419 2621 5491 plerique
2648 5427 2819 5476 erant
2857 5438 2925 5476 ex
2958 5422 3289 5477 civitatibus
3322 5421 3478 5476 circa
3528 5418 3723 5471 Helle-

2080 5515 2357 5579 spontum
2380 5508 2528 5564 sitis.
2562 5511 2864 5565 Prmerant
2893 5517 3090 5566 autem
3115 5511 3244 5565 istis
3266 5508 3539 5564 Eleusius
3563 5503 3726 5576 Cyci-

2080 5615 2280 5662 zenus,
2322 5602 2380 5653 et
2430 5599 2763 5655 Marcianus
2813 5600 3266 5672 Lampsacenus.
3301 5595 3541 5653 Caeteris
3589 5607 3726 5645 vero

2082 5687 2424 5743 Timotheus
2453 5687 2866 5746 Alexandrina
2891 5688 3047 5748 sedis
3077 5689 3322 5744 antistes
3354 5679 3726 5756 prmsidebat’
