4134 6264
449 349 568 406 303

1687 337 2066 404 VETERUM
2111 335 2624 396 TESTIMONIA.

3745 342 3856 404 304

447 479 550 549 qui
583 478 757 549 paulo
791 481 966 532 antea
999 479 1170 531 Petro
1202 476 1368 531 fratri
1401 491 1505 531 suo
1536 493 1606 530 ex
1639 475 1746 529 hac
1792 473 1922 528 luce
1951 470 2091 526 sub-

2226 465 2628 538 :erelsutnxdta
2666 464 2871 539 Πέτρον
2932 463 3166 530 ἀδελφὸν
3228 487 3359 521 οντα
3419 467 3580 523 αύτοῦ
3613 467 3850 542 διαδεξά-

447 567 566 621 lato
600 568 661 620 in
695 567 1038 637 episcopatu
1089 571 1494 632 successerat;
1546 569 1604 618 et
1633 580 1768 618 cum
1802 579 1870 616 eo
1923 560 2098 614 Mele-

453 656 570 710 tius
602 657 915 726 episcopus
945 656 1292 720 Antiochiae,
1327 655 1426 726 qui
1469 671 1589 708 non
1637 653 1717 707 ita
1750 651 1973 705 dudum
2005 666 2096 702 or-

451 744 775 800 dinationis
808 745 1068 814 Gregorii
1099 761 1277 800 causa
1315 740 1892 812 Constantinopolim
1924 738 2101 793 adve-

453 839 659 898 nerat;
687 840 743 887 et
765 834 1017 904 Cyrillus
1047 835 1358 905 episcopus
1391 831 1955 901 Hierosolymorum,
1979 843 2102 898 pna-

457 925 712 978 nitentia
745 929 870 978 tum
902 923 1112 979 ductus
1145 923 1302 996 quod
1347 921 1614 995 opinioni
1648 917 1972 975 Macedonii
2004 931 2111 971 an-

457 1013 634 1070 tehac
677 1014 1047 1071 adhaesisset.

2211 577 2391 630 μενος·
2451 555 2541 610 καὶ
2603 553 2866 616 Μελὲτιος
2921 556 2948 609 ὁ
3010 554 3350 630 Ἀντιοχείας
3411 556 3722 629 ἐπίσκοπος,
3752 557 3854 630 ἤδη

2210 647 2402 722 πρώην
2459 644 2535 706 είς
2601 643 3175 699 Κωνσταντινούπολιν
3257 642 3348 698 διὰ
3411 647 3508 714 τὴν
3571 649 3853 723 Γρηγορίοι

2208 736 2527 789 κατάστασιν
2586 731 2933 808 ἀφικόμενος·
2991 732 3080 787 καὶ
3135 732 3414 808 Κύριλλος
3475 737 3503 789 6
3565 725 3862 811 Ἱεροσολύ-

2215 845 2352 897 μων,
2389 820 2790 896 μεταμεληθεὶς
2842 823 2965 876 τότε
3018 822 3101 877 ὅτι
3134 821 3401 898 πρότερον
3431 824 3498 878 τὰ
3532 823 3857 881 Μακεδονίου

2220 913 2456 991 ἐφρόνει.

1830 1151 1999 1207 Idem,
2031 1147 2130 1197 lib.
2161 1160 2258 1205 v11,
2283 1159 2400 1207 cap.
2425 1145 2503 1195 14.

533 1282 647 1336 Nec
679 1279 870 1335 multo
901 1283 1054 1350 post,
1087 1277 1391 1332 Timotheo
1441 1279 1500 1329 et
1540 1271 1758 1344 Cyrillo
1788 1270 1908 1325 fato
1941 1268 2108 1322 func-

461 1371 556 1437 tis,
613 1368 876 1424 succedit
931 1366 1346 1422 Alexandrinae
1405 1363 1530 1419 sedi
1579 1358 1982 1431 Theophilus,
2043 1370 2110 1409 ac

459 1458 1010 1529 Hierosolymitanie
1042 1458 1318 1512 Joannes.

2292 1260 2370 1319 Ού
2401 1258 2600 1332 πολλῷ
2631 1257 2688 1315 δὲ
2733 1257 2954 1333 ὕστερον
3007 1263 3276 1334 Τιμοθέου
3325 1264 3414 1318 καὶ
3467 1262 3748 1337 Κυρίλλου
3775 1264 3866 1319 τὸν

2224 1350 2341 1426 βίον
2404 1348 2920 1424 μεταλλαξαμένων,
2979 1346 3290 1426 διαδέχεται
3329 1351 3422 1405 τὸν
3476 1350 3869 1428 Ἀλεξανδρέων

2222 1438 2410 1515 θρόνον
2444 1437 2734 1516 Θεόφιλος,
2764 1440 2854 1494 τὸν
2890 1436 2948 1493 δὲ
2978 1438 3376 1514 Ἰεροσολύμων
3423 1440 3701 1512 Ἰωάννης.

1461 1590 2059 1656 Theodoretus,Histor.
2101 1585 2400 1636 ecclesiast.
2433 1587 2532 1636 lib.
2565 1601 2624 1637 ιι.
2657 1603 2774 1650 cap.
2796 1587 2876 1636 26.

536 1723 1080 1794 Hierosolymorum
1110 1737 1248 1776 vero
1299 1719 1718 1785 sacerdotium,
1751 1719 1886 1787 post
1916 1714 2104 1767 Maea-

2287 1709 2404 1760 Τῶν
2448 1702 2506 1760 δέ
2559 1727 2622 1781 γε
2677 1702 3103 1778 Ἰεροσολύμων,
3156 1704 3290 1778 μετὰ
3337 1704 3614 1777 Μακάριόν
3666 1704 3865 1760 ἐκεῖνον

463 1814 620 1868 rium
652 1813 843 1876 illum,
876 1812 1047 1882 cujus
1079 1811 1205 1882 jam
1237 1815 1414 1864 antea
1442 1807 1806 1864 mentionem
1836 1803 2106 1867 fecimus,

2226 1796 2281 1850 οὗ
2311 1794 2586 1858 πολλάκις
2616 1793 2916 1868 ἐμνήσθην,
2952 1795 3202 1868 Μάξιμος
3251 1796 3350 1864 τήν
3379 1792 3674 1871 προεδρίαν
3703 1795 3865 1869 παρὲ-

468 1903 751 1956 Maximus
786 1900 1066 1972 suscepit,
1097 1901 1184 1953 vir
1213 1899 1313 1969 qui
1344 1915 1449 1970 pro
1481 1897 1718 1969 pietatis
1763 1893 2110 1950 defensione

469 1991 528 2044 in
555 1991 1031 2062 persecutionum
1052 1986 1881 2050 certaminibusinclaruerat;
1906 1999 2044 2038 nam
2059 1986 2117 2035 et

470 2080 641 2134 oculo
671 2080 875 2134 dextro
926 2079 1186 2141 orbatus,
1222 2082 1279 2132 et
1308 2077 1511 2132 dextro
1545 2075 1724 2147 polite
1773 2073 2116 2129 debilitatus

469 2169 839 2232 fuerat.'Quo
889 2167 1104 2222 deinde
1153 2166 1227 2222 ad
1273 2165 1673 2220 immortalem
1715 2165 1892 2218 vitam
1925 2167 2116 2217 trans-

468 2259 607 2323 lato,
643 2257 896 2327 Cyrillus
927 2256 1268 2328 apostolicae
1299 2255 1583 2310 doctrinae
1625 2254 1948 2309 acerrimus
1980 2267 2120 2322 pro-

470 2352 781 2418 pugnator,
816 2346 1208 2416 episcopalem
1242 2345 1490 2418 gratiam
1513 2343 1858 2415 promeruit.
1895 2341 1961 2395 Hi
1985 2355 2120 2395 cum

473 2437 543 2490 de
569 2436 824 2506 primatu
850 2436 1006 2489 inter
1027 2452 1088 2488 se
1110 2435 1560 2500 contenderent,
1589 2430 1932 2504 reipublicae
1954 2427 2119 2484 Chri-

475 2527 684 2579 stianae
707 2524 1186 2595 gravissimorum
1210 2523 1501 2578 malorum
1524 2537 1761 2577 causam
1793 2519 2118 2591 praebuere.

473 2616 617 2667 Nam
645 2612 892 2666 Aeacius
925 2611 1164 2681 quidem
1198 2611 1306 2666 levi
1339 2611 1593 2680 quadam
1625 2609 1935 2665 occasione
1963 2623 2123 2661 arre-

475 2709 574 2773 pta
608 2701 894 2770 Cyrillum
927 2701 1301 2772 deposuerat,
1335 2706 1394 2755 et
1423 2699 1848 2772 Hierosolymis
1880 2696 2122 2768 expule-

475 2795 583 2844 rat.
622 2791 875 2860 Cyrillus
907 2807 1040 2844 vero
1071 2790 1444 2844 Antiochiam
1477 2788 1715 2860 quidem
1749 2794 2124 2860 praetergres-

485 2896 584 2933 sus
617 2884 723 2946 est,
758 2896 891 2933 cum
925 2895 1054 2933 eam
1102 2884 1336 2950 pastore
1369 2878 1634 2934 orbatam
1683 2879 1945 2942 videret;
1986 2878 2122 2931 Tar-

478 2985 606 3022 sum
641 2973 838 3022 autem
871 2967 1170 3038 profectus
1217 2985 1351 3023 cum
1402 2967 1750 3022 admirando
1784 2966 2016 3022 Silvano
2043 2964 2127 3019 vi-

478 3057 564 3110 xit
594 3073 604 3109 :
640 3056 735 3110 hic
762 3056 922 3110 enim
951 3073 1018 3110 eo
1043 3062 1307 3127 tempore
1331 3055 1653 3111 Ecclesiam
1676 3054 1841 3110 illam
1871 3054 2128 3110 admini-

479 3145 719 3198 strabat.
782 3145 949 3208 Quod
1017 3161 1150 3198 eum
1210 3144 1458 3198 Aeacius
1513 3143 1863 3208 rescivisset,
1898 3143 2126 3197 litteras

479 3231 713 3301 scripsit
743 3231 814 3284 ad
865 3231 1190 3299 Silvanum,
1224 3233 1394 3302 eique
1444 3231 1870 3303 depositionem
1922 3230 2124 3302 Cyrilli

479 3320 791 3374 nuntiavit.
845 3323 918 3373 At
962 3320 1064 3374 ille
1097 3326 1154 3374 et
1183 3320 1467 3391 Cyrillum
1513 3321 1818 3384 reveritus,
1852 3325 1911 3375 et
1939 3335 2128 3391 papu-

477 3407 599 3460 lum
646 3408 1064 3470 reformidans,
1099 3413 1305 3479 utpote
1337 3409 1437 3480 qui
1488 3409 1689 3482 Cyrilli
1740 3408 2127 3464 concionibus

478 3496 799 3550 admodum
832 3497 1247 3565 delectaretur,
1281 3514 1416 3552 eum
1463 3498 1534 3553 ab
1568 3498 1972 3554 ecclesiastico
2021 3498 2127 3552 mi-

479 3586 727 3640 nisterio
761 3586 1223 3657 haudquaquam
1272 3588 1590 3659 prohibuit.
1627 3589 1807 3643 Porro
1858 3605 1992 3644 cum
2025 3588 2126 3643 Se-

481 3674 733 3728 leuciam
764 3675 1197 3743 convenissent,
1258 3677 1512 3748 Cyrillus
1551 3694 1686 3733 cum
1739 3677 1975 3746 Basilio,
2010 3680 2127 3732 Eu-

483 3764 738 3834 stathio,
783 3764 1018 3819 Silvano
1069 3781 1135 3819 ac
1193 3766 1443 3836 reliquis
1493 3766 1896 3823 sacerdotibus
1947 3766 2124 3822 simul

476 3854 760 3908 consedit.
799 3853 1044 3909 Aeacius
1074 3871 1208 3908 vero
1233 3842 1288 3910 et
1321 3855 1446 3926 ipse
1477 3856 1720 3926 quidem
1752 3857 2005 3911 accessit
2049 3855 2123 3911 ad

476 3943 784 4015 episcopos
810 3944 931 3998 illic
958 3950 1362 4018 congregatos,
1389 3947 1487 4018 qui
1516 3953 1687 4002 erant
1709 3963 1955 4002 numero
1982 3963 2119 4001 cen-

471 4037 594 4086 tum
627 4033 1074 4106 quinquaginta.
1110 4034 1223 4088 Sed
1256 4051 1318 4089 se
1344 4051 1478 4090 cum
1510 4036 1630 4091 illis
1670 4035 1986 4090 consilium
2010 4034 2120 4089 ini-

467 4125 667 4175 turum
700 4123 950 4190 negavit.
987 4123 1100 4176 nisi
1132 4123 1385 4192 Cyrillus
1413 4141 1442 4178 e
1466 4125 1717 4179 consilio
1743 4125 2119 4179 submovere-

465 4215 577 4270 tur,
609 4210 826 4279 quippe
856 4211 955 4279 qui
989 4211 1332 4280 epiSCOpatu
1358 4218 1567 4266 exutus
1597 4213 1826 4268 fuisset.
1862 4215 1944 4268 Ac
1977 4229 2122 4267 non-

463 4299 612 4351 nulli
650 4297 891 4368 quidem
924 4315 1152 4366 eorum,
1187 4300 1287 4369 qui
1319 4301 1480 4370 pacis
1513 4303 1760 4356 studiosi
1796 4308 1984 4356 erant.
2019 4303 2122 4374 Cy-

459 4388 662 4442 rillum
694 4388 998 4459 rogabant,
1022 4394 1087 4442 ut
1115 4403 1145 4441 e
1177 4388 1431 4443 concilio
1463 4389 1816 4458 discederet,
1851 4396 1984 4461 post
2015 4391 2117 4444 do-

458 4478 664 4532 ctrina:
701 4477 836 4531 ﬁdei
864 4477 1298 4531 diseussionem
1321 4477 1450 4548 ejus
1480 4495 1717 4533 causam
1752 4480 2115 4533 examinatu-

459 4584 555 4622 ros
584 4585 644 4622 se
677 4586 805 4624 esse
837 4569 1212 4640 pollicentes.
1247 4567 1358 4622 Sed
1391 4585 1524 4623 cum
1557 4570 1810 4641 Cyrillus
1841 4587 1963 4626 non
2007 4570 2107 4625 ob-

455 4661 835 4727 temperaret,
870 4659 1118 4714 Acaeius
1149 4656 1374 4712 relictis
1408 4657 1528 4714 illis
1559 4658 1864 4714 abscessit.

2221 1879 2384 1939 λαόεν
2421 1928 2435 1955 ,
2496 1884 2632 1960 ἀνὴρ
2709 1883 2761 1939 ἐν
2819 1889 2936 1948 τοῖς
3012 1884 3145 1958 ὑπὲρ
3219 1879 3492 1946 εὐσεϐείας
3571 1882 3871 1959 διαπρέψας

2222 1972 2413 2048 ἀγῶσι·
2467 1973 2559 2027 τόν
2619 1992 2677 2028 τε
2733 1973 2835 2048 γὰρ
2896 1970 3065 2042 δεξιὸν
3125 1969 3408 2046 ὅφθαλμον
3471 1972 3749 2048 ἀφῄρητο,
3779 1971 3873 2026 καὶ

2220 2069 2319 2130 τῆς
2353 2063 2596 2138 ἀγκύλης
2624 2061 2879 2137 ἐστέρητο
2927 2068 3028 2132 τῆς
3061 2059 3257 2132 δεξιᾶς.
3290 2063 3503 2118 Τούτου
3559 2060 3616 2117 δὲ
3671 2083 3748 2124 εις
3777 2061 3865 2117 τὸν

2223 2150 2414 2224 ἀγήρω
2447 2151 2806 2224 μεταστάντος
2867 2149 3008 2224 βίον,
3067 2148 3347 2224 Κύριλλος
3376 2156 3478 2218 τῆς
3509 2147 3873 2218 ἐπισκοπικῆς

2227 2248 2452 2324 χάριτος
2482 2249 2717 2319 ἠξιώθη,
2747 2253 2855 2303 τῶν
2906 2246 3284 2303 ἀποστολικῶν
3345 2245 3638 2323 δογμάτων
3667 2246 3876 2324 προθύ-

2229 2360 2346 2412 μως
2383 2341 2740 2415 ὑπερμαχῶν.
2766 2337 2930 2395 Οὗτοι
2952 2339 3088 2412 πρὸς
3121 2336 3406 2408 ἀλλήλους
3437 2339 3564 2412 περὶ
3597 2336 3882 2413 πρωτείων

2226 2426 2658 2503 φιλονεικοῦντες
2709 2427 2976 2501 μεγίστων
3025 2430 3204 2480 κακῶν
3257 2431 3374 2488 τοῖς
3422 2426 3632 2488 κοινοὶς
3681 2425 3886 2501 ἐγένον-

2225 2539 2287 2572 το
2346 2517 2597 2587 πρόξενοι
2633 2563 2646 2575 .
2704 2518 2764 2574 Ὀ
2844 2517 2938 2588 μὲν
2998 2518 3103 2592 γὰρ
3168 2517 3422 2578 Ἀκάκιος
3483 2518 3682 2592 μικράς
3741 2536 3889 2578 τινας

2229 2607 2400 2680 εὑρὼν
2434 2606 2705 2682 ἀφορμὰς,
2756 2605 2977 2660 καθεῖλε
3032 2607 3124 2659 τὸν
3182 2604 3496 2678 Κυριλλόν,
3527 2605 3618 2660 καὶ
3650 2609 3756 2658 τῶν
3790 2606 3884 2659 Ἰε-

2230 2694 2488 2768 σολύμων
2538 2693 2818 2765 ἐξήλασεν.
2851 2695 2912 2751 Ὀ
2945 2691 3001 2747 δὲ
3060 2692 3339 2769 Κύριλλος
3396 2695 3500 2764 τήν
3540 2695 3634 2767 μὲν
3673 2690 3888 2750 Ἀντιό-

2231 2803 2386 2859 χειαν
2446 2783 2842 2859 παρελήλυθε,
2910 2781 3174 2854 ποιμένος
3259 2783 3429 2851 αὐτὴν
3518 2782 3886 2858 ἐστερημένην

2232 2875 2424 2945 εὑρὼν,
2457 2874 2532 2937 εἷς
2566 2872 2624 2928 δὲ
2655 2875 2858 2948 Ταρσὸν
2887 2875 3218 2951 ἀφικόμενος
3263 2878 3344 2946 τῷ
3400 2873 3694 2948 θαυμασίῳ
3727 2879 3888 2940 συνῆν

2235 2959 2506 3034 Σιλϐανῷο
2541 2963 2695 3024 οὗτος
2735 2962 2838 3036 γὰρ
2897 2963 3013 3016 κατ’
3074 2961 3277 3016 ἐκεῖνον
3308 2963 3399 3016 τὸν
3454 2962 3646 3037 καιρὸν
3683 2959 3893 3029 ἐκείνης

2233 3054 2387 3120 ἡεῖτο
2443 3058 2544 3121 τῆς
2601 3050 2961 3122 Ἐκκλησίας.
3025 3056 3196 3106 Τοῦτο
3259 3051 3443 3123 μαθὼν
3505 3053 3533 3106 6
3594 3053 3896 3120 Ἀκάκιος,

2236 3141 2510 3196 ἐπέστειλε
2537 3146 2617 3213 τῷ
2649 3136 2928 3214 Σιλϐανῷ,
2987 3142 3077 3196 καὶ
3134 3143 3237 3210 τήν
3295 3142 3609 3213 καθαίρεσιν
3660 3144 3759 3195 τοῦ
3793 3145 3898 3193 Κυ-

2236 3229 2433 3306 ρίλλου
2468 3235 2795 3306 μεμήνυκεν.
2827 3233 2890 3289 Ὁ
2935 3230 2992 3288 δὲ
3045 3231 3133 3288 καὶ
3191 3233 3281 3287 τὸν
3317 3231 3599 3304 Κύριλλον
3629 3229 3890 3303 αἰδούμε-

2230 3342 2340 3390 νος,
2375 3321 2462 3377 καὶ
2519 3322 2581 3376 τὸ
2612 3321 2827 3391 πλῆθος
2876 3323 3231 3400 ὑφορώμενος
3289 3318 3490 3390 ἥδιστα
3530 3323 3637 3397 γάρ
3668 3328 3768 3392 τῆς
3796 3319 3893 3374 τοῦ

2232 3411 2510 3487 Κυρίλλου
2552 3408 2902 3473 διδασκαλίας
2958 3411 3242 3484 ἀπέλαυε),
3272 3417 3371 3480 τῆς
3427 3410 3902 3482 ἐκκλησιαστικῆς

2231 3500 2334 3556 οὐκ
2391 3500 2632 3557 ἐκώλυσε
2688 3499 3044 3577 λειτουργίας.
3101 3497 3324 3568 Ἐπειδὴ
3383 3497 3441 3554 δὲ
3494 3500 3769 3572 συνῆλθον
3826 3499 3904 3561 εἷς

2228 3593 2326 3662 τήν
2359 3592 2704 3662 Σελεύκειαν,
2737 3591 3014 3646 ἐκοινώνει
3071 3590 3166 3655 μὲν
3225 3595 3341 3652 τοῖς
3395 3591 3538 3669 ἀρφὶ
3589 3591 3684 3646 τὸν
3741 3588 3902 3646 Βασί-

2231 3681 2400 3750 λειον,
2433 3680 2522 3736 καὶ
2554 3681 2881 3750 Εύστάθιον,
2911 3679 3003 3734 καὶ
3053 3673 3341 3751 Σιλϐανὸν,
3373 3678 3471 3732 καί
3502 3685 3626 3742 τοῖς
3681 3681 3906 3742 λοιποῖς

2229 3767 2258 3821 6
2291 3765 2561 3842 Κύριλλος
2600 3770 2698 3821 τοῦ
2756 3763 3054 3842 συνεδρίου.
3087 3765 3148 3822 Ὁ
3181 3761 3238 3819 δέ
3266 3785 3327 3838 γε
3383 3765 3650 3828 ’Λγάκιος
3699 3763 3898 3843 ἀφίκε-

2226 3877 2287 3911 το
2323 3857 2419 3930 μὲν
2452 3855 2540 3910 καὶ
2574 3854 2730 3918 αὐτὸς
2754 3857 2890 3930 πρὸς
2923 3853 3051 3917 τοὺς
3080 3851 3525 3923 συνεληλυθότας
3561 3855 3903 3916 ἐπισκόπους

2230 3945 2591 4016 (πεντήκοντα
2621 3939 2678 3996 δὲ
2707 3943 2866 4012 ἦσαν,
2899 3943 2988 3996 καὶ
3030 3941 3260 4013 ἑκατὸν),
3293 3934 3496 4018 ἔφασκε
3556 3941 3617 3998 δὲ
3649 3945 3728 4017 μὴ
3764 3942 3900 4018 πρό-

2225 4051 2379 4106 τερον
2437 4029 2623 4090 αὐτοῖς
2681 4033 3034 4100 κοινωνήσειν
3093 4033 3199 4085 τῶν
3274 4028 3710 4104 βουλευμάτων,
3771 4029 3902 4106 πρὶν

2227 4117 2327 4193 ἔξω
2357 4121 2602 4195 γενέσθαῖ
2629 4124 2726 4174 τοῦ
2757 4119 3030 4194 συλλόγου
3059 4121 3148 4174 τὸν
3202 4117 3506 4193 Κύριλλον,
3567 4123 3665 4177 ἅτε
3696 4119 3764 4191 δὴ
3796 4126 3900 4190 τῆς

2228 4208 2642 4284 ἀρχιερωσύνης
2700 4210 3142 4284 γεγυμνωμένον.
3179 4207 3277 4262 Καὶ
3324 4229 3469 4273 τινες
3530 4212 3629 4285 μὶν
3658 4216 3771 4266 τῶν
3797 4215 3900 4279 τῆς

2228 4299 2447 4372 sip-lim:
2497 4299 2970 4374 προμηθουμένων
3036 4300 3400 4374 ὑποχωρῆσαι
3456 4301 3554 4354 τὸν
3616 4299 3901 4375 Κύριλλον

2227 4387 2466 4443 ἱκέτευον
2503 4431 2516 4456 ,
2574 4387 3005 4462 ὑπισχνούμενοι
3068 4388 3204 4460 μετά
3263 4388 3360 4453 τὴν
3422 4393 3540 4443 τῶν
3605 4386 3903 4466 δογμάτων

2228 4476 2526 4553 διάκρισιν,
2579 4478 2669 4530 καὶ
2728 4478 2824 4545 τὴν
2885 4478 3002 4531 κατ’
3061 4477 3221 4531 αὐτὸν
3283 4475 3546 4540 ὑπόθεσιν
3607 4479 3900 4549 ἐξετάσειν.

2220 4564 2443 4634 Ἐπειδή
2479 4562 2536 4619 δὲ
2579 4563 2677 4619 ούκ
2734 4564 2858 4638 εἶξε,
2907 4564 3224 4621 καταλιπὼν
3277 4565 3377 4639 μὲν
3427 4567 3635 4632 αὐτοὺς
3671 4569 3698 4622 6
3735 4565 3901 4624 ’Δκά-

2218 4675 2336 4717 κιος
2370 4652 2714 4723 ἐξελήλυθεν.

1601 4802 1671 4851 Et
1690 4803 1865 4863 paulo
1887 4810 2013 4864 post
2046 4803 2232 4852 eodem
2263 4801 2363 4849 lib.
2397 4813 2455 4856 ιι,
2487 4813 2606 4859 cap,
2636 4797 2716 4847 27.

523 4917 634 4972 Sed
655 4920 946 4989 praecipue
972 4919 1350 4990 imperatoris
1373 4920 1640 4975 animum
1660 4927 2107 4976 commoverunt

451 5026 676 5078 ea,quae
702 5010 946 5063 Aeacius
969 5011 1250 5064 adversus
1272 5009 1558 5081 Cyrillum
1585 5017 1959 5066 commentus
1991 5017 2099 5076 est,

451 5099 691 5152 Sacram
708 5099 864 5152 enim
887 5105 1131 5164 vestem,
1148 5116 1325 5169 quam
1348 5101 1769 5156 Constantinus
1791 5102 1957 5157 omni
1979 5103 2102 5156 lau-

447 5187 519 5240 de
554 5187 946 5242 celebrandus
994 5187 1067 5242 ad
1118 5189 1517 5244 exornandam
1557 5191 2096 5261 Hierosolymorum

445 5277 763 5330 ecclesiam
789 5277 1039 5331 Macario
1064 5277 1321 5347 ejusloci
1346 5296 1622 5350 episeopo
1659 5280 1996 5349 donaverat,
2035 5287 2097 5335 ut

441 5382 508 5419 ea
553 5366 794 5421 indutus
844 5366 1022 5420 divini
1065 5365 1347 5436 baptismi
1401 5368 1799 5424 ministerium
1848 5387 2091 5443 perage-

433 5460 524 5507 ret
547 5455 639 5524 (ea
668 5456 844 5511 vestis
877 5453 1072 5510 aureis
1127 5454 1244 5510 ﬁlis
1297 5463 1572 5513 contexta
1628 5462 1770 5525 erat)
1804 5460 2088 5530 Cyrillum

439 5543 776 5599 vendidisse
811 5544 977 5610 dixit,
1007 5560 1255 5613 eamque
1291 5552 1616 5602 mercatum
1666 5547 1983 5617 quemdam
2016 5566 2088 5605 ex

429 5632 508 5709 iis
542 5634 641 5704 qui
666 5635 727 5690 in
760 5635 988 5690 theatro
1022 5632 1239 5688 saltare
1273 5634 1486 5702 solent,
1519 5635 1787 5690 induisse
1819 5637 2082 5706 quidem,

2290 4915 2413 4990 Οὐχ
2442 4914 2638 4984 ἥκιστα
2669 4911 2725 4968 δί
2757 4913 2916 4970 αὐτὸν
2950 4916 3376 4988 [Κωνστάντιον]
3422 4916 3753 4992 χαλεπῆναι
3793 4938 3896 4974 πε·-

2211 5005 2460 5074 ποίηκεν,
2495 5003 2690 5059 ἆκατά
2742 5009 2840 5060 τοῦ
2903 5003 3176 5079 Κυρίλλου
3239 5011 3573 5070 συντεθεικε.
3630 5010 3750 5078 Τήν
3786 5009 3893 5084 γὰρ

2209 5096 2358 5170 ἱερὰν
2413 5095 2637 5164 στολὴν,
2671 5095 2738 5165 ἣν
2789 5096 2816 5150 6
2865 5097 3221 5175 πανεύφημος
3269 5104 3692 5164 Κωνσταντῖνος
3727 5103 3756 5155 6
3793 5102 3896 5176 βα-

2208 5185 2413 5255 σιλεὺς,
2471 5187 2571 5255 τήν
2632 5185 3029 5261 Ἱεροσολύμων
3091 5186 3385 5258 ἐκκλησίαν
3441 5193 3750 5267 γεραίρων,
3801 5189 3892 5248 δε-

2206 5275 2368 5331 δώκει
2401 5280 2480 5347 τῷ
2512 5277 2783 5350 Μακαρίῳ
2811 5282 2890 5349 τῷ
2919 5285 3020 5347 τῆς
3074 5277 3289 5341 πόλεως
3350 5280 3574 5353 ἐκείνης
3608 5285 3890 5358 ἀρχιερεῖ,

2197 5366 2289 5419 ἳνα
2320 5363 2516 5435 ταύτην
2559 5361 3057 5439 περιϐαλλόμενος,
3101 5369 3202 5437 τήν
3234 5373 3330 5423 τοῦ
3367 5370 3526 5426 θείου
3566 5371 3890 5447 βαπτίσμα-

2196 5475 2289 5517 τος
2340 5452 2563 5528 ἐπιτελῇ
2625 5452 2966 5532 λειτουργίαν
3029 5457 3109 5531 (ἐκ
3163 5463 3384 5533 χρυσῶν
3433 5458 3495 5515 δὲ
3545 5461 3687 5533 αὕτη
3726 5481 3886 5516 κατε-

2197 5543 2455 5601 σκεύαστο
2511 5546 2812 5620 νημάτων),
2871 5549 3201 5624 πεπρακέναι
3260 5549 3350 5603 τὸν
3415 5549 3714 5627 Κύριλλον
3749 5548 3883 5628 ἔφη,

2190 5639 2277 5692 καὶ
2312 5635 2478 5706 αὐτὴν
2525 5637 2649 5690 τινὰ
2703 5643 2811 5694 τῶν
2874 5640 2958 5695 ἐπὶ
3013 5642 3116 5704 τῆς
3164 5638 3414 5713 θυμέλης
3480 5643 3884 5717 Αογιζομὲνων
