4134 6264
338 312 492 373 301
1614 313 1992 376 VETEHUM
2041 314 2546 377 TES'I‘IMONIA.
3671 317 3787 375 306

363 447 709 520 πριάμενον,
740 441 1130 519 περιϐαλᾶσθαι
1165 447 1286 520 μὶν,
1339 447 1681 523 ὀρχουμενον
1737 446 1795 503 δὶ
1848 455 1995 504 πεσεῖ

2153 451 2247 506 sed
2279 451 2436 506 inter
2461 451 2794 507 saltandum
2814 452 3143 524 collapsum
3168 451 3569 522 obtritumque
3600 452 3785 506 inter-

364 530 882 610 καὶσυντριϐῆναι,
921 537 1006 590 καὶ
1068 535 1282 609 θανάτῳ
1339 535 1742 612 παραδοθῆναι.
1802 540 1996 594 Τοῦτω

2151 542 2304 596 iisse.
2343 543 2460 596 Hoc
2492 558 2812 605 assessore,
2849 541 3065 612 inquit,
3101 547 3158 595 et
3213 541 3575 604 consiliario,
3612 541 3783 612 judi-

358 619 511 700 ἔφη,
542 625 806 679 κοινωνὸν
843 623 1088 700 ἔχοντες,
1118 625 1320 700 κρίνειν
1363 627 1453 681 καὶ
1496 631 1614 689 τοῖς
1647 625 1845 689 ἓλλοῖς
1877 624 1990 682 δικά

2147 647 2281 686 care
2315 636 2373 685 et
2395 631 2466 686 de
2497 631 2630 686 aliis
2662 631 3016 687 sententiam
3051 631 3204 686 ferre
3236 630 3675 703 aggrediuntur.

354 719 483 783 ζειν
517 714 886 789 ἐπιχειροῦσι.

1293 814 1510 882 [CCVII]
1537 817 1712 875 Idem,
1762 816 1963 867 Hister.
2017 817 2330 877 ecolesiast.,
2361 819 2459 868 lib.
2493 834 2572 877 ιιι,
2623 834 2738 881 cap.
2772 821 2849 870 14.

431 907 494 959 Ὀ
528 898 585 957 δὲ
605 906 686 974 τῷ
717 905 822 956 τῶν
845 902 1258 976 Ἰεροσολύμων
1293 925 1360 976 με
1383 902 1692 980 παρέδωκεν
1726 904 2025 979 ἐπισκόπῳ·

2210 909 2316 964 llle
2348 909 2892 980 Hierosolymorum
2926 925 3019 964 me
3061 908 3304 963 tradidit
3333 908 3630 980 episcopo,
3680 909 3779 980 qui

346 990 656 1064 Κύριλλος
689 989 744 1046 δὲ
765 996 1066 1061 τηνικαῦτα
1096 991 1186 1059 ἦν·
1220 993 1308 1047 καὶ
1345 992 1490 1048 οὕτω
1549 993 1761 1070 νύκτωρ
1821 995 1897 1058 εἷς
1927 996 1978 1050 τί

2147 1004 2279 1054 tunc
2309 999 2563 1071 Cyrillus
2593 999 2928 1054 vocabatur.
2961 1001 3151 1069 Atque
3184 999 3265 1053 ita
3294 1004 3467 1053 nocte
3496 999 3554 1052 in
3596 999 3779 1054 Palas-

345 1079 736 1152 Παλαιστίνην
770 1081 848 1155 ὡρ
860 1083 1006 1154 μήσα
1016 1102 1131 1154 μεν.

2136 1089 2352 1144 stinam
2385 1088 2632 1161 profecti
2656 1105 2882 1144 sumus.

1459 1183 1634 1240 Idem,
1667 1183 1871 1232 Histor.
1917 1184 2232 1245 ecclesiast.,
2270 1187 2365 1234 lib.
2399 1202 2446 1248 v,
2479 1201 2596 1248 cap.
2623 1186 2672 1234 8.

441 1279 631 1346 Παρῆν
668 1269 726 1327 δὶ
753 1273 843 1326 καὶ
895 1270 1166 1348 ΙῙελάγιος
1195 1273 1223 1326 6
1257 1269 1600 1338 Λαοδικείας,
1630 1274 1721 1328 καὶ
1754 1272 2022 1348 Εύλόγιος

2205 1277 2424 1332 Aderat
2453 1277 2633 1332 etiam
2666 1276 2937 1349 Pelagius
2968 1277 3282 1348 episcopus
3314 1277 3633 1343 Laodiceae,
3668 1282 3779 1333 Eu-

342 1367 376 1420 6
417 1361 712 1434 Ἐδέσσης,
742 1363 830 1418 καὶ
862 1364 1140 1434 Ἀκάκιος,
1173 1363 1262 1417 καὶ
1323 1361 1602 1438 Ἰσίδωρος
1661 1365 1689 1418 6
1734 1365 1974 1439 ἡμέτερο

2150 1366 2326 1438 ,ogius
2357 1365 2613 1433 Edessaa,
2666 1366 2914 1421 Aeacius
2968 1367 3204 1433 Bermaa,
3247 1371 3305 1420 et
3351 1372 3554 1421 noster
3605 1369 3782 1422 Isido-

338 1454 442 1509 καῖ
483 1451 757 1527 Κύριλλος
782 1454 810 1506 6
827 1451 1350 1527 Ἰεροσολύμων,καὶ
1369 1451 1628 1514 Γελάσιος
1655 1455 1682 1507 6
1706 1452 1970 1526 Καισαρείι

2145 1471 2256 1521 rus,
2291 1454 2544 1526 Cyrillus
2602 1455 2744 1509 item
2789 1455 3355 1527 Hierosolymorum,
3400 1462 3457 1509 et
3513 1456 3777 1511 Gelasius

334 1549 453 1611 τῆς
493 1541 888 1611 Παλαιστίνης,
923 1540 1073 1616 λόγῳ
1097 1541 1184 1595 καὶ
1224 1540 1330 1614 βίῳ
1352 1541 1756 1615 κοσμούμενος,
1787 1543 1874 1596 καὶ
1909 1539 1964 1596 ἔτ

2144 1543 2413 1597 Caesareas
2445 1543 2780 1610 Palestinaa,
2813 1543 2900 1596 vir
2943 1542 3213 1598 doctrina
3239 1544 3416 1597 simul
3449 1550 3506 1597 et
3562 1547 3776 1599 sancti-

338 1653 442 1707 ροι
479 1629 732 1686 πλεῖστοι
754 1634 854 1696 τῆς
888 1630 1088 1706 ἁρετῆς
1118 1629 1374 1700 ἀθληταί.

2138 1637 2250 1687 tate
2275 1633 2404 1686 vitae
2436 1633 2813 1703 conspicuus,
2847 1631 3067 1702 aliique
3100 1633 3346 1702 insuper
3402 1632 3632 1687 eximias
3660 1634 3770 1687 vir-

2132 1722 2272 1776 tutis
2302 1721 2560 1776 athletas.

439 1819 739 1869 Indiculus
768 1820 1152 1882 episcoporum
1188 1820 1289 1883 qui
1317 1820 1545 1882 magnis
1579 1820 1806 1869 urbibus
1835 1824 2218 1940 prae/"uertat:6
2263 1819 2426 1880 Apud
2461 1819 2879 1878 Theodoretum,
2913 1817 3118 1868 Hister.
3148 1819 3463 1877 ecclesiast.,
3497 1821 3593 1870 lib.
3625 1835 3671 1878 ν,

2009 1906 2129 1940 can.
2223 1927 2236 1940 .

2009 1906 2129 1952 cap.
2157 1906 2236 1940 eu.

415 1977 835 2051 Ἱεροσολύμων
925 1977 1235 2033 ἐπίσκοποι·
1328 1981 1635 2052 Μακάριος,
1741 1979 2016 2052 Μάξιμος,

2199 1981 2740 2053 Hierosolymorum
2790 1981 3086 2052 episcopi:
3121 1981 3426 2049 Macarius,
3459 1982 3763 2049 Maximus,

333 2063 654 2142 Κύριλλος,
688 2069 972 2138 Ἰωάννης,
1004 2066 1302 2143 Πραΰλιος,
1339 2063 1722 2130 Ἰουϐενάλιος.

2121 2069 2396 2142 Cyrillus,
2428 2071 2707 2138 Joannes,
2741 2070 3030 2142 Praylius,
3061 2070 3379 2125 iuvenalis.

1226 2168 1383 2216 Idem
1414 2170 1478 2218 in
1507 2169 1744 2230 Dialogo
1768 2169 1870 2232 qui
1901 2169 2240 2218 inscribitur
2260 2168 2597 2224 Inconlusus.
2622 2184 2757 2231 pag.
2780 2168 2890 2219 106.

413 2255 715 2329 Κυρίλλου
773 2254 1074 2311 ἐπισκόπου
1135 2254 1561 2329 Ἰεροσολύμων,
1619 2258 1678 2310 ὲκ
1731 2260 1828 2311 τοῦ
1885 2277 2017 2311 κατ-

2199 2258 2402 2329 Cyrilli
2435 2258 2978 2330 Hierosolymorum
3013 2258 3275 2328 episcopi
3311 2275 3378 2312 ex
3411 2259 3769 2313 ca'techetico

335 2349 638 2421 ηχητικοῦ
691 2347 953 2419 τετάρτου
1012 2345 1185 2420 λόγου
1243 2347 1372 2419 Περὶ
1444 2349 1550 2399 τῶν
1611 2347 1646 2398 ι’
1703 2342 1967 2418 δογμάτω·

2139 2364 2402 2403 sermone
2435 2354 2645 2418 quarto
2676 2349 2750 2403 De
2778 2348 2957 2402 decem
3012 2348 3380 2416 dogmatibus,
3437 2347 3504 2401 de
3551 2364 3771 2415 genera-

338 2435 474 2510 περὶ
513 2437 616 2502 τῆς
647 2433 706 2488 ἐκ
762 2433 1028 2510 παρθένου
1057 2436 1381 2510 γεννήσεως·
1447 2456 1468 2485 ι
1529 2433 1756 2490 Πίστευε
1816 2432 1874 2488 δὲ
1931 2434 1970 2489 δ’

2134 2439 2275 2491 tione
2307 2453 2376 2492 ea:
2403 2439 2619 2504 virgine
2649 2453 2667 2490 :
2696 2458 2723 2486 ‹‹
2751 2435 2934 2491 Crede
2966 2441 3165 2490 autem
3199 2436 3357 2506 quod
3403 2436 3551 2507 ipse,
3585 2457 3613 2485 »
3657 2442 3766 2491 etc.

349 2522 546 2593 οὗτος,
583 2547 610 2574 »
640 2545 692 2580 κ.
719 2545 771 2580 τ.
798 2521 853 2582 λ.

2127 2527 2324 2581 bentur
2353 2526 2471 2582 haec
2501 2533 2610 2581 cat.
2634 2527 2688 2594 4,
2719 2542 2774 2580 n.
2815 2529 2868 2593 9,
2895 2543 3032 2596 pag.
3067 2527 3153 2580 56.

437 2623 703 2672 Gelasius
732 2631 928 2672 auctor
952 2622 1091 2672 libri
1113 2623 1186 2672 De
1217 2621 1422 2672 duabus
1451 2621 1678 2681 naturis,
1701 2623 1804 2670 sub
1833 2622 2061 2672 nomine
2096 2623 2352 2744 Gregonéi
2375 2623 2653 2673 Nazianz.
2677 2623 2810 2672 citat
2843 2623 3053 2686 Cyrilli
3079 2623 3261 2671 nostri
3295 2622 3679 2674 testimonium
3702 2638 3768 2670 ex

1807 2702 1910 2744 cat.
1943 2696 1990 2744 4.
2026 2710 2082 2744 n.
2118 2695 2168 2744 9.
2195 2710 2246 2744 υ.
2277 2694 2308 2743 5
2344 2730 2356 2744 .

1807 2702 1910 2745 cat.
1943 2696 1990 2751 4,
2026 2710 2082 2744 n.
2118 2695 2168 2752 9,
2187 2710 2246 2756 p.
2277 2694 2356 2744 56.

1593 2782 1966 2832 Marcellinus
1997 2799 2169 2833 comes
2201 2785 2264 2832 in
2294 2782 2578 2833 Chronico.

423 2873 762 2929 lndictione
822 2876 874 2943 9,
925 2873 1212 2929 Eucherio
1266 2877 1325 2927 et
1371 2871 1614 2944 Evagrio
1660 2888 1810 2926 coss.
1870 2873 2007 2942 (hoc
2118 2873 2504 2944 stantinopoli
2548 2889 2683 2928 vero
2714 2891 2820 2944 per
2846 2873 3218 2928 Timotheum
3271 2874 3762 2942 Alexandrinum,

353 2969 461 3026 est,
500 2979 600 3018 an.
632 2964 753 3032 381)
787 2963 1005 3017 sanctis
1037 2967 1278 3017 centum
1339 2961 1773 3033 quinquaginta
1811 2962 2010 3016 Patri-
2122 2976 2345 3032 perque
2395 2962 2693 3016 Meletium
2726 2962 3184 3017 Antiochenum.
3220 2967 3279 3016 et
3335 2979 3440 3032 per
3479 2964 3764 3032 Cyrillum

351 3049 463 3106 bus
490 3051 644 3106 urbe
674 3054 934 3123 Augusta
965 3050 1356 3122 congregatis,
1409 3049 1690 3105 adversus
1753 3049 2014 3105 Macedo—
2121 3049 2723 3120 Hierosolymitanum
2757 3050 3065 3121 episcopos
3101 3067 3113 3102 :
3144 3051 3412 3104 Nectario
3437 3067 3506 3104 ex
3538 3068 3763 3122 pagano

346 3139 518 3194 nium
571 3140 629 3193 in
685 3139 965 3209 Spiritum
1003 3145 1270 3194 sanctum
1317 3138 1787 3210 naufragantem,
1822 3137 1893 3192 ab
1917 3139 2012 3194 iis-
2121 3138 2394 3210 protinus
2433 3139 2749 3211 baptizato,
2783 3145 2842 3194 et
2865 3141 2926 3194 in
2957 3138 3202 3211 praefata
3229 3139 3452 3210 synodo
3483 3141 3763 3211 pontiﬁce

348 3229 486 3284 dem
515 3229 816 3301 epis00pis
850 3235 1052 3284 sancta
1085 3228 1345 3300 synodus
1365 3229 1644 3300 (Nicaena)
1661 3229 2013 3284 conﬁrmata
2120 3227 2415 3284 ordinato.

340 3325 432 3373 est
457 3336 468 3372 :
503 3320 758 3373 Damaso
781 3317 1058 3373 videlicet
1081 3319 1140 3372 Β.
1160 3317 1316 3372 Petri
1336 3317 1539 3372 sedem
1563 3323 1834 3384 tenente;
1860 3318 2007 3372 Con-

398 3417 458 3465 S.
498 3415 740 3476 Ephrem
771 3415 1148 3464 Antiochenus
1170 3414 1502 3476 patriarcha
1559 3416 1622 3463 in
1677 3416 1930 3464 oratione
1976 3415 2006 3465 3
2057 3415 2130 3463 ad
2181 3416 2489 3465 Dominum
2538 3425 2588 3464 et
2643 3417 2940 3474 Joannem,
2998 3415 3150 3477 apud
3178 3416 3466 3472 Photium,
3500 3415 3762 3464 Biblioth-

336 3488 448 3536 cod.
476 3487 594 3540 2'29.
616 3503 747 3549 pag.
780 3487 888 3544 806,
926 3489 1061 3536 dum
1091 3487 1332 3535 Patrum
1356 3486 1668 3534 testimonia
1715 3486 1779 3534 de
1806 3485 2023 3534 duabus
2054 3487 2116 3534 in
2151 3487 2368 3535 Christo
2424 3488 2651 3536 naturis
2709 3491 2962 3547 referret,
3026 3488 3088 3536 in
3117 3487 3206 3536 his
3235 3488 3520 3551 Cyrillum
3550 3503 3760 3551 quoque

338 3569 607 3608 nostrum
640 3559 860 3618 citabat,
891 3560 980 3609 his
1010 3558 1190 3608 verbis
1215 3574 1232 3607 :
1261 3559 1364 3606 Ἑπί
1390 3557 1576 3615 τούτοις
1605 3556 1655 3604 δὲ
1686 3559 1768 3604 καὶ
1796 3557 1820 3605 ὁ
1855 3554 1952 3604 τῶν

2116 3558 2324 3620 τολύμων
2355 3559 2609 3622 Κύριλλος·
2634 3559 2852 3608 Praeter
2883 3557 2973 3607 hos
3005 3559 3176 3608 etiam
3213 3559 3469 3621 Cyrillus
3502 3560 3748 3608 Hieroso-

335 3629 688 3692 lymitanus.

324 3717 664 3768 Eustratius
695 3719 757 3768 in
789 3719 932 3768 libro
957 3719 1031 3768 De
1081 3718 1315 3768 utilitate
1369 3731 1590 3782 precum
1647 3732 1746 3782 pro
1800 3717 2070 3838 defungtis
2121 3719 2188 3768 ab
2207 3718 2398 3838 ὗίὧοησ
2450 3719 2664 3768 Allatio
2711 3719 2881 3768 editio
2928 3719 2991 3769 in
3016 3733 3177 3780 opere
3203 3720 3277 3768 De
3302 3720 3644 3784 Purgatorio,
3677 3720 3760 3768 ait

1785 3804 1938 3838 num.
2005 3827 2018 3838 .
2051 3804 2176 3838 naa.
2307 3804 2316 3816 ·

1785 3804 1938 3839 num.
1969 3804 2018 3846 δ,
2041 3804 2176 3852 pag.
2207 3804 2316 3838 309‘

415 3873 651 3949 Συνῳδά
683 3875 740 3932 δὲ
768 3879 988 3940 τούτοις
1022 3879 1113 3932 καί
1145 3875 1421 3951 Κύριλλος
1478 3879 1506 3932 6
1534 3881 1642 3933 τῶν
1691 3875 2006 3950 Ἱεροσολύο
2037 3888 2047 3942 1

2182 3880 2281 3935 His
2306 3897 2542 3952 quoque
2565 3885 2969 3936 consentanea
3000 3880 3171 3935 docet
3191 3881 3444 3951 Cyrillus
3477 3880 3757 3934 Hieroso-

347 3987 464 4038 μων
520 3967 844 4036 ὲπίσκοπος,
894 3967 948 4023 ἐν
1007 3972 1074 4042 τῇ
1132 3969 1354 4043 πέμπτῃ
1408 3969 1782 4044 μυσταγωγιᾳ,
1835 3969 1909 4037 ἧς
1965 3972 1979 4022 -ὶ

2125 3976 2407 4041 Lymorum
2434 3970 2749 4041 episcopus
2800 3969 2860 4024 in
2913 3970 3122 4040 quinta
3179 3971 3561 4041 mystagogia,
3591 3971 3757 4039 cujus

342 4055 516 4132 ἀρχήο
554 4061 663 4113 Τοῦ
695 4061 827 4113 Θεοῦ
884 4061 918 4127 ἡ
974 4055 1379 4134 φιλανθρωπία,
1458 4055 1586 4114 τάδε
1653 4059 1838 4136 φησιν’
1874 4058 1974 4116 Εἴτε

2127 4059 2351 4114 .nitium
2387 4076 2399 4112 :
2433 4059 2534 4114 Dei
2562 4057 2874 4124 clementia,
2907 4058 3000 4112 his
3045 4058 3237 4113 verbis
3271 4076 3286 4125 ;
3319 4059 3524 4114 Deinde
3554 4077 3759 4113 memo-

342 4144 794 4218 μνημονεύομεν,
818 4167 870 4200 κ.
904 4167 954 4202 τ.
991 4146 1044 4201 λ.

2109 4150 2253 4202 riam
2289 4147 2547 4216 facimus,
2583 4154 2694 4204 etc.
2732 4149 2969 4204 Catech.
3003 4164 3166 4216 χχιιι,
3191 4163 3251 4203 n.
3277 4151 3308 4203 9
3341 4153 3399 4202 et
3426 4151 3507 4202 10.

340 4242 629 4301 Leontius,
664 4245 766 4296 lib.
794 4259 810 4294 ι
842 4248 986 4294 cont.
1017 4244 1228 4294 Nestor.
1265 4249 1317 4294 et
1350 4244 1656 4308 Eutychem,
1690 4247 1859 4307 cujus
1888 4246 2004 4296 haec
2035 4249 2223 4296 Graeca
2255 4243 2420 4293 verba
2446 4260 2664 4294 mecum
2717 4245 3142 4294 communicavit
3186 4245 3442 4294 eruditus
3468 4253 3521 4293 et
3544 4245 3758 4293 amicus

1733 4318 1800 4366 P.
1837 4318 2074 4367 Michael
2106 4320 2182 4367 Le
2205 4318 2383 4372 Quien
2404 4333 2422 4365 :

421 4399 712 4477 Κυρίλλου
731 4402 1032 4459 ἐπισκόπου
1090 4401 1517 4478 Ἱεροσολύμων,
1551 4403 1611 4459 ἐκ
1656 4408 1753 4458 τοῦ
1799 4403 1844 4458 δ’
1901 4409 2053 4475 τῶν]

2191 4399 2392 4481 Cyrilli
2425 4407 2686 4479 episcopi
2739 4406 3285 4478 Hierosolymorum
3316 4423 3384 4460 ex
3415 4410 3626 4476 quarta
3656 4405 3759 4461 Ca-

349 4490 731 4566 Κατηχήσεων
782 4490 976 4568 λόγου·
1061 4492 1303 4556 Διπλοῦς
1355 4495 1420 4562 ἦν
1507 4495 1536 4547 6
1607 4494 1860 4567 Χριστὸς,
1918 4491 1980 4549 ἃν

2121 4497 2394 4553 techeseo-n
2420 4497 2685 4552 oratione
2721 4513 2733 4550 :
2764 4497 2978 4566 Duplex
3002 4501 3120 4550 erat
3148 4496 3427 4552 Christus:
3454 4495 3613 4548 homo
3630 4497 3753 4564 qui-

352 4576 572 4650 θρωπος
607 4582 702 4654 μὲν
733 4580 798 4636 τὸ
856 4583 1211 4660 φαινόμενον,
1259 4582 1388 4644 Θεὸς
1447 4579 1504 4636 δὲ
1556 4581 1619 4636 τὸ
1679 4583 1756 4655 μὴ
1815 4583 1984 4659 φαινό·

2121 4586 2250 4656 rtem,
2274 4593 2544 4657 quantum
2572 4586 2642 4641 ad
2693 4585 2746 4640 id
2775 4585 2918 4656 quod
2947 4585 3264 4640 videbatur:
3287 4587 3426 4639 Deus
3455 4600 3753 4654 veroqua-

355 4685 535 4736 μενον.

2114 4681 2224 4731 tum
2256 4676 2326 4732 ad
2354 4677 2410 4732 id
2439 4676 2582 4747 quod
2605 4675 2826 4730 latebat.
2862 4677 2943 4730 Ex
2973 4679 3084 4730 cat.
3117 4676 3167 4742 4,
3216 4691 3276 4728 n.
3309 4677 3361 4743 9,
3395 4691 3526 4745 pag.
3560 4677 3646 4728 56.

723 4796 900 4854 Idem,
933 4797 995 4846 in
1025 4798 1170 4846 libro
1195 4799 1404 4847 inedita
1432 4798 1718 4848 adversum
1750 4796 2157 4861 Monophysitas
2186 4801 2257 4850 ab
2291 4802 2475 4850 eodem
2502 4803 2674 4851 Patre
2694 4815 2910 4850 mecum
2943 4800 3369 4848 communicato.

428 4910 1142 4990 ΚυρίλλουἹεροσολύμων
1189 4913 1250 4970 ἐκ
1276 4920 1373 4970 τοῦ
1429 4914 1507 4978 εἷς
1562 4916 1646 4989 τὸ,
1705 4915 1850 4990 Ἐγὼ
1906 4935 2010 4969 πο-

2189 4919 2392 4992 Cyrilli
2415 4919 2934 4990 Hierosolymitani
2957 4936 3024 4973 ex
3051 4935 3326 4974 sermone
3345 4919 3404 4973 in
3421 4919 3543 4973 haac
3560 4918 3759 4980 verba:

362 4999 584 5075 ρεύομαι
616 5002 756 5076 πρὸς
784 5003 876 5058 τὸν
909 5003 1120 5079 Πατέρα
1155 5024 1281 5077 μου.
1342 5003 1627 5069 Φαίνεσθαι
1661 5002 1739 5074 δὲ,
1778 5025 1828 5060 κ.
1864 5023 1914 5058 τ.
1950 5001 1994 5059 λ.

2125 5009 2232 5076 Ego
2255 5007 2392 5062 vado
2421 5009 2490 5062 ad
2520 5010 2738 5062 Patrem
2768 5023 2966 5076 meum,
2996 5013 3056 5060 ut
3085 5014 3354 5077 appareat
3383 5006 3448 5074 ‘5,
3482 5012 3590 5061 etc.
3627 5007 3757 5060 Vid.

2115 5095 2324 5168 fragm.
2352 5113 2481 5169 pag.
2514 5098 2638 5163 357,
2664 5099 2786 5151 358.

366 5185 694 5240 Anastasius
725 5191 950 5242 Sinaita
978 5193 1282 5243 monachus
1311 5195 1542 5257 Hodegi,
1575 5209 1690 5256 cap.
1716 5195 1791 5252 lO,
1815 5210 1950 5257 pag.
1987 5191 2091 5253 196,
2124 5197 2373 5255 referens
2421 5195 2663 5242 Patrum
2710 5193 3070 5242 auctoritates
3099 5194 3362 5243 adversus
3405 5194 3764 5257 Monophysi-

1845 5274 1948 5320 tas,
1981 5264 2095 5312 haec
2147 5264 2330 5312 aiebat
2351 5281 2368 5312 .·

438 5353 738 5428 Γρηγοριου
771 5350 1050 5428 Θεολόγου
1081 5353 1158 5415 εἷς
1204 5353 1270 5407 τὰ
1324 5359 1641 5433 Θεοφανεια,
1679 5355 1767 5408 καὶ
1805 5353 2009 5427 Κορίλ-

2195 5357 2458 5428 Gregorii
2489 5355 2745 5425 theologi
2769 5355 2829 5408 in
2857 5353 3257 5426 Theophania,
3294 5361 3350 5410 et
3379 5355 3578 5426 Cyrilli
3635 5355 3768 5408 Hie-

378 5431 917 5582 ἒουίῚεροσολύμων,
966 5441 1227 5506 ὡσαύτως
1248 5438 1304 5497 δὲ
1327 5442 1418 5498 καὶ
1440 5431 1729 5519 Κορίλλου
1756 5441 2008 5517 Ἀλεξαν-

412 5543 467 5582 ne
487 5549 566 5582 ac-

1995 5477 2008 5486 -
2121 5445 2580 5519 rosolymorum,
2616 5442 2891 5499 similiter
2921 5448 2980 5497 et
3007 5442 3208 5515 Cyrilli
3232 5443 3627 5498 Alexandriae.

412 5543 566 5597 ρειας.

440 5649 484 5686 ⁴⁵
508 5655 673 5715 Joan.
707 5671 823 5727 xu,
858 5659 943 5715 18.
