  <div class='ocr_page' id='page_1' title='image "/cluster/home/n/w/nwhite01/storage/ocr_20150623/33/mdp.39015078384412/161.png"; bbox 0 0 4134 6264; ppageno 0'>
   <div class='ocr_carea' id='block_1_1' title="bbox 270 268 3702 338">
    <p class='ocr_par' dir='ltr' id='par_1_1' title="bbox 270 268 3702 338">
     <span class='ocr_line' id='line_1_1' title="bbox 270 268 3702 338; baseline -0.002 0"><span class='ocrx_word' id='word_1_1' title='bbox 270 279 388 338; x_wconf 83' lang='grc'>307</span> <span class='ocrx_word' id='word_1_2' title='bbox 1515 269 1896 333; x_wconf 79' lang='lat' dir='ltr'>VETEBUM</span> <span class='ocrx_word' id='word_1_3' title='bbox 1938 268 2425 332; x_wconf 82' lang='lat' dir='ltr'>TESTIMONIA</span> <span class='ocrx_word' id='word_1_4' title='bbox 2440 313 2458 332; x_wconf 92' lang='lat'>.</span> <span class='ocrx_word' id='word_1_5' title='bbox 3579 271 3702 332; x_wconf 83' lang='lat'>308</span> 
     </span>
    </p>
   </div>
   <div class='ocr_carea' id='block_1_2' title="bbox 581 402 3385 474">
    <p class='ocr_par' dir='ltr' id='par_1_2' title="bbox 581 402 3385 474">
     <span class='ocr_line' id='line_1_2' title="bbox 581 402 3385 474; baseline -0.001 -16"><span class='ocrx_word' id='word_1_6' title='bbox 581 409 752 469; x_wconf 83' lang='lat' dir='ltr'>Idem,</span> <span class='ocrx_word' id='word_1_7' title='bbox 785 424 883 460; x_wconf 84' lang='lat' dir='ltr'>seu</span> <span class='ocrx_word' id='word_1_8' title='bbox 938 407 1204 474; x_wconf 75' lang='lat' dir='ltr'>quisquis</span> <span class='ocrx_word' id='word_1_9' title='bbox 1249 413 1450 458; x_wconf 77' lang='lat' dir='ltr'><strong><em>auctor</em></strong></span> <span class='ocrx_word' id='word_1_10' title='bbox 1495 403 1863 467; x_wconf 79' lang='lat' dir='ltr'>Quaestionum</span> <span class='ocrx_word' id='word_1_11' title='bbox 1892 406 1947 452; x_wconf 85' lang='lat' dir='ltr'>et</span> <span class='ocrx_word' id='word_1_12' title='bbox 1976 402 2390 469; x_wconf 80' lang='lat' dir='ltr'>responsionum</span> <span class='ocrx_word' id='word_1_13' title='bbox 2441 404 2507 456; x_wconf 88' lang='lat' dir='ltr'>de</span> <span class='ocrx_word' id='word_1_14' title='bbox 2554 404 2717 457; x_wconf 82' lang='lat' dir='ltr'>variis</span> <span class='ocrx_word' id='word_1_15' title='bbox 2745 405 3094 472; x_wconf 74' lang='lat' dir='ltr'>argumentis,</span> <span class='ocrx_word' id='word_1_16' title='bbox 3129 412 3328 473; x_wconf 62' lang='lat' dir='ltr'>quaest.</span> <span class='ocrx_word' id='word_1_17' title='bbox 3355 405 3385 456; x_wconf 91' lang='lat'><strong>1</strong></span> 
     </span>
    </p>
   </div>
   <div class='ocr_carea' id='block_1_3' title="bbox 353 511 1985 596">
    <p class='ocr_par' dir='ltr' id='par_1_3' title="bbox 353 514 1985 596">
     <span class='ocr_line' id='line_1_3' title="bbox 353 514 1985 596; baseline -0.006 -18"><span class='ocrx_word' id='word_1_18' title='bbox 353 522 556 596; x_wconf 84' lang='lat' dir='ltr'>Cyrilli</span> <span class='ocrx_word' id='word_1_19' title='bbox 586 520 1133 591; x_wconf 82' lang='lat' dir='ltr'>Hierosolymorum</span> <span class='ocrx_word' id='word_1_20' title='bbox 1190 535 1260 575; x_wconf 86' lang='lat' dir='ltr'>ex</span> <span class='ocrx_word' id='word_1_21' title='bbox 1318 516 1706 582; x_wconf 87' lang='lat' dir='ltr'>catechetico,</span> <span class='ocrx_word' id='word_1_22' title='bbox 1737 514 1831 569; x_wconf 85' lang='lat' dir='ltr'>vel</span> <span class='ocrx_word' id='word_1_23' title='bbox 1872 530 1938 569; x_wconf 82' lang='lat' dir='ltr'>ex</span> <span class='ocrx_word' id='word_1_24' title='bbox 1970 536 1985 582; x_wconf 60' lang='grc' dir='ltr'><em>Α</em></span> 
     </span>
    </p>
   </div>
   <div class='ocr_carea' id='block_1_4' title="bbox 2074 511 3706 596">
    <p class='ocr_par' dir='ltr' id='par_1_4' title="bbox 2129 511 3706 590">
     <span class='ocr_line' id='line_1_4' title="bbox 2129 511 3706 590; baseline 0.003 -21"><span class='ocrx_word' id='word_1_25' title='bbox 2129 511 2406 587; x_wconf 87' lang='grc' dir='ltr'>Κυρίλλου</span> <span class='ocrx_word' id='word_1_26' title='bbox 2435 513 2836 590; x_wconf 85' lang='grc' dir='ltr'>Ἱεροσολύμων</span> <span class='ocrx_word' id='word_1_27' title='bbox 2875 515 2937 571; x_wconf 77' lang='grc' dir='ltr'>ἐκ</span> <span class='ocrx_word' id='word_1_28' title='bbox 2988 515 3091 571; x_wconf 78' lang='grc' dir='ltr'>τοῦ</span> <span class='ocrx_word' id='word_1_29' title='bbox 3138 514 3542 585; x_wconf 80' lang='grc' dir='ltr'>κατηχητικου,</span> <span class='ocrx_word' id='word_1_30' title='bbox 3576 532 3706 573; x_wconf 74' lang='grc' dir='ltr'>εθιιο</span> 
     </span>
    </p>
   </div>
   <div class='ocr_carea' id='block_1_5' title="bbox 287 601 1919 681">
    <p class='ocr_par' dir='ltr' id='par_1_5' title="bbox 287 607 1913 680">
     <span class='ocr_line' id='line_1_5' title="bbox 287 607 1913 680; baseline -0.008 -9"><span class='ocrx_word' id='word_1_31' title='bbox 287 611 696 671; x_wconf 85' lang='lat' dir='ltr'>catecheticis:</span> <span class='ocrx_word' id='word_1_32' title='bbox 727 610 884 667; x_wconf 86' lang='lat' dir='ltr'>Nihil</span> <span class='ocrx_word' id='word_1_33' title='bbox 911 609 1067 665; x_wconf 85' lang='lat' dir='ltr'>nobis</span> <span class='ocrx_word' id='word_1_34' title='bbox 1078 607 1355 680; x_wconf 87' lang='lat' dir='ltr'>proderit,</span> <span class='ocrx_word' id='word_1_35' title='bbox 1389 612 1502 664; x_wconf 90' lang='lat' dir='ltr'>etc.</span> <span class='ocrx_word' id='word_1_36' title='bbox 1531 607 1655 662; x_wconf 87' lang='lat' dir='ltr'>Cat.</span> <span class='ocrx_word' id='word_1_37' title='bbox 1688 607 1743 673; x_wconf 91' lang='lat'>7,</span> <span class='ocrx_word' id='word_1_38' title='bbox 1769 620 1913 677; x_wconf 90' lang='lat' dir='ltr'><strong>num</strong></span> 
     </span>
    </p>
   </div>
   <div class='ocr_carea' id='block_1_6' title="bbox 2072 601 3704 681">
    <p class='ocr_par' dir='ltr' id='par_1_6' title="bbox 2072 601 3704 681">
     <span class='ocr_line' id='line_1_6' title="bbox 2072 601 3704 681; baseline 0.001 -22"><span class='ocrx_word' id='word_1_39' title='bbox 2072 609 2116 660; x_wconf 85' lang='lat' dir='ltr'>lt</span> <span class='ocrx_word' id='word_1_40' title='bbox 2142 604 2203 659; x_wconf 91' lang='lat' dir='ltr'>in</span> <span class='ocrx_word' id='word_1_41' title='bbox 2234 621 2377 661; x_wconf 87' lang='lat' dir='ltr'><strong>mss.</strong></span> <span class='ocrx_word' id='word_1_42' title='bbox 2410 606 2586 662; x_wconf 89' lang='lat' dir='ltr'>Coisl.</span> <span class='ocrx_word' id='word_1_43' title='bbox 2620 607 2792 677; x_wconf 86' lang='lat' dir='ltr'>vidis,</span> <span class='ocrx_word' id='word_1_44' title='bbox 2827 604 2887 661; x_wconf 67' lang='lat' dir='ltr'>ix</span> <span class='ocrx_word' id='word_1_45' title='bbox 2943 608 3051 661; x_wconf 80' lang='grc' dir='ltr'>τῶν</span> <span class='ocrx_word' id='word_1_46' title='bbox 3078 609 3494 681; x_wconf 82' lang='grc' dir='ltr'>κατηχητικῶν·</span> <span class='ocrx_word' id='word_1_47' title='bbox 3530 601 3704 662; x_wconf 81' lang='grc' dir='ltr'>Ούδὶν</span> 
     </span>
    </p>
   </div>
   <div class='ocr_carea' id='block_1_7' title="bbox 289 691 1921 775">
    <p class='ocr_par' dir='ltr' id='par_1_7' title="bbox 289 702 713 775">
     <span class='ocr_line' id='line_1_7' title="bbox 289 702 713 775; baseline -0.007 -17"><span class='ocrx_word' id='word_1_48' title='bbox 289 706 379 771; x_wconf 76' lang='grc'><strong>14,</strong></span> <span class='ocrx_word' id='word_1_49' title='bbox 410 717 543 775; x_wconf 86' lang='lat' dir='ltr'>pag.</span> <span class='ocrx_word' id='word_1_50' title='bbox 590 702 713 755; x_wconf 88' lang='lat'>118.</span> 
     </span>
    </p>
   </div>
   <div class='ocr_carea' id='block_1_8' title="bbox 1060 691 2692 775">
    <p class='ocr_par' dir='ltr' id='par_1_8' title="bbox 2047 691 2692 770">
     <span class='ocr_line' id='line_1_8' title="bbox 2047 691 2692 770; baseline 0.011 -26"><span class='ocrx_word' id='word_1_51' title='bbox 2047 693 2185 765; x_wconf 75' lang='grc' dir='ltr'>ἡμῖν</span> <span class='ocrx_word' id='word_1_52' title='bbox 2220 691 2438 770; x_wconf 60' lang='grc' dir='ltr'>ὄφελος,</span> <span class='ocrx_word' id='word_1_53' title='bbox 2470 714 2522 750; x_wconf 91' lang='grc' dir='ltr'>κ.</span> <span class='ocrx_word' id='word_1_54' title='bbox 2554 714 2605 750; x_wconf 91' lang='grc' dir='ltr'>τ.</span> <span class='ocrx_word' id='word_1_55' title='bbox 2639 692 2692 751; x_wconf 90' lang='grc' dir='ltr'>λ.</span> 
     </span>
    </p>
   </div>
   <div class='ocr_carea' id='block_1_9' title="bbox 1685 788 2303 854">
    <p class='ocr_par' dir='ltr' id='par_1_9' title="bbox 1685 788 2303 854">
     <span class='ocr_line' id='line_1_9' title="bbox 1685 788 2303 854; baseline 0.002 -14"><span class='ocrx_word' id='word_1_56' title='bbox 1685 791 1862 852; x_wconf 87' lang='lat' dir='ltr'>Idem,</span> <span class='ocrx_word' id='word_1_57' title='bbox 1904 788 1977 838; x_wconf 86' lang='lat' dir='ltr'>ad</span> <span class='ocrx_word' id='word_1_58' title='bbox 2020 798 2218 854; x_wconf 64' lang='lat' dir='ltr'>quast.</span> <span class='ocrx_word' id='word_1_59' title='bbox 2252 790 2303 841; x_wconf 88' lang='lat'>3.</span> 
     </span>
    </p>
   </div>
   <div class='ocr_carea' id='block_1_10' title="bbox 365 879 1997 959">
    <p class='ocr_par' dir='ltr' id='par_1_10' title="bbox 365 881 1950 959">
     <span class='ocr_line' id='line_1_10' title="bbox 365 881 1950 959; baseline -0.006 -16"><span class='ocrx_word' id='word_1_60' title='bbox 365 887 567 959; x_wconf 86' lang='lat' dir='ltr'>Cyrilli</span> <span class='ocrx_word' id='word_1_61' title='bbox 619 884 1162 958; x_wconf 77' lang='lat' dir='ltr'>Hierosolymorum</span> <span class='ocrx_word' id='word_1_62' title='bbox 1214 901 1286 941; x_wconf 81' lang='lat' dir='ltr'>ex</span> <span class='ocrx_word' id='word_1_63' title='bbox 1336 881 1759 940; x_wconf 85' lang='lat' dir='ltr'>catecheticis:</span> <span class='ocrx_word' id='word_1_64' title='bbox 1802 883 1950 951; x_wconf 86' lang='lat' dir='ltr'>Fuge</span> 
     </span>
    </p>
   </div>
   <div class='ocr_carea' id='block_1_11' title="bbox 2077 879 3709 959">
    <p class='ocr_par' dir='ltr' id='par_1_11' title="bbox 2130 879 3709 958">
     <span class='ocr_line' id='line_1_11' title="bbox 2130 879 3709 958; baseline -0.002 -19"><span class='ocrx_word' id='word_1_65' title='bbox 2130 880 2416 957; x_wconf 80' lang='grc' dir='ltr'>ΚυρίΑλου</span> <span class='ocrx_word' id='word_1_66' title='bbox 2436 879 2839 956; x_wconf 79' lang='grc' dir='ltr'>Ἱεροσολύμων</span> <span class='ocrx_word' id='word_1_67' title='bbox 2887 881 2948 938; x_wconf 84' lang='grc' dir='ltr'>ἐκ</span> <span class='ocrx_word' id='word_1_68' title='bbox 2974 885 3084 938; x_wconf 82' lang='grc' dir='ltr'>τῶν</span> <span class='ocrx_word' id='word_1_69' title='bbox 3115 885 3511 958; x_wconf 72' lang='grc' dir='ltr'>κατηχητιιιῶν</span> <span class='ocrx_word' id='word_1_70' title='bbox 3536 884 3709 956; x_wconf 82' lang='grc' dir='ltr'>Φεῦγε</span> 
     </span>
    </p>
   </div>
   <div class='ocr_carea' id='block_1_12' title="bbox 287 968 1919 1114">
    <p class='ocr_par' dir='ltr' id='par_1_12' title="bbox 287 973 1919 1114">
     <span class='ocr_line' id='line_1_12' title="bbox 287 973 1919 1048; baseline -0.006 -15"><span class='ocrx_word' id='word_1_71' title='bbox 287 977 468 1048; x_wconf 79' lang='lat' dir='ltr'>igitur</span> <span class='ocrx_word' id='word_1_72' title='bbox 490 993 672 1048; x_wconf 86' lang='lat' dir='ltr'>prava</span> <span class='ocrx_word' id='word_1_73' title='bbox 703 992 875 1047; x_wconf 88' lang='lat' dir='ltr'>opera</span> <span class='ocrx_word' id='word_1_74' title='bbox 903 994 926 1041; x_wconf 79' lang='lat'>,-</span> <span class='ocrx_word' id='word_1_75' title='bbox 951 978 1001 1030; x_wconf 87' lang='lat' dir='ltr'>si</span> <span class='ocrx_word' id='word_1_76' title='bbox 1049 973 1198 1031; x_wconf 86' lang='lat' dir='ltr'>enim</span> <span class='ocrx_word' id='word_1_77' title='bbox 1254 973 1370 1031; x_wconf 80' lang='lat' dir='ltr'>illis</span> <span class='ocrx_word' id='word_1_78' title='bbox 1424 974 1799 1038; x_wconf 78' lang='lat' dir='ltr'>succubueris,</span> <span class='ocrx_word' id='word_1_79' title='bbox 1833 975 1919 1024; x_wconf 88' lang='lat' dir='ltr'>etc</span> 
     </span>
     <span class='ocr_line' id='line_1_13' title="bbox 289 1066 1636 1114; baseline -0.002 0"><span class='ocrx_word' id='word_1_80' title='bbox 289 1069 411 1114; x_wconf 78' lang='lat' dir='ltr'>Cat-</span> <span class='ocrx_word' id='word_1_81' title='bbox 454 1071 532 1114; x_wconf 81' lang='grc'><strong>19-</strong></span> <span class='ocrx_word' id='word_1_82' title='bbox 570 1083 630 1114; x_wconf 88' lang='lat' dir='ltr'>n.</span> <span class='ocrx_word' id='word_1_83' title='bbox 665 1068 717 1114; x_wconf 84' lang='lat'><strong>8-</strong></span> <span class='ocrx_word' id='word_1_84' title='bbox 752 1081 881 1114; x_wconf 66' lang='lat' dir='ltr'>nan.</span> <span class='ocrx_word' id='word_1_85' title='bbox 911 1066 1035 1114; x_wconf 85' lang='lat'>309.</span> <span class='ocrx_word' id='word_1_86' title='bbox 1630 1106 1636 1111; x_wconf 94' lang='lat'>.</span> 
     </span>
    </p>
   </div>
   <div class='ocr_carea' id='block_1_13' title="bbox 2074 968 3706 1114">
    <p class='ocr_par' dir='ltr' id='par_1_13' title="bbox 2074 968 3706 1114">
     <span class='ocr_line' id='line_1_14' title="bbox 2074 968 3706 1049; baseline 0.003 -24"><span class='ocrx_word' id='word_1_87' title='bbox 2074 968 2153 1025; x_wconf 76' lang='grc' dir='ltr'>&gt;ὗν</span> <span class='ocrx_word' id='word_1_88' title='bbox 2182 970 2249 1025; x_wconf 79' lang='grc' dir='ltr'>τὰ</span> <span class='ocrx_word' id='word_1_89' title='bbox 2303 972 2519 1047; x_wconf 87' lang='grc' dir='ltr'>πονηρά</span> <span class='ocrx_word' id='word_1_90' title='bbox 2576 969 2727 1048; x_wconf 69' lang='grc' dir='ltr'>ἔργα·</span> <span class='ocrx_word' id='word_1_91' title='bbox 2790 971 2839 1026; x_wconf 75' lang='grc' dir='ltr'>εἴ</span> <span class='ocrx_word' id='word_1_92' title='bbox 2893 973 2998 1049; x_wconf 81' lang='grc' dir='ltr'>γὰρ</span> <span class='ocrx_word' id='word_1_93' title='bbox 3059 970 3276 1034; x_wconf 85' lang='grc' dir='ltr'>τούτοις</span> <span class='ocrx_word' id='word_1_94' title='bbox 3323 970 3619 1046; x_wconf 80' lang='grc' dir='ltr'>ὑποπὲσῃς,</span> <span class='ocrx_word' id='word_1_95' title='bbox 3650 990 3706 1030; x_wconf 91' lang='grc' dir='ltr'>κ.</span> 
     </span>
     <span class='ocr_line' id='line_1_15' title="bbox 2074 1057 2195 1114; baseline 0.008 -1"><span class='ocrx_word' id='word_1_96' title='bbox 2074 1078 2108 1114; x_wconf 88' lang='lat'>:.</span> <span class='ocrx_word' id='word_1_97' title='bbox 2141 1057 2195 1114; x_wconf 88' lang='grc' dir='ltr'>λ.</span> 
     </span>
    </p>
   </div>
   <div class='ocr_carea' id='block_1_14' title="bbox 289 1066 2195 1138">
    <p class='ocr_par' dir='ltr' id='par_1_14' title="bbox 289 1066 2195 1138">
     <span class='ocr_line' id='line_1_16' title="bbox 289 1066 2195 1138; baseline -0.005 -15"><span class='ocrx_word' id='word_1_98' title='bbox 289 1069 411 1123; x_wconf 88' lang='lat' dir='ltr'>Cat.</span> <span class='ocrx_word' id='word_1_99' title='bbox 452 1071 533 1134; x_wconf 79' lang='lat'>19,</span> <span class='ocrx_word' id='word_1_100' title='bbox 570 1083 630 1120; x_wconf 90' lang='lat' dir='ltr'>n.</span> <span class='ocrx_word' id='word_1_101' title='bbox 665 1068 718 1128; x_wconf 90' lang='lat'>8,</span> <span class='ocrx_word' id='word_1_102' title='bbox 752 1081 881 1138; x_wconf 86' lang='lat' dir='ltr'>pag.</span> <span class='ocrx_word' id='word_1_103' title='bbox 911 1066 1035 1119; x_wconf 86' lang='lat'><strong>309.</strong></span> <span class='ocrx_word' id='word_1_104' title='bbox 1630 1106 1636 1111; x_wconf 96' lang='lat'><strong>.</strong></span> <span class='ocrx_word' id='word_1_105' title='bbox 2055 1078 2108 1117; x_wconf 82' lang='lat'>1.</span> <span class='ocrx_word' id='word_1_106' title='bbox 2141 1066 2195 1114; x_wconf 90' lang='grc' dir='ltr'>λ.</span> 
     </span>
    </p>
   </div>
   <div class='ocr_carea' id='block_1_15' title="bbox 289 1158 3708 1230">
    <p class='ocr_par' dir='ltr' id='par_1_15' title="bbox 289 1158 3708 1230">
     <span class='ocr_line' id='line_1_17' title="bbox 289 1158 3708 1230; baseline -0.003 -14"><span class='ocrx_word' id='word_1_107' title='bbox 289 1164 576 1230; x_wconf 80' lang='lat' dir='ltr'>[CCLVIII]</span> <span class='ocrx_word' id='word_1_108' title='bbox 606 1163 680 1212; x_wconf 88' lang='lat' dir='ltr'>In</span> <span class='ocrx_word' id='word_1_109' title='bbox 707 1163 956 1224; x_wconf 80' lang='lat' dir='ltr'>catalogo</span> <span class='ocrx_word' id='word_1_110' title='bbox 983 1176 1087 1210; x_wconf 86' lang='lat' dir='ltr'>ms.</span> <span class='ocrx_word' id='word_1_111' title='bbox 1120 1161 1323 1211; x_wconf 87' lang='lat' dir='ltr'>codicis</span> <span class='ocrx_word' id='word_1_112' title='bbox 1346 1161 1443 1213; x_wconf 83' lang='lat'>120</span> <span class='ocrx_word' id='word_1_113' title='bbox 1467 1162 1741 1214; x_wconf 85' lang='lat' dir='ltr'>Biblioth.</span> <span class='ocrx_word' id='word_1_114' title='bbox 1766 1164 1947 1227; x_wconf 85' lang='lat' dir='ltr'>Coisl.,</span> <span class='ocrx_word' id='word_1_115' title='bbox 1979 1163 2078 1215; x_wconf 85' lang='lat' dir='ltr'>ubi</span> <span class='ocrx_word' id='word_1_116' title='bbox 2102 1159 2450 1225; x_wconf 72' lang='lat' dir='ltr'>patriarcha:</span> <span class='ocrx_word' id='word_1_117' title='bbox 2478 1159 2725 1208; x_wconf 75' lang='lat' dir='ltr'>Romani</span> <span class='ocrx_word' id='word_1_118' title='bbox 2768 1174 2944 1224; x_wconf 81' lang='lat' dir='ltr'>usque</span> <span class='ocrx_word' id='word_1_119' title='bbox 2994 1159 3068 1209; x_wconf 87' lang='lat' dir='ltr'>ad</span> <span class='ocrx_word' id='word_1_120' title='bbox 3109 1159 3447 1218; x_wconf 74' lang='lat' dir='ltr'>Honorium,</span> <span class='ocrx_word' id='word_1_121' title='bbox 3480 1164 3533 1207; x_wconf 89' lang='lat' dir='ltr'>et</span> <span class='ocrx_word' id='word_1_122' title='bbox 3570 1158 3708 1230; x_wconf 81' lang='lat' dir='ltr'>Hie-</span> 
     </span>
    </p>
   </div>
   <div class='ocr_carea' id='block_1_16' title="bbox 350 1229 3711 1356">
    <p class='ocr_par' dir='ltr' id='par_1_16' title="bbox 350 1229 3711 1356">
     <span class='ocr_line' id='line_1_18' title="bbox 350 1229 3711 1299; baseline -0.002 -15"><span class='ocrx_word' id='word_1_123' title='bbox 350 1234 755 1299; x_wconf 79' lang='lat' dir='ltr'>rosolymitani</span> <span class='ocrx_word' id='word_1_124' title='bbox 792 1247 970 1298; x_wconf 78' lang='lat' dir='ltr'>usque</span> <span class='ocrx_word' id='word_1_125' title='bbox 988 1233 1060 1283; x_wconf 84' lang='lat' dir='ltr'>ad</span> <span class='ocrx_word' id='word_1_126' title='bbox 1087 1232 1468 1297; x_wconf 81' lang='lat' dir='ltr'>Sophronium</span> <span class='ocrx_word' id='word_1_127' title='bbox 1500 1236 1783 1287; x_wconf 73' lang='lat' dir='ltr'>inclusive</span> <span class='ocrx_word' id='word_1_128' title='bbox 1810 1244 2193 1293; x_wconf 75' lang='lat' dir='ltr'>recensentur,</span> <span class='ocrx_word' id='word_1_129' title='bbox 2223 1234 2306 1282; x_wconf 87' lang='lat' dir='ltr'>sic</span> <span class='ocrx_word' id='word_1_130' title='bbox 2351 1230 2619 1280; x_wconf 81' lang='lat' dir='ltr'>habentur</span> <span class='ocrx_word' id='word_1_131' title='bbox 2666 1231 3185 1296; x_wconf 78' lang='lat' dir='ltr'>Hierosolymitani</span> <span class='ocrx_word' id='word_1_132' title='bbox 3214 1240 3449 1294; x_wconf 87' lang='lat' dir='ltr'>tempore</span> <span class='ocrx_word' id='word_1_133' title='bbox 3481 1229 3711 1295; x_wconf 82' lang='lat' dir='ltr'>Cyrilli,</span> 
     </span>
     <span class='ocr_line' id='line_1_19' title="bbox 355 1307 625 1356; baseline 0 0"><span class='ocrx_word' id='word_1_134' title='bbox 355 1321 481 1356; x_wconf 59' lang='lat' dir='ltr'>hac.</span> <span class='ocrx_word' id='word_1_135' title='bbox 513 1307 625 1356; x_wconf 79' lang='lat'><strong>225.</strong></span> 
     </span>
    </p>
   </div>
   <div class='ocr_carea' id='block_1_17' title="bbox 345 1321 625 1369">
    <p class='ocr_par' dir='ltr' id='par_1_17' title="bbox 345 1321 625 1369">
     <span class='ocr_line' id='line_1_20' title="bbox 345 1321 625 1369; baseline 0.004 -14"><span class='ocrx_word' id='word_1_136' title='bbox 345 1321 481 1369; x_wconf 86' lang='lat' dir='ltr'>pag.</span> 
     </span>
    </p>
   </div>
   <div class='ocr_carea' id='block_1_18' title="bbox 287 1386 1919 1466">
    <p class='ocr_par' dir='ltr' id='par_1_18' title="bbox 287 1398 1582 1466">
     <span class='ocr_line' id='line_1_21' title="bbox 287 1398 1582 1466; baseline 0.003 -15"><span class='ocrx_word' id='word_1_137' title='bbox 287 1399 379 1452; x_wconf 88' lang='lat'>39.</span> <span class='ocrx_word' id='word_1_138' title='bbox 414 1398 725 1466; x_wconf 81' lang='lat' dir='ltr'>Maximus,</span> <span class='ocrx_word' id='word_1_139' title='bbox 1299 1414 1489 1455; x_wconf 89' lang='lat' dir='ltr'>annos</span> <span class='ocrx_word' id='word_1_140' title='bbox 1528 1401 1582 1455; x_wconf 89' lang='lat'><strong>6.</strong></span> 
     </span>
    </p>
   </div>
   <div class='ocr_carea' id='block_1_19' title="bbox 1570 1386 3202 1466">
    <p class='ocr_par' dir='ltr' id='par_1_19' title="bbox 1570 1386 3202 1465">
     <span class='ocr_line' id='line_1_22' title="bbox 1570 1386 3202 1465; baseline 0 -17"><span class='ocrx_word' id='word_1_141' title='bbox 1570 1440 1582 1455; x_wconf 84' lang='lat'><em>.</em></span> <span class='ocrx_word' id='word_1_142' title='bbox 2124 1391 2227 1449; x_wconf 79' lang='grc' dir='ltr'>λθ“.</span> <span class='ocrx_word' id='word_1_143' title='bbox 2257 1391 2530 1465; x_wconf 79' lang='grc' dir='ltr'>Μάξιμος,</span> <span class='ocrx_word' id='word_1_144' title='bbox 3016 1386 3112 1464; x_wconf 75' lang='grc' dir='ltr'>ἔτη</span> <span class='ocrx_word' id='word_1_145' title='bbox 3141 1392 3202 1455; x_wconf 85' lang='grc' dir='ltr'>ς’.</span> 
     </span>
    </p>
   </div>
   <div class='ocr_carea' id='block_1_20' title="bbox 295 1477 1927 1558">
    <p class='ocr_par' dir='ltr' id='par_1_20' title="bbox 295 1485 1618 1555">
     <span class='ocr_line' id='line_1_23' title="bbox 295 1485 1618 1555; baseline 0.002 -16"><span class='ocrx_word' id='word_1_146' title='bbox 295 1486 387 1540; x_wconf 78' lang='grc'>40.</span> <span class='ocrx_word' id='word_1_147' title='bbox 422 1485 702 1555; x_wconf 88' lang='lat' dir='ltr'>Cyrillus,</span> <span class='ocrx_word' id='word_1_148' title='bbox 1308 1505 1499 1545; x_wconf 86' lang='lat' dir='ltr'>annos</span> <span class='ocrx_word' id='word_1_149' title='bbox 1531 1489 1618 1543; x_wconf 82' lang='lat'>12.</span> 
     </span>
    </p>
   </div>
   <div class='ocr_carea' id='block_1_21' title="bbox 1610 1477 3242 1558">
    <p class='ocr_par' dir='ltr' id='par_1_21' title="bbox 1610 1477 3242 1558">
     <span class='ocr_line' id='line_1_24' title="bbox 1610 1477 3242 1558; baseline -0.002 -17"><span class='ocrx_word' id='word_1_150' title='bbox 1610 1528 1618 1543; x_wconf 90' lang='lat'>.</span> <span class='ocrx_word' id='word_1_151' title='bbox 2127 1489 2200 1558; x_wconf 80' lang='grc' dir='ltr'>μ“.</span> <span class='ocrx_word' id='word_1_152' title='bbox 2234 1479 2535 1558; x_wconf 83' lang='grc' dir='ltr'>Κύριλλος,</span> <span class='ocrx_word' id='word_1_153' title='bbox 3019 1477 3114 1553; x_wconf 80' lang='grc' dir='ltr'>ἔτη</span> <span class='ocrx_word' id='word_1_154' title='bbox 3150 1481 3242 1557; x_wconf 84' lang='grc' dir='ltr'>ιβ’.</span> 
     </span>
    </p>
   </div>
   <div class='ocr_carea' id='block_1_22' title="bbox 299 1566 1931 1647">
    <p class='ocr_par' dir='ltr' id='par_1_22' title="bbox 299 1574 1581 1644">
     <span class='ocr_line' id='line_1_25' title="bbox 299 1574 1581 1644; baseline 0.005 -18"><span class='ocrx_word' id='word_1_155' title='bbox 299 1575 387 1627; x_wconf 72' lang='grc'><strong>41.</strong></span> <span class='ocrx_word' id='word_1_156' title='bbox 414 1574 740 1644; x_wconf 86' lang='lat' dir='ltr'>Heraclius,</span> <span class='ocrx_word' id='word_1_157' title='bbox 1313 1593 1505 1634; x_wconf 88' lang='lat' dir='ltr'>annos</span> <span class='ocrx_word' id='word_1_158' title='bbox 1530 1580 1581 1633; x_wconf 87' lang='lat'>6.</span> 
     </span>
    </p>
   </div>
   <div class='ocr_carea' id='block_1_23' title="bbox 1589 1566 3221 1647">
    <p class='ocr_par' dir='ltr' id='par_1_23' title="bbox 1980 1566 3221 1647">
     <span class='ocr_line' id='line_1_26' title="bbox 1980 1566 3221 1647; baseline 0 -19"><span class='ocrx_word' id='word_1_159' title='bbox 1980 1634 2024 1647; x_wconf 46' lang='lat' dir='ltr'><strong>ﬁ</strong></span> <span class='ocrx_word' id='word_1_160' title='bbox 2131 1572 2241 1646; x_wconf 81' lang='grc' dir='ltr'>μα“.</span> <span class='ocrx_word' id='word_1_161' title='bbox 2264 1568 2614 1647; x_wconf 77' lang='grc' dir='ltr'>Ἡράκλειος,</span> <span class='ocrx_word' id='word_1_162' title='bbox 3032 1566 3127 1642; x_wconf 78' lang='grc' dir='ltr'>ἔτη</span> <span class='ocrx_word' id='word_1_163' title='bbox 3161 1571 3221 1633; x_wconf 84' lang='grc' dir='ltr'>ς“.</span> 
     </span>
    </p>
   </div>
   <div class='ocr_carea' id='block_1_24' title="bbox 644 1634 2276 1736">
    <p class='ocr_par' dir='ltr' id='par_1_24' title="bbox 644 1634 2029 1723">
     <span class='ocr_line' id='line_1_27' title="bbox 644 1634 2029 1723; baseline 0.006 -6"><span class='ocrx_word' id='word_1_164' title='bbox 644 1663 749 1719; x_wconf 86' lang='lat' dir='ltr'>Isti</span> <span class='ocrx_word' id='word_1_165' title='bbox 779 1680 991 1722; x_wconf 90' lang='lat' dir='ltr'>omnes</span> <span class='ocrx_word' id='word_1_166' title='bbox 1021 1681 1091 1722; x_wconf 82' lang='lat' dir='ltr'>ex</span> <span class='ocrx_word' id='word_1_167' title='bbox 1129 1665 1605 1723; x_wconf 87' lang='lat' dir='ltr'>circumcisione.</span> <span class='ocrx_word' id='word_1_168' title='bbox 1980 1634 2029 1698; x_wconf 71' lang='grc' dir='ltr'>Β</span> 
     </span>
    </p>
   </div>
   <div class='ocr_carea' id='block_1_25' title="bbox 1672 1634 3304 1736">
    <p class='ocr_par' dir='ltr' id='par_1_25' title="bbox 1980 1634 3304 1736">
     <span class='ocr_line' id='line_1_28' title="bbox 1980 1634 3304 1736; baseline 0.008 -28"><span class='ocrx_word' id='word_1_169' title='bbox 1980 1634 2029 1698; x_wconf 73' lang='grc' dir='ltr'>Β</span> <span class='ocrx_word' id='word_1_170' title='bbox 2131 1634 2143 1646; x_wconf 45' lang='grc'><strong>1</strong></span> <span class='ocrx_word' id='word_1_171' title='bbox 2334 1634 2343 1647; x_wconf 49' lang='grc' dir='ltr'><strong>Ι</strong></span> <span class='ocrx_word' id='word_1_172' title='bbox 2478 1634 2647 1718; x_wconf 83' lang='grc' dir='ltr'>Οὗτοι</span> <span class='ocrx_word' id='word_1_173' title='bbox 2675 1660 2867 1724; x_wconf 81' lang='grc' dir='ltr'>πάντες</span> <span class='ocrx_word' id='word_1_174' title='bbox 2895 1658 2956 1716; x_wconf 77' lang='grc' dir='ltr'>ἐκ</span> <span class='ocrx_word' id='word_1_175' title='bbox 2979 1634 3304 1736; x_wconf 73' lang='grc' dir='ltr'>περιτομῆς.</span> 
     </span>
    </p>
   </div>
   <div class='ocr_carea' id='block_1_26' title="bbox 309 1745 1941 1827">
    <p class='ocr_par' dir='ltr' id='par_1_26' title="bbox 309 1750 1639 1820">
     <span class='ocr_line' id='line_1_29' title="bbox 309 1750 1639 1820; baseline 0.005 -15"><span class='ocrx_word' id='word_1_176' title='bbox 309 1753 398 1807; x_wconf 80' lang='grc'>42.</span> <span class='ocrx_word' id='word_1_177' title='bbox 433 1750 759 1820; x_wconf 84' lang='lat' dir='ltr'>Helladius,</span> <span class='ocrx_word' id='word_1_178' title='bbox 1335 1772 1524 1811; x_wconf 87' lang='lat' dir='ltr'>annos</span> <span class='ocrx_word' id='word_1_179' title='bbox 1552 1759 1639 1812; x_wconf 88' lang='lat'>12.</span> 
     </span>
    </p>
   </div>
   <div class='ocr_carea' id='block_1_27' title="bbox 1619 1745 3251 1827">
    <p class='ocr_par' dir='ltr' id='par_1_27' title="bbox 1624 1745 3251 1827">
     <span class='ocr_line' id='line_1_30' title="bbox 1624 1745 3251 1827; baseline 0.001 -20"><span class='ocrx_word' id='word_1_180' title='bbox 1624 1798 1639 1812; x_wconf 89' lang='lat'>.</span> <span class='ocrx_word' id='word_1_181' title='bbox 2139 1751 2252 1827; x_wconf 79' lang='grc' dir='ltr'>μβ“.</span> <span class='ocrx_word' id='word_1_182' title='bbox 2284 1747 2603 1822; x_wconf 84' lang='grc' dir='ltr'>Ἐλλάδιος,</span> <span class='ocrx_word' id='word_1_183' title='bbox 3030 1745 3124 1821; x_wconf 74' lang='grc' dir='ltr'>ἔτη</span> <span class='ocrx_word' id='word_1_184' title='bbox 3160 1750 3251 1826; x_wconf 70' lang='grc' dir='ltr'>ιβ’.</span> 
     </span>
    </p>
   </div>
   <div class='ocr_carea' id='block_1_28' title="bbox 309 1835 1941 1917">
    <p class='ocr_par' dir='ltr' id='par_1_28' title="bbox 309 1840 1651 1912">
     <span class='ocr_line' id='line_1_31' title="bbox 309 1840 1651 1912; baseline 0.006 -19"><span class='ocrx_word' id='word_1_185' title='bbox 309 1841 399 1894; x_wconf 84' lang='grc'>43.</span> <span class='ocrx_word' id='word_1_186' title='bbox 424 1840 700 1912; x_wconf 82' lang='lat' dir='ltr'>Cyrillus,</span> <span class='ocrx_word' id='word_1_187' title='bbox 1343 1862 1534 1901; x_wconf 85' lang='lat' dir='ltr'>annos</span> <span class='ocrx_word' id='word_1_188' title='bbox 1563 1847 1651 1901; x_wconf 87' lang='lat'>35.</span> 
     </span>
    </p>
   </div>
   <div class='ocr_carea' id='block_1_29' title="bbox 1632 1835 3264 1917">
    <p class='ocr_par' dir='ltr' id='par_1_29' title="bbox 1637 1835 3264 1917">
     <span class='ocr_line' id='line_1_32' title="bbox 1637 1835 3264 1917; baseline -0.002 -17"><span class='ocrx_word' id='word_1_189' title='bbox 1637 1887 1651 1900; x_wconf 92' lang='lat'>.</span> <span class='ocrx_word' id='word_1_190' title='bbox 2140 1842 2247 1917; x_wconf 87' lang='grc' dir='ltr'>μγ’.</span> <span class='ocrx_word' id='word_1_191' title='bbox 2282 1839 2581 1917; x_wconf 87' lang='grc' dir='ltr'>Κύριλλος,</span> <span class='ocrx_word' id='word_1_192' title='bbox 3034 1835 3128 1913; x_wconf 80' lang='grc' dir='ltr'>ἔτη</span> <span class='ocrx_word' id='word_1_193' title='bbox 3162 1839 3264 1901; x_wconf 88' lang='grc' dir='ltr'>λε’.</span> 
     </span>
    </p>
   </div>
   <div class='ocr_carea' id='block_1_30' title="bbox 320 1927 1952 2007">
    <p class='ocr_par' dir='ltr' id='par_1_30' title="bbox 320 1930 1623 1999">
     <span class='ocr_line' id='line_1_33' title="bbox 320 1930 1623 1999; baseline 0.006 -17"><span class='ocrx_word' id='word_1_194' title='bbox 320 1930 409 1983; x_wconf 78' lang='grc'>44.</span> <span class='ocrx_word' id='word_1_195' title='bbox 431 1930 709 1999; x_wconf 87' lang='lat' dir='ltr'><strong>Joannes,</strong></span> <span class='ocrx_word' id='word_1_196' title='bbox 1352 1951 1542 1992; x_wconf 88' lang='lat' dir='ltr'>annos</span> <span class='ocrx_word' id='word_1_197' title='bbox 1571 1937 1623 1991; x_wconf 87' lang='lat'>6.</span> 
     </span>
    </p>
   </div>
   <div class='ocr_carea' id='block_1_31' title="bbox 1587 1927 3219 2007">
    <p class='ocr_par' dir='ltr' id='par_1_31' title="bbox 1587 1927 3219 2007">
     <span class='ocr_line' id='line_1_34' title="bbox 1587 1927 3219 2007; baseline 0 -17"><span class='ocrx_word' id='word_1_198' title='bbox 1587 1937 1623 1991; x_wconf 67' lang='grc' dir='ltr'>ἱ.</span> <span class='ocrx_word' id='word_1_199' title='bbox 2145 1930 2251 2007; x_wconf 85' lang='grc' dir='ltr'>μδ’.</span> <span class='ocrx_word' id='word_1_200' title='bbox 2286 1933 2566 2003; x_wconf 81' lang='grc' dir='ltr'>Ἰωάννης,</span> <span class='ocrx_word' id='word_1_201' title='bbox 3035 1927 3129 2004; x_wconf 78' lang='grc' dir='ltr'>ἔτη</span> <span class='ocrx_word' id='word_1_202' title='bbox 3164 1936 3219 1996; x_wconf 71' lang='grc' dir='ltr'>ς’.</span> 
     </span>
    </p>
   </div>
   <div class='ocr_carea' id='block_1_32' title="bbox 750 2058 3287 2127">
    <p class='ocr_par' dir='ltr' id='par_1_32' title="bbox 750 2058 3287 2127">
     <span class='ocr_line' id='line_1_35' title="bbox 750 2058 3287 2127; baseline -0 -18"><span class='ocrx_word' id='word_1_203' title='bbox 750 2059 812 2109; x_wconf 85' lang='lat' dir='ltr'>S.</span> <span class='ocrx_word' id='word_1_204' title='bbox 842 2058 1122 2110; x_wconf 71' lang='lat' dir='ltr'>Maximus</span> <span class='ocrx_word' id='word_1_205' title='bbox 1148 2059 1332 2123; x_wconf 89' lang='lat' dir='ltr'>abbas,</span> <span class='ocrx_word' id='word_1_206' title='bbox 1364 2062 1424 2113; x_wconf 89' lang='lat' dir='ltr'>in</span> <span class='ocrx_word' id='word_1_207' title='bbox 1454 2070 1597 2112; x_wconf 86' lang='lat' dir='ltr'>tomo</span> <span class='ocrx_word' id='word_1_208' title='bbox 1628 2061 1872 2127; x_wconf 82' lang='lat' dir='ltr'>Dogmat.</span> <span class='ocrx_word' id='word_1_209' title='bbox 1904 2062 1977 2113; x_wconf 85' lang='lat' dir='ltr'>ad</span> <span class='ocrx_word' id='word_1_210' title='bbox 2004 2061 2352 2125; x_wconf 79' lang='lat' dir='ltr'>Stephanum</span> <span class='ocrx_word' id='word_1_211' title='bbox 2398 2063 2724 2121; x_wconf 88' lang='lat' dir='ltr'>Dorensem,</span> <span class='ocrx_word' id='word_1_212' title='bbox 2761 2068 2890 2111; x_wconf 83' lang='lat' dir='ltr'>tom.</span> <span class='ocrx_word' id='word_1_213' title='bbox 2933 2060 3019 2118; x_wconf 88' lang='lat' dir='ltr'>II,</span> <span class='ocrx_word' id='word_1_214' title='bbox 3040 2075 3176 2124; x_wconf 89' lang='lat' dir='ltr'>pag.</span> <span class='ocrx_word' id='word_1_215' title='bbox 3206 2059 3287 2118; x_wconf 87' lang='lat'>88,</span> 
     </span>
    </p>
   </div>
   <div class='ocr_carea' id='block_1_33' title="bbox 392 2145 2024 2226">
    <p class='ocr_par' dir='ltr' id='par_1_33' title="bbox 392 2147 1965 2226">
     <span class='ocr_line' id='line_1_36' title="bbox 392 2147 1965 2226; baseline 0.004 -25"><span class='ocrx_word' id='word_1_216' title='bbox 392 2147 938 2222; x_wconf 84' lang='lat' dir='ltr'>Hierosolymorum</span> <span class='ocrx_word' id='word_1_217' title='bbox 970 2167 1206 2223; x_wconf 86' lang='lat' dir='ltr'>quoque</span> <span class='ocrx_word' id='word_1_218' title='bbox 1237 2153 1487 2209; x_wconf 81' lang='lat' dir='ltr'>antistes</span> <span class='ocrx_word' id='word_1_219' title='bbox 1544 2152 1819 2226; x_wconf 85' lang='lat' dir='ltr'>Cyrillus,</span> <span class='ocrx_word' id='word_1_220' title='bbox 1876 2153 1965 2208; x_wconf 87' lang='lat' dir='ltr'>vir</span> 
     </span>
    </p>
   </div>
   <div class='ocr_carea' id='block_1_34' title="bbox 2096 2145 3728 2226">
    <p class='ocr_par' dir='ltr' id='par_1_34' title="bbox 2148 2145 3728 2225">
     <span class='ocr_line' id='line_1_37' title="bbox 2148 2145 3728 2225; baseline -0.004 -18"><span class='ocrx_word' id='word_1_221' title='bbox 2148 2149 2252 2207; x_wconf 86' lang='grc' dir='ltr'>Καὶ</span> <span class='ocrx_word' id='word_1_222' title='bbox 2285 2151 2393 2222; x_wconf 80' lang='grc' dir='ltr'>μὴν</span> <span class='ocrx_word' id='word_1_223' title='bbox 2452 2151 2481 2206; x_wconf 86' lang='grc' dir='ltr'>ὁ</span> <span class='ocrx_word' id='word_1_224' title='bbox 2530 2153 2629 2216; x_wconf 84' lang='grc' dir='ltr'>τῆς</span> <span class='ocrx_word' id='word_1_225' title='bbox 2685 2147 3090 2225; x_wconf 84' lang='grc' dir='ltr'>Ἱεροσολύμων</span> <span class='ocrx_word' id='word_1_226' title='bbox 3150 2147 3417 2224; x_wconf 76' lang='grc' dir='ltr'>ἱεράρχης</span> <span class='ocrx_word' id='word_1_227' title='bbox 3446 2145 3728 2223; x_wconf 89' lang='grc' dir='ltr'>Κύριλλος</span> 
     </span>
    </p>
   </div>
   <div class='ocr_carea' id='block_1_35' title="bbox 318 2234 1950 2317">
    <p class='ocr_par' dir='ltr' id='par_1_35' title="bbox 318 2239 1950 2317">
     <span class='ocr_line' id='line_1_38' title="bbox 318 2239 1950 2317; baseline 0.002 -25"><span class='ocrx_word' id='word_1_228' title='bbox 318 2239 695 2309; x_wconf 81' lang='lat' dir='ltr'>venerabilis,</span> <span class='ocrx_word' id='word_1_229' title='bbox 728 2240 792 2295; x_wconf 94' lang='lat' dir='ltr'>in</span> <span class='ocrx_word' id='word_1_230' title='bbox 814 2240 1083 2297; x_wconf 89' lang='lat' dir='ltr'>oratione</span> <span class='ocrx_word' id='word_1_231' title='bbox 1115 2241 1188 2299; x_wconf 92' lang='lat' dir='ltr'>de</span> <span class='ocrx_word' id='word_1_232' title='bbox 1217 2243 1570 2317; x_wconf 84' lang='lat' dir='ltr'>evangelicis</span> <span class='ocrx_word' id='word_1_233' title='bbox 1613 2242 1829 2311; x_wconf 85' lang='lat' dir='ltr'>verbis,</span> <span class='ocrx_word' id='word_1_234' title='bbox 1860 2242 1950 2298; x_wconf 78' lang='lat' dir='ltr'>ubi</span> 
     </span>
    </p>
   </div>
   <div class='ocr_carea' id='block_1_36' title="bbox 2093 2234 3725 2317">
    <p class='ocr_par' dir='ltr' id='par_1_36' title="bbox 2093 2234 3725 2313">
     <span class='ocr_line' id='line_1_39' title="bbox 2093 2234 3725 2313; baseline -0.002 -21"><span class='ocrx_word' id='word_1_235' title='bbox 2093 2234 2414 2311; x_wconf 69' lang='grc' dir='ltr'>ιᾶοίδιμος,</span> <span class='ocrx_word' id='word_1_236' title='bbox 2446 2235 2499 2292; x_wconf 80' lang='grc' dir='ltr'>ἐν</span> <span class='ocrx_word' id='word_1_237' title='bbox 2556 2242 2637 2310; x_wconf 80' lang='grc' dir='ltr'>τῷ</span> <span class='ocrx_word' id='word_1_238' title='bbox 2694 2237 2770 2300; x_wconf 85' lang='grc' dir='ltr'>είς</span> <span class='ocrx_word' id='word_1_239' title='bbox 2829 2237 2892 2293; x_wconf 84' lang='grc' dir='ltr'>τὸ</span> <span class='ocrx_word' id='word_1_240' title='bbox 2953 2234 3305 2312; x_wconf 78' lang='grc' dir='ltr'>εύαγγελικὸν</span> <span class='ocrx_word' id='word_1_241' title='bbox 3358 2235 3520 2313; x_wconf 76' lang='grc' dir='ltr'>ῥητὸν</span> <span class='ocrx_word' id='word_1_242' title='bbox 3549 2234 3725 2312; x_wconf 82' lang='grc' dir='ltr'>λόγῳ,</span> 
     </span>
    </p>
   </div>
   <div class='ocr_carea' id='block_1_37' title="bbox 318 2323 1950 2407">
    <p class='ocr_par' dir='ltr' id='par_1_37' title="bbox 318 2330 1950 2407">
     <span class='ocr_line' id='line_1_40' title="bbox 318 2330 1950 2407; baseline 0.004 -24"><span class='ocrx_word' id='word_1_243' title='bbox 318 2330 607 2385; x_wconf 90' lang='lat' dir='ltr'>Dominus</span> <span class='ocrx_word' id='word_1_244' title='bbox 638 2348 857 2402; x_wconf 84' lang='lat' dir='ltr'>aquam</span> <span class='ocrx_word' id='word_1_245' title='bbox 887 2332 1090 2389; x_wconf 89' lang='lat' dir='ltr'>vinum</span> <span class='ocrx_word' id='word_1_246' title='bbox 1119 2333 1457 2407; x_wconf 61' lang='lat' dir='ltr'>fecitcujus</span> <span class='ocrx_word' id='word_1_247' title='bbox 1487 2334 1761 2393; x_wconf 85' lang='lat' dir='ltr'>initium:</span> <span class='ocrx_word' id='word_1_248' title='bbox 1792 2336 1950 2391; x_wconf 81' lang='lat' dir='ltr'>Mira-</span> 
     </span>
    </p>
   </div>
   <div class='ocr_carea' id='block_1_38' title="bbox 2098 2323 3730 2407">
    <p class='ocr_par' dir='ltr' id='par_1_38' title="bbox 2098 2323 3730 2403">
     <span class='ocr_line' id='line_1_41' title="bbox 2098 2323 3730 2403; baseline 0.002 -23"><span class='ocrx_word' id='word_1_249' title='bbox 2098 2324 2203 2383; x_wconf 76' lang='grc' dir='ltr'>ἷνθα</span> <span class='ocrx_word' id='word_1_250' title='bbox 2231 2329 2260 2383; x_wconf 85' lang='grc' dir='ltr'>ὁ</span> <span class='ocrx_word' id='word_1_251' title='bbox 2291 2326 2495 2403; x_wconf 87' lang='grc' dir='ltr'>Κύριος</span> <span class='ocrx_word' id='word_1_252' title='bbox 2526 2328 2588 2384; x_wconf 86' lang='grc' dir='ltr'>τὸ</span> <span class='ocrx_word' id='word_1_253' title='bbox 2620 2323 2765 2402; x_wconf 76' lang='grc' dir='ltr'>ὕδωρ</span> <span class='ocrx_word' id='word_1_254' title='bbox 2816 2328 2961 2383; x_wconf 78' lang='grc' dir='ltr'>οῐνον</span> <span class='ocrx_word' id='word_1_255' title='bbox 3018 2326 3299 2398; x_wconf 77' lang='grc' dir='ltr'>ἐποίησεν,</span> <span class='ocrx_word' id='word_1_256' title='bbox 3350 2326 3411 2381; x_wconf 83' lang='grc' dir='ltr'>οὗ</span> <span class='ocrx_word' id='word_1_257' title='bbox 3459 2328 3494 2396; x_wconf 84' lang='grc' dir='ltr'><strong>ἡ</strong></span> <span class='ocrx_word' id='word_1_258' title='bbox 3555 2326 3730 2402; x_wconf 81' lang='grc' dir='ltr'>ἀρχὴ,</span> 
     </span>
    </p>
   </div>
   <div class='ocr_carea' id='block_1_39' title="bbox 321 2415 1953 2495">
    <p class='ocr_par' dir='ltr' id='par_1_39' title="bbox 321 2419 1953 2495">
     <span class='ocr_line' id='line_1_42' title="bbox 321 2419 1953 2495; baseline 0.003 -22"><span class='ocrx_word' id='word_1_259' title='bbox 321 2419 524 2487; x_wconf 81' lang='lat' dir='ltr'>culum,</span> <span class='ocrx_word' id='word_1_260' title='bbox 557 2426 608 2474; x_wconf 89' lang='lat' dir='ltr'>et</span> <span class='ocrx_word' id='word_1_261' title='bbox 636 2420 779 2475; x_wconf 86' lang='lat' dir='ltr'>illud</span> <span class='ocrx_word' id='word_1_262' title='bbox 806 2437 1024 2492; x_wconf 88' lang='lat' dir='ltr'>quoque</span> <span class='ocrx_word' id='word_1_263' title='bbox 1051 2425 1380 2480; x_wconf 78' lang='lat' dir='ltr'>miraculum</span> <span class='ocrx_word' id='word_1_264' title='bbox 1417 2424 1524 2495; x_wconf 88' lang='lat' dir='ltr'>(sic</span> <span class='ocrx_word' id='word_1_265' title='bbox 1547 2423 1745 2490; x_wconf 85' lang='lat' dir='ltr'>habet)</span> <span class='ocrx_word' id='word_1_266' title='bbox 1773 2439 1786 2478; x_wconf 91' lang='lat'><strong>:</strong></span> <span class='ocrx_word' id='word_1_267' title='bbox 1816 2447 1836 2472; x_wconf 81' lang='grc' dir='ltr'>ι</span> <span class='ocrx_word' id='word_1_268' title='bbox 1864 2425 1953 2479; x_wconf 75' lang='grc' dir='ltr'>Νει·</span> 
     </span>
    </p>
   </div>
   <div class='ocr_carea' id='block_1_40' title="bbox 2102 2415 3734 2495">
    <p class='ocr_par' dir='ltr' id='par_1_40' title="bbox 2102 2415 3734 2493">
     <span class='ocr_line' id='line_1_43' title="bbox 2102 2415 3734 2493; baseline -0.002 -20"><span class='ocrx_word' id='word_1_269' title='bbox 2102 2422 2291 2492; x_wconf 54' lang='lat' dir='ltr'>toﬁna,</span> <span class='ocrx_word' id='word_1_270' title='bbox 2322 2417 2414 2473; x_wconf 78' lang='grc' dir='ltr'>καὶ</span> <span class='ocrx_word' id='word_1_271' title='bbox 2440 2420 2602 2473; x_wconf 81' lang='grc' dir='ltr'>τοῦτο</span> <span class='ocrx_word' id='word_1_272' title='bbox 2630 2421 2832 2491; x_wconf 70' lang='grc' dir='ltr'>θαῦμασ</span> <span class='ocrx_word' id='word_1_273' title='bbox 2871 2438 2894 2468; x_wconf 74' lang='grc' dir='ltr'>ι</span> <span class='ocrx_word' id='word_1_274' title='bbox 2926 2418 3250 2493; x_wconf 74' lang='grc' dir='ltr'>Ἐγεννήθη,</span> <span class='ocrx_word' id='word_1_275' title='bbox 3280 2415 3734 2492; x_wconf 83' lang='grc' dir='ltr'>ἐθαυματούργη-</span> 
     </span>
    </p>
   </div>
   <div class='ocr_carea' id='block_1_41' title="bbox 324 2508 1956 2584">
    <p class='ocr_par' dir='ltr' id='par_1_41' title="bbox 324 2509 1948 2584">
     <span class='ocr_line' id='line_1_44' title="bbox 324 2509 1948 2584; baseline 0.003 -23"><span class='ocrx_word' id='word_1_276' title='bbox 324 2512 418 2562; x_wconf 87' lang='lat' dir='ltr'>tus</span> <span class='ocrx_word' id='word_1_277' title='bbox 441 2513 551 2575; x_wconf 88' lang='lat' dir='ltr'>est,</span> <span class='ocrx_word' id='word_1_278' title='bbox 583 2509 872 2565; x_wconf 88' lang='lat' dir='ltr'>miracula</span> <span class='ocrx_word' id='word_1_279' title='bbox 899 2510 1060 2581; x_wconf 83' lang='lat' dir='ltr'>fecit,</span> <span class='ocrx_word' id='word_1_280' title='bbox 1091 2532 1120 2561; x_wconf 76' lang='lat' dir='ltr'>n</span> <span class='ocrx_word' id='word_1_281' title='bbox 1151 2516 1264 2567; x_wconf 89' lang='lat' dir='ltr'>etc.</span> <span class='ocrx_word' id='word_1_282' title='bbox 1300 2511 1428 2568; x_wconf 83' lang='lat' dir='ltr'>Vid.</span> <span class='ocrx_word' id='word_1_283' title='bbox 1484 2511 1629 2584; x_wconf 83' lang='lat' dir='ltr'>frag.</span> <span class='ocrx_word' id='word_1_284' title='bbox 1680 2527 1812 2584; x_wconf 86' lang='lat' dir='ltr'>pag.</span> <span class='ocrx_word' id='word_1_285' title='bbox 1846 2511 1948 2567; x_wconf 84' lang='lat'><strong>357</strong></span> 
     </span>
    </p>
   </div>
   <div class='ocr_carea' id='block_1_42' title="bbox 870 2508 2502 2584">
    <p class='ocr_par' dir='ltr' id='par_1_42' title="bbox 870 2508 2502 2584">
     <span class='ocr_line' id='line_1_45' title="bbox 870 2508 2502 2584; baseline 0.002 -22"><span class='ocrx_word' id='word_1_286' title='bbox 870 2510 1060 2581; x_wconf 76' lang='lat' dir='ltr'>,fecit,</span> <span class='ocrx_word' id='word_1_287' title='bbox 1091 2532 1120 2561; x_wconf 76' lang='lat' dir='ltr'>n</span> <span class='ocrx_word' id='word_1_288' title='bbox 1151 2516 1264 2567; x_wconf 89' lang='lat' dir='ltr'>etc.</span> <span class='ocrx_word' id='word_1_289' title='bbox 1300 2511 1428 2568; x_wconf 83' lang='lat' dir='ltr'>Vid.</span> <span class='ocrx_word' id='word_1_290' title='bbox 1484 2511 1629 2584; x_wconf 83' lang='lat' dir='ltr'>frag.</span> <span class='ocrx_word' id='word_1_291' title='bbox 1680 2527 1812 2584; x_wconf 86' lang='lat' dir='ltr'>pag.</span> <span class='ocrx_word' id='word_1_292' title='bbox 1846 2511 1970 2579; x_wconf 83' lang='lat'><strong>357,</strong></span> <span class='ocrx_word' id='word_1_293' title='bbox 2081 2529 2191 2579; x_wconf 88' lang='grc' dir='ltr'>σεν,</span> <span class='ocrx_word' id='word_1_294' title='bbox 2227 2532 2255 2560; x_wconf 86' lang='lat'><strong>»</strong></span> <span class='ocrx_word' id='word_1_295' title='bbox 2286 2529 2338 2565; x_wconf 86' lang='grc' dir='ltr'>κ.</span> <span class='ocrx_word' id='word_1_296' title='bbox 2369 2529 2421 2565; x_wconf 86' lang='grc' dir='ltr'>τ.</span> <span class='ocrx_word' id='word_1_297' title='bbox 2447 2508 2502 2564; x_wconf 88' lang='grc' dir='ltr'>λ.</span> 
     </span>
    </p>
   </div>
   <div class='ocr_carea' id='block_1_43' title="bbox 329 2599 452 2653">
    <p class='ocr_par' dir='ltr' id='par_1_43' title="bbox 329 2599 452 2653">
     <span class='ocr_line' id='line_1_46' title="bbox 329 2599 452 2653; baseline 0.016 -2"><span class='ocrx_word' id='word_1_298' title='bbox 329 2599 452 2653; x_wconf 78' lang='grc'>358.</span> 
     </span>
    </p>
   </div>
   <div class='ocr_carea' id='block_1_44' title="bbox 1321 2694 2737 2758">
    <p class='ocr_par' dir='ltr' id='par_1_44' title="bbox 1321 2694 2737 2758">
     <span class='ocr_line' id='line_1_47' title="bbox 1321 2694 2737 2758; baseline 0 -14"><span class='ocrx_word' id='word_1_299' title='bbox 1321 2695 1479 2745; x_wconf 84' lang='lat' dir='ltr'>Idem</span> <span class='ocrx_word' id='word_1_300' title='bbox 1507 2696 1572 2746; x_wconf 87' lang='lat' dir='ltr'>in</span> <span class='ocrx_word' id='word_1_301' title='bbox 1600 2694 1953 2745; x_wconf 76' lang='lat' dir='ltr'>sermonibus</span> <span class='ocrx_word' id='word_1_302' title='bbox 1972 2710 2080 2758; x_wconf 87' lang='lat' dir='ltr'>per</span> <span class='ocrx_word' id='word_1_303' title='bbox 2125 2704 2400 2758; x_wconf 74' lang='lat' dir='ltr'>excerpta.</span> <span class='ocrx_word' id='word_1_304' title='bbox 2451 2711 2618 2746; x_wconf 89' lang='lat' dir='ltr'>serm.</span> <span class='ocrx_word' id='word_1_305' title='bbox 2658 2694 2737 2746; x_wconf 79' lang='lat'><strong>23.</strong></span> 
     </span>
    </p>
   </div>
   <div class='ocr_carea' id='block_1_45' title="bbox 405 2779 2037 2861">
    <p class='ocr_par' dir='ltr' id='par_1_45' title="bbox 405 2782 1982 2856">
     <span class='ocr_line' id='line_1_48' title="bbox 405 2782 1982 2856; baseline 0.003 -18"><span class='ocrx_word' id='word_1_306' title='bbox 405 2782 628 2855; x_wconf 88' lang='lat' dir='ltr'>Cyrilli.</span> <span class='ocrx_word' id='word_1_307' title='bbox 690 2783 1131 2840; x_wconf 83' lang='lat' dir='ltr'>Christianorum</span> <span class='ocrx_word' id='word_1_308' title='bbox 1174 2786 1367 2856; x_wconf 83' lang='lat' dir='ltr'>prima</span> <span class='ocrx_word' id='word_1_309' title='bbox 1422 2788 1481 2842; x_wconf 88' lang='lat' dir='ltr'>in</span> <span class='ocrx_word' id='word_1_310' title='bbox 1562 2789 1787 2842; x_wconf 83' lang='lat' dir='ltr'>virtutis</span> <span class='ocrx_word' id='word_1_311' title='bbox 1867 2788 1982 2842; x_wconf 89' lang='lat' dir='ltr'>loco</span> 
     </span>
    </p>
   </div>
   <div class='ocr_carea' id='block_1_46' title="bbox 2099 2779 3731 2861">
    <p class='ocr_par' dir='ltr' id='par_1_46' title="bbox 2163 2779 3731 2861">
     <span class='ocr_line' id='line_1_49' title="bbox 2163 2779 3731 2861; baseline -0.003 -19"><span class='ocrx_word' id='word_1_312' title='bbox 2163 2783 2327 2859; x_wconf 79' lang='grc' dir='ltr'>Κυρί)</span> <span class='ocrx_word' id='word_1_313' title='bbox 2343 2784 2463 2843; x_wconf 89' lang='grc' dir='ltr'>λου.</span> <span class='ocrx_word' id='word_1_314' title='bbox 2496 2787 2840 2858; x_wconf 84' lang='grc' dir='ltr'>Χριστιανῶν</span> <span class='ocrx_word' id='word_1_315' title='bbox 2872 2779 3113 2841; x_wconf 75' lang='grc' dir='ltr'>εὐσέϐεια</span> <span class='ocrx_word' id='word_1_316' title='bbox 3134 2784 3382 2861; x_wconf 81' lang='grc' dir='ltr'>ἐναρετος</span> <span class='ocrx_word' id='word_1_317' title='bbox 3421 2783 3638 2858; x_wconf 81' lang='grc' dir='ltr'>πρώτη,</span> <span class='ocrx_word' id='word_1_318' title='bbox 3667 2784 3731 2838; x_wconf 84' lang='grc' dir='ltr'>τὸ</span> 
     </span>
    </p>
   </div>
   <div class='ocr_carea' id='block_1_47' title="bbox 324 2871 1956 2951">
    <p class='ocr_par' dir='ltr' id='par_1_47' title="bbox 324 2872 1956 2945">
     <span class='ocr_line' id='line_1_50' title="bbox 324 2872 1956 2945; baseline 0.001 -17"><span class='ocrx_word' id='word_1_319' title='bbox 324 2875 524 2943; x_wconf 82' lang='lat' dir='ltr'>pietas,</span> <span class='ocrx_word' id='word_1_320' title='bbox 560 2872 838 2928; x_wconf 83' lang='lat' dir='ltr'>honorare</span> <span class='ocrx_word' id='word_1_321' title='bbox 857 2879 1137 2943; x_wconf 86' lang='lat' dir='ltr'>parentes,</span> <span class='ocrx_word' id='word_1_322' title='bbox 1167 2879 1278 2943; x_wconf 90' lang='lat' dir='ltr'>etc,</span> <span class='ocrx_word' id='word_1_323' title='bbox 1313 2892 1328 2943; x_wconf 88' lang='lat'><strong>;</strong></span> <span class='ocrx_word' id='word_1_324' title='bbox 1368 2880 1434 2930; x_wconf 88' lang='lat' dir='ltr'>ut</span> <span class='ocrx_word' id='word_1_325' title='bbox 1462 2880 1574 2931; x_wconf 89' lang='lat' dir='ltr'>cat.</span> <span class='ocrx_word' id='word_1_326' title='bbox 1607 2880 1661 2945; x_wconf 89' lang='lat'>7,</span> <span class='ocrx_word' id='word_1_327' title='bbox 1692 2891 1857 2932; x_wconf 90' lang='lat' dir='ltr'>num.</span> <span class='ocrx_word' id='word_1_328' title='bbox 1893 2877 1956 2930; x_wconf 88' lang='lat'>16</span> 
     </span>
    </p>
   </div>
   <div class='ocr_carea' id='block_1_48' title="bbox 1401 2871 3033 2951">
    <p class='ocr_par' dir='ltr' id='par_1_48' title="bbox 1401 2871 3033 2951">
     <span class='ocr_line' id='line_1_51' title="bbox 1401 2871 3033 2951; baseline 0.001 -22"><span class='ocrx_word' id='word_1_329' title='bbox 1401 2880 1434 2930; x_wconf 39' lang='lat' dir='ltr'>.t</span> <span class='ocrx_word' id='word_1_330' title='bbox 1462 2880 1574 2931; x_wconf 89' lang='lat' dir='ltr'>cat.</span> <span class='ocrx_word' id='word_1_331' title='bbox 1607 2880 1661 2945; x_wconf 89' lang='lat'>7,</span> <span class='ocrx_word' id='word_1_332' title='bbox 1692 2891 1857 2932; x_wconf 90' lang='lat' dir='ltr'>num.</span> <span class='ocrx_word' id='word_1_333' title='bbox 1893 2877 1979 2946; x_wconf 85' lang='lat'>16,</span> <span class='ocrx_word' id='word_1_334' title='bbox 2089 2880 2253 2949; x_wconf 80' lang='grc' dir='ltr'>τιμᾷν</span> <span class='ocrx_word' id='word_1_335' title='bbox 2274 2873 2402 2937; x_wconf 82' lang='grc' dir='ltr'>τοὺς</span> <span class='ocrx_word' id='word_1_336' title='bbox 2429 2876 2781 2951; x_wconf 77' lang='grc' dir='ltr'>γεννήτορας,</span> <span class='ocrx_word' id='word_1_337' title='bbox 2812 2895 2866 2930; x_wconf 90' lang='grc' dir='ltr'>κ.</span> <span class='ocrx_word' id='word_1_338' title='bbox 2900 2895 2949 2933; x_wconf 86' lang='grc' dir='ltr'>τ.</span> <span class='ocrx_word' id='word_1_339' title='bbox 2979 2871 3033 2931; x_wconf 90' lang='grc' dir='ltr'>λ.</span> 
     </span>
    </p>
   </div>
   <div class='ocr_carea' id='block_1_49' title="bbox 337 2968 623 3038">
    <p class='ocr_par' dir='ltr' id='par_1_49' title="bbox 337 2968 623 3038">
     <span class='ocr_line' id='line_1_52' title="bbox 337 2968 623 3038; baseline 0.01 -19"><span class='ocrx_word' id='word_1_340' title='bbox 337 2968 623 3038; x_wconf 86' lang='lat' dir='ltr'>pag.119.</span> 
     </span>
    </p>
   </div>
   <div class='ocr_carea' id='block_1_50' title="bbox 424 3060 3641 3125">
    <p class='ocr_par' dir='ltr' id='par_1_50' title="bbox 424 3060 3641 3125">
     <span class='ocr_line' id='line_1_53' title="bbox 424 3060 3641 3125; baseline 0.001 -16"><span class='ocrx_word' id='word_1_341' title='bbox 424 3061 742 3111; x_wconf 74' lang='lat' dir='ltr'>Concilium</span> <span class='ocrx_word' id='word_1_342' title='bbox 763 3062 1134 3111; x_wconf 85' lang='lat' dir='ltr'>Lateranense</span> <span class='ocrx_word' id='word_1_343' title='bbox 1166 3061 1268 3111; x_wconf 88' lang='lat' dir='ltr'>sub</span> <span class='ocrx_word' id='word_1_344' title='bbox 1300 3061 1555 3111; x_wconf 85' lang='lat' dir='ltr'>Martino</span> <span class='ocrx_word' id='word_1_345' title='bbox 1581 3060 1622 3109; x_wconf 92' lang='grc' dir='ltr'><em>Ι</em></span> <span class='ocrx_word' id='word_1_346' title='bbox 1655 3075 1751 3123; x_wconf 90' lang='lat' dir='ltr'>an,</span> <span class='ocrx_word' id='word_1_347' title='bbox 1781 3060 1875 3111; x_wconf 70' lang='lat'>649</span> <span class='ocrx_word' id='word_1_348' title='bbox 1912 3062 2266 3119; x_wconf 87' lang='lat' dir='ltr'>celebratum,</span> <span class='ocrx_word' id='word_1_349' title='bbox 2288 3068 2394 3111; x_wconf 88' lang='lat' dir='ltr'>act.</span> <span class='ocrx_word' id='word_1_350' title='bbox 2424 3077 2471 3119; x_wconf 75' lang='grc' dir='ltr'>γ,</span> <span class='ocrx_word' id='word_1_351' title='bbox 2510 3068 2640 3112; x_wconf 88' lang='lat' dir='ltr'>tam.</span> <span class='ocrx_word' id='word_1_352' title='bbox 2669 3061 2738 3111; x_wconf 84' lang='lat' dir='ltr'>VI</span> <span class='ocrx_word' id='word_1_353' title='bbox 2768 3060 3137 3113; x_wconf 90' lang='lat' dir='ltr'>Conciliorum</span> <span class='ocrx_word' id='word_1_354' title='bbox 3160 3062 3344 3120; x_wconf 88' lang='lat' dir='ltr'>Labb.,</span> <span class='ocrx_word' id='word_1_355' title='bbox 3362 3076 3498 3125; x_wconf 87' lang='lat' dir='ltr'>pag.</span> <span class='ocrx_word' id='word_1_356' title='bbox 3529 3061 3641 3112; x_wconf 83' lang='grc'>305.</span> 
     </span>
    </p>
   </div>
   <div class='ocr_carea' id='block_1_51' title="bbox 403 3148 2035 3226">
    <p class='ocr_par' dir='ltr' id='par_1_51' title="bbox 403 3151 1980 3223">
     <span class='ocr_line' id='line_1_54' title="bbox 403 3151 1980 3223; baseline 0.003 -19"><span class='ocrx_word' id='word_1_357' title='bbox 403 3151 600 3205; x_wconf 83' lang='lat' dir='ltr'>Sancti</span> <span class='ocrx_word' id='word_1_358' title='bbox 625 3151 827 3221; x_wconf 86' lang='lat' dir='ltr'>Cyrilli</span> <span class='ocrx_word' id='word_1_359' title='bbox 868 3152 1128 3223; x_wconf 89' lang='lat' dir='ltr'>episcopi</span> <span class='ocrx_word' id='word_1_360' title='bbox 1162 3151 1704 3223; x_wconf 84' lang='lat' dir='ltr'>Hierosolymitani,</span> <span class='ocrx_word' id='word_1_361' title='bbox 1756 3168 1828 3208; x_wconf 87' lang='lat' dir='ltr'>ex</span> <span class='ocrx_word' id='word_1_362' title='bbox 1875 3152 1980 3208; x_wconf 85' lang='lat' dir='ltr'>ho-</span> 
     </span>
    </p>
   </div>
   <div class='ocr_carea' id='block_1_52' title="bbox 2108 3148 3740 3226">
    <p class='ocr_par' dir='ltr' id='par_1_52' title="bbox 2163 3148 3740 3226">
     <span class='ocr_line' id='line_1_55' title="bbox 2163 3148 3740 3226; baseline 0 -20"><span class='ocrx_word' id='word_1_363' title='bbox 2163 3151 2273 3206; x_wconf 85' lang='grc' dir='ltr'>Τοῦ</span> <span class='ocrx_word' id='word_1_364' title='bbox 2303 3150 2463 3224; x_wconf 85' lang='grc' dir='ltr'>ἁγίου</span> <span class='ocrx_word' id='word_1_365' title='bbox 2521 3148 2798 3226; x_wconf 81' lang='grc' dir='ltr'>Κυρίλλου</span> <span class='ocrx_word' id='word_1_366' title='bbox 2852 3150 3151 3207; x_wconf 77' lang='grc' dir='ltr'>ἐπισκόπου</span> <span class='ocrx_word' id='word_1_367' title='bbox 3207 3149 3630 3226; x_wconf 83' lang='grc' dir='ltr'>Ἱεροσολύμων,</span> <span class='ocrx_word' id='word_1_368' title='bbox 3689 3149 3740 3222; x_wconf 75' lang='grc' dir='ltr'><strong>ἐξ</strong></span> 
     </span>
    </p>
   </div>
   <div class='ocr_carea' id='block_1_53' title="bbox 338 3236 1970 3317">
    <p class='ocr_par' dir='ltr' id='par_1_53' title="bbox 338 3239 1970 3313">
     <span class='ocr_line' id='line_1_56' title="bbox 338 3239 1970 3313; baseline 0 -18"><span class='ocrx_word' id='word_1_369' title='bbox 338 3239 508 3295; x_wconf 85' lang='lat' dir='ltr'>milia</span> <span class='ocrx_word' id='word_1_370' title='bbox 535 3240 598 3294; x_wconf 89' lang='lat' dir='ltr'>in</span> <span class='ocrx_word' id='word_1_371' title='bbox 629 3241 1012 3313; x_wconf 87' lang='lat' dir='ltr'>Evangelium</span> <span class='ocrx_word' id='word_1_372' title='bbox 1050 3241 1199 3297; x_wconf 90' lang='lat' dir='ltr'>illud</span> <span class='ocrx_word' id='word_1_373' title='bbox 1221 3242 1624 3313; x_wconf 88' lang='lat' dir='ltr'>pronuntiata,</span> <span class='ocrx_word' id='word_1_374' title='bbox 1649 3241 1750 3296; x_wconf 89' lang='lat' dir='ltr'>ubi</span> <span class='ocrx_word' id='word_1_375' title='bbox 1781 3242 1970 3297; x_wconf 84' lang='lat' dir='ltr'>Domi-</span> 
     </span>
    </p>
   </div>
   <div class='ocr_carea' id='block_1_54' title="bbox 2110 3236 3742 3317">
    <p class='ocr_par' dir='ltr' id='par_1_54' title="bbox 2110 3236 3742 3317">
     <span class='ocr_line' id='line_1_57' title="bbox 2110 3236 3742 3317; baseline 0.001 -24"><span class='ocrx_word' id='word_1_376' title='bbox 2110 3236 2318 3312; x_wconf 63' lang='grc' dir='ltr'>ιμιλίας</span> <span class='ocrx_word' id='word_1_377' title='bbox 2351 3236 2646 3314; x_wconf 82' lang='grc' dir='ltr'>λεχθείσης</span> <span class='ocrx_word' id='word_1_378' title='bbox 2697 3239 2776 3302; x_wconf 86' lang='grc' dir='ltr'>είς</span> <span class='ocrx_word' id='word_1_379' title='bbox 2821 3240 2885 3296; x_wconf 84' lang='grc' dir='ltr'>τὸ</span> <span class='ocrx_word' id='word_1_380' title='bbox 2945 3239 3279 3317; x_wconf 76' lang='grc' dir='ltr'>Εὗαγγέλιον</span> <span class='ocrx_word' id='word_1_381' title='bbox 3310 3237 3436 3304; x_wconf 76' lang='grc' dir='ltr'>ἔνθα</span> <span class='ocrx_word' id='word_1_382' title='bbox 3466 3240 3494 3295; x_wconf 82' lang='grc' dir='ltr'><strong>ὁ</strong></span> <span class='ocrx_word' id='word_1_383' title='bbox 3545 3238 3742 3317; x_wconf 78' lang='grc' dir='ltr'>Κύριος</span> 
     </span>
    </p>
   </div>
   <div class='ocr_carea' id='block_1_55' title="bbox 338 3326 1970 3404">
    <p class='ocr_par' dir='ltr' id='par_1_55' title="bbox 338 3330 1970 3404">
     <span class='ocr_line' id='line_1_58' title="bbox 338 3330 1970 3404; baseline 0.002 -20"><span class='ocrx_word' id='word_1_384' title='bbox 338 3347 453 3385; x_wconf 88' lang='lat' dir='ltr'>nus</span> <span class='ocrx_word' id='word_1_385' title='bbox 473 3330 675 3384; x_wconf 88' lang='lat' dir='ltr'>vinum</span> <span class='ocrx_word' id='word_1_386' title='bbox 703 3347 918 3401; x_wconf 89' lang='lat' dir='ltr'>aquam</span> <span class='ocrx_word' id='word_1_387' title='bbox 950 3331 1093 3386; x_wconf 88' lang='lat' dir='ltr'>fecit</span> <span class='ocrx_word' id='word_1_388' title='bbox 1116 3348 1128 3386; x_wconf 94' lang='lat'>:</span> <span class='ocrx_word' id='word_1_389' title='bbox 1162 3333 1393 3388; x_wconf 86' lang='lat' dir='ltr'>Studuit</span> <span class='ocrx_word' id='word_1_390' title='bbox 1419 3335 1643 3388; x_wconf 84' lang='lat' dir='ltr'>omnino</span> <span class='ocrx_word' id='word_1_391' title='bbox 1671 3349 1845 3404; x_wconf 88' lang='lat' dir='ltr'>neque</span> <span class='ocrx_word' id='word_1_392' title='bbox 1890 3349 1970 3388; x_wconf 86' lang='lat' dir='ltr'>no</span> 
     </span>
    </p>
   </div>
   <div class='ocr_carea' id='block_1_56' title="bbox 2112 3326 3744 3404">
    <p class='ocr_par' dir='ltr' id='par_1_56' title="bbox 2112 3326 3744 3403">
     <span class='ocr_line' id='line_1_59' title="bbox 2112 3326 3744 3403; baseline 0.001 -20"><span class='ocrx_word' id='word_1_393' title='bbox 2112 3329 2153 3383; x_wconf 74' lang='grc' dir='ltr'>τὸ</span> <span class='ocrx_word' id='word_1_394' title='bbox 2210 3326 2356 3403; x_wconf 76' lang='grc' dir='ltr'>ὕδωρ</span> <span class='ocrx_word' id='word_1_395' title='bbox 2411 3331 2559 3384; x_wconf 74' lang='grc' dir='ltr'>οἶνον</span> <span class='ocrx_word' id='word_1_396' title='bbox 2620 3328 2895 3402; x_wconf 77' lang='grc' dir='ltr'>ἐποίησεν·</span> <span class='ocrx_word' id='word_1_397' title='bbox 2950 3328 3285 3388; x_wconf 84' lang='grc' dir='ltr'>Ἐσπούδασε</span> <span class='ocrx_word' id='word_1_398' title='bbox 3352 3328 3543 3385; x_wconf 83' lang='grc' dir='ltr'>διόλου</span> <span class='ocrx_word' id='word_1_399' title='bbox 3605 3331 3744 3402; x_wconf 81' lang='grc' dir='ltr'>μήτε</span> 
     </span>
    </p>
   </div>
   <div class='ocr_carea' id='block_1_57' title="bbox 335 3415 1967 3496">
    <p class='ocr_par' dir='ltr' id='par_1_57' title="bbox 335 3420 1967 3496">
     <span class='ocr_line' id='line_1_60' title="bbox 335 3420 1967 3496; baseline 0.001 -21"><span class='ocrx_word' id='word_1_400' title='bbox 335 3426 446 3475; x_wconf 85' lang='lat' dir='ltr'>tam</span> <span class='ocrx_word' id='word_1_401' title='bbox 473 3422 658 3488; x_wconf 82' lang='lat' dir='ltr'>facere</span> <span class='ocrx_word' id='word_1_402' title='bbox 684 3436 840 3476; x_wconf 87' lang='lat' dir='ltr'>suam</span> <span class='ocrx_word' id='word_1_403' title='bbox 871 3420 1148 3489; x_wconf 82' lang='lat' dir='ltr'>deitatem,</span> <span class='ocrx_word' id='word_1_404' title='bbox 1182 3425 1292 3477; x_wconf 89' lang='lat' dir='ltr'>etc.</span> <span class='ocrx_word' id='word_1_405' title='bbox 1329 3440 1344 3490; x_wconf 89' lang='lat'><strong>;</strong></span> <span class='ocrx_word' id='word_1_406' title='bbox 1372 3427 1438 3477; x_wconf 89' lang='lat' dir='ltr'>ut</span> <span class='ocrx_word' id='word_1_407' title='bbox 1483 3423 1547 3477; x_wconf 89' lang='lat' dir='ltr'>in</span> <span class='ocrx_word' id='word_1_408' title='bbox 1601 3421 1813 3495; x_wconf 83' lang='lat' dir='ltr'>fragm.</span> <span class='ocrx_word' id='word_1_409' title='bbox 1846 3438 1967 3496; x_wconf 59' lang='lat' dir='ltr'>pag.</span> 
     </span>
    </p>
   </div>
   <div class='ocr_carea' id='block_1_58' title="bbox 2110 3415 3742 3496">
    <p class='ocr_par' dir='ltr' id='par_1_58' title="bbox 2110 3415 3742 3495">
     <span class='ocr_line' id='line_1_61' title="bbox 2110 3415 3742 3495; baseline -0.001 -22"><span class='ocrx_word' id='word_1_410' title='bbox 2110 3419 2518 3495; x_wconf 73' lang='grc' dir='ltr'>ρανερῶσαιτὴν</span> <span class='ocrx_word' id='word_1_411' title='bbox 2552 3419 2744 3475; x_wconf 66' lang='grc' dir='ltr'>ἑαυτοῦ</span> <span class='ocrx_word' id='word_1_412' title='bbox 2805 3419 3055 3492; x_wconf 70' lang='grc' dir='ltr'>θεότητκ,</span> <span class='ocrx_word' id='word_1_413' title='bbox 3114 3439 3168 3478; x_wconf 90' lang='grc' dir='ltr'>κ.</span> <span class='ocrx_word' id='word_1_414' title='bbox 3211 3440 3261 3478; x_wconf 83' lang='grc' dir='ltr'>τ.</span> <span class='ocrx_word' id='word_1_415' title='bbox 3317 3415 3373 3478; x_wconf 88' lang='grc' dir='ltr'>λ.</span> <span class='ocrx_word' id='word_1_416' title='bbox 3406 3420 3520 3477; x_wconf 78' lang='grc' dir='ltr'>Τοῦ</span> <span class='ocrx_word' id='word_1_417' title='bbox 3577 3417 3742 3474; x_wconf 79' lang='grc' dir='ltr'>αὐτοῦ</span> 
     </span>
    </p>
   </div>
   <div class='ocr_carea' id='block_1_59' title="bbox 338 3507 1970 3586">
    <p class='ocr_par' dir='ltr' id='par_1_59' title="bbox 338 3507 1970 3579">
     <span class='ocr_line' id='line_1_62' title="bbox 338 3507 1970 3579; baseline 0.004 -17"><span class='ocrx_word' id='word_1_418' title='bbox 338 3510 461 3562; x_wconf 87' lang='grc'><strong>357.</strong></span> <span class='ocrx_word' id='word_1_419' title='bbox 494 3507 775 3579; x_wconf 83' lang='lat' dir='ltr'>Ejusdem</span> <span class='ocrx_word' id='word_1_420' title='bbox 806 3524 876 3564; x_wconf 80' lang='lat' dir='ltr'>ex</span> <span class='ocrx_word' id='word_1_421' title='bbox 933 3508 1142 3566; x_wconf 85' lang='lat' dir='ltr'>eadem</span> <span class='ocrx_word' id='word_1_422' title='bbox 1198 3510 1464 3566; x_wconf 86' lang='lat' dir='ltr'>oratione</span> <span class='ocrx_word' id='word_1_423' title='bbox 1498 3513 1708 3567; x_wconf 89' lang='lat' dir='ltr'>:Natus</span> <span class='ocrx_word' id='word_1_424' title='bbox 1730 3518 1829 3579; x_wconf 87' lang='lat' dir='ltr'>est,</span> <span class='ocrx_word' id='word_1_425' title='bbox 1865 3516 1970 3569; x_wconf 86' lang='lat' dir='ltr'>etc.</span> 
     </span>
    </p>
   </div>
   <div class='ocr_carea' id='block_1_60' title="bbox 1678 3507 3310 3586">
    <p class='ocr_par' dir='ltr' id='par_1_60' title="bbox 1678 3507 3310 3586">
     <span class='ocr_line' id='line_1_63' title="bbox 1678 3507 3310 3586; baseline 0.001 -21"><span class='ocrx_word' id='word_1_426' title='bbox 1678 3528 1708 3567; x_wconf 79' lang='lat' dir='ltr'>ts</span> <span class='ocrx_word' id='word_1_427' title='bbox 1730 3518 1829 3579; x_wconf 84' lang='lat' dir='ltr'>est,</span> <span class='ocrx_word' id='word_1_428' title='bbox 1865 3516 1977 3569; x_wconf 89' lang='lat' dir='ltr'>etc.</span> <span class='ocrx_word' id='word_1_429' title='bbox 2091 3507 2150 3564; x_wconf 78' lang='grc' dir='ltr'>ἐκ</span> <span class='ocrx_word' id='word_1_430' title='bbox 2177 3512 2274 3564; x_wconf 81' lang='grc' dir='ltr'>τοῦ</span> <span class='ocrx_word' id='word_1_431' title='bbox 2305 3509 2472 3565; x_wconf 76' lang='grc' dir='ltr'>αὐτοῦ</span> <span class='ocrx_word' id='word_1_432' title='bbox 2506 3510 2700 3585; x_wconf 87' lang='grc' dir='ltr'>Λόγου,</span> <span class='ocrx_word' id='word_1_433' title='bbox 2731 3511 3056 3586; x_wconf 80' lang='grc' dir='ltr'>Ἐγεννήθη,</span> <span class='ocrx_word' id='word_1_434' title='bbox 3087 3530 3141 3566; x_wconf 87' lang='grc' dir='ltr'>κ.</span> <span class='ocrx_word' id='word_1_435' title='bbox 3170 3530 3221 3565; x_wconf 94' lang='grc' dir='ltr'>τ.</span> <span class='ocrx_word' id='word_1_436' title='bbox 3256 3507 3310 3566; x_wconf 90' lang='grc' dir='ltr'>λ.</span> 
     </span>
    </p>
   </div>
   <div class='ocr_carea' id='block_1_61' title="bbox 340 3597 482 3652">
    <p class='ocr_par' dir='ltr' id='par_1_61' title="bbox 340 3597 482 3652">
     <span class='ocr_line' id='line_1_64' title="bbox 340 3597 482 3652; baseline 0.014 -2"><span class='ocrx_word' id='word_1_437' title='bbox 340 3597 482 3652; x_wconf 89' lang='lat' dir='ltr'>ibid.</span> 
     </span>
    </p>
   </div>
   <div class='ocr_carea' id='block_1_62' title="bbox 400 3696 3742 3762">
    <p class='ocr_par' dir='ltr' id='par_1_62' title="bbox 400 3696 3742 3762">
     <span class='ocr_line' id='line_1_65' title="bbox 400 3696 3742 3762; baseline 0.001 -18"><span class='ocrx_word' id='word_1_438' title='bbox 400 3696 578 3744; x_wconf 87' lang='lat' dir='ltr'>Locus</span> <span class='ocrx_word' id='word_1_439' title='bbox 606 3696 706 3744; x_wconf 86' lang='lat' dir='ltr'>ille</span> <span class='ocrx_word' id='word_1_440' title='bbox 734 3710 862 3745; x_wconf 87' lang='lat' dir='ltr'>cum</span> <span class='ocrx_word' id='word_1_441' title='bbox 890 3697 1067 3746; x_wconf 84' lang='lat' dir='ltr'>altero</span> <span class='ocrx_word' id='word_1_442' title='bbox 1095 3712 1164 3746; x_wconf 79' lang='lat' dir='ltr'>ea:</span> <span class='ocrx_word' id='word_1_443' title='bbox 1192 3698 1379 3747; x_wconf 84' lang='lat' dir='ltr'>eadem</span> <span class='ocrx_word' id='word_1_444' title='bbox 1408 3699 1662 3749; x_wconf 86' lang='lat' dir='ltr'>oratione</span> <span class='ocrx_word' id='word_1_445' title='bbox 1685 3707 1925 3762; x_wconf 85' lang='lat' dir='ltr'>sumpto,</span> <span class='ocrx_word' id='word_1_446' title='bbox 1955 3698 2222 3761; x_wconf 75' lang='lat' dir='ltr'>superius</span> <span class='ocrx_word' id='word_1_447' title='bbox 2249 3712 2287 3748; x_wconf 87' lang='lat' dir='ltr'>a</span> <span class='ocrx_word' id='word_1_448' title='bbox 2314 3697 2567 3748; x_wconf 66' lang='lat' dir='ltr'>Maximo</span> <span class='ocrx_word' id='word_1_449' title='bbox 2595 3699 2661 3749; x_wconf 88' lang='lat' dir='ltr'>in</span> <span class='ocrx_word' id='word_1_450' title='bbox 2688 3698 2923 3760; x_wconf 87' lang='lat' dir='ltr'>epistola</span> <span class='ocrx_word' id='word_1_451' title='bbox 2949 3713 2987 3749; x_wconf 88' lang='lat' dir='ltr'>a</span> <span class='ocrx_word' id='word_1_452' title='bbox 3040 3697 3386 3760; x_wconf 77' lang='lat' dir='ltr'>Stephanum</span> <span class='ocrx_word' id='word_1_453' title='bbox 3437 3699 3742 3747; x_wconf 84' lang='lat' dir='ltr'>Dorensem</span> 
     </span>
    </p>
   </div>
   <div class='ocr_carea' id='block_1_63' title="bbox 341 3768 3743 3833">
    <p class='ocr_par' dir='ltr' id='par_1_63' title="bbox 341 3768 3743 3833">
     <span class='ocr_line' id='line_1_66' title="bbox 341 3768 3743 3833; baseline 0.001 -18"><span class='ocrx_word' id='word_1_454' title='bbox 341 3768 523 3824; x_wconf 85' lang='lat' dir='ltr'>citato,</span> <span class='ocrx_word' id='word_1_455' title='bbox 561 3768 784 3816; x_wconf 84' lang='lat' dir='ltr'>videtur</span> <span class='ocrx_word' id='word_1_456' title='bbox 810 3783 845 3817; x_wconf 90' lang='lat' dir='ltr'>a</span> <span class='ocrx_word' id='word_1_457' title='bbox 875 3768 932 3817; x_wconf 88' lang='lat' dir='ltr'>S.</span> <span class='ocrx_word' id='word_1_458' title='bbox 970 3768 1280 3830; x_wconf 85' lang='lat' dir='ltr'>Sophronia</span> <span class='ocrx_word' id='word_1_459' title='bbox 1310 3770 1578 3818; x_wconf 87' lang='lat' dir='ltr'>laudatus</span> <span class='ocrx_word' id='word_1_460' title='bbox 1610 3772 1672 3820; x_wconf 88' lang='lat' dir='ltr'>in</span> <span class='ocrx_word' id='word_1_461' title='bbox 1701 3773 1860 3832; x_wconf 87' lang='lat' dir='ltr'>epist.</span> <span class='ocrx_word' id='word_1_462' title='bbox 1882 3771 2149 3831; x_wconf 81' lang='lat' dir='ltr'>synodica</span> <span class='ocrx_word' id='word_1_463' title='bbox 2192 3769 2266 3818; x_wconf 86' lang='lat' dir='ltr'>ad</span> <span class='ocrx_word' id='word_1_464' title='bbox 2309 3769 2631 3818; x_wconf 85' lang='lat' dir='ltr'>Honorium</span> <span class='ocrx_word' id='word_1_465' title='bbox 2672 3784 2903 3831; x_wconf 88' lang='lat' dir='ltr'>papam,</span> <span class='ocrx_word' id='word_1_466' title='bbox 2952 3771 3100 3833; x_wconf 88' lang='lat' dir='ltr'>ogud</span> <span class='ocrx_word' id='word_1_467' title='bbox 3147 3769 3306 3820; x_wconf 81' lang='lat' dir='ltr'>Phot.</span> <span class='ocrx_word' id='word_1_468' title='bbox 3364 3771 3478 3818; x_wconf 90' lang='lat' dir='ltr'>cod.</span> <span class='ocrx_word' id='word_1_469' title='bbox 3534 3769 3646 3827; x_wconf 79' lang='lat'>231,</span> <span class='ocrx_word' id='word_1_470' title='bbox 3680 3770 3743 3818; x_wconf 87' lang='lat' dir='ltr'>in</span> 
     </span>
    </p>
   </div>
   <div class='ocr_carea' id='block_1_64' title="bbox 338 3839 3741 3906">
    <p class='ocr_par' dir='ltr' id='par_1_64' title="bbox 338 3839 3741 3906">
     <span class='ocr_line' id='line_1_67' title="bbox 338 3839 3741 3906; baseline 0.001 -21"><span class='ocrx_word' id='word_1_471' title='bbox 338 3854 451 3902; x_wconf 76' lang='lat' dir='ltr'>qua</span> <span class='ocrx_word' id='word_1_472' title='bbox 480 3839 1033 3903; x_wconf 80' lang='lat' dir='ltr'>Hierosolymitanus</span> <span class='ocrx_word' id='word_1_473' title='bbox 1067 3840 1168 3888; x_wconf 89' lang='lat' dir='ltr'>ille</span> <span class='ocrx_word' id='word_1_474' title='bbox 1192 3841 1528 3901; x_wconf 80' lang='lat' dir='ltr'>patriarcha</span> <span class='ocrx_word' id='word_1_475' title='bbox 1562 3840 1765 3891; x_wconf 80' lang='lat' dir='ltr'>citabat</span> <span class='ocrx_word' id='word_1_476' title='bbox 1797 3842 1976 3891; x_wconf 87' lang='lat' dir='ltr'>multa</span> <span class='ocrx_word' id='word_1_477' title='bbox 2002 3843 2246 3891; x_wconf 84' lang='lat' dir='ltr'>Patrum</span> <span class='ocrx_word' id='word_1_478' title='bbox 2278 3841 2599 3890; x_wconf 82' lang='lat' dir='ltr'>testimonia</span> <span class='ocrx_word' id='word_1_479' title='bbox 2626 3855 2752 3903; x_wconf 68' lang='lat' dir='ltr'>qua:</span> <span class='ocrx_word' id='word_1_480' title='bbox 2785 3842 3101 3891; x_wconf 83' lang='lat' dir='ltr'>evincerent</span> <span class='ocrx_word' id='word_1_481' title='bbox 3139 3843 3232 3901; x_wconf 82' lang='grc' dir='ltr'>τὴν</span> <span class='ocrx_word' id='word_1_482' title='bbox 3280 3839 3458 3901; x_wconf 79' lang='grc' dir='ltr'>διπλῆν</span> <span class='ocrx_word' id='word_1_483' title='bbox 3493 3839 3741 3906; x_wconf 76' lang='grc' dir='ltr'>ἐνέργειαν</span> 
     </span>
    </p>
   </div>
   <div class='ocr_carea' id='block_1_65' title="bbox 345 3907 1977 3977">
    <p class='ocr_par' dir='ltr' id='par_1_65' title="bbox 345 3907 1977 3976">
     <span class='ocr_line' id='line_1_68' title="bbox 345 3907 1977 3976; baseline 0.003 -20"><span class='ocrx_word' id='word_1_484' title='bbox 345 3907 422 3957; x_wconf 77' lang='grc' dir='ltr'>ἐπὶ</span> <span class='ocrx_word' id='word_1_485' title='bbox 454 3913 664 3975; x_wconf 77' lang='grc' dir='ltr'>Χριστοῦ</span> <span class='ocrx_word' id='word_1_486' title='bbox 692 3914 779 3959; x_wconf 84' lang='grc' dir='ltr'>τοῦ</span> <span class='ocrx_word' id='word_1_487' title='bbox 808 3915 930 3960; x_wconf 88' lang='grc' dir='ltr'>Θεοῦ</span> <span class='ocrx_word' id='word_1_488' title='bbox 982 3910 1142 3974; x_wconf 75' lang='grc' dir='ltr'>ἡμῶν,</span> <span class='ocrx_word' id='word_1_489' title='bbox 1165 3910 1439 3976; x_wconf 89' lang='lat' dir='ltr'>duplicem</span> <span class='ocrx_word' id='word_1_490' title='bbox 1470 3909 1525 3960; x_wconf 87' lang='lat' dir='ltr'>in</span> <span class='ocrx_word' id='word_1_491' title='bbox 1570 3911 1781 3962; x_wconf 78' lang='lat' dir='ltr'>Christo</span> <span class='ocrx_word' id='word_1_492' title='bbox 1816 3915 1919 3961; x_wconf 91' lang='lat' dir='ltr'>Deo</span> <span class='ocrx_word' id='word_1_493' title='bbox 1950 3928 1977 3960; x_wconf 88' lang='lat' dir='ltr'><strong>n</strong></span> 
     </span>
    </p>
   </div>
   <div class='ocr_carea' id='block_1_66' title="bbox 2113 3907 3745 3977">
    <p class='ocr_par' dir='ltr' id='par_1_66' title="bbox 2113 3910 3745 3977">
     <span class='ocr_line' id='line_1_69' title="bbox 2113 3910 3745 3977; baseline 0 -17"><span class='ocrx_word' id='word_1_494' title='bbox 2113 3924 2135 3960; x_wconf 77' lang='grc' dir='ltr'>ο</span> <span class='ocrx_word' id='word_1_495' title='bbox 2159 3910 2544 3975; x_wconf 86' lang='lat' dir='ltr'>operationem.</span> <span class='ocrx_word' id='word_1_496' title='bbox 2574 3911 2623 3958; x_wconf 88' lang='lat' dir='ltr'><em>E</em></span> <span class='ocrx_word' id='word_1_497' title='bbox 2652 3912 2922 3961; x_wconf 82' lang='lat' dir='ltr'>Palribus</span> <span class='ocrx_word' id='word_1_498' title='bbox 2950 3928 3086 3977; x_wconf 76' lang='lat' dir='ltr'>quos</span> <span class='ocrx_word' id='word_1_499' title='bbox 3120 3912 3416 3975; x_wconf 79' lang='lat' dir='ltr'>allegabat,</span> <span class='ocrx_word' id='word_1_500' title='bbox 3444 3927 3597 3961; x_wconf 88' lang='lat' dir='ltr'>unus</span> <span class='ocrx_word' id='word_1_501' title='bbox 3624 3919 3745 3961; x_wconf 87' lang='lat' dir='ltr'>erat</span> 
     </span>
    </p>
   </div>
   <div class='ocr_carea' id='block_1_67' title="bbox 342 3981 1974 4048">
    <p class='ocr_par' dir='ltr' id='par_1_67' title="bbox 342 3982 1974 4048">
     <span class='ocr_line' id='line_1_70' title="bbox 342 3982 1974 4048; baseline -0.001 -17"><span class='ocrx_word' id='word_1_502' title='bbox 342 3982 468 4031; x_wconf 79' lang='grc' dir='ltr'>καὶὸ</span> <span class='ocrx_word' id='word_1_503' title='bbox 498 3982 756 4047; x_wconf 72' lang='grc' dir='ltr'>νικηφόρος</span> <span class='ocrx_word' id='word_1_504' title='bbox 787 3982 1040 4048; x_wconf 81' lang='grc' dir='ltr'>Κύριλλος.</span> <span class='ocrx_word' id='word_1_505' title='bbox 1073 3982 1351 4032; x_wconf 80' lang='lat' dir='ltr'>victoriam</span> <span class='ocrx_word' id='word_1_506' title='bbox 1409 3982 1589 4032; x_wconf 84' lang='lat' dir='ltr'>ferens</span> <span class='ocrx_word' id='word_1_507' title='bbox 1626 3982 1877 4046; x_wconf 80' lang='lat' dir='ltr'>Cyl‘illus.</span> <span class='ocrx_word' id='word_1_508' title='bbox 1911 3983 1974 4036; x_wconf 85' lang='lat' dir='ltr'>Q1</span> 
     </span>
    </p>
   </div>
   <div class='ocr_carea' id='block_1_68' title="bbox 2118 3981 3750 4048">
    <p class='ocr_par' dir='ltr' id='par_1_68' title="bbox 2120 3981 3750 4045">
     <span class='ocr_line' id='line_1_71' title="bbox 2120 3981 3750 4045; baseline 0 -14"><span class='ocrx_word' id='word_1_509' title='bbox 2120 3998 2217 4031; x_wconf 89' lang='lat' dir='ltr'>um</span> <span class='ocrx_word' id='word_1_510' title='bbox 2251 3981 2323 4029; x_wconf 90' lang='lat' dir='ltr'>ad</span> <span class='ocrx_word' id='word_1_511' title='bbox 2379 3981 2832 4032; x_wconf 74' lang='lat' dir='ltr'>Alexandrinum</span> <span class='ocrx_word' id='word_1_512' title='bbox 2885 3998 3081 4033; x_wconf 85' lang='lat' dir='ltr'>revera</span> <span class='ocrx_word' id='word_1_513' title='bbox 3101 3985 3390 4045; x_wconf 82' lang='lat' dir='ltr'>pertinere</span> <span class='ocrx_word' id='word_1_514' title='bbox 3413 3984 3654 4045; x_wconf 86' lang='lat' dir='ltr'>possint,</span> <span class='ocrx_word' id='word_1_515' title='bbox 3684 3984 3750 4032; x_wconf 88' lang='lat' dir='ltr'>de</span> 
     </span>
    </p>
   </div>
   <div class='ocr_carea' id='block_1_69' title="bbox 344 4055 2041 4115">
    <p class='ocr_par' dir='ltr' id='par_1_69' title="bbox 344 4055 2041 4115">
     <span class='ocr_line' id='line_1_72' title="bbox 344 4055 2041 4115; baseline 0.002 -15"><span class='ocrx_word' id='word_1_516' title='bbox 344 4063 530 4103; x_wconf 85' lang='lat' dir='ltr'>nostro</span> <span class='ocrx_word' id='word_1_517' title='bbox 545 4056 771 4115; x_wconf 83' lang='lat' dir='ltr'>pariter</span> <span class='ocrx_word' id='word_1_518' title='bbox 794 4056 860 4103; x_wconf 88' lang='lat' dir='ltr'>ab</span> <span class='ocrx_word' id='word_1_519' title='bbox 889 4055 1014 4114; x_wconf 76' lang='lat' dir='ltr'>eius</span> <span class='ocrx_word' id='word_1_520' title='bbox 1037 4070 1346 4104; x_wconf 82' lang='lat' dir='ltr'>successore</span> <span class='ocrx_word' id='word_1_521' title='bbox 1373 4055 1525 4104; x_wconf 81' lang='lat' dir='ltr'>dicta</span> <span class='ocrx_word' id='word_1_522' title='bbox 1551 4069 1665 4102; x_wconf 86' lang='lat' dir='ltr'>esse</span> <span class='ocrx_word' id='word_1_523' title='bbox 1694 4055 1845 4106; x_wconf 85' lang='lat' dir='ltr'>nihil</span> <span class='ocrx_word' id='word_1_524' title='bbox 1878 4062 2041 4103; x_wconf 76' lang='lat' dir='ltr'>vetat.</span> 
     </span>
    </p>
   </div>
   <div class='ocr_carea' id='block_1_70' title="bbox 405 4123 3757 4188">
    <p class='ocr_par' dir='ltr' id='par_1_70' title="bbox 405 4123 3757 4188">
     <span class='ocr_line' id='line_1_73' title="bbox 405 4123 3757 4188; baseline 0 -14"><span class='ocrx_word' id='word_1_525' title='bbox 405 4125 578 4174; x_wconf 82' lang='lat' dir='ltr'>Ambo</span> <span class='ocrx_word' id='word_1_526' title='bbox 608 4127 722 4175; x_wconf 87' lang='lat' dir='ltr'>loca</span> <span class='ocrx_word' id='word_1_527' title='bbox 753 4125 819 4175; x_wconf 90' lang='lat' dir='ltr'>ab</span> <span class='ocrx_word' id='word_1_528' title='bbox 850 4126 1086 4174; x_wconf 84' lang='lat' dir='ltr'>concilio</span> <span class='ocrx_word' id='word_1_529' title='bbox 1119 4127 1488 4175; x_wconf 81' lang='lat' dir='ltr'>Lateranensi</span> <span class='ocrx_word' id='word_1_530' title='bbox 1511 4127 1743 4175; x_wconf 67' lang='lat' dir='ltr'>laudata</span> <span class='ocrx_word' id='word_1_531' title='bbox 1769 4127 1954 4175; x_wconf 81' lang='lat' dir='ltr'>eodem</span> <span class='ocrx_word' id='word_1_532' title='bbox 1982 4126 2142 4174; x_wconf 88' lang='lat' dir='ltr'>modo</span> <span class='ocrx_word' id='word_1_533' title='bbox 2170 4127 2524 4186; x_wconf 82' lang='lat' dir='ltr'>referuntur,</span> <span class='ocrx_word' id='word_1_534' title='bbox 2547 4123 2642 4172; x_wconf 87' lang='lat' dir='ltr'>sed</span> <span class='ocrx_word' id='word_1_535' title='bbox 2656 4124 2889 4185; x_wconf 85' lang='lat' dir='ltr'>primus</span> <span class='ocrx_word' id='word_1_536' title='bbox 2912 4126 3096 4175; x_wconf 88' lang='lat' dir='ltr'>multo</span> <span class='ocrx_word' id='word_1_537' title='bbox 3112 4125 3412 4188; x_wconf 73' lang='lat' dir='ltr'>prolixior,</span> <span class='ocrx_word' id='word_1_538' title='bbox 3434 4127 3502 4175; x_wconf 89' lang='lat' dir='ltr'>ab</span> <span class='ocrx_word' id='word_1_539' title='bbox 3529 4132 3757 4176; x_wconf 84' lang='lat' dir='ltr'>auctore</span> 
     </span>
    </p>
   </div>
   <div class='ocr_carea' id='block_1_71' title="bbox 344 4195 3757 4262">
    <p class='ocr_par' dir='ltr' id='par_1_71' title="bbox 344 4195 3757 4262">
     <span class='ocr_line' id='line_1_74' title="bbox 344 4195 3757 4262; baseline 0 -16"><span class='ocrx_word' id='word_1_540' title='bbox 344 4199 684 4246; x_wconf 81' lang='lat' dir='ltr'>collectionis</span> <span class='ocrx_word' id='word_1_541' title='bbox 714 4197 967 4258; x_wconf 82' lang='lat' dir='ltr'>ineditce,</span> <span class='ocrx_word' id='word_1_542' title='bbox 992 4197 1091 4260; x_wconf 78' lang='lat' dir='ltr'>qui</span> <span class='ocrx_word' id='word_1_543' title='bbox 1122 4199 1325 4245; x_wconf 49' lang='lat' dir='ltr'>sarit-’6</span> <span class='ocrx_word' id='word_1_544' title='bbox 1362 4199 1557 4246; x_wconf 56' lang='lat' dir='ltr'>callem</span> <span class='ocrx_word' id='word_1_545' title='bbox 1584 4206 1764 4247; x_wconf 80' lang='lat' dir='ltr'>octavo</span> <span class='ocrx_word' id='word_1_546' title='bbox 1794 4198 2100 4259; x_wconf 86' lang='lat' dir='ltr'>incipiente</span> <span class='ocrx_word' id='word_1_547' title='bbox 2127 4195 2359 4246; x_wconf 83' lang='lat' dir='ltr'>vivebat.</span> <span class='ocrx_word' id='word_1_548' title='bbox 2396 4196 2573 4245; x_wconf 74' lang='lat' dir='ltr'>Codex</span> <span class='ocrx_word' id='word_1_549' title='bbox 2607 4196 2760 4245; x_wconf 88' lang='lat' dir='ltr'>enim</span> <span class='ocrx_word' id='word_1_550' title='bbox 2791 4197 3005 4260; x_wconf 83' lang='lat' dir='ltr'>Regius</span> <span class='ocrx_word' id='word_1_551' title='bbox 3036 4213 3196 4249; x_wconf 90' lang='lat' dir='ltr'>num.</span> <span class='ocrx_word' id='word_1_552' title='bbox 3241 4197 3385 4257; x_wconf 79' lang='lat'>2951,</span> <span class='ocrx_word' id='word_1_553' title='bbox 3435 4199 3499 4247; x_wconf 89' lang='lat' dir='ltr'>in</span> <span class='ocrx_word' id='word_1_554' title='bbox 3521 4212 3632 4262; x_wconf 77' lang='lat' dir='ltr'>quo</span> <span class='ocrx_word' id='word_1_555' title='bbox 3654 4196 3757 4247; x_wconf 82' lang='lat' dir='ltr'>ha-</span> 
     </span>
    </p>
   </div>
   <div class='ocr_carea' id='block_1_72' title="bbox 347 4267 2473 4335">
    <p class='ocr_par' dir='ltr' id='par_1_72' title="bbox 347 4267 2473 4335">
     <span class='ocr_line' id='line_1_75' title="bbox 347 4267 2473 4335; baseline -0.002 -16"><span class='ocrx_word' id='word_1_556' title='bbox 347 4269 521 4330; x_wconf 83' lang='lat' dir='ltr'>betur,</span> <span class='ocrx_word' id='word_1_557' title='bbox 553 4270 800 4331; x_wconf 84' lang='lat' dir='ltr'>scriptus</span> <span class='ocrx_word' id='word_1_558' title='bbox 828 4276 907 4317; x_wconf 88' lang='lat' dir='ltr'>est</span> <span class='ocrx_word' id='word_1_559' title='bbox 936 4283 1028 4318; x_wconf 90' lang='lat' dir='ltr'>an.</span> <span class='ocrx_word' id='word_1_560' title='bbox 1062 4267 1182 4317; x_wconf 82' lang='lat'>1291</span> <span class='ocrx_word' id='word_1_561' title='bbox 1214 4284 1281 4316; x_wconf 71' lang='lat' dir='ltr'>ea:</span> <span class='ocrx_word' id='word_1_562' title='bbox 1312 4270 1426 4318; x_wconf 83' lang='lat' dir='ltr'>alio</span> <span class='ocrx_word' id='word_1_563' title='bbox 1458 4271 1653 4328; x_wconf 85' lang='lat' dir='ltr'>codice,</span> <span class='ocrx_word' id='word_1_564' title='bbox 1675 4271 1778 4335; x_wconf 79' lang='lat' dir='ltr'>qui</span> <span class='ocrx_word' id='word_1_565' title='bbox 1806 4286 1901 4320; x_wconf 88' lang='lat' dir='ltr'>an.</span> <span class='ocrx_word' id='word_1_566' title='bbox 1928 4270 2029 4320; x_wconf 84' lang='lat'>759</span> <span class='ocrx_word' id='word_1_567' title='bbox 2056 4270 2303 4331; x_wconf 88' lang='lat' dir='ltr'>scriptus</span> <span class='ocrx_word' id='word_1_568' title='bbox 2334 4277 2473 4317; x_wconf 88' lang='lat' dir='ltr'>erat.</span> 
     </span>
    </p>
   </div>
   <div class='ocr_carea' id='block_1_73' title="bbox 653 4382 3442 4449">
    <p class='ocr_par' dir='ltr' id='par_1_73' title="bbox 653 4382 3442 4449">
     <span class='ocr_line' id='line_1_76' title="bbox 653 4382 3442 4449; baseline -0 -15"><span class='ocrx_word' id='word_1_569' title='bbox 653 4387 713 4435; x_wconf 91' lang='lat' dir='ltr'>S.</span> <span class='ocrx_word' id='word_1_570' title='bbox 744 4386 991 4434; x_wconf 82' lang='lat' dir='ltr'>Joannes</span> <span class='ocrx_word' id='word_1_571' title='bbox 1020 4385 1403 4434; x_wconf 85' lang='lat' dir='ltr'>Damascenus</span> <span class='ocrx_word' id='word_1_572' title='bbox 1431 4392 1573 4434; x_wconf 88' lang='lat' dir='ltr'>orat.</span> <span class='ocrx_word' id='word_1_573' title='bbox 1619 4384 1651 4434; x_wconf 90' lang='lat'><strong>3</strong></span> <span class='ocrx_word' id='word_1_574' title='bbox 1678 4385 1744 4435; x_wconf 87' lang='lat' dir='ltr'>de</span> <span class='ocrx_word' id='word_1_575' title='bbox 1787 4382 2128 4449; x_wconf 84' lang='lat' dir='ltr'>Imaginibus,</span> <span class='ocrx_word' id='word_1_576' title='bbox 2153 4399 2289 4448; x_wconf 88' lang='lat' dir='ltr'>pag.</span> <span class='ocrx_word' id='word_1_577' title='bbox 2320 4382 2431 4441; x_wconf 89' lang='lat'>383,</span> <span class='ocrx_word' id='word_1_578' title='bbox 2462 4398 2617 4433; x_wconf 75' lang='lat' dir='ltr'>nova:</span> <span class='ocrx_word' id='word_1_579' title='bbox 2645 4384 2909 4436; x_wconf 85' lang='lat' dir='ltr'>editionis</span> <span class='ocrx_word' id='word_1_580' title='bbox 2941 4385 3011 4434; x_wconf 90' lang='lat' dir='ltr'>R.</span> <span class='ocrx_word' id='word_1_581' title='bbox 3041 4385 3107 4434; x_wconf 94' lang='lat' dir='ltr'>P.</span> <span class='ocrx_word' id='word_1_582' title='bbox 3138 4386 3214 4435; x_wconf 92' lang='lat' dir='ltr'>Le</span> <span class='ocrx_word' id='word_1_583' title='bbox 3245 4384 3442 4439; x_wconf 82' lang='lat' dir='ltr'>Quien.</span> 
     </span>
    </p>
   </div>
   <div class='ocr_carea' id='block_1_74' title="bbox 424 4469 2056 4549">
    <p class='ocr_par' dir='ltr' id='par_1_74' title="bbox 424 4473 2056 4547">
     <span class='ocr_line' id='line_1_77' title="bbox 424 4473 2056 4547; baseline 0 -18"><span class='ocrx_word' id='word_1_584' title='bbox 424 4477 624 4547; x_wconf 58' lang='lat' dir='ltr'>Cyl&#39;illi</span> <span class='ocrx_word' id='word_1_585' title='bbox 660 4475 1011 4547; x_wconf 67' lang='lat' dir='ltr'>patriarchas</span> <span class='ocrx_word' id='word_1_586' title='bbox 1043 4473 1589 4545; x_wconf 84' lang='lat' dir='ltr'>Hierosolymitani,</span> <span class='ocrx_word' id='word_1_587' title='bbox 1624 4490 1694 4530; x_wconf 82' lang='lat' dir='ltr'>ex</span> <span class='ocrx_word' id='word_1_588' title='bbox 1732 4475 2002 4531; x_wconf 85' lang='lat' dir='ltr'>duodeci-</span> <span class='ocrx_word' id='word_1_589' title='bbox 2040 4478 2056 4541; x_wconf 82' lang='grc' dir='ltr'><strong>Ι</strong></span> 
     </span>
    </p>
   </div>
   <div class='ocr_carea' id='block_1_75' title="bbox 2123 4469 3755 4549">
    <p class='ocr_par' dir='ltr' id='par_1_75' title="bbox 2184 4469 3755 4549">
     <span class='ocr_line' id='line_1_78' title="bbox 2184 4469 3755 4549; baseline -0.001 -20"><span class='ocrx_word' id='word_1_590' title='bbox 2184 4472 2468 4548; x_wconf 80' lang='grc' dir='ltr'>Κυρίλλου</span> <span class='ocrx_word' id='word_1_591' title='bbox 2498 4475 2849 4549; x_wconf 83' lang='grc' dir='ltr'>πατριάρχου</span> <span class='ocrx_word' id='word_1_592' title='bbox 2893 4471 3321 4549; x_wconf 81' lang='grc' dir='ltr'>Ἱεροσολύμων,</span> <span class='ocrx_word' id='word_1_593' title='bbox 3380 4471 3441 4528; x_wconf 81' lang='grc' dir='ltr'>ἐκ</span> <span class='ocrx_word' id='word_1_594' title='bbox 3488 4479 3591 4543; x_wconf 81' lang='grc' dir='ltr'>τῆς</span> <span class='ocrx_word' id='word_1_595' title='bbox 3649 4469 3755 4527; x_wconf 83' lang='grc' dir='ltr'>δω-</span> 
     </span>
    </p>
   </div>
   <div class='ocr_carea' id='block_1_76' title="bbox 359 4560 1991 4639">
    <p class='ocr_par' dir='ltr' id='par_1_76' title="bbox 359 4565 1991 4636">
     <span class='ocr_line' id='line_1_79' title="bbox 359 4565 1991 4636; baseline 0.001 -17"><span class='ocrx_word' id='word_1_596' title='bbox 359 4583 454 4621; x_wconf 81' lang='lat' dir='ltr'>ma</span> <span class='ocrx_word' id='word_1_597' title='bbox 485 4567 818 4624; x_wconf 75' lang='lat' dir='ltr'>catechesi:</span> <span class='ocrx_word' id='word_1_598' title='bbox 854 4567 913 4622; x_wconf 87' lang='lat' dir='ltr'>Si</span> <span class='ocrx_word' id='word_1_599' title='bbox 943 4565 1122 4636; x_wconf 82' lang='lat' dir='ltr'>igitur</span> <span class='ocrx_word' id='word_1_600' title='bbox 1175 4566 1396 4634; x_wconf 66' lang='lat' dir='ltr'>quaeris,</span> <span class='ocrx_word' id='word_1_601' title='bbox 1458 4569 1610 4633; x_wconf 86' lang='lat' dir='ltr'>etc.;</span> <span class='ocrx_word' id='word_1_602' title='bbox 1643 4569 1709 4620; x_wconf 86' lang='lat' dir='ltr'>ut</span> <span class='ocrx_word' id='word_1_603' title='bbox 1766 4570 1879 4621; x_wconf 89' lang='lat' dir='ltr'>cat.</span> <span class='ocrx_word' id='word_1_604' title='bbox 1915 4566 1991 4633; x_wconf 44' lang='lat'><strong>13,</strong></span> 
     </span>
    </p>
   </div>
   <div class='ocr_carea' id='block_1_77' title="bbox 1910 4560 3542 4639">
    <p class='ocr_par' dir='ltr' id='par_1_77' title="bbox 1915 4560 3542 4639">
     <span class='ocr_line' id='line_1_80' title="bbox 1915 4560 3542 4639; baseline 0.001 -19"><span class='ocrx_word' id='word_1_605' title='bbox 1915 4566 2003 4633; x_wconf 85' lang='lat'><strong>13,</strong></span> <span class='ocrx_word' id='word_1_606' title='bbox 2115 4560 2345 4634; x_wconf 79' lang='grc' dir='ltr'>δεκάτης</span> <span class='ocrx_word' id='word_1_607' title='bbox 2376 4566 2763 4639; x_wconf 72' lang='grc' dir='ltr'>κατηχήσεωςο</span> <span class='ocrx_word' id='word_1_608' title='bbox 2796 4562 2860 4619; x_wconf 77' lang='lat' dir='ltr'>El</span> <span class='ocrx_word' id='word_1_609' title='bbox 2886 4562 3066 4619; x_wconf 83' lang='grc' dir='ltr'>τοίνυν</span> <span class='ocrx_word' id='word_1_610' title='bbox 3112 4568 3290 4635; x_wconf 83' lang='grc' dir='ltr'>ζητεῖς</span> <span class='ocrx_word' id='word_1_611' title='bbox 3318 4584 3371 4621; x_wconf 92' lang='grc' dir='ltr'>κ.</span> <span class='ocrx_word' id='word_1_612' title='bbox 3402 4585 3453 4619; x_wconf 90' lang='grc' dir='ltr'>τ.</span> <span class='ocrx_word' id='word_1_613' title='bbox 3486 4561 3542 4622; x_wconf 93' lang='grc' dir='ltr'>λ.</span> 
     </span>
    </p>
   </div>
   <div class='ocr_carea' id='block_1_78' title="bbox 356 4658 931 4729">
    <p class='ocr_par' dir='ltr' id='par_1_78' title="bbox 356 4658 931 4729">
     <span class='ocr_line' id='line_1_81' title="bbox 356 4658 931 4729; baseline 0.002 -21"><span class='ocrx_word' id='word_1_614' title='bbox 356 4671 523 4709; x_wconf 88' lang='lat' dir='ltr'>num.</span> <span class='ocrx_word' id='word_1_615' title='bbox 551 4659 603 4722; x_wconf 80' lang='grc'>5,</span> <span class='ocrx_word' id='word_1_616' title='bbox 632 4671 760 4729; x_wconf 88' lang='lat' dir='ltr'>pag.</span> <span class='ocrx_word' id='word_1_617' title='bbox 809 4658 931 4712; x_wconf 84' lang='lat'>165.</span> 
     </span>
    </p>
   </div>
   <div class='ocr_carea' id='block_1_79' title="bbox 422 4779 3763 4846">
    <p class='ocr_par' dir='ltr' id='par_1_79' title="bbox 422 4779 3763 4846">
     <span class='ocr_line' id='line_1_82' title="bbox 422 4779 3763 4846; baseline 0 -15"><span class='ocrx_word' id='word_1_618' title='bbox 422 4782 565 4831; x_wconf 74' lang='lat' dir='ltr'>Idem</span> <span class='ocrx_word' id='word_1_619' title='bbox 604 4783 661 4831; x_wconf 82' lang='lat' dir='ltr'>in</span> <span class='ocrx_word' id='word_1_620' title='bbox 695 4783 817 4832; x_wconf 83' lang='lat' dir='ltr'>suis</span> <span class='ocrx_word' id='word_1_621' title='bbox 837 4780 1100 4844; x_wconf 86' lang='lat' dir='ltr'>operibus</span> <span class='ocrx_word' id='word_1_622' title='bbox 1128 4781 1342 4831; x_wconf 84' lang='lat' dir='ltr'>multas</span> <span class='ocrx_word' id='word_1_623' title='bbox 1378 4780 1544 4830; x_wconf 87' lang='lat' dir='ltr'>tacito</span> <span class='ocrx_word' id='word_1_624' title='bbox 1573 4779 1801 4829; x_wconf 78' lang='lat' dir='ltr'>nomine</span> <span class='ocrx_word' id='word_1_625' title='bbox 1830 4780 2159 4830; x_wconf 82' lang='lat' dir='ltr'>transcribit</span> <span class='ocrx_word' id='word_1_626' title='bbox 2190 4781 2400 4846; x_wconf 78' lang='lat' dir='ltr'>Cyrilli</span> <span class='ocrx_word' id='word_1_627' title='bbox 2430 4781 2616 4830; x_wconf 87' lang='lat' dir='ltr'>nostri</span> <span class='ocrx_word' id='word_1_628' title='bbox 2641 4781 2963 4838; x_wconf 85' lang='lat' dir='ltr'>sententias,</span> <span class='ocrx_word' id='word_1_629' title='bbox 2986 4795 3129 4845; x_wconf 79' lang='lat' dir='ltr'>quas</span> <span class='ocrx_word' id='word_1_630' title='bbox 3174 4782 3297 4831; x_wconf 86' lang='lat' dir='ltr'>suis</span> <span class='ocrx_word' id='word_1_631' title='bbox 3341 4781 3477 4831; x_wconf 86' lang='lat' dir='ltr'>locis</span> <span class='ocrx_word' id='word_1_632' title='bbox 3508 4781 3763 4831; x_wconf 79' lang='lat' dir='ltr'>indicare</span> 
     </span>
    </p>
   </div>
   <div class='ocr_carea' id='block_1_80' title="bbox 359 4850 3763 4917">
    <p class='ocr_par' dir='ltr' id='par_1_80' title="bbox 359 4850 3763 4917">
     <span class='ocr_line' id='line_1_83' title="bbox 359 4850 3763 4917; baseline -0 -13"><span class='ocrx_word' id='word_1_633' title='bbox 359 4854 574 4904; x_wconf 78' lang='lat' dir='ltr'>curari.</span> <span class='ocrx_word' id='word_1_634' title='bbox 619 4854 818 4910; x_wconf 82' lang='lat' dir='ltr'>Unam,</span> <span class='ocrx_word' id='word_1_635' title='bbox 849 4869 967 4917; x_wconf 80' lang='lat' dir='ltr'>qua</span> <span class='ocrx_word' id='word_1_636' title='bbox 1003 4868 1091 4902; x_wconf 90' lang='lat' dir='ltr'>me</span> <span class='ocrx_word' id='word_1_637' title='bbox 1111 4860 1232 4902; x_wconf 88' lang='lat' dir='ltr'>tum</span> <span class='ocrx_word' id='word_1_638' title='bbox 1260 4852 1434 4915; x_wconf 75' lang='lat' dir='ltr'>fugit,</span> <span class='ocrx_word' id='word_1_639' title='bbox 1466 4851 1557 4901; x_wconf 79' lang='lat' dir='ltr'>hic</span> <span class='ocrx_word' id='word_1_640' title='bbox 1584 4850 1798 4901; x_wconf 87' lang='lat' dir='ltr'>ascribo</span> <span class='ocrx_word' id='word_1_641' title='bbox 1817 4867 1834 4899; x_wconf 87' lang='lat'><em>:</em></span> <span class='ocrx_word' id='word_1_642' title='bbox 1862 4860 2089 4913; x_wconf 81' lang='lat' dir='ltr'>sumpta</span> <span class='ocrx_word' id='word_1_643' title='bbox 2117 4859 2196 4900; x_wconf 86' lang='lat' dir='ltr'>est</span> <span class='ocrx_word' id='word_1_644' title='bbox 2251 4867 2319 4900; x_wconf 76' lang='lat' dir='ltr'>ea:</span> <span class='ocrx_word' id='word_1_645' title='bbox 2345 4852 2543 4901; x_wconf 85' lang='lat' dir='ltr'>catech.</span> <span class='ocrx_word' id='word_1_646' title='bbox 2577 4852 2621 4910; x_wconf 84' lang='lat'>1,</span> <span class='ocrx_word' id='word_1_647' title='bbox 2658 4869 2711 4902; x_wconf 83' lang='grc' dir='ltr'>η.</span> <span class='ocrx_word' id='word_1_648' title='bbox 2742 4852 2791 4912; x_wconf 86' lang='grc'>5,</span> <span class='ocrx_word' id='word_1_649' title='bbox 2829 4867 2964 4916; x_wconf 88' lang='lat' dir='ltr'>pag.</span> <span class='ocrx_word' id='word_1_650' title='bbox 2996 4854 3073 4913; x_wconf 82' lang='grc'>19,</span> <span class='ocrx_word' id='word_1_651' title='bbox 3106 4863 3156 4903; x_wconf 86' lang='lat' dir='ltr'>et</span> <span class='ocrx_word' id='word_1_652' title='bbox 3184 4853 3420 4903; x_wconf 79' lang='lat' dir='ltr'>habetur</span> <span class='ocrx_word' id='word_1_653' title='bbox 3447 4854 3544 4903; x_wconf 88' lang='lat' dir='ltr'>lib.</span> <span class='ocrx_word' id='word_1_654' title='bbox 3583 4867 3655 4911; x_wconf 80' lang='grc' dir='ltr'>ιν,</span> <span class='ocrx_word' id='word_1_655' title='bbox 3686 4853 3763 4903; x_wconf 86' lang='lat' dir='ltr'>De</span> 
     </span>
    </p>
   </div>
   <div class='ocr_carea' id='block_1_81' title="bbox 354 4922 1986 4988">
    <p class='ocr_par' dir='ltr' id='par_1_81' title="bbox 354 4923 1985 4988">
     <span class='ocr_line' id='line_1_84' title="bbox 354 4923 1985 4988; baseline -0.004 -14"><span class='ocrx_word' id='word_1_656' title='bbox 354 4927 460 4975; x_wconf 79' lang='lat' dir='ltr'>ﬁde</span> <span class='ocrx_word' id='word_1_657' title='bbox 510 4925 831 4981; x_wconf 76' lang='lat' dir='ltr'>orthodoxa,</span> <span class='ocrx_word' id='word_1_658' title='bbox 895 4940 1012 4987; x_wconf 86' lang='lat' dir='ltr'>cap.</span> <span class='ocrx_word' id='word_1_659' title='bbox 1077 4925 1153 4974; x_wconf 88' lang='lat'>9:</span> <span class='ocrx_word' id='word_1_660' title='bbox 1210 4929 1264 4973; x_wconf 83' lang='grc' dir='ltr'><strong>Ἦ</strong></span> <span class='ocrx_word' id='word_1_661' title='bbox 1295 4925 1386 4986; x_wconf 76' lang='grc' dir='ltr'>μὲν</span> <span class='ocrx_word' id='word_1_662' title='bbox 1441 4925 1536 4988; x_wconf 84' lang='grc' dir='ltr'>γὰρ</span> <span class='ocrx_word' id='word_1_663' title='bbox 1585 4924 1753 4988; x_wconf 75' lang='grc' dir='ltr'>ἄφεσις</span> <span class='ocrx_word' id='word_1_664' title='bbox 1799 4924 1897 4969; x_wconf 80' lang='grc' dir='ltr'>τῶν</span> <span class='ocrx_word' id='word_1_665' title='bbox 1952 4923 1985 4969; x_wconf 82' lang='grc' dir='ltr'><strong><em>ἁ</em></strong></span> 
     </span>
    </p>
   </div>
   <div class='ocr_carea' id='block_1_82' title="bbox 2132 4922 3764 4988">
    <p class='ocr_par' dir='ltr' id='par_1_82' title="bbox 2132 4922 3764 4987">
     <span class='ocr_line' id='line_1_85' title="bbox 2132 4922 3764 4987; baseline 0.003 -20"><span class='ocrx_word' id='word_1_666' title='bbox 2132 4925 2202 4971; x_wconf 75' lang='grc' dir='ltr'>,ῶν</span> <span class='ocrx_word' id='word_1_667' title='bbox 2260 4922 2307 4980; x_wconf 75' lang='grc' dir='ltr'>ἐξ</span> <span class='ocrx_word' id='word_1_668' title='bbox 2360 4922 2464 4971; x_wconf 80' lang='grc' dir='ltr'>ἴσου</span> <span class='ocrx_word' id='word_1_669' title='bbox 2521 4923 2701 4972; x_wconf 79' lang='grc' dir='ltr'>δίδοται</span> <span class='ocrx_word' id='word_1_670' title='bbox 2753 4926 2853 4980; x_wconf 82' lang='grc' dir='ltr'>τοῖς</span> <span class='ocrx_word' id='word_1_671' title='bbox 2921 4928 3088 4976; x_wconf 81' lang='grc' dir='ltr'>πᾶσιν·</span> <span class='ocrx_word' id='word_1_672' title='bbox 3149 4925 3183 4984; x_wconf 73' lang='grc' dir='ltr'><strong>ἡ</strong></span> <span class='ocrx_word' id='word_1_673' title='bbox 3232 4924 3285 4973; x_wconf 82' lang='grc' dir='ltr'>δὲ</span> <span class='ocrx_word' id='word_1_674' title='bbox 3337 4927 3425 4974; x_wconf 78' lang='grc' dir='ltr'>τοῦ</span> <span class='ocrx_word' id='word_1_675' title='bbox 3482 4925 3764 4987; x_wconf 71' lang='grc' dir='ltr'>Πνεῦματος</span> 
     </span>
    </p>
   </div>
   <div class='ocr_carea' id='block_1_83' title="bbox 354 4993 1986 5060">
    <p class='ocr_par' dir='ltr' id='par_1_83' title="bbox 354 4993 1926 5059">
     <span class='ocr_line' id='line_1_86' title="bbox 354 4993 1926 5059; baseline -0.003 -12"><span class='ocrx_word' id='word_1_676' title='bbox 354 5001 441 5047; x_wconf 83' lang='grc' dir='ltr'>τοῦ</span> <span class='ocrx_word' id='word_1_677' title='bbox 508 4997 645 5059; x_wconf 76' lang='grc' dir='ltr'>ἁγίου</span> <span class='ocrx_word' id='word_1_678' title='bbox 710 4996 937 5044; x_wconf 81' lang='grc' dir='ltr'>κοινωνία</span> <span class='ocrx_word' id='word_1_679' title='bbox 1002 5001 1110 5044; x_wconf 77' lang='grc' dir='ltr'>κατ’</span> <span class='ocrx_word' id='word_1_680' title='bbox 1174 4994 1443 5058; x_wconf 79' lang='grc' dir='ltr'>ἀναλογίαν</span> <span class='ocrx_word' id='word_1_681' title='bbox 1509 4993 1778 5059; x_wconf 79' lang='grc' dir='ltr'>δεδώρηται</span> <span class='ocrx_word' id='word_1_682' title='bbox 1839 4995 1926 5053; x_wconf 78' lang='grc' dir='ltr'>τῆς</span> 
     </span>
    </p>
   </div>
   <div class='ocr_carea' id='block_1_84' title="bbox 2125 4993 3757 5060">
    <p class='ocr_par' dir='ltr' id='par_1_84' title="bbox 2125 4994 3757 5060">
     <span class='ocr_line' id='line_1_87' title="bbox 2125 4994 3757 5060; baseline 0.002 -18"><span class='ocrx_word' id='word_1_683' title='bbox 2125 5010 2203 5043; x_wconf 79' lang='grc' dir='ltr'>του</span> <span class='ocrx_word' id='word_1_684' title='bbox 2266 4995 2485 5055; x_wconf 58' lang='lat' dir='ltr'>nia-rso):</span> <span class='ocrx_word' id='word_1_685' title='bbox 2554 4994 2820 5045; x_wconf 83' lang='lat' dir='ltr'>Remissio</span> <span class='ocrx_word' id='word_1_686' title='bbox 2876 4995 3019 5045; x_wconf 87' lang='lat' dir='ltr'>enim</span> <span class='ocrx_word' id='word_1_687' title='bbox 3081 5000 3420 5060; x_wconf 83' lang='lat' dir='ltr'>peccatorum</span> <span class='ocrx_word' id='word_1_688' title='bbox 3474 5013 3536 5046; x_wconf 83' lang='lat' dir='ltr'>ex</span> <span class='ocrx_word' id='word_1_689' title='bbox 3602 5010 3757 5060; x_wconf 80' lang='lat' dir='ltr'>aequo</span> 
     </span>
    </p>
   </div>
   <div class='ocr_carea' id='block_1_85' title="bbox 358 5065 3760 5133">
    <p class='ocr_par' dir='ltr' id='par_1_85' title="bbox 358 5065 3760 5133">
     <span class='ocr_line' id='line_1_88' title="bbox 358 5065 3760 5133; baseline -0.001 -13"><span class='ocrx_word' id='word_1_690' title='bbox 358 5071 517 5120; x_wconf 85' lang='lat' dir='ltr'>datur</span> <span class='ocrx_word' id='word_1_691' title='bbox 541 5067 788 5116; x_wconf 84' lang='lat' dir='ltr'>omnibus</span> <span class='ocrx_word' id='word_1_692' title='bbox 819 5082 831 5124; x_wconf 89' lang='lat'><strong>;</strong></span> <span class='ocrx_word' id='word_1_693' title='bbox 868 5065 1102 5131; x_wconf 84' lang='lat' dir='ltr'>Spiritus</span> <span class='ocrx_word' id='word_1_694' title='bbox 1124 5081 1249 5116; x_wconf 88' lang='lat' dir='ltr'>vero</span> <span class='ocrx_word' id='word_1_695' title='bbox 1272 5065 1442 5117; x_wconf 86' lang='lat' dir='ltr'>sancti</span> <span class='ocrx_word' id='word_1_696' title='bbox 1493 5065 1905 5117; x_wconf 86' lang='lat' dir='ltr'>communicatio</span> <span class='ocrx_word' id='word_1_697' title='bbox 1941 5067 2233 5117; x_wconf 85' lang='lat' dir='ltr'>secundum</span> <span class='ocrx_word' id='word_1_698' title='bbox 2290 5067 2692 5131; x_wconf 85' lang='lat' dir='ltr'>proportionem</span> <span class='ocrx_word' id='word_1_699' title='bbox 2741 5066 2865 5117; x_wconf 86' lang='lat' dir='ltr'>ﬁdei</span> <span class='ocrx_word' id='word_1_700' title='bbox 2918 5067 3343 5133; x_wconf 82' lang='lat' dir='ltr'>uniuscujusque</span> <span class='ocrx_word' id='word_1_701' title='bbox 3394 5067 3607 5119; x_wconf 87' lang='lat' dir='ltr'>donarii</span> <span class='ocrx_word' id='word_1_702' title='bbox 3641 5068 3760 5117; x_wconf 86' lang='lat' dir='ltr'>loco</span> 
     </span>
    </p>
   </div>
   <div class='ocr_carea' id='block_1_86' title="bbox 357 5139 691 5191">
    <p class='ocr_par' dir='ltr' id='par_1_86' title="bbox 357 5139 691 5191">
     <span class='ocr_line' id='line_1_89' title="bbox 357 5139 691 5191; baseline -0.012 0"><span class='ocrx_word' id='word_1_703' title='bbox 357 5139 691 5191; x_wconf 83' lang='lat' dir='ltr'>conceditur.</span> 
     </span>
    </p>
   </div>
   <div class='ocr_carea' id='block_1_87' title="bbox 800 5226 3322 5292">
    <p class='ocr_par' dir='ltr' id='par_1_87' title="bbox 800 5226 3322 5292">
     <span class='ocr_line' id='line_1_90' title="bbox 800 5226 3322 5292; baseline 0.001 -15"><span class='ocrx_word' id='word_1_704' title='bbox 800 5227 1117 5277; x_wconf 88' lang='lat' dir='ltr'>Concilium</span> <span class='ocrx_word' id='word_1_705' title='bbox 1154 5227 1447 5277; x_wconf 85' lang='lat' dir='ltr'>Nicoenum</span> <span class='ocrx_word' id='word_1_706' title='bbox 1496 5242 1556 5284; x_wconf 84' lang='grc' dir='ltr'>ιι,</span> <span class='ocrx_word' id='word_1_707' title='bbox 1593 5226 2006 5277; x_wconf 75' lang='lat' dir='ltr'>(Ecumenioum</span> <span class='ocrx_word' id='word_1_708' title='bbox 2035 5241 2127 5287; x_wconf 84' lang='lat' dir='ltr'>vn,</span> <span class='ocrx_word' id='word_1_709' title='bbox 2164 5229 2282 5278; x_wconf 87' lang='lat' dir='ltr'>Act.</span> <span class='ocrx_word' id='word_1_710' title='bbox 2314 5245 2361 5285; x_wconf 81' lang='grc' dir='ltr'>ν,</span> <span class='ocrx_word' id='word_1_711' title='bbox 2394 5239 2522 5279; x_wconf 76' lang='lat' dir='ltr'>(om.</span> <span class='ocrx_word' id='word_1_712' title='bbox 2553 5228 2596 5277; x_wconf 88' lang='lat' dir='ltr'>Il</span> <span class='ocrx_word' id='word_1_713' title='bbox 2626 5230 2786 5279; x_wconf 90' lang='lat' dir='ltr'>Cone.</span> <span class='ocrx_word' id='word_1_714' title='bbox 2827 5229 3014 5285; x_wconf 89' lang='lat' dir='ltr'>Labb.,</span> <span class='ocrx_word' id='word_1_715' title='bbox 3038 5244 3173 5292; x_wconf 88' lang='lat' dir='ltr'>pag.</span> <span class='ocrx_word' id='word_1_716' title='bbox 3212 5228 3322 5279; x_wconf 70' lang='lat'><strong>348.</strong></span> 
     </span>
    </p>
   </div>
   <div class='ocr_carea' id='block_1_88' title="bbox 434 5314 2066 5394">
    <p class='ocr_par' dir='ltr' id='par_1_88' title="bbox 434 5316 2010 5391">
     <span class='ocr_line' id='line_1_91' title="bbox 434 5316 2010 5391; baseline -0.001 -16"><span class='ocrx_word' id='word_1_717' title='bbox 434 5319 631 5375; x_wconf 84' lang='lat' dir='ltr'>Sancti</span> <span class='ocrx_word' id='word_1_718' title='bbox 661 5317 865 5391; x_wconf 88' lang='lat' dir='ltr'>Cyrilli</span> <span class='ocrx_word' id='word_1_719' title='bbox 897 5316 1328 5390; x_wconf 86' lang='lat' dir='ltr'>archiepiscopi</span> <span class='ocrx_word' id='word_1_720' title='bbox 1354 5316 1895 5389; x_wconf 83' lang='lat' dir='ltr'>Hierosolymorum</span> <span class='ocrx_word' id='word_1_721' title='bbox 1919 5333 2010 5373; x_wconf 92' lang='lat' dir='ltr'>ca-</span> 
     </span>
    </p>
   </div>
   <div class='ocr_carea' id='block_1_89' title="bbox 2128 5314 3760 5394">
    <p class='ocr_par' dir='ltr' id='par_1_89' title="bbox 2188 5314 3760 5394">
     <span class='ocr_line' id='line_1_92' title="bbox 2188 5314 3760 5394; baseline 0 -21"><span class='ocrx_word' id='word_1_722' title='bbox 2188 5319 2301 5373; x_wconf 80' lang='grc' dir='ltr'>Τοῦ</span> <span class='ocrx_word' id='word_1_723' title='bbox 2324 5317 2479 5392; x_wconf 81' lang='grc' dir='ltr'>ἁγίου</span> <span class='ocrx_word' id='word_1_724' title='bbox 2537 5314 2811 5390; x_wconf 84' lang='grc' dir='ltr'>Κυρίλλου</span> <span class='ocrx_word' id='word_1_725' title='bbox 2867 5316 3308 5391; x_wconf 85' lang='grc' dir='ltr'>ἀρχιεπισκόπου</span> <span class='ocrx_word' id='word_1_726' title='bbox 3362 5316 3760 5394; x_wconf 82' lang='grc' dir='ltr'>Ἱεροσολύμων</span> 
     </span>
    </p>
   </div>
   <div class='ocr_carea' id='block_1_90' title="bbox 367 5403 1999 5482">
    <p class='ocr_par' dir='ltr' id='par_1_90' title="bbox 367 5406 1999 5477">
     <span class='ocr_line' id='line_1_93' title="bbox 367 5406 1999 5477; baseline -0.004 -11"><span class='ocrx_word' id='word_1_727' title='bbox 367 5408 623 5468; x_wconf 81' lang='lat' dir='ltr'>techesis</span> <span class='ocrx_word' id='word_1_728' title='bbox 647 5406 1107 5477; x_wconf 78' lang='lat' dir='ltr'>secunda,cujus</span> <span class='ocrx_word' id='word_1_729' title='bbox 1126 5406 1670 5473; x_wconf 82' lang='lat' dir='ltr'>initium,Grave.Et</span> <span class='ocrx_word' id='word_1_730' title='bbox 1690 5412 1821 5477; x_wconf 85' lang='lat' dir='ltr'>post</span> <span class='ocrx_word' id='word_1_731' title='bbox 1841 5406 1959 5462; x_wconf 89' lang='lat' dir='ltr'>alia</span> <span class='ocrx_word' id='word_1_732' title='bbox 1991 5422 1999 5460; x_wconf 91' lang='lat'>:</span> 
     </span>
    </p>
   </div>
   <div class='ocr_carea' id='block_1_91' title="bbox 2127 5403 3759 5482">
    <p class='ocr_par' dir='ltr' id='par_1_91' title="bbox 2127 5403 3759 5482">
     <span class='ocr_line' id='line_1_94' title="bbox 2127 5403 3759 5482; baseline 0.002 -23"><span class='ocrx_word' id='word_1_733' title='bbox 2127 5408 2427 5481; x_wconf 67' lang='grc' dir='ltr'>ιατήχησις</span> <span class='ocrx_word' id='word_1_734' title='bbox 2511 5403 2751 5481; x_wconf 69' lang='grc' dir='ltr'>δευτέρα,</span> <span class='ocrx_word' id='word_1_735' title='bbox 2806 5406 2872 5476; x_wconf 82' lang='grc' dir='ltr'>ἧς</span> <span class='ocrx_word' id='word_1_736' title='bbox 2953 5407 3124 5482; x_wconf 82' lang='grc' dir='ltr'>ἀρχή·</span> <span class='ocrx_word' id='word_1_737' title='bbox 3194 5407 3400 5466; x_wconf 85' lang='grc' dir='ltr'>Δεινόν.</span> <span class='ocrx_word' id='word_1_738' title='bbox 3474 5406 3578 5466; x_wconf 81' lang='grc' dir='ltr'>Καὶ</span> <span class='ocrx_word' id='word_1_739' title='bbox 3637 5408 3759 5479; x_wconf 74' lang='grc' dir='ltr'>μεθ’</span> 
     </span>
    </p>
   </div>
   <div class='ocr_carea' id='block_1_92' title="bbox 366 5490 1998 5571">
    <p class='ocr_par' dir='ltr' id='par_1_92' title="bbox 366 5497 1998 5571">
     <span class='ocr_line' id='line_1_95' title="bbox 366 5497 1998 5571; baseline -0.006 -10"><span class='ocrx_word' id='word_1_740' title='bbox 366 5508 540 5571; x_wconf 83' lang='lat' dir='ltr'>Quam</span> <span class='ocrx_word' id='word_1_741' title='bbox 573 5501 717 5557; x_wconf 86' lang='lat' dir='ltr'>enim</span> <span class='ocrx_word' id='word_1_742' title='bbox 755 5499 919 5555; x_wconf 84' lang='lat' dir='ltr'>habes</span> <span class='ocrx_word' id='word_1_743' title='bbox 971 5498 1039 5552; x_wconf 81' lang='lat' dir='ltr'>de</span> <span class='ocrx_word' id='word_1_744' title='bbox 1089 5497 1611 5556; x_wconf 83' lang='lat' dir='ltr'>Nabuchodonosore</span> <span class='ocrx_word' id='word_1_745' title='bbox 1637 5498 1998 5554; x_wconf 70' lang='lat' dir='ltr'>sententiam?</span> 
     </span>
    </p>
   </div>
   <div class='ocr_carea' id='block_1_93' title="bbox 2121 5490 3753 5571">
    <p class='ocr_par' dir='ltr' id='par_1_93' title="bbox 2121 5490 3753 5571">
     <span class='ocr_line' id='line_1_96' title="bbox 2121 5490 3753 5571; baseline 0.001 -21"><span class='ocrx_word' id='word_1_746' title='bbox 2121 5491 2291 5570; x_wconf 82' lang='grc' dir='ltr'>ἕτερα·</span> <span class='ocrx_word' id='word_1_747' title='bbox 2334 5496 2464 5553; x_wconf 84' lang='grc' dir='ltr'>Τίνα</span> <span class='ocrx_word' id='word_1_748' title='bbox 2492 5496 2593 5571; x_wconf 80' lang='grc' dir='ltr'>γὰρ</span> <span class='ocrx_word' id='word_1_749' title='bbox 2622 5496 2875 5551; x_wconf 84' lang='grc' dir='ltr'>ὑπόνοιαν</span> <span class='ocrx_word' id='word_1_750' title='bbox 2902 5490 3050 5570; x_wconf 79' lang='grc' dir='ltr'>ἔχεις</span> <span class='ocrx_word' id='word_1_751' title='bbox 3086 5497 3209 5571; x_wconf 83' lang='grc' dir='ltr'>περέ</span> <span class='ocrx_word' id='word_1_752' title='bbox 3252 5501 3350 5552; x_wconf 79' lang='grc' dir='ltr'>τοῦ</span> <span class='ocrx_word' id='word_1_753' title='bbox 3393 5491 3753 5570; x_wconf 79' lang='grc' dir='ltr'>Ναϐουχοδο-</span> 
     </span>
    </p>
   </div>
   <div class='ocr_carea' id='block_1_94' title="bbox 370 5582 2002 5660">
    <p class='ocr_par' dir='ltr' id='par_1_94' title="bbox 370 5586 2002 5659">
     <span class='ocr_line' id='line_1_97' title="bbox 370 5586 2002 5659; baseline -0.005 -9"><span class='ocrx_word' id='word_1_754' title='bbox 370 5600 481 5652; x_wconf 82' lang='lat' dir='ltr'>clo.</span> <span class='ocrx_word' id='word_1_755' title='bbox 520 5608 531 5658; x_wconf 91' lang='lat'>;</span> <span class='ocrx_word' id='word_1_756' title='bbox 568 5596 630 5646; x_wconf 85' lang='lat' dir='ltr'>ut</span> <span class='ocrx_word' id='word_1_757' title='bbox 660 5594 772 5645; x_wconf 83' lang='lat' dir='ltr'>cat.</span> <span class='ocrx_word' id='word_1_758' title='bbox 806 5592 875 5655; x_wconf 84' lang='lat'>2;</span> <span class='ocrx_word' id='word_1_759' title='bbox 910 5587 1095 5644; x_wconf 86' lang='lat' dir='ltr'>altero</span> <span class='ocrx_word' id='word_1_760' title='bbox 1136 5586 1405 5658; x_wconf 85' lang='lat' dir='ltr'>exemplo</span> <span class='ocrx_word' id='word_1_761' title='bbox 1432 5603 1594 5642; x_wconf 88' lang='lat' dir='ltr'>num.</span> <span class='ocrx_word' id='word_1_762' title='bbox 1631 5591 1715 5643; x_wconf 89' lang='lat'><strong>17.</strong></span> <span class='ocrx_word' id='word_1_763' title='bbox 1751 5602 1881 5659; x_wconf 83' lang='lat' dir='ltr'>pag.</span> <span class='ocrx_word' id='word_1_764' title='bbox 1916 5589 2002 5642; x_wconf 92' lang='lat'>37.</span> 
     </span>
    </p>
   </div>
   <div class='ocr_carea' id='block_1_95' title="bbox 936 5582 2568 5660">
    <p class='ocr_par' dir='ltr' id='par_1_95' title="bbox 936 5582 2568 5660">
     <span class='ocr_line' id='line_1_98' title="bbox 936 5582 2568 5660; baseline -0.003 -16"><span class='ocrx_word' id='word_1_765' title='bbox 936 5587 1095 5644; x_wconf 40' lang='lat' dir='ltr'>tltero</span> <span class='ocrx_word' id='word_1_766' title='bbox 1136 5586 1405 5658; x_wconf 85' lang='lat' dir='ltr'>exemplo</span> <span class='ocrx_word' id='word_1_767' title='bbox 1432 5603 1594 5642; x_wconf 89' lang='lat' dir='ltr'>num.</span> <span class='ocrx_word' id='word_1_768' title='bbox 1631 5591 1715 5643; x_wconf 88' lang='lat'><strong>17.</strong></span> <span class='ocrx_word' id='word_1_769' title='bbox 1751 5602 1881 5659; x_wconf 82' lang='lat' dir='ltr'>pag.</span> <span class='ocrx_word' id='word_1_770' title='bbox 1916 5589 2004 5642; x_wconf 88' lang='lat'>37.</span> <span class='ocrx_word' id='word_1_771' title='bbox 2116 5584 2299 5660; x_wconf 81' lang='grc' dir='ltr'>νόσορ,</span> <span class='ocrx_word' id='word_1_772' title='bbox 2331 5606 2383 5643; x_wconf 88' lang='grc' dir='ltr'>κ.</span> <span class='ocrx_word' id='word_1_773' title='bbox 2432 5606 2482 5642; x_wconf 90' lang='grc' dir='ltr'>τ.</span> <span class='ocrx_word' id='word_1_774' title='bbox 2513 5582 2568 5640; x_wconf 87' lang='grc' dir='ltr'>λ.</span> 
     </span>
    </p>
   </div>
  </div>
