4108 6270
287 332 434 392 309

1560 321 1942 386 VETERUM
1983 320 2508 386 TESTlMONlA.

3551 278 3564 286 ‘
3620 322 3739 383 310

301 464 485 514 Elia:
519 460 800 512 Cretensis
827 459 891 510 in
924 467 1064 509 orat.
1095 458 1157 508 52
1185 458 1241 516 8,
1281 460 1442 522 Grcg.
1474 458 1615 510 has.
1648 465 1761 506 not.
1795 456 1839 516 1,
1874 456 2009 506 citat
2038 456 2264 519 longam
2299 458 2359 505 S.
2388 456 2601 520 σς]ήὶἰί
2629 453 2966 506 sententiam
3003 468 3071 502 ea
3100 463 3204 504 cat.
3261 453 3338 507 18.
3386 469 3544 503 num.
3584 454 3644 503 23
3685 459 3736 500 et

553 535 639 593 24,
672 549 781 582 non
818 533 945 594 ejus
974 530 1202 594 quidem
1230 532 1519 593 speciatim
1549 545 1826 592 expresso,
1849 530 1944 577 sed
1973 528 2252 590 appellato
2276 531 2588 591 generatim
2619 530 2944 579 divinorum
2971 527 3215 575 Patrum
3244 527 3488 574 nomine.

934 650 1288 714 Theophanes
1318 649 1380 698 in
1411 644 1869 712 Chronographia,
1892 660 2028 708 pag.
2058 644 2136 706 34,
2159 646 2232 696 ad
2253 662 2346 698 an.
2377 648 2590 697 Christi
2619 656 2683 697 ut
2713 651 2994 710 computat
3019 645 3130 697 335.

394 767 584 841 Τούτῳ
614 772 696 841 τῷ
725 764 830 823 ἔτει
864 766 1113 840 Μάξιμον
1144 767 1238 821 τὸν
1271 763 1670 837 Ἰεροσολύμων
1724 761 1969 826 καθεῖλεν

2155 766 2273 820 Hoc
2295 782 2452 820 anno
2479 766 2790 822 Maximum
2817 764 3368 836 Hierosolymorum
3387 761 3729 832 episcopum

305 857 579 919 Ἀκάκιος
616 858 644 911 6
693 855 1034 927 Καισαρείας,
1093 855 1183 910 καὶ
1242 853 1584 931 [Ιατρόφιλος
1615 854 1642 907 6
1686 850 1966 907 Σκυθοπό-

309 948 484 1015 λεως,
518 947 794 1022 Ἀρειανοὶ
851 944 1023 1007 ὄντες
1083 945 1174 998 καὶ
1223 943 1601 1019 ἀντεισήγαγον
1663 939 1964 1017 Κύριλλον,

309 1035 603 1099 δοκοῦντες
627 1033 774 1113 ἔχειν
816 1035 976 1091 αὐτὸν
1007 1036 1309 1114 ὁμόφρονα.
1341 1035 1430 1090 Ἐν
1475 1032 1654 1106 τούτῳ
1701 1037 1782 1105 τῷ
1831 1030 1968 1107 χρό-

306 1150 412 1200 νῳ,
476 1126 758 1200 Κυρίλλου
815 1124 1245 1187 ἒπισκοποῦντος
1295 1122 1716 1196 Ἱεροσολύμων,
1763 1123 1826 1176 τὸ
1857 1142 1967 1190 ση-

315 1222 475 1290 μεῖον
505 1220 610 1272 τοῦ
661 1218 937 1286 ζωοποιοῦ
995 1217 1228 1287 σταυροῦ
1288 1211 1454 1291 ἐφάνη
1514 1211 1565 1267 έν
1617 1216 1696 1282 τῷ
1733 1211 1966 1283 οὐρανῷ,

312 1310 386 1380 τῇ
416 1308 609 1380 ⁴ἡμέρᾳ
659 1311 758 1374 τῆς
815 1309 1221 1374 Πεντηκοστῆς,
1271 1299 1586 1379 φωτοειδὲς,
1645 1296 1966 1373 μεταϐαῖνον

314 1394 426 1449 ἀπὸ
456 1399 558 1449 τοῦ
617 1391 891 1469 Γολγοθᾶ,
951 1391 1072 1455 ἔνθα
1119 1389 1429 1466 ἐσταυρώθη
1482 1392 1509 1445 6
1560 1388 1822 1464 Χριστὸς,
1868 1387 1971 1450 ἓως

311 1488 418 1539 τοῦ
450 1483 616 1554 ὅρους
645 1486 755 1536 τῶν
819 1480 1076 1549 Ἐλαιῶν,
1129 1481 1246 1535 ’ὀθεν
1308 1478 1610 1556 ὰνελήφθη.
1659 1476 1864 1549 Κύκλῳ
1915 1474 1971 1531 δὶ

305 1577 414 1628 τοῦ
456 1577 720 1649 φανέντος
777 1569 1008 1642 σημείου
1077 1571 1357 1646 στέφανος,
1417 1567 1490 1630 ὡς
1543 1566 1653 1640 ἶρις
1704 1566 1766 1620 τὸ
1825 1564 1970 1622 εἶδος

314 1660 489 1737 ἔχωνο
524 1662 720 1734 καὶτῇ
771 1659 909 1733 αὐτῇ
965 1656 1023 1714 δὲ
1073 1659 1276 1732 ἡμέρᾳ,
1331 1656 1422 1712 καὶ
1474 1660 1554 1730 τῷ
1613 1653 1973 1728 Κωνσταντίῳ

316 1753 502 1828 ὤφθη.
538 1751 673 1826 Περὶ
728 1750 927 1804 τούτου
979 1746 1036 1804 δὲ
1095 1748 1309 1825 φέρεται
1370 1746 1647 1822 Κυρίλλου
1703 1744 1969 1815 ἐπιστολή

318 1843 460 1917 πρὸς
507 1841 603 1896 τὸν
671 1837 896 1913 βασιλέα
956 1837 1354 1904 Κωνστάντιον,
1409 1833 1463 1890 ἐν
1597 1829 1970 1889 εὐσεϐέστατον

321 1931 483 1986 αὐτὸν
517 1929 700 1985 καλεῖ.
745 1929 902 1985 Ὅθεν
961 1928 1098 1989 τινές
1143 1925 1564 2000 Ἀρειανόφρονα
1609 1919 1971 1979 διαϐάλλουσι

315 2022 411 2075 τὸν
446 2019 612 2074 αὐτὸν
677 2015 973 2093 Κόριλλον,
1006 2014 1253 2090 λέγοντες
1284 2015 1373 2070 καὶ
1403 2016 1502 2084 τήν
1533 2018 1628 2069 τοῦ
1674 2015 1972 2086 ὁμοουσίου

2071 856 2321 912 Aeacius
2342 858 2644 922 Caesarem,
2665 863 2722 912 et
2736 857 3114 928 Patrophilus
3138 852 3565 926 Scythopoleos
3580 866 3730 920 prai-

2073 946 2252 1011 sules,
2281 947 2502 1002 Ariana
2529 947 2660 1002 labe
2692 947 2918 1009 infecti,
2953 947 3361 1017 deposuerunt
3391 961 3402 998 :
3451 948 3509 997 et
3539 939 3727 1010 Cyril-

2070 1046 2217 1104 lum,
2252 1055 2431 1109 quem
2465 1055 2584 1093 una
2615 1055 2816 1094 secum
2865 1038 3086 1094 sentire
3118 1036 3458 1108 sperabant,
3491 1035 3552 1087 in
3591 1031 3727 1102 ejus

2070 1126 2270 1182 locum
2301 1130 2682 1184 suffecerunt.
2719 1128 2835 1184 Sub
2867 1128 2927 1183 id
2959 1133 3194 1199 tempus
3225 1125 3441 1197 Cyrillo
3493 1122 3691 1194 episco

2072 1233 2214 1288 pum
2245 1224 2454 1289 agente
2484 1219 2726 1274 viviﬁcae
2751 1217 2944 1274 crucis
2968 1218 3202 1290 signum
3224 1216 3354 1270 luce
3388 1228 3601 1285 magna
3623 1227 3716 1266 co-

2072 1323 2344 1375 ruscans,
2378 1307 2473 1362 die
2505 1324 2670 1364 sacro
2722 1310 3101 1364 Pentecostes
3131 1306 3406 1378 apparuit
3435 1305 3497 1358 in
3553 1301 3720 1368 coelo,

2076 1400 2189 1452 eta
2218 1397 2524 1469 Golgotha,
2554 1415 2670 1468 quo
2703 1398 2832 1452 loco
2887 1397 3156 1452 Christus
3204 1397 3452 1451 sufﬁxus
3501 1397 3609 1460 est,
3647 1390 3722 1449 ad

2078 1484 2372 1540 Olivarum
2394 1489 2656 1539 montem
2682 1485 2889 1554 quo,in
2903 1485 3082 1539 caelos
3101 1487 3563 1552 estassumptus,
3586 1497 3723 1552 per-

2077 1572 2334 1629 transiit.
2364 1573 2595 1628 Corona
2624 1589 2759 1628 vero
2791 1573 3050 1644 speciem
3107 1572 3276 1626 iridis
3328 1571 3593 1625 referens
3642 1569 3720 1623 si-

2077 1679 2258 1736 gnum
2281 1678 2573 1733 apparens
2595 1662 3088 1717 circumambibat
3111 1678 3123 1716 :
3148 1667 3208 1717 et
3225 1660 3436 1716 eodem
3458 1659 3552 1712 die
3575 1658 3718 1712 visio

2080 1751 2634 1807 eademConstantio
2647 1751 3026 1807 manifestata
3036 1750 3246 1805 fuitzde
3259 1767 3376 1820 qua
3387 1747 3718 1819 ad[CCLIX]

2079 1841 2497 1914 imperatorem
2511 1842 2922 1897 Constantium
2936 1840 3139 1913 Cyrilli
3167 1837 3717 1911 epistola.quapiis-

2079 1930 2298 1984 simum
2333 1945 2467 1984 eum
2524 1929 2806 2000 appellat,
2862 1928 3295 1984 circumfertur.
3353 1928 3720 1996 Quapropter

2079 2020 2314 2075 Arianae
2353 2019 2653 2090 opinionis
2685 2026 3025 2091 suspectum
3059 2019 3253 2089 ipsum
3309 2016 3590 2088 Cyrillum
3626 2031 3720 2069 ca-

319 2110 510 2185 φωνῆν
572 2107 1057 2182 παρασεσιγηκέναι
1135 2103 1294 2159 αὐτὸν
1350 2102 1402 2158 έν
1454 2109 1573 2165 ταῖς
1641 2105 1969 2178 Κατηχήσε-

2085 2107 2456 2164 lumniantur
2484 2109 2784 2178 nonnulli,
2809 2115 2867 2163 et
2887 2106 3412 2163 consubstantialis
3436 2121 3634 2158 vocem
3659 2104 3721 2157 in

321 2220 427 2266 σιν,
462 2200 552 2258 αῖς
585 2196 789 2267 ἐξέθετο
821 2195 900 2272 ἐφ’
933 2192 1170 2271 ὠφελείᾳ
1221 2198 1326 2249 τῶν
1389 2192 1625 2267 ἀπείρων
1671 2191 1816 2247 λαῶν
1855 2197 1966 2248 τῶν

322 2293 402 2359 τῷ
433 2289 567 2359 θείῳ
595 2285 1006 2362 προσελθόντων
1046 2286 1372 2359 βαπτίσματι
1407 2281 1494 2338 διὰ
1539 2283 1600 2336 τὸ
1649 2285 1829 2355 θαῦμα
1871 2286 1967 2337 τοῦ

325 2381 607 2446 ζωοποιοῦ
639 2379 892 2450 σταυροῦ.
925 2373 1274 2449 Σφάλλονται
1305 2370 1382 2443 δὲ,
1413 2374 1501 2427 καὶ
1547 2373 1966 2446 ἁμαρτάνουσιν.

319 2467 535 2541 Ἐχρῆν
570 2465 674 2540 γὰρ
705 2463 918 2519 καὶτὸν
971 2461 1198 2538 βασιλέα
1243 2461 1295 2532 έξ
1343 2457 1678 2532 ἁπλότητος,
1729 2462 1814 2515 καὶ
1868 2460 1971 2515 οὐκ

322 2556 385 2613 ix
419 2555 708 2619 διαθέσεως
755 2558 824 2629 τῇ
872 2554 1175 2628 κακουργίᾳ
1229 2557 1337 2608 τῶν
1387 2556 1678 2627 Ἀρειανῶν
1727 2549 1972 2606 ἀποκλα-

321 2644 489 2700 πέντα
521 2643 598 2707 εἷς
639 2646 735 2712 τὴν
796 2643 1019 2718 αἳρεσιν,
1073 2642 1161 2697 καὶ
1217 2646 1314 2697 τοῦ
1373 2640 1750 2713 Ἑλληνισμοῦ
1802 2642 1969 2714 μήπω

325 2734 556 2796 τελείως
634 2733 1118 2810 καταστραφέντος,
1187 2725 1566 2787 εὐσεϐέστατον
1625 2728 1822 2806 λέγειν’
1881 2731 1970 2785 καὶ

322 2826 428 2892 τήν
458 2828 555 2878 τοῦ
588 2823 888 2896 ὁμοουσίου
942 2823 1127 2899 φωνην
1188 2827 1427 2896 σιγῆσαι,
1483 2821 1618 2882 τέως
1675 2819 1972 2895 ταράττου-

324 2934 420 2968 σαν
450 2911 577 2974 τοὺς
611 2909 880 2980 πολλοὺς,
911 2911 1000 2965 καὶ
1042 2913 1110 2984 τῇ
1164 2908 1425 2973 ἀντιθέσει
1470 2913 1576 2963 τῶν
1601 2907 1836 2985 ’ἐχθρῶν
1887 2907 1974 2964 ἐκ·

325 3001 632 3056 κόπτουσαν
691 2999 819 3062 τοὺς
873 2997 1323 3073 βαπτιζομένους·
1377 2996 1466 3052 διὰ
1515 2995 1572 3052 δὲ
1615 2998 1724 3052 τῶν
1801 2996 1976 3053 ἴσοδυ-

323 3088 646 3163 ναμούντων
673 3088 868 3160 λέξεων
901 3089 963 3143 τὸ
993 3092 1090 3143 τοῦ
1141 3088 1448 3161 ὁμοουσίου
1495 3091 1788 3162 τρανῶσαι·
1823 3088 1852 3142 ’ὀ
1882 3088 1972 3142 καὶ

323 3179 621 3249 πεποίηκεν
655 3180 683 3233 6
719 3180 984 3252 μακάριος
1015 3177 1288 3250 Κόριλλος
1319 3178 1416 3246 τὴν
1452 3177 1504 3232 ἐν
1537 3178 1737 3249 Νικαίᾳ
1792 3177 1969 3233 πίστιν

320 3269 458 3322 κατὰ
517 3264 658 3340 λέξιν
719 3266 1040 3340 ἀναπτύξας,
1099 3266 1189 3320 καὶ
1239 3265 1365 3320 Θεὸν
1417 3265 1676 3336 ἀληθινὸν
1717 3265 1775 3321 ἐκ
1831 3273 1964 3323 Θεοῦ

319 3355 587 3429 ἀληθινοῦ
617 3360 874 3431 κηρύξας.

2076 2198 2470 2256 Catechesibus.
2504 2213 2650 2268 quas
2682 2199 2754 2253 ob
2788 2199 2978 2253 visum
2999 2197 3240 2252 viviﬁcse
3267 2196 3457 2249 crucis
3490 2201 3721 2265 porten-

2077 2293 2225 2354 tum,
2261 2287 2331 2342 ad
2367 2288 2696 2343 innumeras
2729 2287 3129 2342 multitudinis
3155 2302 3388 2341 sacrum
3421 2283 3718 2354 baptisma

2077 2378 2433 2450 postulantis
2465 2378 2781 2433 utilitatem
2814 2378 3166 2449 explanavit,
3202 2375 3556 2430 subticuisse
3576 2388 3718 2428 cau-

2078 2475 2303 2524 santur.
2339 2467 2650 2522 Falluntur
2678 2474 2898 2535 autem,
2923 2474 2980 2524 et
2991 2468 3216 2540 judicio
3247 2471 3513 2538 peccant.
3535 2466 3720 2535 Opor-

2078 2557 2240 2612 tebat
2268 2557 2449 2625 enim,
2495 2575 2565 2612 ex
2624 2557 2808 2612 animi
2859 2558 3238 2629 simplicitate
3281 2556 3498 2627 potius,
3542 2570 3720 2624 quam

2080 2653 2283 2720 aperto
2314 2648 2615 2720 proposito
2649 2649 3003 2704 Arianorum
3036 2649 3188 2704 dolis
3219 2649 3280 2702 in
3306 2646 3583 2702 haaresim
3612 2646 3719 2700 ab-

2081 2737 2322 2793 ductum
2347 2737 2787 2809 imperatorem,
2816 2738 3145 2811 gentilitate
3168 2737 3434 2808 alioquin
3457 2735 3723 2790 nondum

2082 2827 2256 2898 plene
2288 2827 2530 2896 abolita,
2563 2827 2900 2898 piissimum
2932 2845 3279 2898 nuncupare
3307 2845 3318 2880 :
3353 2831 3412 2881 et
3461 2824 3722 2881 consub-

2083 2916 2378 2972 stantialis
2407 2933 2608 2971 vocem
2640 2916 3036 2987 plurimorum
3068 2933 3241 2972 aures
3299 2915 3490 2971 adhuc
3537 2917 3722 2969 oifen-

2085 3005 2346 3071 dentem,
2393 3009 2451 3059 et
2510 3005 2982 3060 adversariorum
3034 3005 3451 3059 controversiis
3485 3020 3518 3058 a
3558 3019 3723 3058 sacro

2081 3094 2436 3166 baptismate
2451 3093 2867 3150 deterrituram
2880 3095 3116 3167 ignaros
3127 3093 3446 3165 ,prseterire
3461 3091 3727 3162 decebat,

2085 3189 2142 3241 et
2199 3183 2724 3240 consubstantialis
2777 3184 3052 3239 notitiam
3111 3184 3271 3255 paris
3355 3183 3722 3255 signiﬁcatus

1995 3299 2039 3362 ο
2079 3274 2380 3331 vocabulis
2414 3275 2633 3330 clarius
2659 3276 2989 3348 exprimere
3015 3292 3028 3330 :
3051 3276 3209 3346 quod
3239 3273 3479 3345 quidem
3505 3273 3726 3327 abeato

2076 3363 2294 3435 Cyrillo
2323 3363 2654 3435 prtestitum
2687 3369 2794 3431 est,
2829 3364 2929 3435 qui
2960 3363 3323 3435 publicatam
3345 3363 3551 3418 Nicaea
3584 3360 3722 3416 ﬁdei

317 3465 592 3505 normam
621 3449 695 3504 ad
726 3449 973 3504 verbum
1002 3449 1451 3519 interpretatus,
1485 3449 1671 3502 Deum
1701 3465 1904 3505 verum
1937 3450 2010 3506 de
2042 3454 2160 3508 Deo
2190 3470 2328 3508 vero
2358 3452 2719 3524 praedicavit.

1554 3544 1728 3600 Idem,
1758 3545 2215 3614 Chronographiae
2242 3565 2381 3614 pag.
2414 3549 2493 3598 47.

392 3636 590 3709 Τούτῳ
641 3639 721 3708 τῷ
778 3630 883 3691 ἔτει
942 3630 1194 3709 Λιϐέριος
1255 3633 1549 3695 ἐπίσκοπος
1594 3632 1839 3707 Ῥώμης,
1882 3639 1972 3691 καὶ

323 3727 647 3788 Ἀθανάσιος
690 3723 1122 3800 Ἀλεξανδρείας,
1149 3724 1240 3778 καὶ
1298 3721 1564 3786 Μελέτιος
1610 3725 1972 3800 Ἀντιοχείας,

326 3817 417 3872 καὶ
452 3820 480 3873 6
510 3817 845 3889 Σαμοσάτων
879 3810 1136 3878 Εὐσέϐιος
1187 3813 1580 3885 ἀνακληθέντες
1628 3814 1690 3870 ἐκ
1733 3822 1832 3886 τῆς
1882 3815 1972 3887 ἐξ-

324 3908 483 3980 ορίας
537 3906 636 3960 ὑπὸ
666 3900 970 3961 Ἰουϐιανοῦ
1019 3904 1071 3960 έν
1114 3908 1194 3978 τῷ
1248 3904 1397 3979 ὀρθῷ
1449 3903 1599 3981 λόγῳ
1656 3903 1970 3981 διέπρεπον,

321 3996 413 4050 καὶ
444 3998 473 4050 6
506 3994 904 4068 Ἰεροσολύμων
962 3992 1258 4070 Κόριλλος,
1317 3995 1406 4050 καὶ
1461 3991 1637 4070 ἕτεροι
1683 3993 1970 4050 ἐπίσκοποι

323 4091 423 4154 τῆς
450 4081 766 4160 ὀρθοδοξίας
790 4084 1100 4158 πρόμαχοι.

2155 3643 2276 3696 Hoc
2305 3657 2461 3696 anno
2494 3640 2758 3697 Liberius
2788 3643 3089 3698 Romanus
3122 3642 3456 3714 episcopus,
3476 3641 3734 3695 Alexan-

2085 3729 2226 3784 driae
2263 3729 2640 3793 Athanasius,
2674 3730 3004 3787 Antiochia;
3036 3731 3324 3797 Meletius,
3360 3734 3418 3784 et
3450 3729 3725 3783 Samosa—

2083 3818 2342 3873 tensium
2374 3818 2686 3885 Eusebius,
2717 3825 2892 3875 rectae
2927 3819 3063 3875 ﬁdei
3095 3819 3460 3884 defensores,
3515 3816 3722 3871 exsilio

2083 3924 2117 3964 a
2145 3909 2412 3981 principe
2455 3909 2695 3966 Joviana
2751 3911 3027 3977 ravocati,
3081 3915 3138 3964 et
3177 3907 3724 3976 Hierosolymorum

2081 3999 2357 4071 Cyrillus,
2391 4006 2448 4055 et
2478 4001 2578 4056 alii
2610 4000 3037 4072 quamplurimi
3066 4016 3206 4054 vera
3238 3998 3370 4053 ﬁdei
3409 3996 3731 4068 disciplina

2083 4089 2444 4146 claruerunt.

1572 4184 1746 4247 Idem,
1779 4185 2238 4252 Chronographiae
2258 4203 2392 4250 pag.
2422 4188 2501 4236 58.

393 4278 514 4330 Τῶν
541 4271 599 4328 δὲ
627 4272 793 4347 ἁγίων
846 4292 907 4340 ρν
957 4275 1304 4348 προηγοῦντο
1355 4272 1619 4344 Τιμόθεος
1652 4275 1680 4327 6
1714 4272 1974 4344 Ἀλεξαν-

329 4360 531 4438 δρείας,
592 4361 858 4423 Μελέτιος
915 4361 1280 4436 Ἀντιοχείας,
1338 4357 1612 4435 Κύριλλος
1685 4363 1976 4436 ἱερώτατος

331 4448 757 4527 Ἱεροσολύμων,
789 4450 878 4505 καὶ
910 4451 938 4504 6
970 4455 1114 4514 θεῖος
1174 4450 1484 4525 Γρηγόριος
1540 4452 1975 4507 Κωνσταντινου-

327 4539 563 4602 πόλεως.

2158 4279 2505 4360 Sanctorum
2537 4282 2735 4334 autem
2763 4284 3004 4335 centum
3053 4285 3112 4335 et
3154 4280 3586 4352 quinquaginta
3617 4279 3730 4332 Pa-

2086 4371 2244 4422 trum
2275 4369 2558 4439 praasides
2590 4374 2757 4423 erant
2777 4369 3119 4424 Timotheus
3141 4367 3531 4434 Alexandriae,
3555 4365 3729 4421 Mele—

2087 4456 2204 4511 tius
2235 4457 2583 4525 Antiochiae,
2617 4457 3051 4512 sacratissimus
3078 4457 3331 4528 Cyrillus
3391 4454 3726 4526 Hierosoly-

2085 4563 2344 4616 morum,
2376 4553 2435 4602 et
2465 4547 2697 4602 divinus
2725 4547 3036 4620 Gregorius
3067 4548 3173 4602 CP.
3208 4545 3490 4616 episcopi.

329 4667 670 4730 Nicephoruc
692 4665 1028 4728 patriarcha
1074 4667 1182 4724 (ΖΡ,
1242 4666 1305 4715 in
1368 4665 1816 4731 Chronographia
1852 4683 2140 4718 recensens
2184 4672 2546 4733 patriarchas
2599 4673 3161 4737 Hicrosolymitanos,
3219 4672 3335 4720 ha’c
3383 4671 3538 4720 habet
3600 4670 3731 4720 edit-

387 4741 630 4800 Luparce
658 4753 786 4802 pag.
817 4738 1012 4810 410.”—
1043 4737 1175 4791 Qua:
1202 4739 1434 4788 uncinis
1467 4738 1708 4798 inclusa,
1740 4741 1959 4801 sumpsi
1989 4756 2057 4789 ex
2106 4742 2534 4805 Nicephoriana:
2585 4743 3043 4810 Chronographise
3092 4744 3405 4804 exemplari
3444 4759 3548 4791 ms.
3598 4741 3710 4791 bibl
3721 4760 3732 4771 ·

387 4811 521 4873 Reg.
550 4811 693 4869 1194,
716 4825 850 4872 pag.
883 4809 994 4858 407.

406 4899 518 4971 μγ“.
579 4895 857 4971 Κύριλλος
916 4897 944 4950 ὁ
997 4894 1276 4968 ἐξεωσθεὶς
1339 4897 1440 4951 ὑπὸ
1496 4899 1602 4951 τῶν
1661 4897 1974 4973 ’Δρειανῶψ

331 4986 437 5041 ἀντ’
497 4987 664 5042 αὐτοῦ
719 4982 971 5063 γεγόνασι
1032 4992 1197 5060 τρεῖς·
1263 4984 1557 5060 Ἀρσένιος,
1636 4985 1977 5060 Ἡράκλειος,

331 5077 413 5130 καὶ
471 5076 708 5151 Ἱλάριος
756 5075 872 5149 [ἔτη
937 5076 1049 5150 ιβ’].
1112 5072 1284 5130 Πάλιν
1342 5073 1669 5144 ἀνακληθεὶς
1712 5076 1799 5131 ἐπὶ
1841 5083 1975 5152 Γρα-

328 5170 528 5234 τιανοῦ,
562 5165 613 5220 έν
639 5169 708 5238 τῇ
759 5163 981 5240 δευτέρᾳ
1030 5163 1242 5238 συνόδῳ
1294 5164 1484 5241 εὑρέθη
1537 5164 1589 5220 έν
1641 5172 1977 5221 Κωνσταντι-

335 5253 606 5311 νουπόλει.
643 5254 796 5310 Εἰσὶν
825 5252 1010 5327 (ὁμοῦ)
1044 5253 1138 5324 ἔτη

2158 4904 2549 4976 43.Cyrillus,
2583 4905 2683 4977 qui
2743 4904 2814 4960 ab
2860 4905 3094 4960 Arianis
3147 4905 3372 4978 ejectus
3428 4912 3533 4959 est.
3589 4905 3731 4976 Ejus

2089 4991 2218 5046 loco
2251 4995 2479 5049 suffecti
2514 5000 2631 5050 tres
2658 5012 2668 5049 :
2703 4994 3010 5062 Arsenius,
3043 4995 3367 5062 Heraclius,
3399 5000 3453 5048 et
3473 4993 3730 5050 Hilarius

2091 5079 2288 5151 [annis
2339 5084 2447 5153 12.]
2507 5085 2726 5138 Iterum
2778 5089 3084 5140 revocatus
3142 5086 3250 5139 sub
3310 5085 3608 5147 Gratiano,
3667 5083 3729 5137 in

2091 5169 2349 5223 secunda
2380 5172 2602 5240 synodo
2635 5172 2907 5226 inventus
2939 5178 3028 5227 est
3047 5171 3731 5243 Constantinopoli.Ejus

2089 5257 2229 5310 anni
2261 5258 2541 5328 [collecti]
2573 5266 2966 5315 numerantur
2997 5263 3087 5315 62.

601 5353 953 5416 Freculphus
983 5353 1343 5403 Lexoviensis
1374 5354 1655 5416 cpiscopus
1679 5355 1781 5403 sub
1810 5355 2080 5404 Ludovico
2115 5353 2387 5416 Augusto,
2419 5356 2692 5416 Chronic.,
2727 5366 2853 5407 tom.
2884 5358 2947 5416 II,
2979 5359 3075 5407 lib.
3103 5373 3176 5415 Iv,
3209 5373 3327 5420 cap.
3371 5358 3449 5407 29.

402 5443 656 5515 Cyrillus
687 5442 1107 5515 Hierosolyma
1139 5444 1452 5515 episcopus
1469 5461 1625 5516 saepe
1646 5444 1856 5515 pulsus
1887 5449 1976 5500 est

339 5533 612 5600 Ecclesia,
645 5537 705 5588 et
732 5537 1004 5604 receptus
1031 5549 1044 5587 :
1100 5531 1174 5588 ad
1205 5537 1533 5588 extremum
1566 5532 1672 5588 sub
1717 5533 1976 5588 Theodo-

343 5623 416 5676 sio
430 5622 703 5693 principe
716 5625 941 5692 septem
954 5621 1560 5678 annisinconcussum
1572 5623 1978 5696 episcopatum

2087 5444 2294 5498 tenuit.
2330 5446 2574 5501 EXstant
2603 5447 2731 5518 ejus
2764 5465 2894 5519 quas
2925 5448 2986 5502 in
3033 5447 3436 5504 adolescentia
3486 5461 3725 5515 compo-

2087 5534 2208 5588 suit
2239 5535 2541 5604 opuscula.
2583 5536 2759 5590 Verba
2781 5552 2923 5606 pene
2951 5542 3078 5593 suut
3103 5534 3420 5606 Hieronymi
3449 5536 3506 5586 in
3556 5533 3725 5585 Cata-

2086 5623 2240 5695 logo.
