4108 6270
379 432 495 493 311
1618 422 1998 486 VETERUM
2043 422 2544 485 ’l'ESTIMONlA.
3673 427 3791 488 312

1375 557 1577 607 Petrus
1606 557 1859 619 Siculus,
1885 555 2024 614 Hist,
2056 553 2510 617 Paulicianorum,
2537 572 2672 622 pag,
2706 558 2787 609 20.

458 670 550 726 Sic
579 671 779 724 autem
811 665 1104 732 exordiar,
1127 681 1312 737 quam
1340 666 1401 721 Β.
1435 664 1654 737 Cyrillo
1681 664 1743 719 in
1776 664 2036 719 Cateche—
2065 686 2080 731 λ

2219 662 2565 738 Ἀπάρξομαι
2597 661 2655 719 δὲ
2683 663 2876 735 οὕτως,
2906 664 2973 721 τὰ
3026 664 3173 740 παρᾶ
3216 668 3312 720 τοῦ
3365 664 3635 738 μακαρίου
3687 668 3787 722 Κυ-

391 762 542 818 sibus
602 757 760 812 dicta
816 762 956 811 sunt
1001 755 1349 810 ascribens:
1408 755 1749 824 Inauspicati
1802 751 2013 807 nomini

2166 750 2352 807 >ίλλου
2418 752 2470 806 ἐν
2527 758 2648 818 ταῖς
2703 756 3057 829 Κατηχήσεσι
3120 752 3350 831 ῥηθέντα
3409 755 3687 829 προσθείς.
3727 756 3788 813 Ὁ

392 854 578 907 Manes
603 863 716 902 non
742 852 819 900 est
850 863 875 900 e
907 845 1253 912 Christianis,
1288 849 1399 900 etc.
1426 862 1440 912 ;
1470 848 1537 898 ut
1556 847 1669 898 cat.
1702 843 1756 909 6,
1790 859 1849 899 n.
1884 845 1946 896 21
1981 859 2011 897 e

2169 842 2469 915 ἴυσώνυμος
2540 844 2732 914 Μάνης
2817 844 2919 899 οὑκ
3003 843 3143 898 ἔστιν
3230 843 3337 900 ἀπὸ
3420 848 3791 920 Χριστιανῶν,

388 956 579 1009 seqq.,
612 952 743 1007 pag.
782 938 883 990 100
913 939 974 989 et
1004 951 1169 1005 seqq.

782 938 883 990 100
913 939 974 989 et
1004 951 1169 1005 seqq.
2143 951 2196 985 κ.
2228 951 2278 987 τ.
2313 928 2366 987 λ.

777 1034 1017 1084 Photius
1049 1032 1157 1081 ΟΡ.
1186 1032 1332 1080 sedis
1366 1031 1594 1080 invasor
1623 1030 1686 1078 in
1717 1028 1855 1079 Hist.
1885 1029 2323 1088 Manichaeorum,
2349 1032 2498 1081 edita
2527 1032 2796 1083 Bibliclh.
2829 1034 3089 1093 Coislin.,
3110 1048 3249 1097 pag.
3278 1033 3388 1083 351.

463 1128 521 1181 Si
552 1127 651 1197 qui
688 1130 888 1180 autem
918 1122 1100 1178 velint
1133 1138 1168 1177 a
1198 1121 1491 1193 principio
1533 1136 1738 1175 eorum
1769 1119 2043 1191 impieta-

2223 1118 2289 1175 Εἴ
2320 1117 2376 1173 δὲ
2403 1140 2512 1174 τισι
2543 1119 2706 1197 φίλον
2737 1122 2827 1177 καὶ
2861 1121 3059 1177 ἃνωθέν
3094 1123 3254 1177 ποθεν
3285 1118 3418 1177 ἲδεῖν
3464 1122 3641 1177 αὐτῶν
3691 1124 3788 1192 τὴν

392 1224 534 1285 tem,
568 1222 629 1273 et
656 1215 814 1271 unde
846 1214 1048 1286 priora
1077 1212 1309 1268 semina
1330 1212 1493 1284 jacta
1520 1209 1761 1277 fuerint,
1804 1209 2010 1281 conspi

2168 1204 2488 1279 iuccé6stav,
2520 1209 2609 1265 καὶ
2640 1210 2705 1266 τὰ
2731 1215 2925 1286 πρῶτα
2956 1211 3243 1285 σπέρματα
3280 1210 3400 1275 ὅθεν
3451 1207 3790 1285 κατεϐλήοη.

394 1303 942 1378 cere:Cyrillus,qui
964 1319 1145 1358 sacra:
1157 1301 1321 1357 urbis
1336 1298 1739 1373 gubernacula
1752 1298 2016 1354 tractavit

2172 1296 2428 1373 ἰύριλλός
2455 1318 2513 1352 τε
2543 1297 2752 1368 αὐτοῖς,
2785 1300 2812 1354 ὁ
2841 1300 2907 1355 τὰ
2933 1306 3034 1369 τῆς
3083 1300 3232 1374 ἱερᾶς
3288 1298 3506 1361 πόλεως
3548 1300 3794 1376 ἐγκεχει-

393 1397 541 1469 ipsis
569 1394 831 1449 historias
855 1393 974 1447 dux
998 1392 1126 1447 erit.
1149 1390 1481 1461 Scythianus
1501 1388 1729 1459 quidam
1747 1389 1881 1457 fuit,
1904 1392 2013 1442 etc.

2170 1387 2406 1460 ιισμὲνος
2438 1385 2707 1457 πηδάλια,
2765 1395 2865 1458 τῆς
2915 1388 3160 1465 ἱστορίας
3204 1391 3598 1465 καθηγήσεται.
3654 1397 3792 1446 Σκυ-

393 1504 523 1557 quas
558 1484 851 1539 habentur
885 1487 998 1537 cat.
1032 1484 1086 1551 6,
1117 1498 1178 1538 n.
1211 1483 1301 1548 22,
1334 1496 1464 1553 pag.
1502 1482 1597 1534 101
1635 1484 1693 1533 et
1731 1495 1896 1549 seqq.

1211 1483 1301 1548 22,
1334 1496 1464 1553 pag.
1502 1482 1597 1534 101
1635 1484 1693 1533 et
1731 1495 1896 1549 seqq.
2155 1475 2338 1540 θιανός
2363 1498 2447 1539 τις
2477 1478 2568 1547 ἦν,
2598 1498 2650 1534 κ.
2681 1499 2730 1533 τ.
2766 1475 2822 1535 λ.

388 1611 537 1659 Idem
567 1612 626 1657 in
658 1608 1007 1658 collectaneis
1033 1605 1474 1670 deiepisccpiset
1502 1602 1906 1670 me‘trcpolitis;
1937 1602 2106 1670 cujas
2124 1602 2502 1670 libriinediti
2529 1607 2917 1670 ﬁagmentum
2958 1622 3192 1670 sequens
3238 1607 3307 1670 ab
3344 1606 3538 1656 Isaaco
3584 1607 3796 1656 Casau-

457 1675 591 1721 bono
622 1672 969 1732 exscriptum
998 1684 1033 1718 a
1058 1664 1268 1717 Thcma
1296 1664 1544 1716 Millesio
1574 1667 1724 1714 inter
1754 1673 2001 1713 veterum
2025 1664 2090 1712 de
2110 1666 2327 1729 Cyrillo
2348 1664 2669 1716 testimonia
2682 1664 3129 1730 represe‘ntaiur,
3153 1672 3267 1719 Itaac
3285 1669 3441 1718 habet
3462 1670 3526 1718 de
3548 1670 3761 1735 (.‘yrillo
3779 1686 3797 1720 :

468 1764 581 1817 Iste
615 1778 775 1817 nunc
806 1760 892 1814 vir
922 1764 1164 1814 sanctus
1196 1757 1268 1813 ab
1300 1754 1579 1811 omnibus
1610 1761 1669 1809 et
1709 1753 1964 1809 habetur
1988 1758 2047 1808 et

2226 1754 2395 1815 Οὗτος
2426 1759 2514 1809 νῦν
2543 1756 2631 1809 καὶ
2665 1757 2817 1829 ἅγιος
2867 1757 3014 1833 παρὰ
3059 1761 3221 1812 πᾶσιν
3267 1755 3378 1813 ἔστι
3425 1777 3484 1812 τε
3531 1757 3621 1813 καὶ
3672 1756 3799 1814 ὀνο-

397 1854 778 1918 nominatur;
802 1851 902 1906 ille
924 1856 1014 1906 est
1039 1851 1140 1921 qui
1188 1849 1494 1905 Catecheses
1535 1847 1609 1901 ad
1648 1846 2018 1901 illuminanda

2177 1841 2401 1911 ιάζεται’
2454 1843 2614 1906 οὗτος
2671 1845 2761 1900 καὶ
2817 1846 2915 1910 τὰς
2970 1849 3112 1921 Πρὸς
3164 1846 3293 1909 τοὺς
3387 1845 3799 1925 φωτιζομὲνους

400 1943 641 1999 sublimi
675 1941 886 2013 plenus
917 1939 1216 2011 theologia
1245 1936 1617 2007 conscripsit.

2152 1933 2493 2007 κατηχήσεις
2524 1931 2577 1987 ἐν
2609 1934 2797 2007 ὑψηλῇ
2829 1933 3089 2011 θεολογίᾳ
3117 1934 3507 2010 συνεγράῴατο.

397 2041 561 2096 Idem,
604 2036 852 2088 biblioth.
884 2038 997 2086 cod.
1027 2036 1106 2099 89,
1146 2050 1279 2099 pag.
1335 2033 1449 2091 209,
1500 2033 1612 2091 210,
1662 2034 1728 2082 de
1786 2032 2410 2145 Gelas’qogfftariemis
2463 2032 2526 2081 in
2571 2033 2885 2084 Palaestina
2938 2034 3197 2084 Eeclesi:
3243 2036 3493 2098 episcopo
3547 2037 3798 2101 loquens,

471 2193 568 2247 Ait
597 2195 795 2247 autem
829 2206 891 2245 se
920 2187 1125 2261 Cyrilli
1165 2185 1685 2258 Hierosolymitani
1739 2201 1809 2240 ex
1856 2190 2043 2240 matre

2230 2182 2389 2258 Λέγει
2417 2180 2475 2237 δὲ
2503 2181 2661 2237 αὐτὸν
2696 2183 2911 2258 ἀνεψιὸν
2942 2182 3078 2259 πρὸς
3111 2186 3320 2259 μητρὸς
3378 2184 3660 2259 Κυρίλλου
3709 2192 3808 2243 τοῦ

399 2286 736 2353 cognatum,
767 2294 1021 2349 eumque
1053 2276 1128 2332 ad
1159 2278 1316 2332 hanc
1336 2276 1644 2331 historiam
1667 2273 2016 2348 [ecclesiasti

2184 2269 2582 2344 [εροσολόμων,
2614 2272 2704 2326 καὶ
2731 2272 2818 2327 ὑπ’
2870 2273 3074 2328 ἐκείνου
3129 2282 3515 2349 προτραπῆναι
3559 2275 3635 2339 είς
3670 2279 3806 2347 τήν-

400 2370 551 2439 cam]
604 2369 825 2441 [CCLX]
886 2366 1262 2423 scribendam
1322 2366 1688 2421 hortatorem
1744 2363 2022 2420 habuisse

2181 2362 2221 2414 ie
2257 2362 2356 2428 τήν
2410 2362 2742 2437 συγγραφήν.
2801 2362 2995 2434 Ἡμεῖς
3050 2359 3108 2417 δὲ
3164 2362 3392 2437 εὕρομεν
3446 2364 3803 2440 ἀνεγνωκότες

401 2460 516 2514 Nos
545 2463 742 2513 autem
773 2457 1027 2513 aliorum
1058 2456 1278 2529 scripta
1328 2454 1576 2527 legendo
1625 2453 2023 2526 comperimus

2180 2470 2212 2501 ,ν
2242 2445 2467 2514 ἃλλοις,
2497 2448 2582 2503 ὃτι
2610 2448 2770 2511 αὐτός
2798 2470 2858 2504 τε
2887 2448 3164 2523 Κύριλλος
3194 2451 3283 2507 καὶ
3334 2450 3592 2516 Γελάσιος
3643 2454 3802 2517 οὗτος

402 2548 687 2619 Cyrillum
713 2547 907 2617 ipsum
929 2562 997 2600 ac
1020 2545 1322 2601 Gelasium
1352 2543 1548 2600 Ruﬁni
1585 2543 1827 2599 Romani
1860 2542 2024 2597 histo‘

2177 2537 2255 2605 γῆν
2279 2541 2379 2592 τοῦ
2434 2537 2716 2611 Ῥουφίνου
2772 2543 2870 2593 τοῦ
2918 2540 3201 2612 Ῥωμαίου
3253 2540 3587 2620 μετὲφρασαν
3644 2544 3799 2598 ἱστο-

400 2636 550 2689 riam
577 2635 636 2688 in
670 2635 931 2688 Grascam
956 2633 1220 2705 linguam
1247 2631 1643 2692 transtulisse,
1668 2647 1861 2701 neque
1875 2647 2022 2701 porri

2182 2626 2283 2681 μίαν
2314 2625 2391 2688 είς
2422 2627 2520 2694 τὴν
2552 2624 2793 2684 Ἑλλάδα
2840 2625 3118 2702 γλῶσσαν,
3156 2627 3217 2684 οὗ
3269 2627 3453 2703 μέντοι
3494 2629 3632 2687 ἰδίαν
3680 2654 3804 2688 συν-

404 2721 706 2793 propriam
741 2721 904 2791 ipsos
956 2720 1268 2775 historiam
1313 2719 1739 2790 composuisse.
1794 2720 2024 2790 Appare

2180 2715 2408 2786 ιτάξαντο
2440 2716 2705 2788 ἱστορίαν.
2738 2714 2922 2787 Δῆλον
2953 2714 3024 2787 δ’,
3057 2719 3132 2780 ὡς
3164 2718 3521 2795 ἀρχαιότερος
3551 2721 3617 2791 ἧν
3642 2722 3802 2785 οὗτος

403 2816 602 2866 autem
664 2809 823 2863 hunc
889 2807 1235 2881 [Gelasium]
1293 2806 1536 2880 praefato
1586 2807 1713 2879 jam
1774 2806 2025 2875 [Gelasio

2176 2809 2255 2859 τοῦ
2285 2807 2714 2881 προειρημένου,
2750 2804 2805 2860 εἷ’
2822 2827 2886 2881 γε
2939 2808 3076 2862 κατά
3126 2807 3399 2884 Κόριλλον
3448 2811 3662 2883 ἤκμασε
3705 2810 3798 2866 τὸν

412 2899 812 2969 antiquiorem
844 2914 998 2959 esse.
1031 2896 1515 2968 quandoquidem
1544 2895 1747 2969 Cyrilli
1779 2895 2034 2951 Hieroso-

960 2914 998 2959 ε.
1031 2896 1515 2968 quandoquidem
1544 2895 1747 2969 Cyrilli
1779 2890 2051 2951 Hieroso4
2157 2891 2582 2970 Ἱεροσολύμων.

408 2988 685 3061 lymitani
716 2988 964 3059 aqualis
992 2988 1124 3044 fuit.

403 3112 613 3162 Auctor
641 3113 825 3162 libelli
854 3113 1130 3178 synodici,
1160 3112 1262 3177 qui
1280 3126 1389 3174 per
1406 3119 1594 3174 parte:
1614 3111 1832 3179 decisus
1860 3110 2098 3161 habetur
2125 3110 2190 3159 in
2219 3110 2539 3179 collectione
2566 3108 2933 3161 Conciliorum
2963 3119 3094 3162 tam.
3125 3112 3170 3162 II
3215 3113 3379 3164 Cone.
3425 3114 3610 3175 Labb.,
3636 3131 3697 3179 Ρ.
3724 3117 3805 3167 92.

1646 3175 2173 3231 HIBROSOLYMITANA,
2204 3175 2546 3223 ARIANORUM.
2599 3224 2603 3227 τ

478 3264 801 3321 Athanasio
824 3265 1003 3337 igitur
1019 3276 1077 3319 et
1100 3264 1283 3319 Paulo
1306 3264 1634 3320 honoriﬁce
1655 3264 1727 3319 ad
1751 3281 1858 3320 sua
1877 3263 2053 3318 ovilia
2079 3263 2100 3329 (

2230 3260 2548 3317 Ἀθανασίου
2568 3265 2703 3336 γοῦν
2746 3261 2835 3318 καὶ
2895 3261 3116 3319 Παύλου
3167 3264 3373 3338 τιμίως
3417 3264 3803 3339 πορευομὲνων

408 3354 945 3427 proﬁciscentibus,
978 3353 1300 3425 impietatis
1331 3354 1707 3425 antesignani
1756 3352 2030 3424 synodun

2181 3351 2299 3426 πρὸς
2324 3350 2390 3405 τὰ
2417 3348 2528 3405 ἴδια
2559 3352 2812 3425 ποίμνια,
2843 3355 2941 3422 τῆς
2974 3349 3223 3417 ἀσεϐείας
3252 3355 3305 3409 οἱ
3354 3354 3643 3430 πρόμαχοι
3676 3355 3803 3411 σύν-

409 3444 836 3516 Hierosolymis
859 3444 1197 3499 haareticam
1217 3449 1553 3517 coegerunt:
1575 3449 1632 3497 et
1651 3443 2031 3498 confessoren

2183 3437 2287 3495 »δον
2338 3440 2390 3495 ἐν
2448 3442 2856 3516 Ἱεροσολύμοις
2913 3443 3191 3516 αἱρετικὴν
3242 3443 3658 3519 συνεκρότησαν’
3715 3445 3805 3501 καὶ

410 3534 653 3603 quidem
693 3535 1012 3589 Maximum
1064 3532 1435 3605 abjecerunt,
1486 3532 1871 3588 catechistam
1919 3547 2032 3585 veri

2186 3530 2255 3583 ςὸν
2318 3530 2413 3603 μὲν
2468 3529 2830 3607 ὁμολογητήν
2891 3527 3232 3589 ἆπεϐἀλοντο
3276 3532 3551 3607 Μάξιμον,
3597 3534 3691 3589 τὸν
3750 3534 3808 3590 δὲ

409 3622 693 3693 Cyrillum
714 3628 995 3692 tanquam
1017 3622 1302 3677 Arianum
1325 3621 1836 3694 elegerunt;quem
1860 3626 2031 3675 tamen

2198 3620 2510 3694 ατηχιστήν
2563 3620 2639 3683 ὡς
2694 3621 2966 3696 Ἀρειανὸν
3026 3620 3449 3697 ἐχειροτόνησαν
3510 3622 3820 3697 Κύριλλον“

413 3711 521 3766 sub
558 3713 804 3766 Damaso
837 3713 1060 3778 Romus,
1092 3717 1151 3766 et
1178 3710 1286 3765 sub
1347 3710 1614 3765 Nectario
1645 3709 2031 3765 Constantino

2196 3707 2228 3763 ἵν
2260 3710 2294 3778 ἡ
2327 3706 2415 3763 ἐπὶ
2447 3710 2703 3782 Δαμάσου
2735 3709 2791 3764 ἐν
2820 3710 3033 3784 Ῥώμῃ,
3066 3710 3155 3765 καὶ
3187 3713 3222 3781 ἡ
3276 3710 3365 3767 ἐπὶ
3413 3712 3714 3789 Νεκταρίου
3766 3713 3818 3769 ἐν

417 3801 537 3872 poli
571 3800 884 3855 celebratas
916 3800 1128 3871 synodi
1160 3800 1364 3855 multis
1395 3799 1670 3855 laudibus
1694 3801 1949 3855 efferunt
1970 3816 1984 3866 ;
2007 3814 2036 3853 e

2200 3799 2751 3855 [ωνσταντινουπόλει
2783 3798 3026 3862 πολλοῖς
3086 3799 3334 3864 ἐπαίνοις
3386 3800 3654 3877 ἐξαίρουσι
3700 3803 3822 3858 σύν-

417 3890 668 3945 Acacius
700 3890 980 3945 Caesarea;
1011 3889 1290 3961 Philippi,
1323 3888 1651 3960 discipulus
1672 3894 1732 3943 et
1760 3904 2039 3944 successo:

2203 3885 2317 3942 ιὸοι·
2352 3888 2442 3942 καὶ
2475 3888 2731 3950 Ἀκάκιος
2764 3890 2792 3943 ὁ
2825 3889 3149 3964 Καισάρείας
3179 3897 3278 3959 τῆς
3312 3888 3621 3960 Φιλίππου,
3663 3891 3825 3948 Ericen

419 3980 655 4034 Eusebii
711 3979 1029 4052 Pamphili,
1087 3985 1332 4052 prepter
1389 3978 1713 4051 primatum
1761 3977 1901 4033 sede
1957 3977 2041 4033 hat

2201 3972 2303 4031 ἷίου
2349 3980 2446 4031 τοῦ
2505 3974 2801 4054 Παμφίλου
2843 3979 3113 4055 φοιτητής
3162 3980 3250 4034 καὶ
3313 3976 3601 4056 διάδοχος,
3661 3982 3823 4059 χάριν

421 4072 632 4141 exegit.
2179 4064 2459 4140 πρωτείων
2486 4069 2583 4121 τοῦ
2614 4066 2810 4140 θρόνου
2839 4066 3035 4123 τούτου
3069 4066 3343 4144 ἐξήγαγεν.

942 4197 1171 4246 Simecn
1204 4194 1608 4257 Metaphrastrs
1639 4195 1701 4244 in
1733 4193 1857 4245 Vita
1887 4195 1939 4245 S.
1972 4192 2268 4252 Athanasii,
2301 4202 2430 4242 tom.
2460 4192 2497 4251 Ι,
2520 4207 2654 4256 pag.
2688 4192 2795 4251 149,
2825 4194 2907 4243 ed.
2939 4195 3108 4244 Paris
3141 4195 3283 4246 1698.

491 4285 741 4341 Aeacius
774 4288 996 4350 autem,
1027 4289 1086 4340 et
1114 4284 1515 4353 Patrcplnilus,
1551 4290 1874 4339 sectatores
1921 4284 2066 4349 Arii,

2249 4278 2499 4342 ’Λκάκιος
2530 4278 2587 4335 δὶ
2615 4280 2705 4335 καὶ
2733 4278 3100 4359 Ηατρόφιλος,
3130 4285 3389 4361 φοιτηταί
3419 4279 3569 4349 ὄντες
3585 4284 3815 4360 Ἀρείου·

428 4378 701 4429 sanctum
734 4371 1051 4427 Maximum
1078 4372 1331 4442 Jerosol,
1354 4374 1460 4424 ιω
1493 4388 1627 4425 cum
1678 4370 2047 4442 expulissent

2195 4369 2268 4424 τὸν
2301 4370 2451 4443 ἅγιον
2483 4369 2735 4442 Μάξιμον
2766 4368 2827 4424 ἐκ
2851 4374 2957 4424 τῶν
2990 4371 3395 4446 Ἱεροσολύμων
3438 4372 3817 4444 ἐξωθήσαντες,

421 4462 706 4533 Cyrillum
739 4460 790 4515 ei
823 4459 1281 4516 substituerunt.

2179 4457 2457 4534 Κόριλλον
2489 4459 2839 4531 ἀντικατεστη
2850 4480 2964 4516 σαν.

1130 4575 1387 4637 Scriptor
1416 4576 1668 4625 incertus
1696 4572 1836 4624 Vitae
1867 4574 1919 4623 S.
1944 4574 2246 4636 Athanasii,
2278 4584 2407 4625 tam.
2437 4575 2475 4633 Ι,
2501 4590 2634 4639 pag.
2665 4575 2775 4634 120,
2805 4577 2887 4625 ed.
2918 4576 3108 4626 Paris.

499 4685 751 4737 Rursum
774 4682 1023 4739 Aeacius
1041 4682 1271 4739 malitia
1290 4682 1633 4753 praeclarus,
1664 4687 1722 4737 et
1759 4681 2069 4753 Patrophi-
2102 4684 2121 4748 Ι

2257 4679 2425 4736 ΙΙάλιν
2456 4679 2709 4741 Ἀκάκιος
2743 4681 2772 4735 ὁ
2801 4680 2977 4743 πολὺς
3006 4683 3107 4749 τὴν
3135 4682 3347 4751 κακίαν,
3401 4686 3493 4740 καὶ
3542 4684 3822 4763 Ηατρόφι-

421 4771 518 4825 lus
542 4772 674 4825 Ario
699 4772 1020 4843 impietatis
1042 4772 1195 4843 patri
1217 4772 1464 4841 amicus,
1486 4770 1911 4843 Jerosolymam
1929 4788 2040 4827 con

2198 4778 2278 4831 Κος
2310 4771 2338 4825 ὁ
2366 4772 2462 4825 τοῦ
2490 4776 2590 4838 τῆς
2630 4764 2876 4835 ἀσεϐείας
2932 4771 3136 4847 πατρὸς
3185 4774 3393 4848 Ἀρείου
3443 4773 3627 4851 φιλος,
3684 4776 3820 4851 Ἱερο

421 4860 726 4928 cedentes,
760 4861 1049 4932 pulsoque
1084 4861 1330 4916 Maximo
1361 4860 1645 4931 Cyrillum
1679 4860 2043 4916 constituunt

2197 4856 2452 4931 πολύμοις
2508 4857 2918 4935 ἐπιφοιτῶντες,
2975 4860 3065 4916 καὶ
3144 4863 3396 4935 Μάξιμον
3480 4862 3819 4938 ἐξωθοῦντες,

416 4949 610 5003 virum
644 4950 745 5018 qui
784 4954 947 5005 tanto
971 4949 1315 5021 impietatis,
1349 4953 1569 5021 quanto
1588 4965 1836 5022 magnus
1867 4948 1968 5004 ille
1986 4950 2035 5003 vi

2203 4945 2265 5001 ιαὶ
2297 4947 2773 5010 ἀπικαθιστῶντες
2824 4949 3126 5023 ΚύριΛΑον,
3177 4948 3364 5026 ἄνδρα,
3413 4953 3537 5007 ὅσον
3569 4972 3632 5026 γε
3662 4954 3690 5007 ὁ
3724 4955 3825 5025 μὲ-

417 5036 654 5107 pietatis
689 5037 883 5091 studio
916 5037 1248 5092 tenebatur.

2199 5034 2273 5098 ’ἀς
2328 5035 2379 5089 ἐν
2440 5031 2705 5107 εὐσεϐείᾳ,
2768 5041 3001 5093 οοσαῦτα
3056 5038 3135 5111 τῷ
3189 5046 3291 5109 τῆς
3350 5036 3595 5104 ἀσεϐείας
3664 5041 3821 5115 ζήλῳ

2177 5124 2473 5190 ἀντίθετονο

418 5241 733 5304 Eutychius
763 5241 1190 5291 Alexandrinus
1207 5244 1541 5304 patriarcha
1569 5246 1660 5306 (a),
1692 5244 1977 5295 Annalium
2008 5242 2245 5293 Arabiae
2271 5244 2638 5304 scriptorum,
2676 5245 2880 5294 Oxonii
2900 5260 2995 5294 an.
3027 5244 3153 5294 1659
3188 5246 3485 5305 editorum,
3526 5262 3662 5310 pag.
3712 5247 3822 5295 475.

487 5353 657 5405 Anno
718 5350 950 5421 imperii
1008 5350 1136 5421 ejus
1195 5351 1508 5422 [Constanti
1560 5354 1833 5417 videlicet,
1902 5369 2065 5423 quem
2178 5352 2608 5423 solymitanus;
2650 5351 2749 5407 ubi
2813 5368 2940 5407 cem
2996 5354 3264 5425 quinque
3312 5371 3501 5410 annos
3548 5354 3820 5426 sedisset,

430 5442 667 5494 nominis
721 5456 906 5494 errore
963 5440 1382 5495 Constantinum
1432 5442 1720 5511 juniorem
1796 5441 2065 5513 appellat]
2174 5441 2391 5513 fugit...
2425 5443 2505 5496 Eo
2537 5446 2737 5497 autem
2766 5447 3030 5514 tempore
3062 5459 3242 5515 super
3271 5444 3467 5499 Cranii
3500 5443 3675 5515 [loco]
3717 5447 3818 5516 qui

416 5528 695 5584 vicesimo
729 5528 1089 5584 constitutus
1122 5534 1212 5583 est
1239 5530 1494 5601 Cyrillus
1527 5531 1839 5604 episcopus
1873 5531 2069 5586 Hiero-
2178 5536 2268 5586 est
2305 5531 2610 5603 Golgotha,
2670 5531 2867 5587 medio
2912 5531 3007 5587 die
3064 5534 3338 5605 apparuit
3365 5549 3507 5589 crux
3538 5550 3569 5589 e
3600 5533 3751 5601 luce,
3785 5551 3821 5589 a

489 5735 566 5807 (α)
598 5738 705 5789 Au.
748 5733 877 5805 943,
906 5732 1096 5790 factus
1129 5737 1218 5788 est
1247 5731 1584 5804 patriarcha
1606 5734 1807 5802 Alex.;
1839 5751 1936 5791 an.
1970 5737 2068 5789 321
2103 5734 2327 5807 Hegiraa
2356 5752 2371 5804 ;
2404 5735 2477 5792 ad
2507 5736 2733 5794 calcem
2761 5735 2921 5808 libri,
2952 5755 3010 5811 p.
3045 5738 3172 5794 531.
