  <div class='ocr_page' id='page_1' title='image "/cluster/home/n/w/nwhite01/storage/ocr_20150623/33/mdp.39015078384412/164.png"; bbox 0 0 4108 6270; ppageno 0'>
   <div class='ocr_carea' id='block_1_1' title="bbox 305 382 3775 452">
    <p class='ocr_par' dir='ltr' id='par_1_1' title="bbox 305 382 3775 452">
     <span class='ocr_line' id='line_1_1' title="bbox 305 382 3775 452; baseline 0.001 -7"><span class='ocrx_word' id='word_1_1' title='bbox 305 387 434 446; x_wconf 81' lang='grc'>313</span> <span class='ocrx_word' id='word_1_2' title='bbox 1601 382 1980 446; x_wconf 77' lang='lat' dir='ltr'>VETERUM</span> <span class='ocrx_word' id='word_1_3' title='bbox 2026 386 2534 452; x_wconf 82' lang='lat' dir='ltr'>TESTIMONIA.</span> <span class='ocrx_word' id='word_1_4' title='bbox 3659 388 3775 449; x_wconf 77' lang='lat' dir='ltr'>3M</span> 
     </span>
    </p>
   </div>
   <div class='ocr_carea' id='block_1_2' title="bbox 305 514 3775 596">
    <p class='ocr_par' dir='ltr' id='par_1_2' title="bbox 305 514 3775 596">
     <span class='ocr_line' id='line_1_2' title="bbox 305 514 3775 596; baseline 0 -21"><span class='ocrx_word' id='word_1_5' title='bbox 305 525 491 576; x_wconf 88' lang='lat' dir='ltr'>terra</span> <span class='ocrx_word' id='word_1_6' title='bbox 530 517 621 573; x_wconf 87' lang='lat' dir='ltr'>ad</span> <span class='ocrx_word' id='word_1_7' title='bbox 661 516 876 573; x_wconf 74' lang='lat' dir='ltr'>caelum</span> <span class='ocrx_word' id='word_1_8' title='bbox 902 532 1092 588; x_wconf 88' lang='lat' dir='ltr'>usque</span> <span class='ocrx_word' id='word_1_9' title='bbox 1149 515 1512 589; x_wconf 78' lang='lat' dir='ltr'>pertingens,</span> <span class='ocrx_word' id='word_1_10' title='bbox 1546 519 1605 569; x_wconf 92' lang='lat' dir='ltr'>et</span> <span class='ocrx_word' id='word_1_11' title='bbox 1641 514 1716 571; x_wconf 91' lang='lat' dir='ltr'>ad</span> <span class='ocrx_word' id='word_1_12' title='bbox 1746 521 2009 573; x_wconf 81' lang='lat' dir='ltr'>montem</span> <span class='ocrx_word' id='word_1_13' title='bbox 2042 522 2089 587; x_wconf 85' lang='grc' dir='ltr'><strong>Α</strong></span> <span class='ocrx_word' id='word_1_14' title='bbox 2123 543 2151 570; x_wconf 91' lang='grc'>‹‹</span> <span class='ocrx_word' id='word_1_15' title='bbox 2181 521 2312 577; x_wconf 86' lang='lat' dir='ltr'>luce</span> <span class='ocrx_word' id='word_1_16' title='bbox 2345 543 2357 589; x_wconf 90' lang='lat'><strong>;</strong></span> <span class='ocrx_word' id='word_1_17' title='bbox 2385 524 2554 596; x_wconf 88' lang='lat' dir='ltr'>cujus</span> <span class='ocrx_word' id='word_1_18' title='bbox 2578 523 2860 596; x_wconf 77' lang='lat' dir='ltr'>Splendor</span> <span class='ocrx_word' id='word_1_19' title='bbox 2885 523 3029 579; x_wconf 88' lang='lat' dir='ltr'>solis</span> <span class='ocrx_word' id='word_1_20' title='bbox 3052 523 3431 595; x_wconf 83' lang='lat' dir='ltr'>splendorem</span> <span class='ocrx_word' id='word_1_21' title='bbox 3453 522 3775 595; x_wconf 90' lang='lat' dir='ltr'>ipsomeri-</span> 
     </span>
    </p>
   </div>
   <div class='ocr_carea' id='block_1_3' title="bbox 307 605 3773 684">
    <p class='ocr_par' dir='ltr' id='par_1_3' title="bbox 307 605 3773 684">
     <span class='ocr_line' id='line_1_3' title="bbox 307 605 3773 684; baseline 0 -20"><span class='ocrx_word' id='word_1_22' title='bbox 307 609 662 665; x_wconf 83' lang='lat' dir='ltr'>Olivarum</span> <span class='ocrx_word' id='word_1_23' title='bbox 698 607 1174 677; x_wconf 82' lang='lat' dir='ltr'>protensa.cujus</span> <span class='ocrx_word' id='word_1_24' title='bbox 1205 606 1358 660; x_wconf 87' lang='lat' dir='ltr'>lucis</span> <span class='ocrx_word' id='word_1_25' title='bbox 1391 605 1705 676; x_wconf 86' lang='lat' dir='ltr'>splendore</span> <span class='ocrx_word' id='word_1_26' title='bbox 1723 607 2015 664; x_wconf 87' lang='lat' dir='ltr'>occultata</span> <span class='ocrx_word' id='word_1_27' title='bbox 2133 628 2154 656; x_wconf 76' lang='grc' dir='ltr'><em>α</em></span> <span class='ocrx_word' id='word_1_28' title='bbox 2181 610 2272 666; x_wconf 90' lang='lat' dir='ltr'>die</span> <span class='ocrx_word' id='word_1_29' title='bbox 2292 619 2551 684; x_wconf 87' lang='lat' dir='ltr'>superat.</span> <span class='ocrx_word' id='word_1_30' title='bbox 2584 637 2601 659; x_wconf 78' lang='grc' dir='ltr'>ι</span> <span class='ocrx_word' id='word_1_31' title='bbox 2628 613 2980 683; x_wconf 84' lang='lat' dir='ltr'>Litterisque</span> <span class='ocrx_word' id='word_1_32' title='bbox 3021 613 3144 667; x_wconf 87' lang='lat' dir='ltr'>suis</span> <span class='ocrx_word' id='word_1_33' title='bbox 3169 613 3279 683; x_wconf 86' lang='lat' dir='ltr'>ipsi</span> <span class='ocrx_word' id='word_1_34' title='bbox 3313 612 3518 675; x_wconf 79' lang='lat' dir='ltr'>suasit,</span> <span class='ocrx_word' id='word_1_35' title='bbox 3553 629 3627 666; x_wconf 93' lang='lat' dir='ltr'>ne</span> <span class='ocrx_word' id='word_1_36' title='bbox 3653 611 3773 664; x_wconf 80' lang='lat' dir='ltr'>Arii</span> 
     </span>
    </p>
   </div>
   <div class='ocr_carea' id='block_1_4' title="bbox 308 694 3771 773">
    <p class='ocr_par' dir='ltr' id='par_1_4' title="bbox 308 694 3771 773">
     <span class='ocr_line' id='line_1_4' title="bbox 308 694 3771 773; baseline 0 -20"><span class='ocrx_word' id='word_1_37' title='bbox 308 703 407 753; x_wconf 88' lang='lat' dir='ltr'>est</span> <span class='ocrx_word' id='word_1_38' title='bbox 425 697 545 751; x_wconf 78' lang='lat' dir='ltr'>lux</span> <span class='ocrx_word' id='word_1_39' title='bbox 568 696 899 750; x_wconf 88' lang='lat' dir='ltr'>solis.Eam</span> <span class='ocrx_word' id='word_1_40' title='bbox 923 711 1131 750; x_wconf 89' lang='lat' dir='ltr'>omnes</span> <span class='ocrx_word' id='word_1_41' title='bbox 1154 695 1254 765; x_wconf 87' lang='lat' dir='ltr'><strong>qui</strong></span> <span class='ocrx_word' id='word_1_42' title='bbox 1276 695 1335 748; x_wconf 94' lang='lat' dir='ltr'>in</span> <span class='ocrx_word' id='word_1_43' title='bbox 1357 694 1503 748; x_wconf 87' lang='lat' dir='ltr'>urbe</span> <span class='ocrx_word' id='word_1_44' title='bbox 1527 695 2014 768; x_wconf 85' lang='lat' dir='ltr'>Hierosolymita-</span> <span class='ocrx_word' id='word_1_45' title='bbox 2126 699 2434 772; x_wconf 86' lang='lat' dir='ltr'>ipsiusque</span> <span class='ocrx_word' id='word_1_46' title='bbox 2495 703 2839 773; x_wconf 86' lang='lat' dir='ltr'>sequacium</span> <span class='ocrx_word' id='word_1_47' title='bbox 2892 702 3248 756; x_wconf 89' lang='lat' dir='ltr'>sententiam</span> <span class='ocrx_word' id='word_1_48' title='bbox 3291 700 3771 770; x_wconf 80' lang='lat' dir='ltr'>amplecteretur,</span> 
     </span>
    </p>
   </div>
   <div class='ocr_carea' id='block_1_5' title="bbox 309 785 3770 863">
    <p class='ocr_par' dir='ltr' id='par_1_5' title="bbox 309 785 3770 863">
     <span class='ocr_line' id='line_1_5' title="bbox 309 785 3770 863; baseline 0.001 -22"><span class='ocrx_word' id='word_1_49' title='bbox 309 803 392 842; x_wconf 87' lang='lat' dir='ltr'>na</span> <span class='ocrx_word' id='word_1_50' title='bbox 416 786 731 846; x_wconf 83' lang='lat' dir='ltr'>aderant.</span> <span class='ocrx_word' id='word_1_51' title='bbox 759 789 878 839; x_wconf 88' lang='lat' dir='ltr'>tam</span> <span class='ocrx_word' id='word_1_52' title='bbox 901 785 1097 854; x_wconf 72' lang='lat' dir='ltr'>magni</span> <span class='ocrx_word' id='word_1_53' title='bbox 1125 801 1300 855; x_wconf 86' lang='lat' dir='ltr'>quam</span> <span class='ocrx_word' id='word_1_54' title='bbox 1345 785 1502 855; x_wconf 90' lang='lat' dir='ltr'>parvi</span> <span class='ocrx_word' id='word_1_55' title='bbox 1555 792 2012 856; x_wconf 89' lang='lat' dir='ltr'>conspexerunt,</span> <span class='ocrx_word' id='word_1_56' title='bbox 2125 796 2326 861; x_wconf 81' lang='lat' dir='ltr'>utpote</span> <span class='ocrx_word' id='word_1_57' title='bbox 2359 793 2459 863; x_wconf 89' lang='lat' dir='ltr'>qui</span> <span class='ocrx_word' id='word_1_58' title='bbox 2491 810 2524 848; x_wconf 89' lang='lat' dir='ltr'>a</span> <span class='ocrx_word' id='word_1_59' title='bbox 2552 810 2690 847; x_wconf 89' lang='lat' dir='ltr'>vero</span> <span class='ocrx_word' id='word_1_60' title='bbox 2724 793 3025 848; x_wconf 82' lang='lat' dir='ltr'>deviantes</span> <span class='ocrx_word' id='word_1_61' title='bbox 3057 792 3128 846; x_wconf 90' lang='lat' dir='ltr'>ad</span> <span class='ocrx_word' id='word_1_62' title='bbox 3179 791 3592 845; x_wconf 82' lang='lat' dir='ltr'>infidelitatem</span> <span class='ocrx_word' id='word_1_63' title='bbox 3633 808 3770 861; x_wconf 87' lang='lat' dir='ltr'>pro-</span> 
     </span>
    </p>
   </div>
   <div class='ocr_carea' id='block_1_6' title="bbox 309 873 3777 953">
    <p class='ocr_par' dir='ltr' id='par_1_6' title="bbox 309 873 3777 953">
     <span class='ocr_line' id='line_1_6' title="bbox 309 873 3777 953; baseline 0.001 -23"><span class='ocrx_word' id='word_1_64' title='bbox 309 879 660 948; x_wconf 74' lang='lat' dir='ltr'>prmsente</span> <span class='ocrx_word' id='word_1_65' title='bbox 693 874 870 928; x_wconf 87' lang='lat' dir='ltr'>etiam</span> <span class='ocrx_word' id='word_1_66' title='bbox 903 873 1121 944; x_wconf 87' lang='lat' dir='ltr'>Cyrillo</span> <span class='ocrx_word' id='word_1_67' title='bbox 1155 874 1432 945; x_wconf 89' lang='lat' dir='ltr'>episcopo</span> <span class='ocrx_word' id='word_1_68' title='bbox 1456 874 2011 945; x_wconf 83' lang='lat' dir='ltr'>Hierosolymitano.</span> <span class='ocrx_word' id='word_1_69' title='bbox 2125 879 2274 951; x_wconf 87' lang='lat' dir='ltr'>lapsi</span> <span class='ocrx_word' id='word_1_70' title='bbox 2300 887 2496 936; x_wconf 83' lang='lat' dir='ltr'>essent</span> <span class='ocrx_word' id='word_1_71' title='bbox 2527 899 2538 936; x_wconf 90' lang='lat'><strong>:</strong></span> <span class='ocrx_word' id='word_1_72' title='bbox 2573 883 2789 953; x_wconf 90' lang='lat' dir='ltr'>quibus</span> <span class='ocrx_word' id='word_1_73' title='bbox 2850 881 3242 936; x_wconf 86' lang='lat' dir='ltr'>maledixerat</span> <span class='ocrx_word' id='word_1_74' title='bbox 3289 885 3691 934; x_wconf 89' lang='lat' dir='ltr'>trecentorum</span> <span class='ocrx_word' id='word_1_75' title='bbox 3718 885 3777 933; x_wconf 85' lang='lat' dir='ltr'>et</span> 
     </span>
    </p>
   </div>
   <div class='ocr_carea' id='block_1_7' title="bbox 309 962 3776 1043">
    <p class='ocr_par' dir='ltr' id='par_1_7' title="bbox 309 962 3776 1043">
     <span class='ocr_line' id='line_1_7' title="bbox 309 962 3776 1043; baseline 0.001 -25"><span class='ocrx_word' id='word_1_76' title='bbox 309 965 427 1030; x_wconf 86' lang='lat' dir='ltr'>Qui</span> <span class='ocrx_word' id='word_1_77' title='bbox 466 981 638 1036; x_wconf 84' lang='lat' dir='ltr'>ergo</span> <span class='ocrx_word' id='word_1_78' title='bbox 675 962 890 1017; x_wconf 87' lang='lat' dir='ltr'>litteris</span> <span class='ocrx_word' id='word_1_79' title='bbox 958 963 1157 1016; x_wconf 82' lang='lat' dir='ltr'>statim</span> <span class='ocrx_word' id='word_1_80' title='bbox 1205 962 1440 1032; x_wconf 86' lang='lat' dir='ltr'>scriptis</span> <span class='ocrx_word' id='word_1_81' title='bbox 1486 962 1905 1034; x_wconf 85' lang='lat' dir='ltr'>imperatorem</span> <span class='ocrx_word' id='word_1_82' title='bbox 1928 965 2011 1019; x_wconf 92' lang='lat' dir='ltr'>rei</span> <span class='ocrx_word' id='word_1_83' title='bbox 2125 970 2450 1025; x_wconf 91' lang='lat' dir='ltr'>octodecim</span> <span class='ocrx_word' id='word_1_84' title='bbox 2472 972 2884 1043; x_wconf 88' lang='lat' dir='ltr'>episcoporum</span> <span class='ocrx_word' id='word_1_85' title='bbox 2903 969 3656 1038; x_wconf 83' lang='lat' dir='ltr'>oonciliumomnibusque</span> <span class='ocrx_word' id='word_1_86' title='bbox 3677 970 3776 1038; x_wconf 91' lang='lat' dir='ltr'>qui</span> 
     </span>
    </p>
   </div>
   <div class='ocr_carea' id='block_1_8' title="bbox 312 1051 3773 1131">
    <p class='ocr_par' dir='ltr' id='par_1_8' title="bbox 312 1051 3773 1131">
     <span class='ocr_line' id='line_1_8' title="bbox 312 1051 3773 1131; baseline 0 -21"><span class='ocrx_word' id='word_1_87' title='bbox 312 1055 681 1110; x_wconf 83' lang='lat' dir='ltr'>certiorem</span> <span class='ocrx_word' id='word_1_88' title='bbox 697 1053 919 1108; x_wconf 81' lang='lat' dir='ltr'>faciens</span> <span class='ocrx_word' id='word_1_89' title='bbox 939 1052 1087 1106; x_wconf 86' lang='lat' dir='ltr'>dixit</span> <span class='ocrx_word' id='word_1_90' title='bbox 1102 1051 1276 1106; x_wconf 82' lang='lat' dir='ltr'>:«Sub</span> <span class='ocrx_word' id='word_1_91' title='bbox 1293 1058 1456 1123; x_wconf 85' lang='lat' dir='ltr'>patre</span> <span class='ocrx_word' id='word_1_92' title='bbox 1479 1057 1579 1107; x_wconf 91' lang='lat' dir='ltr'>tuo</span> <span class='ocrx_word' id='word_1_93' title='bbox 1597 1052 1781 1108; x_wconf 67' lang='lat' dir='ltr'>beata:</span> <span class='ocrx_word' id='word_1_94' title='bbox 1797 1071 2016 1110; x_wconf 90' lang='lat' dir='ltr'>memo-</span> <span class='ocrx_word' id='word_1_95' title='bbox 2122 1057 2280 1112; x_wconf 89' lang='lat' dir='ltr'>idem</span> <span class='ocrx_word' id='word_1_96' title='bbox 2313 1077 2448 1114; x_wconf 89' lang='lat' dir='ltr'>cum</span> <span class='ocrx_word' id='word_1_97' title='bbox 2481 1060 2623 1131; x_wconf 92' lang='lat' dir='ltr'>ipsis</span> <span class='ocrx_word' id='word_1_98' title='bbox 2656 1061 3346 1130; x_wconf 77' lang='lat' dir='ltr'>assererentJmperator</span> <span class='ocrx_word' id='word_1_99' title='bbox 3363 1073 3498 1129; x_wconf 80' lang='lat' dir='ltr'>ergo</span> <span class='ocrx_word' id='word_1_100' title='bbox 3517 1056 3773 1127; x_wconf 84' lang='lat' dir='ltr'>acceptis</span> 
     </span>
    </p>
   </div>
   <div class='ocr_carea' id='block_1_9' title="bbox 311 1142 3769 1220">
    <p class='ocr_par' dir='ltr' id='par_1_9' title="bbox 311 1142 3769 1220">
     <span class='ocr_line' id='line_1_9' title="bbox 311 1142 3769 1220; baseline 0.001 -24"><span class='ocrx_word' id='word_1_101' title='bbox 311 1142 2013 1214; x_wconf 66' lang='lat' dir='ltr'>ariasimperatore,apparuitcruxDominiChrististellis</span> <span class='ocrx_word' id='word_1_102' title='bbox 2123 1148 2324 1218; x_wconf 88' lang='lat' dir='ltr'>Cyrilli</span> <span class='ocrx_word' id='word_1_103' title='bbox 2357 1150 2812 1219; x_wconf 68' lang='lat' dir='ltr'>litteris,magna</span> <span class='ocrx_word' id='word_1_104' title='bbox 2844 1150 2915 1204; x_wconf 93' lang='lat' dir='ltr'>ob</span> <span class='ocrx_word' id='word_1_105' title='bbox 2936 1150 3039 1204; x_wconf 91' lang='lat' dir='ltr'>illa</span> <span class='ocrx_word' id='word_1_106' title='bbox 3056 1166 3186 1220; x_wconf 67' lang='lat' dir='ltr'>quae</span> <span class='ocrx_word' id='word_1_107' title='bbox 3215 1148 3498 1219; x_wconf 87' lang='lat' dir='ltr'>adipsum</span> <span class='ocrx_word' id='word_1_108' title='bbox 3517 1146 3769 1217; x_wconf 90' lang='lat' dir='ltr'>scripse-</span> 
     </span>
    </p>
   </div>
   <div class='ocr_carea' id='block_1_10' title="bbox 317 1230 3771 1306">
    <p class='ocr_par' dir='ltr' id='par_1_10' title="bbox 317 1230 3771 1306">
     <span class='ocr_line' id='line_1_10' title="bbox 317 1230 3771 1306; baseline 0.001 -22"><span class='ocrx_word' id='word_1_109' title='bbox 317 1233 718 1306; x_wconf 71' lang='lat' dir='ltr'>«[efﬁgiata]</span> <span class='ocrx_word' id='word_1_110' title='bbox 747 1232 943 1286; x_wconf 88' lang='lat' dir='ltr'>medie</span> <span class='ocrx_word' id='word_1_111' title='bbox 973 1231 1144 1286; x_wconf 90' lang='lat' dir='ltr'>diein</span> <span class='ocrx_word' id='word_1_112' title='bbox 1168 1230 1311 1285; x_wconf 55' lang='lat' dir='ltr'>caelo</span> <span class='ocrx_word' id='word_1_113' title='bbox 1346 1247 1358 1284; x_wconf 87' lang='lat'><strong>:</strong></span> <span class='ocrx_word' id='word_1_114' title='bbox 1383 1230 1686 1301; x_wconf 86' lang='lat' dir='ltr'>acjam,te</span> <span class='ocrx_word' id='word_1_115' title='bbox 1706 1238 2011 1304; x_wconf 79' lang='lat' dir='ltr'>regnante,</span> <span class='ocrx_word' id='word_1_116' title='bbox 2122 1241 2213 1290; x_wconf 91' lang='lat' dir='ltr'>rat</span> <span class='ocrx_word' id='word_1_117' title='bbox 2243 1237 2448 1293; x_wconf 70' lang='lat' dir='ltr'>laetitia</span> <span class='ocrx_word' id='word_1_118' title='bbox 2479 1240 2725 1294; x_wconf 76' lang='lat' dir='ltr'>atl‘ectus</span> <span class='ocrx_word' id='word_1_119' title='bbox 2759 1243 2867 1306; x_wconf 88' lang='lat' dir='ltr'>est,</span> <span class='ocrx_word' id='word_1_120' title='bbox 2889 1244 2947 1293; x_wconf 92' lang='lat' dir='ltr'>et</span> <span class='ocrx_word' id='word_1_121' title='bbox 2977 1239 3049 1294; x_wconf 88' lang='lat' dir='ltr'>ad</span> <span class='ocrx_word' id='word_1_122' title='bbox 3073 1254 3271 1294; x_wconf 90' lang='lat' dir='ltr'>verum</span> <span class='ocrx_word' id='word_1_123' title='bbox 3294 1252 3566 1291; x_wconf 86' lang='lat' dir='ltr'>reversus</span> <span class='ocrx_word' id='word_1_124' title='bbox 3587 1235 3771 1290; x_wconf 85' lang='lat' dir='ltr'>vetuit</span> 
     </span>
    </p>
   </div>
   <div class='ocr_carea' id='block_1_11' title="bbox 316 1319 2921 1395">
    <p class='ocr_par' dir='ltr' id='par_1_11' title="bbox 316 1319 2921 1395">
     <span class='ocr_line' id='line_1_11' title="bbox 316 1319 2921 1395; baseline 0.002 -18"><span class='ocrx_word' id='word_1_125' title='bbox 316 1345 345 1370; x_wconf 79' lang='grc' dir='ltr'><strong><em>α</em></strong></span> <span class='ocrx_word' id='word_1_126' title='bbox 367 1320 1196 1395; x_wconf 83' lang='lat' dir='ltr'>imperatorfelix,apparuit</span> <span class='ocrx_word' id='word_1_127' title='bbox 1228 1335 1405 1390; x_wconf 90' lang='lat' dir='ltr'>super</span> <span class='ocrx_word' id='word_1_128' title='bbox 1435 1319 2009 1392; x_wconf 78' lang='lat' dir='ltr'>Cranii[loco]cruxe</span> <span class='ocrx_word' id='word_1_129' title='bbox 2125 1325 2358 1381; x_wconf 87' lang='lat' dir='ltr'>admitti</span> <span class='ocrx_word' id='word_1_130' title='bbox 2391 1328 2513 1382; x_wconf 89' lang='lat' dir='ltr'>Arii</span> <span class='ocrx_word' id='word_1_131' title='bbox 2543 1329 2921 1384; x_wconf 89' lang='lat' dir='ltr'>sententiam.</span> 
     </span>
    </p>
   </div>
   <div class='ocr_carea' id='block_1_12' title="bbox 1825 1449 2301 1512">
    <p class='ocr_par' dir='ltr' id='par_1_12' title="bbox 1825 1449 2301 1512">
     <span class='ocr_line' id='line_1_12' title="bbox 1825 1449 2301 1512; baseline 0.004 -15"><span class='ocrx_word' id='word_1_132' title='bbox 1825 1449 1976 1497; x_wconf 80' lang='lat' dir='ltr'>Idem</span> <span class='ocrx_word' id='word_1_133' title='bbox 1987 1486 1998 1506; x_wconf 88' lang='lat'>,</span> <span class='ocrx_word' id='word_1_134' title='bbox 2033 1464 2162 1512; x_wconf 82' lang='lat' dir='ltr'>pag.</span> <span class='ocrx_word' id='word_1_135' title='bbox 2191 1451 2301 1499; x_wconf 68' lang='lat'>483.</span> 
     </span>
    </p>
   </div>
   <div class='ocr_carea' id='block_1_13' title="bbox 390 1538 3773 1613">
    <p class='ocr_par' dir='ltr' id='par_1_13' title="bbox 390 1538 3773 1613">
     <span class='ocr_line' id='line_1_13' title="bbox 390 1538 3773 1613; baseline -0.001 -18"><span class='ocrx_word' id='word_1_136' title='bbox 390 1541 596 1594; x_wconf 75' lang='lat' dir='ltr'>Anno</span> <span class='ocrx_word' id='word_1_137' title='bbox 637 1538 874 1610; x_wconf 89' lang='lat' dir='ltr'>imperii</span> <span class='ocrx_word' id='word_1_138' title='bbox 916 1538 1045 1608; x_wconf 83' lang='lat' dir='ltr'>ejus</span> <span class='ocrx_word' id='word_1_139' title='bbox 1099 1538 1336 1610; x_wconf 75' lang='lat' dir='ltr'>[Iuliani</span> <span class='ocrx_word' id='word_1_140' title='bbox 1385 1539 1649 1592; x_wconf 83' lang='lat' dir='ltr'>nimirum</span> <span class='ocrx_word' id='word_1_141' title='bbox 1704 1539 2011 1610; x_wconf 69' lang='lat' dir='ltr'>Apostataz]</span> <span class='ocrx_word' id='word_1_142' title='bbox 2125 1556 2185 1594; x_wconf 92' lang='lat' dir='ltr'>se</span> <span class='ocrx_word' id='word_1_143' title='bbox 2216 1539 2288 1594; x_wconf 85' lang='lat' dir='ltr'>ab</span> <span class='ocrx_word' id='word_1_144' title='bbox 2319 1540 2463 1612; x_wconf 91' lang='lat' dir='ltr'>ipsis</span> <span class='ocrx_word' id='word_1_145' title='bbox 2485 1543 2899 1613; x_wconf 89' lang='lat' dir='ltr'>proripuisset,</span> <span class='ocrx_word' id='word_1_146' title='bbox 2931 1542 3018 1596; x_wconf 90' lang='lat' dir='ltr'>illi</span> <span class='ocrx_word' id='word_1_147' title='bbox 3061 1540 3395 1596; x_wconf 87' lang='lat' dir='ltr'>Heraclium</span> <span class='ocrx_word' id='word_1_148' title='bbox 3443 1539 3773 1609; x_wconf 82' lang='lat' dir='ltr'>Hierosoly-</span> 
     </span>
    </p>
   </div>
   <div class='ocr_carea' id='block_1_14' title="bbox 315 1626 3770 1702">
    <p class='ocr_par' dir='ltr' id='par_1_14' title="bbox 315 1626 3770 1702">
     <span class='ocr_line' id='line_1_14' title="bbox 315 1626 3770 1702; baseline -0.001 -19"><span class='ocrx_word' id='word_1_149' title='bbox 315 1645 390 1683; x_wconf 80' lang='lat' dir='ltr'>ex</span> <span class='ocrx_word' id='word_1_150' title='bbox 425 1629 679 1684; x_wconf 88' lang='lat' dir='ltr'>incolis</span> <span class='ocrx_word' id='word_1_151' title='bbox 714 1627 1252 1698; x_wconf 84' lang='lat' dir='ltr'>Hierosolymorum</span> <span class='ocrx_word' id='word_1_152' title='bbox 1284 1628 1384 1697; x_wconf 92' lang='lat' dir='ltr'>qui</span> <span class='ocrx_word' id='word_1_153' title='bbox 1416 1626 1539 1682; x_wconf 83' lang='lat' dir='ltr'>Arii</span> <span class='ocrx_word' id='word_1_154' title='bbox 1567 1631 1764 1698; x_wconf 86' lang='lat' dir='ltr'>partes</span> <span class='ocrx_word' id='word_1_155' title='bbox 1800 1643 2012 1698; x_wconf 85' lang='lat' dir='ltr'>seque-</span> <span class='ocrx_word' id='word_1_156' title='bbox 2126 1629 2238 1682; x_wconf 89' lang='lat' dir='ltr'>mis</span> <span class='ocrx_word' id='word_1_157' title='bbox 2271 1631 2611 1702; x_wconf 90' lang='lat' dir='ltr'>episcopum</span> <span class='ocrx_word' id='word_1_158' title='bbox 2645 1631 3057 1702; x_wconf 82' lang='lat' dir='ltr'>praefecerunt.</span> <span class='ocrx_word' id='word_1_159' title='bbox 3083 1630 3214 1683; x_wconf 90' lang='lat' dir='ltr'>Fuit</span> <span class='ocrx_word' id='word_1_160' title='bbox 3266 1629 3314 1683; x_wconf 89' lang='lat' dir='ltr'>is</span> <span class='ocrx_word' id='word_1_161' title='bbox 3349 1627 3616 1694; x_wconf 83' lang='lat' dir='ltr'>Arianus,</span> <span class='ocrx_word' id='word_1_162' title='bbox 3650 1631 3770 1681; x_wconf 81' lang='lat' dir='ltr'>tres</span> 
     </span>
    </p>
   </div>
   <div class='ocr_carea' id='block_1_15' title="bbox 314 1716 3126 1788">
    <p class='ocr_par' dir='ltr' id='par_1_15' title="bbox 314 1716 3126 1788">
     <span class='ocr_line' id='line_1_15' title="bbox 314 1716 3126 1788; baseline 0.001 -16"><span class='ocrx_word' id='word_1_163' title='bbox 314 1717 592 1786; x_wconf 85' lang='lat' dir='ltr'>bantur,</span> <span class='ocrx_word' id='word_1_164' title='bbox 649 1717 934 1788; x_wconf 80' lang='lat' dir='ltr'>Cyrillum</span> <span class='ocrx_word' id='word_1_165' title='bbox 997 1717 1340 1788; x_wconf 90' lang='lat' dir='ltr'>episcopum</span> <span class='ocrx_word' id='word_1_166' title='bbox 1389 1716 2013 1788; x_wconf 82' lang='lat' dir='ltr'>Hierosolymitanum,</span> <span class='ocrx_word' id='word_1_167' title='bbox 2127 1735 2316 1773; x_wconf 88' lang='lat' dir='ltr'>annos</span> <span class='ocrx_word' id='word_1_168' title='bbox 2353 1719 2524 1787; x_wconf 91' lang='lat' dir='ltr'>sedit,</span> <span class='ocrx_word' id='word_1_169' title='bbox 2558 1719 2696 1774; x_wconf 89' lang='lat' dir='ltr'>dein</span> <span class='ocrx_word' id='word_1_170' title='bbox 2727 1725 2996 1775; x_wconf 87' lang='lat' dir='ltr'>mortuus</span> <span class='ocrx_word' id='word_1_171' title='bbox 3019 1723 3126 1774; x_wconf 90' lang='lat' dir='ltr'>est.</span> 
     </span>
    </p>
   </div>
   <div class='ocr_carea' id='block_1_16' title="bbox 317 1803 2018 1879">
    <p class='ocr_par' dir='ltr' id='par_1_16' title="bbox 317 1803 2018 1879">
     <span class='ocr_line' id='line_1_16' title="bbox 317 1803 2018 1879; baseline 0.001 -19"><span class='ocrx_word' id='word_1_172' title='bbox 317 1807 548 1879; x_wconf 88' lang='lat' dir='ltr'>ipsum</span> <span class='ocrx_word' id='word_1_173' title='bbox 592 1805 933 1862; x_wconf 88' lang='lat' dir='ltr'>trucidandi</span> <span class='ocrx_word' id='word_1_174' title='bbox 965 1806 1163 1861; x_wconf 87' lang='lat' dir='ltr'>animo</span> <span class='ocrx_word' id='word_1_175' title='bbox 1187 1803 1376 1860; x_wconf 87' lang='lat' dir='ltr'>adorti</span> <span class='ocrx_word' id='word_1_176' title='bbox 1403 1810 1558 1861; x_wconf 88' lang='lat' dir='ltr'>sunt.</span> <span class='ocrx_word' id='word_1_177' title='bbox 1593 1806 1858 1870; x_wconf 89' lang='lat' dir='ltr'>Quicum</span> <span class='ocrx_word' id='word_1_178' title='bbox 1883 1806 2018 1878; x_wconf 79' lang='lat' dir='ltr'>fuga</span> 
     </span>
    </p>
   </div>
   <div class='ocr_carea' id='block_1_17' title="bbox 1827 1931 2303 1994">
    <p class='ocr_par' dir='ltr' id='par_1_17' title="bbox 1827 1931 2303 1994">
     <span class='ocr_line' id='line_1_17' title="bbox 1827 1931 2303 1994; baseline 0.006 -15"><span class='ocrx_word' id='word_1_179' title='bbox 1827 1931 2002 1988; x_wconf 88' lang='lat' dir='ltr'>Idem,</span> <span class='ocrx_word' id='word_1_180' title='bbox 2032 1943 2161 1994; x_wconf 81' lang='lat' dir='ltr'>pag.</span> <span class='ocrx_word' id='word_1_181' title='bbox 2192 1933 2303 1982; x_wconf 71' lang='lat'>488.</span> 
     </span>
    </p>
   </div>
   <div class='ocr_carea' id='block_1_18' title="bbox 396 2020 3772 2098">
    <p class='ocr_par' dir='ltr' id='par_1_18' title="bbox 396 2020 3772 2098">
     <span class='ocr_line' id='line_1_18' title="bbox 396 2020 3772 2098; baseline -0 -19"><span class='ocrx_word' id='word_1_182' title='bbox 396 2028 602 2080; x_wconf 83' lang='lat' dir='ltr'>Anno</span> <span class='ocrx_word' id='word_1_183' title='bbox 638 2022 875 2094; x_wconf 89' lang='lat' dir='ltr'>imperii</span> <span class='ocrx_word' id='word_1_184' title='bbox 925 2021 1112 2092; x_wconf 90' lang='lat' dir='ltr'>ipsius</span> <span class='ocrx_word' id='word_1_185' title='bbox 1148 2020 1339 2092; x_wconf 90' lang='lat' dir='ltr'>primo</span> <span class='ocrx_word' id='word_1_186' title='bbox 1383 2021 1695 2092; x_wconf 82' lang='lat' dir='ltr'>[Valentem</span> <span class='ocrx_word' id='word_1_187' title='bbox 1725 2023 2010 2093; x_wconf 81' lang='lat' dir='ltr'>intelligit,</span> <span class='ocrx_word' id='word_1_188' title='bbox 2049 2025 2092 2089; x_wconf 86' lang='grc' dir='ltr'><strong>Β</strong></span> <span class='ocrx_word' id='word_1_189' title='bbox 2125 2031 2357 2080; x_wconf 90' lang='lat' dir='ltr'>mortuo</span> <span class='ocrx_word' id='word_1_190' title='bbox 2372 2025 2814 2098; x_wconf 85' lang='lat' dir='ltr'>rediitCyrillus</span> <span class='ocrx_word' id='word_1_191' title='bbox 2842 2025 3154 2098; x_wconf 90' lang='lat' dir='ltr'>episcopus</span> <span class='ocrx_word' id='word_1_192' title='bbox 3178 2022 3772 2094; x_wconf 81' lang='lat' dir='ltr'>Hierosolymitanus,</span> 
     </span>
    </p>
   </div>
   <div class='ocr_carea' id='block_1_19' title="bbox 317 2110 3772 2188">
    <p class='ocr_par' dir='ltr' id='par_1_19' title="bbox 317 2110 3772 2188">
     <span class='ocr_line' id='line_1_19' title="bbox 317 2110 3772 2188; baseline -0 -20"><span class='ocrx_word' id='word_1_193' title='bbox 317 2129 500 2184; x_wconf 85' lang='lat' dir='ltr'>quem</span> <span class='ocrx_word' id='word_1_194' title='bbox 534 2113 832 2167; x_wconf 78' lang='lat' dir='ltr'>Valentem</span> <span class='ocrx_word' id='word_1_195' title='bbox 859 2117 909 2165; x_wconf 89' lang='lat' dir='ltr'>et</span> <span class='ocrx_word' id='word_1_196' title='bbox 940 2110 1252 2165; x_wconf 87' lang='lat' dir='ltr'>Valentium</span> <span class='ocrx_word' id='word_1_197' title='bbox 1273 2111 1463 2166; x_wconf 81' lang='lat' dir='ltr'>scribit</span> <span class='ocrx_word' id='word_1_198' title='bbox 1483 2113 1772 2183; x_wconf 83' lang='lat' dir='ltr'>interpres]</span> <span class='ocrx_word' id='word_1_199' title='bbox 1796 2113 2014 2167; x_wconf 85' lang='lat' dir='ltr'>consti-</span> <span class='ocrx_word' id='word_1_200' title='bbox 2127 2114 2227 2185; x_wconf 91' lang='lat' dir='ltr'>qui</span> <span class='ocrx_word' id='word_1_201' title='bbox 2259 2115 2331 2170; x_wconf 88' lang='lat' dir='ltr'>ab</span> <span class='ocrx_word' id='word_1_202' title='bbox 2365 2116 2596 2171; x_wconf 86' lang='lat' dir='ltr'>Arianis</span> <span class='ocrx_word' id='word_1_203' title='bbox 2627 2115 2876 2188; x_wconf 80' lang='lat' dir='ltr'>fugerat,</span> <span class='ocrx_word' id='word_1_204' title='bbox 2911 2117 2972 2170; x_wconf 89' lang='lat' dir='ltr'>in</span> <span class='ocrx_word' id='word_1_205' title='bbox 2995 2115 3192 2170; x_wconf 89' lang='lat' dir='ltr'>locum</span> <span class='ocrx_word' id='word_1_206' title='bbox 3233 2129 3425 2179; x_wconf 89' lang='lat' dir='ltr'>suum,</span> <span class='ocrx_word' id='word_1_207' title='bbox 3459 2113 3558 2168; x_wconf 90' lang='lat' dir='ltr'>ubi</span> <span class='ocrx_word' id='word_1_208' title='bbox 3582 2130 3772 2168; x_wconf 87' lang='lat' dir='ltr'>annos</span> 
     </span>
    </p>
   </div>
   <div class='ocr_carea' id='block_1_20' title="bbox 321 2199 3770 2274">
    <p class='ocr_par' dir='ltr' id='par_1_20' title="bbox 321 2199 3770 2274">
     <span class='ocr_line' id='line_1_20' title="bbox 321 2199 3770 2274; baseline 0 -18"><span class='ocrx_word' id='word_1_209' title='bbox 321 2206 506 2258; x_wconf 86' lang='lat' dir='ltr'>tutus</span> <span class='ocrx_word' id='word_1_210' title='bbox 537 2208 641 2257; x_wconf 88' lang='lat' dir='ltr'>est</span> <span class='ocrx_word' id='word_1_211' title='bbox 663 2201 829 2255; x_wconf 84' lang='lat' dir='ltr'>Arvis</span> <span class='ocrx_word' id='word_1_212' title='bbox 861 2199 1174 2271; x_wconf 92' lang='lat' dir='ltr'>episcopus</span> <span class='ocrx_word' id='word_1_213' title='bbox 1201 2199 1791 2272; x_wconf 83' lang='lat' dir='ltr'>Hierosolymitanus,</span> <span class='ocrx_word' id='word_1_214' title='bbox 1827 2201 1928 2271; x_wconf 90' lang='lat' dir='ltr'>qui</span> <span class='ocrx_word' id='word_1_215' title='bbox 1961 2207 2020 2256; x_wconf 89' lang='lat' dir='ltr'>et</span> <span class='ocrx_word' id='word_1_216' title='bbox 2128 2204 2426 2260; x_wconf 85' lang='lat' dir='ltr'>sexdecim</span> <span class='ocrx_word' id='word_1_217' title='bbox 2458 2205 2785 2272; x_wconf 91' lang='lat' dir='ltr'>sedit,dein</span> <span class='ocrx_word' id='word_1_218' title='bbox 2809 2210 3076 2260; x_wconf 91' lang='lat' dir='ltr'>mortuus</span> <span class='ocrx_word' id='word_1_219' title='bbox 3104 2210 3211 2260; x_wconf 89' lang='lat' dir='ltr'>est.</span> <span class='ocrx_word' id='word_1_220' title='bbox 3240 2206 3447 2258; x_wconf 91' lang='lat' dir='ltr'>Totum</span> <span class='ocrx_word' id='word_1_221' title='bbox 3479 2219 3614 2273; x_wconf 79' lang='lat' dir='ltr'>ergo</span> <span class='ocrx_word' id='word_1_222' title='bbox 3639 2219 3770 2274; x_wconf 86' lang='lat' dir='ltr'>spa-</span> 
     </span>
    </p>
   </div>
   <div class='ocr_carea' id='block_1_21' title="bbox 322 2289 3771 2364">
    <p class='ocr_par' dir='ltr' id='par_1_21' title="bbox 322 2289 3771 2364">
     <span class='ocr_line' id='line_1_21' title="bbox 322 2289 3771 2364; baseline -0 -18"><span class='ocrx_word' id='word_1_223' title='bbox 322 2292 724 2347; x_wconf 74' lang='lat' dir='ltr'>Manichaaus</span> <span class='ocrx_word' id='word_1_224' title='bbox 754 2289 900 2349; x_wconf 85' lang='lat' dir='ltr'>fuit:</span> <span class='ocrx_word' id='word_1_225' title='bbox 936 2295 995 2344; x_wconf 87' lang='lat' dir='ltr'>et</span> <span class='ocrx_word' id='word_1_226' title='bbox 1019 2305 1155 2344; x_wconf 92' lang='lat' dir='ltr'>cum</span> <span class='ocrx_word' id='word_1_227' title='bbox 1185 2306 1372 2344; x_wconf 88' lang='lat' dir='ltr'>annos</span> <span class='ocrx_word' id='word_1_228' title='bbox 1426 2290 1690 2361; x_wconf 91' lang='lat' dir='ltr'>quinque</span> <span class='ocrx_word' id='word_1_229' title='bbox 1745 2291 2015 2354; x_wconf 90' lang='lat' dir='ltr'>sedisset,</span> <span class='ocrx_word' id='word_1_230' title='bbox 2129 2293 2275 2348; x_wconf 88' lang='lat' dir='ltr'>tium</span> <span class='ocrx_word' id='word_1_231' title='bbox 2299 2311 2414 2364; x_wconf 92' lang='lat' dir='ltr'>quo</span> <span class='ocrx_word' id='word_1_232' title='bbox 2435 2295 2780 2364; x_wconf 88' lang='lat' dir='ltr'>episcopatu</span> <span class='ocrx_word' id='word_1_233' title='bbox 2810 2293 3048 2348; x_wconf 88' lang='lat' dir='ltr'>functus</span> <span class='ocrx_word' id='word_1_234' title='bbox 3079 2298 3169 2348; x_wconf 90' lang='lat' dir='ltr'>est</span> <span class='ocrx_word' id='word_1_235' title='bbox 3188 2292 3771 2364; x_wconf 84' lang='lat' dir='ltr'>Cyrillus,annorum</span> 
     </span>
    </p>
   </div>
   <div class='ocr_carea' id='block_1_22' title="bbox 330 2377 3769 2455">
    <p class='ocr_par' dir='ltr' id='par_1_22' title="bbox 330 2377 3769 2455">
     <span class='ocr_line' id='line_1_22' title="bbox 330 2377 3769 2455; baseline -0 -20"><span class='ocrx_word' id='word_1_236' title='bbox 330 2387 641 2436; x_wconf 87' lang='lat' dir='ltr'>mortuus</span> <span class='ocrx_word' id='word_1_237' title='bbox 675 2385 961 2434; x_wconf 73' lang='lat' dir='ltr'>estAnno</span> <span class='ocrx_word' id='word_1_238' title='bbox 985 2378 1219 2449; x_wconf 93' lang='lat' dir='ltr'>imperii</span> <span class='ocrx_word' id='word_1_239' title='bbox 1244 2377 1511 2449; x_wconf 88' lang='lat' dir='ltr'>ejusdem</span> <span class='ocrx_word' id='word_1_240' title='bbox 1532 2379 1805 2450; x_wconf 88' lang='lat' dir='ltr'>septimo,</span> <span class='ocrx_word' id='word_1_241' title='bbox 1830 2380 2019 2434; x_wconf 72' lang='lat' dir='ltr'>factus</span> <span class='ocrx_word' id='word_1_242' title='bbox 2131 2388 2258 2437; x_wconf 88' lang='lat' dir='ltr'>erat</span> <span class='ocrx_word' id='word_1_243' title='bbox 2299 2383 2536 2455; x_wconf 79' lang='lat' dir='ltr'>triginta</span> <span class='ocrx_word' id='word_1_244' title='bbox 2567 2383 2767 2438; x_wconf 90' lang='lat' dir='ltr'>trium.</span> <span class='ocrx_word' id='word_1_245' title='bbox 2803 2384 3190 2454; x_wconf 89' lang='lat' dir='ltr'>Episcopatus</span> <span class='ocrx_word' id='word_1_246' title='bbox 3212 2382 3399 2453; x_wconf 88' lang='lat' dir='ltr'>ipsius</span> <span class='ocrx_word' id='word_1_247' title='bbox 3429 2397 3586 2435; x_wconf 87' lang='lat' dir='ltr'>anno</span> <span class='ocrx_word' id='word_1_248' title='bbox 3613 2381 3769 2435; x_wconf 85' lang='lat' dir='ltr'>vice-</span> 
     </span>
    </p>
   </div>
   <div class='ocr_carea' id='block_1_23' title="bbox 332 2468 3541 2543">
    <p class='ocr_par' dir='ltr' id='par_1_23' title="bbox 332 2468 3541 2543">
     <span class='ocr_line' id='line_1_23' title="bbox 332 2468 3541 2543; baseline 0 -19"><span class='ocrx_word' id='word_1_249' title='bbox 332 2470 721 2526; x_wconf 84' lang='lat' dir='ltr'>estHilarius</span> <span class='ocrx_word' id='word_1_250' title='bbox 736 2468 2017 2540; x_wconf 79' lang='lat' dir='ltr'>episcopusllierosolymitanus,quiArianus</span> <span class='ocrx_word' id='word_1_251' title='bbox 2132 2472 2280 2526; x_wconf 89' lang='lat' dir='ltr'>simo</span> <span class='ocrx_word' id='word_1_252' title='bbox 2300 2472 2550 2543; x_wconf 86' lang='lat' dir='ltr'>septimo</span> <span class='ocrx_word' id='word_1_253' title='bbox 2580 2471 2690 2528; x_wconf 86' lang='lat' dir='ltr'>fuit</span> <span class='ocrx_word' id='word_1_254' title='bbox 2709 2472 3029 2528; x_wconf 89' lang='lat' dir='ltr'>concilium</span> <span class='ocrx_word' id='word_1_255' title='bbox 3052 2473 3157 2526; x_wconf 93' lang='lat' dir='ltr'>CP.</span> <span class='ocrx_word' id='word_1_256' title='bbox 3192 2471 3541 2527; x_wconf 89' lang='lat' dir='ltr'>secundum.</span> 
     </span>
    </p>
   </div>
   <div class='ocr_carea' id='block_1_24' title="bbox 337 2556 2020 2629">
    <p class='ocr_par' dir='ltr' id='par_1_24' title="bbox 337 2556 2020 2629">
     <span class='ocr_line' id='line_1_24' title="bbox 337 2556 2020 2629; baseline 0.001 -17"><span class='ocrx_word' id='word_1_257' title='bbox 337 2564 480 2615; x_wconf 85' lang='lat' dir='ltr'>erat</span> <span class='ocrx_word' id='word_1_258' title='bbox 508 2578 523 2629; x_wconf 91' lang='lat'><strong>;</strong></span> <span class='ocrx_word' id='word_1_259' title='bbox 559 2575 760 2615; x_wconf 89' lang='lat' dir='ltr'>annos</span> <span class='ocrx_word' id='word_1_260' title='bbox 791 2562 1048 2629; x_wconf 83' lang='lat' dir='ltr'>quatuor</span> <span class='ocrx_word' id='word_1_261' title='bbox 1078 2557 1250 2623; x_wconf 90' lang='lat' dir='ltr'>sedit,</span> <span class='ocrx_word' id='word_1_262' title='bbox 1283 2556 1422 2612; x_wconf 89' lang='lat' dir='ltr'>dein</span> <span class='ocrx_word' id='word_1_263' title='bbox 1480 2562 1750 2612; x_wconf 86' lang='lat' dir='ltr'>mortuus</span> <span class='ocrx_word' id='word_1_264' title='bbox 1799 2563 1906 2613; x_wconf 91' lang='lat' dir='ltr'>est.</span> <span class='ocrx_word' id='word_1_265' title='bbox 1941 2559 2020 2614; x_wconf 94' lang='lat' dir='ltr'>Eo</span> 
     </span>
    </p>
   </div>
   <div class='ocr_carea' id='block_1_25' title="bbox 1825 2709 2289 2774">
    <p class='ocr_par' dir='ltr' id='par_1_25' title="bbox 1825 2709 2289 2774">
     <span class='ocr_line' id='line_1_25' title="bbox 1825 2709 2289 2774; baseline 0.004 -16"><span class='ocrx_word' id='word_1_266' title='bbox 1825 2709 1999 2768; x_wconf 83' lang='lat' dir='ltr'>Idem,</span> <span class='ocrx_word' id='word_1_267' title='bbox 2013 2725 2149 2774; x_wconf 80' lang='lat' dir='ltr'>pag.</span> <span class='ocrx_word' id='word_1_268' title='bbox 2179 2710 2289 2761; x_wconf 84' lang='lat'>508.</span> 
     </span>
    </p>
   </div>
   <div class='ocr_carea' id='block_1_26' title="bbox 414 2796 3775 2874">
    <p class='ocr_par' dir='ltr' id='par_1_26' title="bbox 414 2796 3775 2874">
     <span class='ocr_line' id='line_1_26' title="bbox 414 2796 3775 2874; baseline -0 -20"><span class='ocrx_word' id='word_1_269' title='bbox 414 2798 803 2856; x_wconf 89' lang='lat' dir='ltr'>Theodosius</span> <span class='ocrx_word' id='word_1_270' title='bbox 827 2814 947 2868; x_wconf 86' lang='lat' dir='ltr'>rex,</span> <span class='ocrx_word' id='word_1_271' title='bbox 991 2797 1225 2869; x_wconf 90' lang='lat' dir='ltr'>scriptis</span> <span class='ocrx_word' id='word_1_272' title='bbox 1254 2797 1328 2852; x_wconf 92' lang='lat' dir='ltr'>ad</span> <span class='ocrx_word' id='word_1_273' title='bbox 1359 2796 1732 2853; x_wconf 90' lang='lat' dir='ltr'>Timotheum</span> <span class='ocrx_word' id='word_1_274' title='bbox 1777 2800 2020 2870; x_wconf 89' lang='lat' dir='ltr'>patriar—</span> <span class='ocrx_word' id='word_1_275' title='bbox 2128 2805 2270 2855; x_wconf 92' lang='lat' dir='ltr'>runt</span> <span class='ocrx_word' id='word_1_276' title='bbox 2302 2817 2436 2874; x_wconf 81' lang='lat' dir='ltr'>ergo</span> <span class='ocrx_word' id='word_1_277' title='bbox 2467 2801 2818 2873; x_wconf 61' lang='lat' dir='ltr'>patriarchas</span> <span class='ocrx_word' id='word_1_278' title='bbox 2852 2817 2983 2857; x_wconf 92' lang='lat' dir='ltr'>cum</span> <span class='ocrx_word' id='word_1_279' title='bbox 3020 2800 3311 2872; x_wconf 84' lang='lat' dir='ltr'>episcOpis</span> <span class='ocrx_word' id='word_1_280' title='bbox 3335 2799 3457 2855; x_wconf 91' lang='lat' dir='ltr'>suis</span> <span class='ocrx_word' id='word_1_281' title='bbox 3487 2799 3775 2854; x_wconf 86' lang='lat' dir='ltr'>Constan-</span> 
     </span>
    </p>
   </div>
   <div class='ocr_carea' id='block_1_27' title="bbox 345 2887 3776 2962">
    <p class='ocr_par' dir='ltr' id='par_1_27' title="bbox 345 2887 3776 2962">
     <span class='ocr_line' id='line_1_27' title="bbox 345 2887 3776 2962; baseline -0 -20"><span class='ocrx_word' id='word_1_282' title='bbox 345 2889 534 2944; x_wconf 89' lang='lat' dir='ltr'>cham</span> <span class='ocrx_word' id='word_1_283' title='bbox 568 2887 1056 2955; x_wconf 81' lang='lat' dir='ltr'>Alexandrinum,</span> <span class='ocrx_word' id='word_1_284' title='bbox 1074 2888 1371 2943; x_wconf 85' lang='lat' dir='ltr'>Meletium</span> <span class='ocrx_word' id='word_1_285' title='bbox 1400 2887 1797 2959; x_wconf 89' lang='lat' dir='ltr'>patriarcham</span> <span class='ocrx_word' id='word_1_286' title='bbox 1821 2889 2020 2943; x_wconf 89' lang='lat' dir='ltr'>Antio-</span> <span class='ocrx_word' id='word_1_287' title='bbox 2129 2890 2588 2961; x_wconf 91' lang='lat' dir='ltr'>tinopolim,uno</span> <span class='ocrx_word' id='word_1_288' title='bbox 2613 2897 2854 2962; x_wconf 86' lang='lat' dir='ltr'>excepto</span> <span class='ocrx_word' id='word_1_289' title='bbox 2881 2891 3129 2945; x_wconf 89' lang='lat' dir='ltr'>Damaso</span> <span class='ocrx_word' id='word_1_290' title='bbox 3160 2889 3496 2960; x_wconf 88' lang='lat' dir='ltr'>patriarcha</span> <span class='ocrx_word' id='word_1_291' title='bbox 3513 2891 3776 2942; x_wconf 84' lang='lat' dir='ltr'>Romano</span> 
     </span>
    </p>
   </div>
   <div class='ocr_carea' id='block_1_28' title="bbox 339 2977 3773 3051">
    <p class='ocr_par' dir='ltr' id='par_1_28' title="bbox 339 2977 3773 3051">
     <span class='ocr_line' id='line_1_28' title="bbox 339 2977 3773 3051; baseline -0 -20"><span class='ocrx_word' id='word_1_292' title='bbox 339 2977 642 3046; x_wconf 90' lang='lat' dir='ltr'>chenum,</span> <span class='ocrx_word' id='word_1_293' title='bbox 696 2979 1015 3034; x_wconf 85' lang='lat' dir='ltr'>Damasum</span> <span class='ocrx_word' id='word_1_294' title='bbox 1081 2978 1479 3048; x_wconf 88' lang='lat' dir='ltr'>patriarcham</span> <span class='ocrx_word' id='word_1_295' title='bbox 1549 2979 1901 3043; x_wconf 81' lang='lat' dir='ltr'>Romanum,</span> <span class='ocrx_word' id='word_1_296' title='bbox 1960 2983 2020 3033; x_wconf 90' lang='lat' dir='ltr'>et</span> <span class='ocrx_word' id='word_1_297' title='bbox 2130 2981 2232 3050; x_wconf 92' lang='lat' dir='ltr'>qui</span> <span class='ocrx_word' id='word_1_298' title='bbox 2265 2980 2392 3051; x_wconf 91' lang='lat' dir='ltr'>ipse</span> <span class='ocrx_word' id='word_1_299' title='bbox 2424 2997 2545 3034; x_wconf 94' lang='lat' dir='ltr'>non</span> <span class='ocrx_word' id='word_1_300' title='bbox 2575 2979 3058 3035; x_wconf 86' lang='lat' dir='ltr'>venit...Concilii</span> <span class='ocrx_word' id='word_1_301' title='bbox 3079 2979 3363 3050; x_wconf 67' lang='lat' dir='ltr'>praesides</span> <span class='ocrx_word' id='word_1_302' title='bbox 3387 2977 3773 3032; x_wconf 83' lang='lat' dir='ltr'>erantTimo-</span> 
     </span>
    </p>
   </div>
   <div class='ocr_carea' id='block_1_29' title="bbox 344 3066 3778 3139">
    <p class='ocr_par' dir='ltr' id='par_1_29' title="bbox 344 3066 3778 3139">
     <span class='ocr_line' id='line_1_29' title="bbox 344 3066 3778 3139; baseline 0 -19"><span class='ocrx_word' id='word_1_303' title='bbox 344 3067 652 3138; x_wconf 85' lang='lat' dir='ltr'>Cyrillum</span> <span class='ocrx_word' id='word_1_304' title='bbox 697 3069 1042 3139; x_wconf 89' lang='lat' dir='ltr'>episcopum</span> <span class='ocrx_word' id='word_1_305' title='bbox 1073 3067 2016 3138; x_wconf 85' lang='lat' dir='ltr'>Hierosolymitanumlitteris,ip-</span> <span class='ocrx_word' id='word_1_306' title='bbox 2128 3069 2302 3124; x_wconf 86' lang='lat' dir='ltr'>theus</span> <span class='ocrx_word' id='word_1_307' title='bbox 2333 3069 2669 3139; x_wconf 87' lang='lat' dir='ltr'>patriarcha</span> <span class='ocrx_word' id='word_1_308' title='bbox 2702 3068 3429 3135; x_wconf 83' lang='lat' dir='ltr'>Alexandrinus,Meletius</span> <span class='ocrx_word' id='word_1_309' title='bbox 3459 3066 3778 3120; x_wconf 87' lang='lat' dir='ltr'>Antioche-</span> 
     </span>
    </p>
   </div>
   <div class='ocr_carea' id='block_1_30' title="bbox 347 3155 3604 3229">
    <p class='ocr_par' dir='ltr' id='par_1_30' title="bbox 347 3155 3604 3229">
     <span class='ocr_line' id='line_1_30' title="bbox 347 3155 3604 3229; baseline 0 -21"><span class='ocrx_word' id='word_1_310' title='bbox 347 3171 449 3210; x_wconf 91' lang='lat' dir='ltr'>sos</span> <span class='ocrx_word' id='word_1_311' title='bbox 484 3173 615 3211; x_wconf 88' lang='lat' dir='ltr'>una</span> <span class='ocrx_word' id='word_1_312' title='bbox 647 3173 781 3210; x_wconf 91' lang='lat' dir='ltr'>cum</span> <span class='ocrx_word' id='word_1_313' title='bbox 806 3156 1100 3227; x_wconf 91' lang='lat' dir='ltr'>episcopis</span> <span class='ocrx_word' id='word_1_314' title='bbox 1120 3156 1240 3210; x_wconf 83' lang='lat' dir='ltr'>suis</span> <span class='ocrx_word' id='word_1_315' title='bbox 1274 3155 2017 3228; x_wconf 87' lang='lat' dir='ltr'>Constantinopoliadesse</span> <span class='ocrx_word' id='word_1_316' title='bbox 2127 3175 2260 3226; x_wconf 90' lang='lat' dir='ltr'>nus,</span> <span class='ocrx_word' id='word_1_317' title='bbox 2298 3164 2356 3214; x_wconf 92' lang='lat' dir='ltr'>et</span> <span class='ocrx_word' id='word_1_318' title='bbox 2384 3157 2638 3229; x_wconf 85' lang='lat' dir='ltr'>Cyrillus</span> <span class='ocrx_word' id='word_1_319' title='bbox 2669 3157 3243 3228; x_wconf 84' lang='lat' dir='ltr'>Hierosolymitanus</span> <span class='ocrx_word' id='word_1_320' title='bbox 3271 3157 3604 3228; x_wconf 90' lang='lat' dir='ltr'>episcopus.</span> 
     </span>
    </p>
   </div>
   <div class='ocr_carea' id='block_1_31' title="bbox 338 3241 2017 3315">
    <p class='ocr_par' dir='ltr' id='par_1_31' title="bbox 338 3241 2017 3315">
     <span class='ocr_line' id='line_1_31' title="bbox 338 3241 2017 3315; baseline 0.002 -18"><span class='ocrx_word' id='word_1_321' title='bbox 338 3241 636 3312; x_wconf 85' lang='lat' dir='ltr'>jussit,ut</span> <span class='ocrx_word' id='word_1_322' title='bbox 659 3244 730 3299; x_wconf 88' lang='lat' dir='ltr'>de</span> <span class='ocrx_word' id='word_1_323' title='bbox 759 3243 873 3299; x_wconf 84' lang='lat' dir='ltr'>fide</span> <span class='ocrx_word' id='word_1_324' title='bbox 901 3244 1236 3300; x_wconf 87' lang='lat' dir='ltr'>Christiana</span> <span class='ocrx_word' id='word_1_325' title='bbox 1266 3243 1690 3315; x_wconf 84' lang='lat' dir='ltr'>disquirerent.</span> <span class='ocrx_word' id='word_1_326' title='bbox 1711 3245 2017 3300; x_wconf 87' lang='lat' dir='ltr'>Convene-</span> 
     </span>
    </p>
   </div>
   <div class='ocr_carea' id='block_1_32' title="bbox 1833 3370 2286 3435">
    <p class='ocr_par' dir='ltr' id='par_1_32' title="bbox 1833 3370 2286 3435">
     <span class='ocr_line' id='line_1_32' title="bbox 1833 3370 2286 3435; baseline 0.009 -17"><span class='ocrx_word' id='word_1_327' title='bbox 1833 3370 1998 3430; x_wconf 79' lang='lat' dir='ltr'>Idem,</span> <span class='ocrx_word' id='word_1_328' title='bbox 2018 3386 2151 3435; x_wconf 79' lang='lat' dir='ltr'>pag.</span> <span class='ocrx_word' id='word_1_329' title='bbox 2177 3371 2286 3422; x_wconf 85' lang='lat'>536.</span> 
     </span>
    </p>
   </div>
   <div class='ocr_carea' id='block_1_33' title="bbox 423 3458 3780 3531">
    <p class='ocr_par' dir='ltr' id='par_1_33' title="bbox 423 3458 3780 3531">
     <span class='ocr_line' id='line_1_33' title="bbox 423 3458 3780 3531; baseline -0.001 -15"><span class='ocrx_word' id='word_1_330' title='bbox 423 3463 608 3516; x_wconf 86' lang='lat' dir='ltr'>Anno</span> <span class='ocrx_word' id='word_1_331' title='bbox 640 3458 875 3530; x_wconf 89' lang='lat' dir='ltr'>imperii</span> <span class='ocrx_word' id='word_1_332' title='bbox 909 3458 1508 3529; x_wconf 84' lang='lat' dir='ltr'>ejusdem[Theodosii</span> <span class='ocrx_word' id='word_1_333' title='bbox 1534 3458 2014 3531; x_wconf 85' lang='lat' dir='ltr'>senioris]octavo</span> <span class='ocrx_word' id='word_1_334' title='bbox 2127 3467 2320 3530; x_wconf 90' lang='lat' dir='ltr'>tanus,</span> <span class='ocrx_word' id='word_1_335' title='bbox 2349 3462 2449 3517; x_wconf 90' lang='lat' dir='ltr'>ubi</span> <span class='ocrx_word' id='word_1_336' title='bbox 2501 3479 2691 3518; x_wconf 88' lang='lat' dir='ltr'>annos</span> <span class='ocrx_word' id='word_1_337' title='bbox 2739 3461 3034 3517; x_wconf 87' lang='lat' dir='ltr'>sexdecim</span> <span class='ocrx_word' id='word_1_338' title='bbox 3094 3460 3268 3527; x_wconf 91' lang='lat' dir='ltr'>sedit,</span> <span class='ocrx_word' id='word_1_339' title='bbox 3321 3459 3460 3515; x_wconf 89' lang='lat' dir='ltr'>dein</span> <span class='ocrx_word' id='word_1_340' title='bbox 3504 3463 3780 3514; x_wconf 87' lang='lat' dir='ltr'>mortuus</span> 
     </span>
    </p>
   </div>
   <div class='ocr_carea' id='block_1_34' title="bbox 349 3548 2919 3620">
    <p class='ocr_par' dir='ltr' id='par_1_34' title="bbox 349 3548 2919 3620">
     <span class='ocr_line' id='line_1_34' title="bbox 349 3548 2919 3620; baseline 0 -15"><span class='ocrx_word' id='word_1_341' title='bbox 349 3549 728 3605; x_wconf 84' lang='lat' dir='ltr'>constitutus</span> <span class='ocrx_word' id='word_1_342' title='bbox 770 3553 860 3602; x_wconf 90' lang='lat' dir='ltr'>est</span> <span class='ocrx_word' id='word_1_343' title='bbox 909 3549 1168 3603; x_wconf 81' lang='lat' dir='ltr'>Joannes</span> <span class='ocrx_word' id='word_1_344' title='bbox 1199 3548 1535 3620; x_wconf 83' lang='lat' dir='ltr'>patriarcha</span> <span class='ocrx_word' id='word_1_345' title='bbox 1591 3548 2015 3619; x_wconf 82' lang='lat' dir='ltr'>Hierosolymi-</span> <span class='ocrx_word' id='word_1_346' title='bbox 2128 3557 2245 3606; x_wconf 91' lang='lat' dir='ltr'>est.</span> <span class='ocrx_word' id='word_1_347' title='bbox 2911 3566 2919 3574; x_wconf 91' lang='lat'><strong><em>&#39;</em></strong></span> 
     </span>
    </p>
   </div>
   <div class='ocr_carea' id='block_1_35' title="bbox 784 3673 3379 3740">
    <p class='ocr_par' dir='ltr' id='par_1_35' title="bbox 784 3673 3379 3740">
     <span class='ocr_line' id='line_1_35' title="bbox 784 3673 3379 3740; baseline 0.001 -17"><span class='ocrx_word' id='word_1_348' title='bbox 784 3673 1019 3738; x_wconf 84' lang='lat' dir='ltr'>[CCLXI]</span> <span class='ocrx_word' id='word_1_349' title='bbox 1048 3675 1295 3722; x_wconf 77' lang='lat' dir='ltr'>Joannes</span> <span class='ocrx_word' id='word_1_350' title='bbox 1316 3675 1584 3723; x_wconf 62' lang='lat' dir='ltr'>Nicaeam:</span> <span class='ocrx_word' id='word_1_351' title='bbox 1630 3674 1693 3722; x_wconf 83' lang='lat' dir='ltr'>in</span> <span class='ocrx_word' id='word_1_352' title='bbox 1727 3675 1935 3735; x_wconf 76' lang='lat' dir='ltr'>scripto</span> <span class='ocrx_word' id='word_1_353' title='bbox 1974 3689 2071 3726; x_wconf 69' lang='lat' dir='ltr'>per</span> <span class='ocrx_word' id='word_1_354' title='bbox 2103 3675 2491 3740; x_wconf 74' lang='lat' dir='ltr'>Combeﬁsium</span> <span class='ocrx_word' id='word_1_355' title='bbox 2521 3678 2665 3726; x_wconf 82' lang='lat' dir='ltr'>edito</span> <span class='ocrx_word' id='word_1_356' title='bbox 2695 3676 2974 3727; x_wconf 85' lang='lat' dir='ltr'>Auctuarii</span> <span class='ocrx_word' id='word_1_357' title='bbox 3007 3685 3136 3726; x_wconf 87' lang='lat' dir='ltr'>tom.</span> <span class='ocrx_word' id='word_1_358' title='bbox 3167 3676 3231 3732; x_wconf 82' lang='lat' dir='ltr'>II,</span> <span class='ocrx_word' id='word_1_359' title='bbox 3267 3674 3379 3725; x_wconf 79' lang='lat'>302.</span> 
     </span>
    </p>
   </div>
   <div class='ocr_carea' id='block_1_36' title="bbox 439 3758 2061 3838">
    <p class='ocr_par' dir='ltr' id='par_1_36' title="bbox 439 3758 2024 3837">
     <span class='ocr_line' id='line_1_36' title="bbox 439 3758 2024 3837; baseline -0.002 -18"><span class='ocrx_word' id='word_1_360' title='bbox 439 3761 831 3837; x_wconf 71' lang='grc' dir='ltr'>Ἴῧγραψὲποτε</span> <span class='ocrx_word' id='word_1_361' title='bbox 865 3760 1165 3835; x_wconf 80' lang='grc' dir='ltr'>Κύριλλος,</span> <span class='ocrx_word' id='word_1_362' title='bbox 1198 3760 1343 3835; x_wconf 83' lang='grc' dir='ltr'>[οὐκ]</span> <span class='ocrx_word' id='word_1_363' title='bbox 1375 3764 1402 3816; x_wconf 87' lang='grc' dir='ltr'>ὁ</span> <span class='ocrx_word' id='word_1_364' title='bbox 1431 3758 1645 3836; x_wconf 68' lang='grc' dir='ltr'>γράψας</span> <span class='ocrx_word' id='word_1_365' title='bbox 1673 3763 1772 3830; x_wconf 77' lang='grc' dir='ltr'>τὴν</span> <span class='ocrx_word' id='word_1_366' title='bbox 1806 3761 2024 3816; x_wconf 82' lang='grc' dir='ltr'>ἐπιστο-</span> 
     </span>
    </p>
   </div>
   <div class='ocr_carea' id='block_1_37' title="bbox 2155 3758 3777 3838">
    <p class='ocr_par' dir='ltr' id='par_1_37' title="bbox 2204 3763 3777 3838">
     <span class='ocr_line' id='line_1_37' title="bbox 2204 3763 3777 3838; baseline -0.003 -18"><span class='ocrx_word' id='word_1_367' title='bbox 2204 3766 2451 3838; x_wconf 88' lang='lat' dir='ltr'>Scripsit</span> <span class='ocrx_word' id='word_1_368' title='bbox 2481 3767 2802 3838; x_wconf 87' lang='lat' dir='ltr'>aliquando</span> <span class='ocrx_word' id='word_1_369' title='bbox 2834 3767 3110 3838; x_wconf 83' lang='lat' dir='ltr'>Cyrillus,</span> <span class='ocrx_word' id='word_1_370' title='bbox 3164 3765 3331 3836; x_wconf 92' lang='lat' dir='ltr'>[non]</span> <span class='ocrx_word' id='word_1_371' title='bbox 3392 3764 3442 3818; x_wconf 89' lang='lat' dir='ltr'>is</span> <span class='ocrx_word' id='word_1_372' title='bbox 3491 3763 3592 3833; x_wconf 92' lang='lat' dir='ltr'>qui</span> <span class='ocrx_word' id='word_1_373' title='bbox 3654 3763 3777 3832; x_wconf 91' lang='lat' dir='ltr'>epi-</span> 
     </span>
    </p>
   </div>
   <div class='ocr_carea' id='block_1_38' title="bbox 363 3848 1985 3926">
    <p class='ocr_par' dir='ltr' id='par_1_38' title="bbox 363 3848 1985 3924">
     <span class='ocr_line' id='line_1_38' title="bbox 363 3848 1985 3924; baseline -0.001 -18"><span class='ocrx_word' id='word_1_374' title='bbox 363 3851 476 3922; x_wconf 82' lang='grc' dir='ltr'>λήν</span> <span class='ocrx_word' id='word_1_375' title='bbox 516 3850 926 3924; x_wconf 75' lang='grc' dir='ltr'>Κωνσταντίνῳ,</span> <span class='ocrx_word' id='word_1_376' title='bbox 959 3849 1086 3906; x_wconf 82' lang='grc' dir='ltr'>ἀλλ’</span> <span class='ocrx_word' id='word_1_377' title='bbox 1134 3852 1162 3905; x_wconf 86' lang='grc' dir='ltr'>ὁ</span> <span class='ocrx_word' id='word_1_378' title='bbox 1220 3853 1335 3923; x_wconf 81' lang='grc' dir='ltr'>μετ’</span> <span class='ocrx_word' id='word_1_379' title='bbox 1388 3850 1591 3906; x_wconf 82' lang='grc' dir='ltr'>ἐκεῖνον</span> <span class='ocrx_word' id='word_1_380' title='bbox 1643 3848 1985 3924; x_wconf 74' lang='grc' dir='ltr'>διαδεξάμενε</span> 
     </span>
    </p>
   </div>
   <div class='ocr_carea' id='block_1_39' title="bbox 2163 3848 3785 3926">
    <p class='ocr_par' dir='ltr' id='par_1_39' title="bbox 2163 3851 3785 3926">
     <span class='ocr_line' id='line_1_39' title="bbox 2163 3851 3785 3926; baseline -0.002 -18"><span class='ocrx_word' id='word_1_381' title='bbox 2163 3854 2352 3910; x_wconf 90' lang='lat' dir='ltr'>tolam</span> <span class='ocrx_word' id='word_1_382' title='bbox 2384 3855 2458 3911; x_wconf 88' lang='lat' dir='ltr'>ad</span> <span class='ocrx_word' id='word_1_383' title='bbox 2490 3855 2946 3911; x_wconf 90' lang='lat' dir='ltr'>Constantinum</span> <span class='ocrx_word' id='word_1_384' title='bbox 2974 3855 3052 3926; x_wconf 89' lang='lat' dir='ltr'>(a)</span> <span class='ocrx_word' id='word_1_385' title='bbox 3084 3853 3266 3919; x_wconf 90' lang='lat' dir='ltr'>dedit,</span> <span class='ocrx_word' id='word_1_386' title='bbox 3302 3852 3404 3906; x_wconf 92' lang='lat' dir='ltr'>sed</span> <span class='ocrx_word' id='word_1_387' title='bbox 3435 3851 3486 3905; x_wconf 89' lang='lat' dir='ltr'>is</span> <span class='ocrx_word' id='word_1_388' title='bbox 3517 3851 3618 3921; x_wconf 89' lang='lat' dir='ltr'>qui</span> <span class='ocrx_word' id='word_1_389' title='bbox 3650 3855 3785 3922; x_wconf 83' lang='lat' dir='ltr'>post</span> 
     </span>
    </p>
   </div>
   <div class='ocr_carea' id='block_1_40' title="bbox 359 3937 1981 4018">
    <p class='ocr_par' dir='ltr' id='par_1_40' title="bbox 359 3937 1981 4018">
     <span class='ocr_line' id='line_1_40' title="bbox 359 3937 1981 4018; baseline -0.001 -22"><span class='ocrx_word' id='word_1_390' title='bbox 359 3943 458 3998; x_wconf 85' lang='grc' dir='ltr'>τὸν</span> <span class='ocrx_word' id='word_1_391' title='bbox 490 3942 687 4018; x_wconf 82' lang='grc' dir='ltr'>θρόνον</span> <span class='ocrx_word' id='word_1_392' title='bbox 715 3939 902 4010; x_wconf 80' lang='grc' dir='ltr'>αὐτοῦ,</span> <span class='ocrx_word' id='word_1_393' title='bbox 927 3941 1066 4016; x_wconf 79' lang='grc' dir='ltr'>πρὸς</span> <span class='ocrx_word' id='word_1_394' title='bbox 1095 3937 1327 3997; x_wconf 73' lang='grc' dir='ltr'>Ἰούλιον</span> <span class='ocrx_word' id='word_1_395' title='bbox 1354 3947 1455 4011; x_wconf 81' lang='grc' dir='ltr'>τῆς</span> <span class='ocrx_word' id='word_1_396' title='bbox 1511 3940 1732 4013; x_wconf 86' lang='grc' dir='ltr'>Ῥώμης</span> <span class='ocrx_word' id='word_1_397' title='bbox 1786 3938 1981 3995; x_wconf 83' lang='grc' dir='ltr'>ἐπίσκο</span> 
     </span>
    </p>
   </div>
   <div class='ocr_carea' id='block_1_41' title="bbox 2159 3937 3781 4018">
    <p class='ocr_par' dir='ltr' id='par_1_41' title="bbox 2159 3941 3781 4016">
     <span class='ocr_line' id='line_1_41' title="bbox 2159 3941 3781 4016; baseline -0.004 -17"><span class='ocrx_word' id='word_1_398' title='bbox 2159 3961 2332 4015; x_wconf 91' lang='lat' dir='ltr'>psum</span> <span class='ocrx_word' id='word_1_399' title='bbox 2366 3947 2496 4016; x_wconf 88' lang='lat' dir='ltr'>ejus</span> <span class='ocrx_word' id='word_1_400' title='bbox 2529 3945 2653 4000; x_wconf 91' lang='lat' dir='ltr'>sedi</span> <span class='ocrx_word' id='word_1_401' title='bbox 2685 3944 2990 4011; x_wconf 88' lang='lat' dir='ltr'>successit,</span> <span class='ocrx_word' id='word_1_402' title='bbox 3051 3942 3125 3998; x_wconf 86' lang='lat' dir='ltr'>ad</span> <span class='ocrx_word' id='word_1_403' title='bbox 3180 3941 3402 3997; x_wconf 84' lang='lat' dir='ltr'>Julium</span> <span class='ocrx_word' id='word_1_404' title='bbox 3448 3942 3781 3996; x_wconf 82' lang='lat' dir='ltr'>Romanum</span> 
     </span>
    </p>
   </div>
   <div class='ocr_carea' id='block_1_42' title="bbox 362 4029 1984 4105">
    <p class='ocr_par' dir='ltr' id='par_1_42' title="bbox 362 4029 750 4100">
     <span class='ocr_line' id='line_1_42' title="bbox 362 4029 750 4100; baseline -0.003 -14"><span class='ocrx_word' id='word_1_405' title='bbox 362 4051 498 4100; x_wconf 87' lang='grc' dir='ltr'>πον,</span> <span class='ocrx_word' id='word_1_406' title='bbox 534 4052 586 4088; x_wconf 83' lang='grc' dir='ltr'>κ.</span> <span class='ocrx_word' id='word_1_407' title='bbox 610 4051 660 4089; x_wconf 83' lang='grc' dir='ltr'>τ.</span> <span class='ocrx_word' id='word_1_408' title='bbox 696 4029 750 4086; x_wconf 87' lang='grc' dir='ltr'>λ.</span> 
     </span>
    </p>
   </div>
   <div class='ocr_carea' id='block_1_43' title="bbox 1623 4029 3245 4105">
    <p class='ocr_par' dir='ltr' id='par_1_43' title="bbox 2134 4031 3245 4105">
     <span class='ocr_line' id='line_1_43' title="bbox 2134 4031 3245 4105; baseline -0.003 -18"><span class='ocrx_word' id='word_1_409' title='bbox 2134 4034 2502 4105; x_wconf 81' lang='lat' dir='ltr'>episcopum,</span> <span class='ocrx_word' id='word_1_410' title='bbox 2528 4039 2639 4092; x_wconf 90' lang='lat' dir='ltr'>etc.</span> <span class='ocrx_word' id='word_1_411' title='bbox 2669 4053 2682 4100; x_wconf 88' lang='lat'><strong>;</strong></span> <span class='ocrx_word' id='word_1_412' title='bbox 2715 4040 2781 4089; x_wconf 93' lang='lat' dir='ltr'>ut</span> <span class='ocrx_word' id='word_1_413' title='bbox 2810 4033 2873 4088; x_wconf 89' lang='lat' dir='ltr'>in</span> <span class='ocrx_word' id='word_1_414' title='bbox 2905 4031 3245 4103; x_wconf 89' lang='lat' dir='ltr'>suppositis.</span> 
     </span>
    </p>
   </div>
   <div class='ocr_carea' id='block_1_44' title="bbox 361 4152 1983 4219">
    <p class='ocr_par' dir='ltr' id='par_1_44' title="bbox 361 4154 1945 4213">
     <span class='ocr_line' id='line_1_44' title="bbox 361 4154 1945 4213; baseline -0.003 -5"><span class='ocrx_word' id='word_1_415' title='bbox 361 4159 552 4208; x_wconf 84' lang='lat' dir='ltr'>Nicon</span> <span class='ocrx_word' id='word_1_416' title='bbox 582 4155 886 4206; x_wconf 74' lang='lat' dir='ltr'>monachus</span> <span class='ocrx_word' id='word_1_417' title='bbox 915 4155 976 4204; x_wconf 82' lang='lat' dir='ltr'>in</span> <span class='ocrx_word' id='word_1_418' title='bbox 1012 4154 1277 4204; x_wconf 79' lang='lat' dir='ltr'>Pandecte</span> <span class='ocrx_word' id='word_1_419' title='bbox 1320 4156 1550 4213; x_wconf 78' lang='lat' dir='ltr'>inedita,</span> <span class='ocrx_word' id='word_1_420' title='bbox 1605 4155 1945 4204; x_wconf 70' lang='lat' dir='ltr'>bibliothecae</span> 
     </span>
    </p>
   </div>
   <div class='ocr_carea' id='block_1_45' title="bbox 2165 4152 3787 4219">
    <p class='ocr_par' dir='ltr' id='par_1_45' title="bbox 2199 4152 3787 4219">
     <span class='ocr_line' id='line_1_45' title="bbox 2199 4152 3787 4219; baseline -0.001 -15"><span class='ocrx_word' id='word_1_421' title='bbox 2199 4157 2311 4205; x_wconf 88' lang='lat' dir='ltr'>cod.</span> <span class='ocrx_word' id='word_1_422' title='bbox 2371 4158 2509 4216; x_wconf 76' lang='grc'>1994,</span> <span class='ocrx_word' id='word_1_423' title='bbox 2568 4160 2640 4207; x_wconf 87' lang='lat' dir='ltr'>ad</span> <span class='ocrx_word' id='word_1_424' title='bbox 2699 4158 2844 4206; x_wconf 83' lang='lat' dir='ltr'>hanc</span> <span class='ocrx_word' id='word_1_425' title='bbox 2887 4155 3251 4219; x_wconf 80' lang='lat' dir='ltr'>qucestionem</span> <span class='ocrx_word' id='word_1_426' title='bbox 3282 4170 3300 4202; x_wconf 87' lang='lat'><strong><em>:</em></strong></span> <span class='ocrx_word' id='word_1_427' title='bbox 3329 4152 3454 4201; x_wconf 82' lang='grc' dir='ltr'>Λῐτῶ</span> <span class='ocrx_word' id='word_1_428' title='bbox 3505 4169 3577 4209; x_wconf 75' lang='grc' dir='ltr'>σε,</span> <span class='ocrx_word' id='word_1_429' title='bbox 3605 4154 3654 4201; x_wconf 82' lang='grc' dir='ltr'>τί</span> <span class='ocrx_word' id='word_1_430' title='bbox 3677 4154 3787 4203; x_wconf 83' lang='grc' dir='ltr'>λοι-</span> 
     </span>
    </p>
   </div>
   <div class='ocr_carea' id='block_1_46' title="bbox 429 4235 2051 4301">
    <p class='ocr_par' dir='ltr' id='par_1_46' title="bbox 429 4235 2051 4301">
     <span class='ocr_line' id='line_1_46' title="bbox 429 4235 2051 4301; baseline -0.002 -14"><span class='ocrx_word' id='word_1_431' title='bbox 429 4241 528 4288; x_wconf 86' lang='grc' dir='ltr'>πὸν</span> <span class='ocrx_word' id='word_1_432' title='bbox 587 4237 790 4285; x_wconf 81' lang='grc' dir='ltr'>δύναται</span> <span class='ocrx_word' id='word_1_433' title='bbox 843 4238 927 4294; x_wconf 79' lang='grc' dir='ltr'>τὰς</span> <span class='ocrx_word' id='word_1_434' title='bbox 979 4238 1078 4283; x_wconf 86' lang='grc' dir='ltr'>τῶν</span> <span class='ocrx_word' id='word_1_435' title='bbox 1137 4235 1479 4283; x_wconf 83' lang='grc' dir='ltr'>τελευτώντων</span> <span class='ocrx_word' id='word_1_436' title='bbox 1562 4237 1730 4301; x_wconf 83' lang='grc' dir='ltr'>ψυχὰς</span> <span class='ocrx_word' id='word_1_437' title='bbox 1803 4238 1927 4299; x_wconf 80' lang='grc' dir='ltr'>μετὰ</span> <span class='ocrx_word' id='word_1_438' title='bbox 1998 4236 2051 4283; x_wconf 78' lang='grc' dir='ltr'>θά</span> 
     </span>
    </p>
   </div>
   <div class='ocr_carea' id='block_1_47' title="bbox 2156 4235 3778 4301">
    <p class='ocr_par' dir='ltr' id='par_1_47' title="bbox 2156 4235 3778 4301">
     <span class='ocr_line' id='line_1_47' title="bbox 2156 4235 3778 4301; baseline 0 -17"><span class='ocrx_word' id='word_1_439' title='bbox 2156 4252 2207 4284; x_wconf 87' lang='grc' dir='ltr'>ον</span> <span class='ocrx_word' id='word_1_440' title='bbox 2264 4237 2516 4301; x_wconf 70' lang='grc' dir='ltr'>ὠφελῆσαι</span> <span class='ocrx_word' id='word_1_441' title='bbox 2568 4255 2580 4300; x_wconf 83' lang='lat'><strong>;</strong></span> <span class='ocrx_word' id='word_1_442' title='bbox 2632 4259 2658 4284; x_wconf 72' lang='grc' dir='ltr'><strong><em>α</em></strong></span> <span class='ocrx_word' id='word_1_443' title='bbox 2691 4238 2887 4291; x_wconf 65' lang='lat' dir='ltr'>Quaero</span> <span class='ocrx_word' id='word_1_444' title='bbox 2961 4252 2996 4286; x_wconf 82' lang='grc' dir='ltr'><em>α</em></span> <span class='ocrx_word' id='word_1_445' title='bbox 3079 4244 3145 4292; x_wconf 88' lang='lat' dir='ltr'>te,</span> <span class='ocrx_word' id='word_1_446' title='bbox 3235 4235 3374 4298; x_wconf 83' lang='lat' dir='ltr'>quid</span> <span class='ocrx_word' id='word_1_447' title='bbox 3419 4236 3549 4295; x_wconf 81' lang='lat' dir='ltr'>jam</span> <span class='ocrx_word' id='word_1_448' title='bbox 3598 4243 3778 4295; x_wconf 82' lang='lat' dir='ltr'>potest</span> 
     </span>
    </p>
   </div>
   <div class='ocr_carea' id='block_1_48' title="bbox 428 4315 3785 4382">
    <p class='ocr_par' dir='ltr' id='par_1_48' title="bbox 428 4315 3785 4382">
     <span class='ocr_line' id='line_1_48' title="bbox 428 4315 3785 4382; baseline -0.001 -14"><span class='ocrx_word' id='word_1_449' title='bbox 428 4319 802 4369; x_wconf 78' lang='lat' dir='ltr'>morientium</span> <span class='ocrx_word' id='word_1_450' title='bbox 826 4317 1050 4366; x_wconf 80' lang='lat' dir='ltr'>animas</span> <span class='ocrx_word' id='word_1_451' title='bbox 1071 4325 1199 4378; x_wconf 79' lang='lat' dir='ltr'>post</span> <span class='ocrx_word' id='word_1_452' title='bbox 1229 4325 1459 4365; x_wconf 80' lang='lat' dir='ltr'>mortem</span> <span class='ocrx_word' id='word_1_453' title='bbox 1491 4318 1732 4377; x_wconf 67' lang='lat' dir='ltr'>iuvare?</span> <span class='ocrx_word' id='word_1_454' title='bbox 1762 4336 1787 4362; x_wconf 79' lang='grc'><strong>»</strong></span> <span class='ocrx_word' id='word_1_455' title='bbox 1815 4326 1943 4380; x_wconf 79' lang='lat' dir='ltr'>post</span> <span class='ocrx_word' id='word_1_456' title='bbox 1972 4317 2121 4366; x_wconf 68' lang='lat' dir='ltr'>alia:</span> <span class='ocrx_word' id='word_1_457' title='bbox 2150 4319 2390 4367; x_wconf 78' lang='lat' dir='ltr'>Patrum</span> <span class='ocrx_word' id='word_1_458' title='bbox 2421 4321 2783 4369; x_wconf 71' lang='lat' dir='ltr'>auctoritates</span> <span class='ocrx_word' id='word_1_459' title='bbox 2815 4318 3022 4382; x_wconf 77' lang='lat' dir='ltr'>Cyrilli</span> <span class='ocrx_word' id='word_1_460' title='bbox 3045 4317 3428 4366; x_wconf 84' lang='lat' dir='ltr'>testimonium</span> <span class='ocrx_word' id='word_1_461' title='bbox 3459 4315 3687 4364; x_wconf 84' lang='lat' dir='ltr'>adducit</span> <span class='ocrx_word' id='word_1_462' title='bbox 3723 4317 3785 4365; x_wconf 80' lang='lat' dir='ltr'>in</span> 
     </span>
    </p>
   </div>
   <div class='ocr_carea' id='block_1_49' title="bbox 428 4397 1035 4460">
    <p class='ocr_par' dir='ltr' id='par_1_49' title="bbox 428 4397 1035 4460">
     <span class='ocr_line' id='line_1_49' title="bbox 428 4397 1035 4460; baseline -0.01 -10"><span class='ocrx_word' id='word_1_463' title='bbox 428 4401 549 4450; x_wconf 63' lang='lat' dir='ltr'>haec</span> <span class='ocrx_word' id='word_1_464' title='bbox 582 4399 757 4455; x_wconf 81' lang='lat' dir='ltr'>verba,</span> <span class='ocrx_word' id='word_1_465' title='bbox 791 4399 892 4460; x_wconf 85' lang='lat' dir='ltr'>fol.</span> <span class='ocrx_word' id='word_1_466' title='bbox 925 4397 1035 4446; x_wconf 81' lang='lat'>328.</span> 
     </span>
    </p>
   </div>
   <div class='ocr_carea' id='block_1_50' title="bbox 435 4482 2057 4562">
    <p class='ocr_par' dir='ltr' id='par_1_50' title="bbox 435 4482 2022 4562">
     <span class='ocr_line' id='line_1_50' title="bbox 435 4482 2022 4562; baseline -0.002 -20"><span class='ocrx_word' id='word_1_467' title='bbox 435 4491 543 4543; x_wconf 79' lang='grc' dir='ltr'>Τοῦ</span> <span class='ocrx_word' id='word_1_468' title='bbox 569 4486 721 4562; x_wconf 82' lang='grc' dir='ltr'>ἁγίου</span> <span class='ocrx_word' id='word_1_469' title='bbox 774 4484 1050 4554; x_wconf 81' lang='grc' dir='ltr'>Κυρίλλου</span> <span class='ocrx_word' id='word_1_470' title='bbox 1107 4482 1529 4558; x_wconf 78' lang='grc' dir='ltr'>Ἱεροσολύμων.</span> <span class='ocrx_word' id='word_1_471' title='bbox 1589 4486 2022 4558; x_wconf 79' lang='grc' dir='ltr'>Μνημονεύομεν</span> 
     </span>
    </p>
   </div>
   <div class='ocr_carea' id='block_1_51' title="bbox 2160 4482 3782 4562">
    <p class='ocr_par' dir='ltr' id='par_1_51' title="bbox 2210 4487 3782 4562">
     <span class='ocr_line' id='line_1_51' title="bbox 2210 4487 3782 4562; baseline -0.001 -20"><span class='ocrx_word' id='word_1_472' title='bbox 2210 4489 2405 4545; x_wconf 87' lang='lat' dir='ltr'>Sancti</span> <span class='ocrx_word' id='word_1_473' title='bbox 2435 4490 2638 4562; x_wconf 84' lang='lat' dir='ltr'>Cyrilli</span> <span class='ocrx_word' id='word_1_474' title='bbox 2700 4487 3267 4559; x_wconf 86' lang='lat' dir='ltr'>Hierosolymorum.</span> <span class='ocrx_word' id='word_1_475' title='bbox 3311 4487 3630 4541; x_wconf 81' lang='lat' dir='ltr'>Memoriam</span> <span class='ocrx_word' id='word_1_476' title='bbox 3660 4502 3782 4541; x_wconf 83' lang='lat' dir='ltr'>vere</span> 
     </span>
    </p>
   </div>
   <div class='ocr_carea' id='block_1_52' title="bbox 373 4573 1995 4651">
    <p class='ocr_par' dir='ltr' id='par_1_52' title="bbox 373 4573 1995 4649">
     <span class='ocr_line' id='line_1_52' title="bbox 373 4573 1995 4649; baseline -0.001 -16"><span class='ocrx_word' id='word_1_477' title='bbox 373 4574 431 4633; x_wconf 72' lang='grc' dir='ltr'>δὲ</span> <span class='ocrx_word' id='word_1_478' title='bbox 460 4578 553 4632; x_wconf 78' lang='grc' dir='ltr'>καὶ</span> <span class='ocrx_word' id='word_1_479' title='bbox 585 4577 717 4649; x_wconf 69' lang='grc' dir='ltr'>ὑπὲρ</span> <span class='ocrx_word' id='word_1_480' title='bbox 749 4580 858 4630; x_wconf 86' lang='grc' dir='ltr'>τῶν</span> <span class='ocrx_word' id='word_1_481' title='bbox 889 4576 1299 4648; x_wconf 73' lang='grc' dir='ltr'>κεκοιμημένος</span> <span class='ocrx_word' id='word_1_482' title='bbox 1325 4574 1512 4649; x_wconf 77' lang='grc' dir='ltr'>ἁγίων,</span> <span class='ocrx_word' id='word_1_483' title='bbox 1547 4573 1798 4649; x_wconf 78' lang='grc' dir='ltr'>Πατέρων</span> <span class='ocrx_word' id='word_1_484' title='bbox 1844 4596 1904 4630; x_wconf 86' lang='grc' dir='ltr'><strong>τε</strong></span> <span class='ocrx_word' id='word_1_485' title='bbox 1933 4597 1995 4631; x_wconf 82' lang='grc' dir='ltr'>κα</span> 
     </span>
    </p>
   </div>
   <div class='ocr_carea' id='block_1_53' title="bbox 2160 4573 3782 4651">
    <p class='ocr_par' dir='ltr' id='par_1_53' title="bbox 2160 4574 3782 4650">
     <span class='ocr_line' id='line_1_53' title="bbox 2160 4574 3782 4650; baseline -0.006 -14"><span class='ocrx_word' id='word_1_486' title='bbox 2160 4583 2366 4636; x_wconf 83' lang='lat' dir='ltr'>&#39;acimus</span> <span class='ocrx_word' id='word_1_487' title='bbox 2407 4596 2516 4650; x_wconf 78' lang='lat' dir='ltr'>pro</span> <span class='ocrx_word' id='word_1_488' title='bbox 2576 4581 2810 4633; x_wconf 85' lang='lat' dir='ltr'>mortuis</span> <span class='ocrx_word' id='word_1_489' title='bbox 2865 4575 3090 4640; x_wconf 80' lang='lat' dir='ltr'>sanctis,</span> <span class='ocrx_word' id='word_1_490' title='bbox 3152 4591 3273 4628; x_wconf 88' lang='lat' dir='ltr'>cum</span> <span class='ocrx_word' id='word_1_491' title='bbox 3337 4574 3609 4641; x_wconf 81' lang='lat' dir='ltr'>Patribus,</span> <span class='ocrx_word' id='word_1_492' title='bbox 3668 4581 3782 4629; x_wconf 90' lang='lat' dir='ltr'>tum</span> 
     </span>
    </p>
   </div>
   <div class='ocr_carea' id='block_1_54' title="bbox 369 4662 1991 4742">
    <p class='ocr_par' dir='ltr' id='par_1_54' title="bbox 369 4662 968 4736">
     <span class='ocr_line' id='line_1_54' title="bbox 369 4662 968 4736; baseline 0.003 -16"><span class='ocrx_word' id='word_1_493' title='bbox 369 4665 708 4736; x_wconf 72' lang='grc' dir='ltr'>ἐπισκόπων,</span> <span class='ocrx_word' id='word_1_494' title='bbox 749 4687 802 4722; x_wconf 81' lang='grc' dir='ltr'>κ.</span> <span class='ocrx_word' id='word_1_495' title='bbox 828 4687 876 4722; x_wconf 87' lang='grc' dir='ltr'>τ.</span> <span class='ocrx_word' id='word_1_496' title='bbox 913 4662 968 4722; x_wconf 88' lang='grc' dir='ltr'>λ.</span> 
     </span>
    </p>
   </div>
   <div class='ocr_carea' id='block_1_55' title="bbox 1634 4662 3256 4742">
    <p class='ocr_par' dir='ltr' id='par_1_55' title="bbox 2136 4665 3256 4742">
     <span class='ocr_line' id='line_1_55' title="bbox 2136 4665 3256 4742; baseline -0.01 -16"><span class='ocrx_word' id='word_1_497' title='bbox 2136 4671 2424 4742; x_wconf 81' lang='lat' dir='ltr'>episcopis,</span> <span class='ocrx_word' id='word_1_498' title='bbox 2461 4675 2570 4724; x_wconf 89' lang='lat' dir='ltr'>etc.</span> <span class='ocrx_word' id='word_1_499' title='bbox 2605 4673 2709 4735; x_wconf 91' lang='lat' dir='ltr'>;ut</span> <span class='ocrx_word' id='word_1_500' title='bbox 2740 4666 2964 4722; x_wconf 91' lang='lat' dir='ltr'>catech.</span> <span class='ocrx_word' id='word_1_501' title='bbox 2999 4666 3088 4734; x_wconf 88' lang='lat'>23,</span> <span class='ocrx_word' id='word_1_502' title='bbox 3113 4679 3172 4716; x_wconf 90' lang='lat' dir='ltr'>n.</span> <span class='ocrx_word' id='word_1_503' title='bbox 3206 4665 3256 4716; x_wconf 83' lang='lat'>9.</span> 
     </span>
    </p>
   </div>
   <div class='ocr_carea' id='block_1_56' title="bbox 1238 4791 2902 4860">
    <p class='ocr_par' dir='ltr' id='par_1_56' title="bbox 1238 4791 2902 4860">
     <span class='ocr_line' id='line_1_56' title="bbox 1238 4791 2902 4860; baseline -0.001 -19"><span class='ocrx_word' id='word_1_504' title='bbox 1238 4793 1512 4855; x_wconf 72' lang='lat' dir='ltr'>Georgius</span> <span class='ocrx_word' id='word_1_505' title='bbox 1567 4793 1865 4852; x_wconf 75' lang='lat' dir='ltr'>Cedrenus,</span> <span class='ocrx_word' id='word_1_506' title='bbox 1897 4795 2207 4860; x_wconf 87' lang='lat' dir='ltr'>Compendii</span> <span class='ocrx_word' id='word_1_507' title='bbox 2239 4793 2588 4845; x_wconf 86' lang='lat' dir='ltr'>historiarum</span> <span class='ocrx_word' id='word_1_508' title='bbox 2611 4808 2747 4856; x_wconf 78' lang='lat' dir='ltr'>pag.</span> <span class='ocrx_word' id='word_1_509' title='bbox 2791 4791 2902 4840; x_wconf 90' lang='grc'><strong>301.</strong></span> 
     </span>
    </p>
   </div>
   <div class='ocr_carea' id='block_1_57' title="bbox 443 4873 2065 4955">
    <p class='ocr_par' dir='ltr' id='par_1_57' title="bbox 443 4873 2065 4955">
     <span class='ocr_line' id='line_1_57' title="bbox 443 4873 2065 4955; baseline -0.002 -18"><span class='ocrx_word' id='word_1_510' title='bbox 443 4885 552 4937; x_wconf 80' lang='grc' dir='ltr'>Τοῦ</span> <span class='ocrx_word' id='word_1_511' title='bbox 583 4879 960 4937; x_wconf 83' lang='grc' dir='ltr'>Κωνσταντίου</span> <span class='ocrx_word' id='word_1_512' title='bbox 1017 4882 1099 4951; x_wconf 78' lang='grc' dir='ltr'>τῷ</span> <span class='ocrx_word' id='word_1_513' title='bbox 1155 4879 1216 4932; x_wconf 78' lang='grc' dir='ltr'>ιϐ’</span> <span class='ocrx_word' id='word_1_514' title='bbox 1273 4873 1400 4948; x_wconf 78' lang='grc' dir='ltr'><strong>ἔτει,</strong></span> <span class='ocrx_word' id='word_1_515' title='bbox 1457 4878 1510 4934; x_wconf 82' lang='grc' dir='ltr'>ἐν</span> <span class='ocrx_word' id='word_1_516' title='bbox 1563 4883 1630 4952; x_wconf 80' lang='grc' dir='ltr'>τῇ</span> <span class='ocrx_word' id='word_1_517' title='bbox 1691 4880 1874 4955; x_wconf 75' lang='grc' dir='ltr'>ἡμέρᾳ</span> <span class='ocrx_word' id='word_1_518' title='bbox 1924 4888 2065 4951; x_wconf 61' lang='grc' dir='ltr'>τῆςξ</span> 
     </span>
    </p>
   </div>
   <div class='ocr_carea' id='block_1_58' title="bbox 2162 4873 3784 4955">
    <p class='ocr_par' dir='ltr' id='par_1_58' title="bbox 2203 4876 3784 4949">
     <span class='ocr_line' id='line_1_58' title="bbox 2203 4876 3784 4949; baseline -0.005 -11"><span class='ocrx_word' id='word_1_519' title='bbox 2203 4886 2370 4938; x_wconf 87' lang='lat' dir='ltr'>Anno</span> <span class='ocrx_word' id='word_1_520' title='bbox 2403 4880 2732 4936; x_wconf 87' lang='lat' dir='ltr'>Constantii</span> <span class='ocrx_word' id='word_1_521' title='bbox 2750 4878 2936 4944; x_wconf 80' lang='lat' dir='ltr'>19,die</span> <span class='ocrx_word' id='word_1_522' title='bbox 2955 4876 3784 4949; x_wconf 80' lang='lat' dir='ltr'>Pentecostes,Hierosolymis</span> 
     </span>
    </p>
   </div>
   <div class='ocr_carea' id='block_1_59' title="bbox 372 4966 1994 5046">
    <p class='ocr_par' dir='ltr' id='par_1_59' title="bbox 372 4967 1989 5046">
     <span class='ocr_line' id='line_1_59' title="bbox 372 4967 1989 5046; baseline 0 -21"><span class='ocrx_word' id='word_1_523' title='bbox 372 4976 772 5040; x_wconf 82' lang='grc' dir='ltr'>Πεντηκοστῆς,</span> <span class='ocrx_word' id='word_1_524' title='bbox 807 4969 856 5023; x_wconf 83' lang='grc' dir='ltr'>ἐν</span> <span class='ocrx_word' id='word_1_525' title='bbox 889 4967 1296 5044; x_wconf 79' lang='grc' dir='ltr'>Ἱεροσολύμοις</span> <span class='ocrx_word' id='word_1_526' title='bbox 1322 4967 1488 5046; x_wconf 78' lang='grc' dir='ltr'>ἐφάνη</span> <span class='ocrx_word' id='word_1_527' title='bbox 1547 4969 1611 5024; x_wconf 83' lang='grc' dir='ltr'>τὸ</span> <span class='ocrx_word' id='word_1_528' title='bbox 1668 4975 1896 5042; x_wconf 84' lang='grc' dir='ltr'>σημεῖον</span> <span class='ocrx_word' id='word_1_529' title='bbox 1927 4991 1989 5025; x_wconf 89' lang='grc' dir='ltr'>το</span> 
     </span>
    </p>
   </div>
   <div class='ocr_carea' id='block_1_60' title="bbox 2162 4966 3784 5046">
    <p class='ocr_par' dir='ltr' id='par_1_60' title="bbox 2162 4966 3784 5042">
     <span class='ocr_line' id='line_1_60' title="bbox 2162 4966 3784 5042; baseline -0.003 -16"><span class='ocrx_word' id='word_1_530' title='bbox 2162 4972 2362 5028; x_wconf 75' lang='grc' dir='ltr'>ηοωιο</span> <span class='ocrx_word' id='word_1_531' title='bbox 2412 4970 2684 5042; x_wconf 88' lang='lat' dir='ltr'>apparuit</span> <span class='ocrx_word' id='word_1_532' title='bbox 2741 4969 2977 5040; x_wconf 78' lang='lat' dir='ltr'>signum</span> <span class='ocrx_word' id='word_1_533' title='bbox 3031 4967 3274 5022; x_wconf 69' lang='lat' dir='ltr'>viviticas</span> <span class='ocrx_word' id='word_1_534' title='bbox 3322 4967 3514 5021; x_wconf 89' lang='lat' dir='ltr'>crucis</span> <span class='ocrx_word' id='word_1_535' title='bbox 3587 4966 3784 5022; x_wconf 88' lang='lat' dir='ltr'>lucida</span> 
     </span>
    </p>
   </div>
   <div class='ocr_carea' id='block_1_61' title="bbox 377 5055 1999 5132">
    <p class='ocr_par' dir='ltr' id='par_1_61' title="bbox 377 5055 1999 5132">
     <span class='ocr_line' id='line_1_61' title="bbox 377 5055 1999 5132; baseline -0.001 -18"><span class='ocrx_word' id='word_1_536' title='bbox 377 5063 648 5129; x_wconf 78' lang='grc' dir='ltr'>ζωοποιοῦ</span> <span class='ocrx_word' id='word_1_537' title='bbox 679 5062 916 5131; x_wconf 75' lang='grc' dir='ltr'>σταυροῦ</span> <span class='ocrx_word' id='word_1_538' title='bbox 970 5056 1022 5111; x_wconf 82' lang='grc' dir='ltr'>ἐν</span> <span class='ocrx_word' id='word_1_539' title='bbox 1080 5058 1300 5132; x_wconf 74' lang='grc' dir='ltr'>οὖρανῷ</span> <span class='ocrx_word' id='word_1_540' title='bbox 1358 5055 1672 5126; x_wconf 74' lang='grc' dir='ltr'>Φωτοειδὲς,</span> <span class='ocrx_word' id='word_1_541' title='bbox 1729 5059 1999 5131; x_wconf 72' lang='grc' dir='ltr'>τεταμένα</span> 
     </span>
    </p>
   </div>
   <div class='ocr_carea' id='block_1_62' title="bbox 2156 5055 3778 5132">
    <p class='ocr_par' dir='ltr' id='par_1_62' title="bbox 2156 5055 3778 5132">
     <span class='ocr_line' id='line_1_62' title="bbox 2156 5055 3778 5132; baseline -0.001 -22"><span class='ocrx_word' id='word_1_542' title='bbox 2156 5062 2350 5132; x_wconf 78' lang='lat' dir='ltr'>.pecie,</span> <span class='ocrx_word' id='word_1_543' title='bbox 2373 5065 2720 5131; x_wconf 88' lang='lat' dir='ltr'>protensum</span> <span class='ocrx_word' id='word_1_544' title='bbox 2756 5074 2789 5111; x_wconf 92' lang='lat' dir='ltr'>a</span> <span class='ocrx_word' id='word_1_545' title='bbox 2815 5062 3018 5111; x_wconf 88' lang='lat' dir='ltr'>monte</span> <span class='ocrx_word' id='word_1_546' title='bbox 3051 5056 3428 5129; x_wconf 80' lang='lat' dir='ltr'>Golgotha,in</span> <span class='ocrx_word' id='word_1_547' title='bbox 3444 5074 3558 5127; x_wconf 90' lang='lat' dir='ltr'>quo</span> <span class='ocrx_word' id='word_1_548' title='bbox 3593 5055 3778 5111; x_wconf 88' lang='lat' dir='ltr'>cruci-</span> 
     </span>
    </p>
   </div>
   <div class='ocr_carea' id='block_1_63' title="bbox 377 5143 1999 5222">
    <p class='ocr_par' dir='ltr' id='par_1_63' title="bbox 377 5143 1999 5222">
     <span class='ocr_line' id='line_1_63' title="bbox 377 5143 1999 5222; baseline -0.002 -19"><span class='ocrx_word' id='word_1_549' title='bbox 377 5149 481 5204; x_wconf 84' lang='grc' dir='ltr'>ἀπὸ</span> <span class='ocrx_word' id='word_1_550' title='bbox 511 5152 606 5203; x_wconf 73' lang='grc' dir='ltr'>τοῦ</span> <span class='ocrx_word' id='word_1_551' title='bbox 639 5147 908 5220; x_wconf 82' lang='grc' dir='ltr'>Γολγοθᾶ,</span> <span class='ocrx_word' id='word_1_552' title='bbox 944 5143 1067 5200; x_wconf 74' lang='grc' dir='ltr'><strong>ἔνθα</strong></span> <span class='ocrx_word' id='word_1_553' title='bbox 1098 5144 1414 5216; x_wconf 82' lang='grc' dir='ltr'>ἐσταυρώθη</span> <span class='ocrx_word' id='word_1_554' title='bbox 1452 5149 1478 5202; x_wconf 91' lang='grc' dir='ltr'>ὁ</span> <span class='ocrx_word' id='word_1_555' title='bbox 1511 5148 1769 5222; x_wconf 84' lang='grc' dir='ltr'>Χριστὸς,</span> <span class='ocrx_word' id='word_1_556' title='bbox 1797 5145 1903 5209; x_wconf 70' lang='grc' dir='ltr'>ἕως</span> <span class='ocrx_word' id='word_1_557' title='bbox 1923 5149 1999 5202; x_wconf 72' lang='grc' dir='ltr'>τοί</span> 
     </span>
    </p>
   </div>
   <div class='ocr_carea' id='block_1_64' title="bbox 2157 5143 3779 5222">
    <p class='ocr_par' dir='ltr' id='par_1_64' title="bbox 2157 5145 3779 5218">
     <span class='ocr_line' id='line_1_64' title="bbox 2157 5145 3779 5218; baseline -0.003 -15"><span class='ocrx_word' id='word_1_558' title='bbox 2157 5151 2285 5204; x_wconf 84' lang='lat' dir='ltr'>ixus</span> <span class='ocrx_word' id='word_1_559' title='bbox 2319 5154 2409 5202; x_wconf 84' lang='lat' dir='ltr'>est</span> <span class='ocrx_word' id='word_1_560' title='bbox 2436 5149 2725 5208; x_wconf 89' lang='lat' dir='ltr'>Christus,</span> <span class='ocrx_word' id='word_1_561' title='bbox 2758 5163 2947 5218; x_wconf 88' lang='lat' dir='ltr'>usque</span> <span class='ocrx_word' id='word_1_562' title='bbox 3005 5146 3077 5200; x_wconf 86' lang='lat' dir='ltr'>ad</span> <span class='ocrx_word' id='word_1_563' title='bbox 3138 5151 3401 5200; x_wconf 86' lang='lat' dir='ltr'>montem</span> <span class='ocrx_word' id='word_1_564' title='bbox 3461 5145 3779 5208; x_wconf 77' lang='lat' dir='ltr'>Olivarum,</span> 
     </span>
    </p>
   </div>
   <div class='ocr_carea' id='block_1_65' title="bbox 380 5233 2002 5314">
    <p class='ocr_par' dir='ltr' id='par_1_65' title="bbox 380 5233 2002 5314">
     <span class='ocr_line' id='line_1_65' title="bbox 380 5233 2002 5314; baseline 0.001 -24"><span class='ocrx_word' id='word_1_565' title='bbox 380 5234 536 5309; x_wconf 66' lang='grc' dir='ltr'>ὅρους</span> <span class='ocrx_word' id='word_1_566' title='bbox 565 5242 671 5292; x_wconf 81' lang='grc' dir='ltr'>τῶν</span> <span class='ocrx_word' id='word_1_567' title='bbox 735 5236 991 5304; x_wconf 78' lang='grc' dir='ltr'>Ἐλαιῶν,</span> <span class='ocrx_word' id='word_1_568' title='bbox 1024 5238 1140 5290; x_wconf 80' lang='grc' dir='ltr'>ὅθεν</span> <span class='ocrx_word' id='word_1_569' title='bbox 1201 5235 1292 5289; x_wconf 81' lang='grc' dir='ltr'>καὶ</span> <span class='ocrx_word' id='word_1_570' title='bbox 1351 5233 1659 5314; x_wconf 75' lang='grc' dir='ltr'>ἀνελήφθηο</span> <span class='ocrx_word' id='word_1_571' title='bbox 1720 5236 1910 5310; x_wconf 83' lang='grc' dir='ltr'>κύκλῳ</span> <span class='ocrx_word' id='word_1_572' title='bbox 1964 5235 2002 5292; x_wconf 75' lang='grc' dir='ltr'><strong>δῖ</strong></span> 
     </span>
    </p>
   </div>
   <div class='ocr_carea' id='block_1_66' title="bbox 2159 5233 3781 5314">
    <p class='ocr_par' dir='ltr' id='par_1_66' title="bbox 2159 5234 3781 5306">
     <span class='ocr_line' id='line_1_66' title="bbox 2159 5234 3781 5306; baseline -0.003 -15"><span class='ocrx_word' id='word_1_573' title='bbox 2159 5238 2288 5292; x_wconf 71' lang='lat' dir='ltr'>inde</span> <span class='ocrx_word' id='word_1_574' title='bbox 2313 5238 2373 5290; x_wconf 93' lang='lat' dir='ltr'>in</span> <span class='ocrx_word' id='word_1_575' title='bbox 2399 5237 2611 5291; x_wconf 74' lang='lat' dir='ltr'>cmlum</span> <span class='ocrx_word' id='word_1_576' title='bbox 2644 5241 2985 5306; x_wconf 88' lang='lat' dir='ltr'>assumptus</span> <span class='ocrx_word' id='word_1_577' title='bbox 3017 5239 3125 5290; x_wconf 91' lang='lat' dir='ltr'>est.</span> <span class='ocrx_word' id='word_1_578' title='bbox 3161 5234 3519 5306; x_wconf 80' lang='lat' dir='ltr'>Cingebatur</span> <span class='ocrx_word' id='word_1_579' title='bbox 3554 5251 3659 5305; x_wconf 84' lang='lat' dir='ltr'>per</span> <span class='ocrx_word' id='word_1_580' title='bbox 3689 5249 3781 5286; x_wconf 91' lang='lat' dir='ltr'>or-</span> 
     </span>
    </p>
   </div>
   <div class='ocr_carea' id='block_1_67' title="bbox 378 5318 2000 5402">
    <p class='ocr_par' dir='ltr' id='par_1_67' title="bbox 378 5318 2000 5402">
     <span class='ocr_line' id='line_1_67' title="bbox 378 5318 2000 5402; baseline 0.001 -24"><span class='ocrx_word' id='word_1_581' title='bbox 378 5326 570 5380; x_wconf 68' lang='grc' dir='ltr'>τοῦτου</span> <span class='ocrx_word' id='word_1_582' title='bbox 604 5327 886 5402; x_wconf 71' lang='grc' dir='ltr'>στέφανος,</span> <span class='ocrx_word' id='word_1_583' title='bbox 919 5323 992 5385; x_wconf 84' lang='grc' dir='ltr'>ὡς</span> <span class='ocrx_word' id='word_1_584' title='bbox 1025 5323 1130 5396; x_wconf 76' lang='grc' dir='ltr'>ἶρις</span> <span class='ocrx_word' id='word_1_585' title='bbox 1159 5322 1222 5377; x_wconf 85' lang='grc' dir='ltr'>τὸ</span> <span class='ocrx_word' id='word_1_586' title='bbox 1281 5319 1422 5385; x_wconf 74' lang='grc' dir='ltr'>εἶδος</span> <span class='ocrx_word' id='word_1_587' title='bbox 1475 5318 1644 5398; x_wconf 82' lang='grc' dir='ltr'>ἔχων.</span> <span class='ocrx_word' id='word_1_588' title='bbox 1679 5328 1756 5398; x_wconf 77' lang='grc' dir='ltr'>Τῇ</span> <span class='ocrx_word' id='word_1_589' title='bbox 1789 5324 1926 5398; x_wconf 77' lang='grc' dir='ltr'>αὐτῇ</span> <span class='ocrx_word' id='word_1_590' title='bbox 1960 5324 2000 5380; x_wconf 76' lang='grc' dir='ltr'><strong>δῖ</strong></span> 
     </span>
    </p>
   </div>
   <div class='ocr_carea' id='block_1_68' title="bbox 2153 5318 3775 5402">
    <p class='ocr_par' dir='ltr' id='par_1_68' title="bbox 2153 5320 3775 5380">
     <span class='ocr_line' id='line_1_68' title="bbox 2153 5320 3775 5380; baseline -0.004 -1"><span class='ocrx_word' id='word_1_591' title='bbox 2153 5343 2264 5380; x_wconf 62' lang='lat' dir='ltr'>pem</span> <span class='ocrx_word' id='word_1_592' title='bbox 2293 5341 2514 5379; x_wconf 89' lang='lat' dir='ltr'>corona</span> <span class='ocrx_word' id='word_1_593' title='bbox 2543 5341 2714 5378; x_wconf 88' lang='lat' dir='ltr'>arcus</span> <span class='ocrx_word' id='word_1_594' title='bbox 2733 5324 2990 5378; x_wconf 69' lang='lat' dir='ltr'>caelestis</span> <span class='ocrx_word' id='word_1_595' title='bbox 3016 5323 3218 5377; x_wconf 91' lang='lat' dir='ltr'>simili.</span> <span class='ocrx_word' id='word_1_596' title='bbox 3268 5321 3485 5377; x_wconf 90' lang='lat' dir='ltr'>Eadem</span> <span class='ocrx_word' id='word_1_597' title='bbox 3517 5337 3651 5375; x_wconf 86' lang='lat' dir='ltr'>vero</span> <span class='ocrx_word' id='word_1_598' title='bbox 3683 5320 3775 5372; x_wconf 92' lang='lat' dir='ltr'>die</span> 
     </span>
    </p>
   </div>
   <div class='ocr_carea' id='block_1_69' title="bbox 376 5408 1998 5488">
    <p class='ocr_par' dir='ltr' id='par_1_69' title="bbox 376 5408 1987 5488">
     <span class='ocr_line' id='line_1_69' title="bbox 376 5408 1987 5488; baseline -0.001 -22"><span class='ocrx_word' id='word_1_599' title='bbox 376 5413 554 5486; x_wconf 71' lang='grc' dir='ltr'>ἡμέρᾳ</span> <span class='ocrx_word' id='word_1_600' title='bbox 585 5409 946 5481; x_wconf 84' lang='grc' dir='ltr'>Κωνσταντίῳ</span> <span class='ocrx_word' id='word_1_601' title='bbox 982 5410 1161 5486; x_wconf 75' lang='grc' dir='ltr'>ὤφθη,</span> <span class='ocrx_word' id='word_1_602' title='bbox 1194 5408 1477 5483; x_wconf 85' lang='grc' dir='ltr'>Κυρίλλου</span> <span class='ocrx_word' id='word_1_603' title='bbox 1532 5411 1656 5466; x_wconf 75' lang='grc' dir='ltr'><strong>τότε</strong></span> <span class='ocrx_word' id='word_1_604' title='bbox 1711 5410 1987 5488; x_wconf 73' lang='grc' dir='ltr'>Ἱεροσολύ</span> 
     </span>
    </p>
   </div>
   <div class='ocr_carea' id='block_1_70' title="bbox 2155 5408 3777 5488">
    <p class='ocr_par' dir='ltr' id='par_1_70' title="bbox 2155 5409 3777 5484">
     <span class='ocr_line' id='line_1_70' title="bbox 2155 5409 3777 5484; baseline -0.005 -16"><span class='ocrx_word' id='word_1_605' title='bbox 2155 5413 2470 5468; x_wconf 72' lang='lat' dir='ltr'>Ionstantio</span> <span class='ocrx_word' id='word_1_606' title='bbox 2499 5417 2886 5482; x_wconf 88' lang='lat' dir='ltr'>conspectum</span> <span class='ocrx_word' id='word_1_607' title='bbox 2935 5418 3044 5482; x_wconf 82' lang='lat' dir='ltr'>est,</span> <span class='ocrx_word' id='word_1_608' title='bbox 3077 5411 3298 5484; x_wconf 84' lang='lat' dir='ltr'>Cyrillo</span> <span class='ocrx_word' id='word_1_609' title='bbox 3333 5409 3777 5479; x_wconf 79' lang='lat' dir='ltr'>Hierosolymo-</span> 
     </span>
    </p>
   </div>
   <div class='ocr_carea' id='block_1_71' title="bbox 382 5499 2004 5574">
    <p class='ocr_par' dir='ltr' id='par_1_71' title="bbox 382 5499 848 5572">
     <span class='ocr_line' id='line_1_71' title="bbox 382 5499 848 5572; baseline 0 -18"><span class='ocrx_word' id='word_1_610' title='bbox 382 5522 492 5572; x_wconf 88' lang='grc' dir='ltr'>μων</span> <span class='ocrx_word' id='word_1_611' title='bbox 527 5499 848 5555; x_wconf 73' lang='grc' dir='ltr'>ἐπισκόπου.</span> 
     </span>
    </p>
   </div>
   <div class='ocr_carea' id='block_1_72' title="bbox 1150 5499 2772 5574">
    <p class='ocr_par' dir='ltr' id='par_1_72' title="bbox 2126 5501 2772 5574">
     <span class='ocr_line' id='line_1_72' title="bbox 2126 5501 2772 5574; baseline -0.005 -15"><span class='ocrx_word' id='word_1_612' title='bbox 2126 5520 2260 5559; x_wconf 87' lang='lat' dir='ltr'>rum</span> <span class='ocrx_word' id='word_1_613' title='bbox 2292 5509 2434 5558; x_wconf 92' lang='lat' dir='ltr'>tunc</span> <span class='ocrx_word' id='word_1_614' title='bbox 2477 5501 2772 5574; x_wconf 88' lang='lat' dir='ltr'>episcopo.</span> 
     </span>
    </p>
   </div>
   <div class='ocr_carea' id='block_1_73' title="bbox 439 5653 1088 5719">
    <p class='ocr_par' dir='ltr' id='par_1_73' title="bbox 439 5653 1088 5719">
     <span class='ocr_line' id='line_1_73' title="bbox 439 5653 1088 5719; baseline -0.003 -15"><span class='ocrx_word' id='word_1_615' title='bbox 439 5657 514 5714; x_wconf 74' lang='grc' dir='ltr'>(α)</span> <span class='ocrx_word' id='word_1_616' title='bbox 539 5655 670 5719; x_wconf 66' lang='grc' dir='ltr'>Ιιοε.</span> <span class='ocrx_word' id='word_1_617' title='bbox 703 5653 1088 5704; x_wconf 74' lang='lat' dir='ltr'>Constantium.</span> 
     </span>
    </p>
   </div>
  </div>
