4108 6270
312 344 430 406 315

1550 341 1925 408 VETEBUM
1969 338 2494 403 TESTIMONIA.

3604 339 3723 414 316

1757 479 1928 543 Idem,
1956 494 2092 548 pag.
2124 475 2265 532 316.

396 581 570 636 Sexto
603 595 784 648 anno,
817 597 1096 654 magnum
1115 580 1440 637 secundum
1461 597 1690 636 sacrum
1715 595 1973 635 (Boume-

2157 578 2246 646 Τῷ
2275 567 2416 647 ἕκτῳ
2448 566 2576 645 ἔτει,
2609 573 2644 641 ἡ
2683 568 2893 648 μεγᾶλη
2946 571 3036 626 καὶ
3063 572 3416 646 οίκουμενική
3452 574 3578 650 ἁγία
3611 569 3730 627 διυ-

325 668 527 724 nicum
561 671 881 725 concilium
909 671 1420 742 Constantinopoli
1441 669 1803 725 celebratum
1835 673 1974 722 esta

2108 666 2209 739 ’ἐρα
2241 660 2466 727 σύνοδος
2492 667 2600 718 τῶν
2632 662 2818 717 ἑκατὸν
2848 664 3186 732 πεντήκοντα
3243 661 3549 738 ὀρθοδόξων
3581 662 3734 718 ἐπισ-

327 773 392 813 CL
423 758 769 813 orthodoxis
802 759 1116 831 episcopis,
1178 759 1250 813 ad
1306 759 1716 814 conﬁrmanda
1765 759 1971 813 Nicaeae

328 847 537 920 synodi
563 847 894 916 decreta,ac
925 855 1129 903 eontra
1146 849 1552 904 Macedonium
1577 849 1763 903 sancti
1789 847 1973 918 Spiri-

333 942 424 991 tus
456 937 1694 1008 impugnatoremPraafueruntTimotheus
1726 937 1978 992 Alexan-

324 1025 765 1088 driaa,Me1etius
797 1028 1409 1098 Antiochiae,Cyrillus
1428 1027 1969 1098 Hierosolymorum

327 1117 614 1188 episcopi,
649 1123 707 1171 et
739 1118 1050 1190 Gregorius
1087 1118 1438 1191 Theologus.

2081 755 2265 810 κόπων
2295 753 2346 807 ἐν
2382 749 2952 808 Κωνσταντινουπόλει
3013 753 3402 828 συνηθροίσθη,
3459 754 3598 829 πρὸς
3643 753 3736 827 βε-

2083 841 2308 898 ϐαίωσιν
2338 847 2448 898 τῶν
2483 841 2534 897 ἐν
2569 841 2766 913 Nimia
2789 839 3284 915 δογματισθὲντων,
3307 844 3395 896 καὶ
3429 844 3564 897 κατὰ
3613 843 3735 898 Μα-

2089 931 2335 988 κεδονίου
2365 937 2460 987 τοῦ
2484 930 2979 1006 Πνευματομάχου·
3043 932 3296 1008 ὑπῆρχον
3355 929 3412 987 δὲ
3467 932 3734 1005 Τιμόθεος

2084 1019 2518 1098 Ἀλεξανδρείας,
2551 1018 2816 1083 Μελέτιος
2863 1020 3224 1096 Ἀντιοχείας,
3259 1020 3534 1098 Κύριλλος
3566 1022 3736 1094 Ἱερο-

2085 1111 2371 1187 σολύμων,
2399 1112 2488 1167 καὶ
2524 1109 2827 1187 Γρηγόριος
2858 1111 2885 1164 6
2916 1109 3208 1185 Θεολόγος.

1130 1237 1285 1286 Idem
1315 1237 1501 1285 eadem
1518 1235 1739 1298 pagina
1765 1235 1838 1284 ad
1885 1234 2088 1283 calcem
2120 1233 2306 1282 eadem
2344 1232 2538 1292 repetit
2567 1230 2703 1280 aliis
2733 1231 2928 1280 verbis.

407 1325 644 1380 Sextum
705 1341 927 1382 annum
988 1327 1318 1398 imperante
1370 1326 1697 1383 Theodosio
1746 1327 1974 1397 Magno,

335 1414 663 1469 secundum
697 1431 931 1470 sacrum
960 1416 1392 1470 mcumenicum
1425 1415 1746 1470 concilium
1801 1415 1978 1468 Cons-

333 1503 689 1574 tantinopoli
722 1509 918 1558 actum
951 1509 1093 1559 esta
1123 1521 1187 1559 CL
1219 1504 1511 1570 Patribus,
1573 1505 1822 1558 Damaso
1856 1507 1981 1557 tum

330 1595 530 1647 Romaa
561 1609 732 1664 papa.
768 1593 1141 1649 Praafuerunt
1183 1594 1526 1649 Timotheus
1583 1591 1980 1660 Alexandrina,

336 1679 606 1736 Meletius
697 1681 1050 1750 Antiochiae,
1127 1682 1380 1752 Cyrillus
1437 1682 1982 1754 Hierosolymorum

333 1769 616 1842 episcopi,
651 1775 709 1825 et
738 1771 1048 1844 Gregorius
1078 1772 1426 1844 Theologus.

2157 1326 2243 1394 Τῷ
2275 1321 2316 1383 ς’
2338 1318 2444 1375 ἔτει
2474 1326 2574 1389 τῆς
2627 1319 2905 1395 βασιλείας
2961 1323 3058 1374 τοῦ
3121 1317 3363 1395 μεγάλου
3418 1319 3736 1393 Θεοδοσίου,

2090 1413 2312 1486 γέγονεν
2344 1412 2379 1479 ἡ
2427 1408 2478 1463 ἐν
2533 1409 3105 1466 Κωνσταντινουπόλει
3155 1410 3276 1483 ἁγία
3329 1410 3418 1464 καὶ
3478 1409 3740 1482 οίκουμε-

2090 1502 2214 1570 νική
2251 1497 2470 1574 δευτέρα
2503 1497 2727 1561 σύνοδος
2783 1503 2891 1553 τῶν
2947 1499 3030 1572 ρν¹
3088 1499 3254 1570 ἁγίων
3314 1501 3588 1574 Πατὲρων,
3651 1498 3742 1554 ἰπὶ

2093 1589 2349 1661 Δαμάσου
2397 1586 2548 1642 πάπα
2604 1587 2850 1660 Ῥώμης·
2909 1587 2978 1656 ἧς
3008 1589 3244 1660 ἡγοῦντο
3275 1587 3540 1660 Τιμόθεος
3585 1585 3741 1644 Ἀλε-

2094 1675 2388 1753 ξανδρείας,
2449 1675 2714 1739 Μελὲτιος
2772 1675 3135 1751 Ἀντιοχείας,
3196 1675 3474 1752 Κύριλλος
3514 1677 3744 1753 Ἱεροσο·

2097 1766 2316 1841 λύμων,
2347 1767 2437 1821 καὶ
2469 1765 2772 1842 Γρηγόριος
2802 1767 2830 1821 6
2861 1763 3148 1839 Θεολόγος.

328 1885 634 1949 Philippus
664 1888 958 1938 solitarius
988 1889 1052 1937 in
1081 1886 1324 1952 Dioptra,
1357 1890 1453 1938 lib.
1487 1904 1523 1946 ι,
1557 1903 1673 1951 cap.
1704 1888 1752 1946 1,
1779 1887 1927 1952 quod
1955 1903 2092 1949 opus
2145 1888 2622 1948 manuscriptum,
2659 1894 2839 1936 exstat
2878 1887 2939 1934 in
2996 1887 3130 1949 Reg.
3163 1886 3433 1946 biblioth.,
3469 1887 3604 1937 citat
3635 1889 3740 1937 sub

845 1969 1054 2031 Cyrilli
1088 1969 1304 2018 nomine
1331 1970 1669 2018 sententiam
1706 1984 1773 2017 ex
1817 1976 1923 2017 cat.
1951 1967 2002 2024 7,
2039 1983 2096 2016 n.
2132 1967 2206 2025 14,
2230 1983 2290 2028 p.
2325 1967 2431 2021 118.
2465 1976 2528 2016 ut
2559 1967 2765 2016 ibidem
2795 1967 3189 2016 indicavimus.

1349 2049 1582 2097 Michael
1615 2050 1834 2112 Glycas,
1885 2047 2094 2105 Annal.,
2118 2053 2273 2109 part.
2321 2061 2394 2105 ιν,
2427 2061 2561 2108 pag.
2592 2046 2706 2095 252.

403 2138 534 2207 Ipso
548 2135 777 2190 vivente
798 2136 1064 2207 pontifex
1078 2137 1622 2208 Hierosolymorum
1653 2142 1781 2193 erat
1794 2136 1983 2208 Cyril-

2163 2135 2305 2190 Κατὰ
2331 2133 2388 2189 δί
2449 2133 2542 2189 τὸν
2592 2134 2794 2209 χρόνον
2851 2141 2950 2204 τῆς
2982 2138 3127 2204 ζωῆς
3157 2133 3321 2189 αὐτοῦ
3353 2136 3739 2208 [Constantii]

333 2225 451 2290 lus,
486 2226 572 2279 vir
605 2225 985 2297 eximius,qui
1017 2226 1089 2282 ad
1122 2228 1534 2282 Constantium
1569 2228 1629 2282 in
1663 2227 1788 2281 haec
1809 2225 1985 2280 verba

341 2314 689 2386 perscripsit
720 2333 731 2368 :
758 2340 782 2363 ι(
809 2318 979 2370 Patre
1007 2321 1104 2371 tuo
1127 2321 1410 2388 regnante
1433 2333 1575 2371 crux
1600 2316 1661 2370 in
1697 2315 1868 2370 terris
1890 2329 1986 2368 re-

340 2425 367 2454 ‹‹
390 2410 558 2474 perta
579 2406 950 2459 est.Rursum
993 2411 1046 2459 te
1078 2411 1363 2476 regnante
1381 2423 1524 2460 crux
1550 2405 1622 2461 de
1650 2405 1796 2461 caelo
1829 2411 1988 2476 pate-

348 2511 369 2540 ι
393 2493 546 2549 facta
567 2496 826 2548 est.Nam
851 2494 910 2548 in
930 2495 1214 2566 Golgotha
1235 2495 1629 2563 loco,circiter
1649 2496 1855 2550 horam
1871 2494 1986 2550 diei

341 2603 369 2632 ‹‹
395 2583 732 2645 tertiam,in
767 2583 895 2653 ipso
927 2585 1306 2639 Pentecostes
1337 2585 1508 2653 festo,
1540 2588 1772 2657 signum
1793 2584 1986 2639 crucis

335 2693 363 2722 ‹‹
388 2677 773 2741 conspectum
820 2676 928 2739 est,
963 2672 1034 2727 de
1065 2672 1197 2728 luce
1247 2673 1503 2743 quadam
1551 2673 1988 2746 fulgentissima

341 2781 369 2810 «
394 2761 1239 2831 compactum.Nequetantum
1262 2761 1333 2817 ab
1360 2779 1476 2817 uno
1501 2768 1884 2834 conspectum
1899 2767 1990 2817 est

337 2869 367 2900 ‹‹
389 2849 478 2902 vel
511 2849 1112 2921 perimaginationem
1129 2852 1582 2922 quamdam,sed
1597 2852 1668 2907 ab
1688 2851 1986 2918 omnibus,

343 2959 374 2989 σι
406 2942 463 2993 et
491 2937 710 2993 multas
742 2939 982 3010 quidem
1007 2940 1068 2995 in
1116 2941 1350 2996 horas.»

2095 2224 2386 2300 ἀρχιερεὺς
2417 2221 2817 2299 Ἱεροσολύμων
2853 2223 2880 2277 6
2924 2223 3087 2298 μὲγας
3143 2221 3421 2296 Κύριλλος
3453 2223 3542 2292 ἦν’
3577 2223 3635 2286 ὅς
3670 2222 3738 2293 δὴ

2095 2313 2184 2370 καὶ
2206 2315 2398 2391 γράφει
2453 2317 2534 2386 τῷ
2591 2313 2974 2384 Κωνσταντίῳ,
3036 2312 3118 2366 ὅτι
3175 2311 3296 2367 Ἐπὶ
3353 2313 3448 2385 μὶν
3506 2317 3603 2367 τοῦ
3647 2317 3742 2367 σοῦ

2095 2401 2405 2478 πατρὸςέπὶ
2440 2409 2543 2476 γῆς
2574 2400 2793 2477 εὕρηται
2828 2402 2854 2456 6
2908 2401 3157 2476 σταυρός·
3221 2400 3307 2455 ἐπὶ
3368 2399 3425 2456 δὲ
3473 2406 3569 2457 σοῦ
3635 2405 3738 2456 πά-

2099 2491 2188 2548 λιν
2251 2492 2300 2566 ἐε
2363 2491 2594 2566 οὐρανοῦ
2651 2492 3047 2569 πεφανέρωται.
3109 2491 3256 2548 Κατὰ
3337 2490 3442 2566 γὰρ
3496 2492 3586 2546 τὸν
3644 2496 3742 2546 τοῦ

2099 2581 2350 2656 Γολγοθᾶ
2368 2581 2560 2650 τόπον,
2617 2580 2738 2654 περὶ
2797 2582 2988 2655 τρίτην
3017 2579 3163 2654 ὥραν
3216 2586 3316 2650 τῆς
3359 2581 3592 2655 ἡμέρας,
3625 2583 3741 2634 κατ’

2098 2669 2264 2739 αὐτὴν
2318 2667 2375 2724 δῖε
2430 2671 2528 2738 τήν
2575 2670 2950 2740 Ηεντηκοστήν
2993 2664 3149 2745 ὤφθη
3205 2669 3266 2724 τὸ
3334 2667 3429 2724 τοῖ’)
3513 2673 3743 2741 σταυροῦ

2100 2765 2350 2832 σημεῖον,
2410 2758 2470 2814 ἐκ
2536 2759 2715 2834 φωτὸς
2774 2758 3172 2834 ὖπερλάμπρου
3227 2759 3738 2831 κατεσκευασμένον·

2100 2846 2256 2924 ὤφθη
2282 2846 2338 2903 δὲ
2371 2848 2480 2923 οὐχ
2508 2847 2584 2902 ἐνὶ
2614 2849 2702 2903 καὶ
2737 2847 2875 2902 κατὰ
2904 2849 3220 2925 φαντασίαν,
3254 2845 3398 2904 ἀλλὰ
3437 2848 3558 2922 περὶ
3589 2845 3734 2922 ὣρας

2098 2938 2308 3005 ἱκανὰς,
2339 2937 2427 2993 καὶ
2458 2944 2610 2995 πᾶσι.

1555 3057 1730 3116 Idem,
1763 3057 1976 3116 Annal.,
2003 3064 2151 3118 part.
2183 3072 2250 3114 ιν,
2272 3071 2410 3118 pag.
2441 3055 2553 3105 271.

409 3142 816 3199 Prmsidebant
849 3143 989 3199 huic
1017 3145 1242 3216 synodo
1274 3145 1990 3218 [Constantinopolitante]

338 3231 684 3286 Timotheus
728 3232 1188 3299 Alexandrinus,
1237 3235 1504 3290 Meletius
1561 3236 1988 3304 Antiochenus,

342 3321 596 3392 Cyrillus
639 3321 1235 3394 Hierosolymitanus,
1296 3325 1607 3397 Gregorius
1663 3325 1990 3398 Theologus

2168 3148 2446 3218 ’Υπῆρχον
2498 3139 2556 3196 δὲ
2610 3142 3045 3217 προεξάρχοντες
3097 3163 3200 3211 της
3255 3139 3484 3197 συνόδου
3540 3141 3743 3212 ταύτης

2097 3232 2368 3306 Τιμόθεος
2420 3228 2844 3304 Ἀλεξανδρείας,
2905 3229 3164 3293 Μελέτιος
3211 3230 3570 3307 Ἀντιοχείας,
3629 3231 3741 3287 Κύ-

2101 3319 2297 3398 ριλλος
2324 3321 2742 3394 Ἱεροσολύμων,
2777 3319 3081 3397 Γρηγόριος
3104 3322 3131 3374 6
3157 3321 3428 3395 Θεολόγος
3457 3327 3740 3376 Κώνσταν-

345 3415 1057 3486 Constantinopolitanus,
1078 3423 1136 3471 et
1156 3419 1456 3473 Romanus
1477 3435 1629 3489 papa
1650 3419 1936 3473 Damasus
1970 3435 1983 3474 :

2108 3409 2493 3481 τινουπόλεως,
2551 3409 2642 3464 καὶ
2704 3409 2956 3484 Δάμασος
3013 3408 3193 3472 πάπας
3249 3410 3495 3482 Ῥώμης,
3547 3409 3743 3472 οἶετινες

343 3505 443 3576 qui
470 3505 877 3560 Macedonium
903 3507 1190 3561 exsecrati
1216 3507 1692 3574 sunt,hominem
1708 3507 1989 3563 adversus

345 3593 627 3664 Spiritum
661 3601 932 3649 sanctum
952 3595 1382 3650 contumeliose
1414 3612 1481 3651 ac
1499 3596 1678 3668 impie
1700 3596 1987 3664 locutum,

342 3683 606 3754 itemque
623 3683 1039 3754 Sabellium,et
1058 3685 1494 3756 Apollinarium
1514 3686 1814 3742 Laodicea
1837 3687 1992 3742 anti-

345 3772 565 3828 stitem.

2100 3499 2489 3574 ἀνεθεμάτισαν
2519 3497 2857 3557 Μακεδόνιον
2891 3501 2952 3554 τὸ
2999 3503 3218 3572 Πνεῦμα
3272 3499 3334 3554 τὸ
3392 3500 3543 3574 ἅγιον
3607 3498 3741 3574 βλα-

2101 3613 2206 3669 σφη
2219 3595 2445 3664 μοῦντα,
2467 3587 2558 3644 καὶ
2576 3588 2667 3644 σὺν
2681 3589 2826 3662 αὐτῷ
2850 3585 3175 3659 Σαϐἑλλιον,
3207 3588 3296 3644 καὶ
3317 3586 3741 3664 Ἀπολλινάριον

2098 3682 2192 3737 τὸν
2221 3685 2323 3748 τῆς
2355 3677 2677 3742 Λαοδικείας
2705 3677 2996 3756 πρόεδρον,

332 3869 616 3919 Antonius
646 3870 875 3920 Melissa
897 3870 994 3920 lib.
1027 3887 1063 3934 ι,
1086 3887 1247 3922 serm.
1277 3872 1355 3929 20,
1374 3887 1508 3936 pag.
1531 3873 1593 3922 25
1621 3891 1639 3933 ;
1668 3883 1719 3923 et
1751 3875 1848 3922 lib.
1886 3888 1948 3936 ιι,
1975 3886 2142 3922 serm.
2194 3871 2272 3929 34,
2322 3885 2457 3933 pag.
2516 3869 2626 3927 157,
2657 3869 2921 3919 editionis
2949 3872 3152 3920 Graeca:
3211 3871 3436 3932 Tiguri,
3471 3883 3568 3919 an.
3599 3867 3745 3920 1546.

411 3957 636 4032 Cyrilli.
687 3962 1076 4017 Excitabimur
1105 3979 1254 4033 ergo,
1312 3970 1518 4019 aeterna
1574 3964 1793 4036 quidem
1827 3963 1992 4018 habi-

343 4051 460 4104 turi
490 4065 740 4118 corpora,
776 4055 886 4106 etc.
916 4070 929 4119 ;
963 4057 1029 4107 ut
1059 4058 1170 4107 cat.
1226 4055 1312 4122 18,
1345 4071 1404 4108 n.
1443 4055 1527 4108 19.

2176 3958 2475 4035 ΚυρίλΛου.
2512 3957 2870 4032 Ἐγειρόμεθα
2898 3957 3098 4031 τοίνυν,
3147 3959 3341 4014 αἰώνια
3375 3958 3469 4032 μὶν
3521 3953 3743 4033 ἔχοντες

2099 4048 2166 4104 τά
2196 4049 2441 4122 σώματα,
2475 4068 2526 4103 κ.
2559 4067 2609 4104 τ.
2645 4046 2696 4102 λ.

491 4149 744 4214 [CCLXII]
775 4149 983 4199 Auctor
1012 4151 1261 4200 incertus
1292 4151 1474 4201 libelli
1509 4151 1712 4201 inediti
1740 4152 1856 4262 [1:921
1855 4149 1984 4263 42(ἓὲίε

2111 4148 2373 4260 umpimv,
2409 4147 2484 4197 De
2511 4145 2704 4196 divinis
2734 4146 2996 4210 mysteria,
3022 4149 3272 4198 biblioth.
3303 4150 3440 4212 Reg.
3474 4148 3589 4198 cod.

411 4303 613 4374 Cyrilli
641 4303 1183 4375 Hierosolymorum
1216 4321 1286 4359 ex
1331 4308 1543 4374 quarta
1585 4305 1944 4378 mystagogia
1978 4320 1990 4359 :

339 4392 417 4446 Ne
450 4393 627 4461 igitur
650 4394 792 4462 pani
821 4400 918 4448 aut
948 4394 1075 4448 vino
1098 4399 1363 4464 tanquam
1392 4394 1554 4449 nudis
1584 4395 1742 4450 rebus
1755 4394 1992 4459 attende,

343 4484 495 4550 etc.;
528 4485 594 4536 ut
624 4486 737 4538 cat.
771 4485 860 4548 22,
893 4498 952 4537 n.
988 4483 1044 4538 6.

2174 4298 2454 4375 Κυρίλλου
2497 4298 2914 4373 Ἰεροσολύμων,
2965 4297 3024 4354 ἐκ
3077 4302 3176 4370 τῆς
3235 4297 3282 4354 δ’
3343 4299 3748 4374 μυσταγωγίαςο

2106 4392 2195 4460 Μὴ
2227 4389 2468 4466 πρόσεχε
2515 4391 2605 4445 οὗν
2665 4392 2740 4454 ὡς
2797 4389 2986 4464 ψιλοῖς
3042 4397 3120 4463 τῷ
3176 4391 3324 4466 ἂρτῳ
3371 4393 3408 4462 ἢ
3456 4395 3536 4464 τῷ
3591 4391 3747 4463 οϊνῳ,

2103 4501 2157 4538 κ.
2185 4502 2236 4537 τ.
2272 4479 2326 4536 λ.

1767 4579 1924 4629 Idem
1950 4581 2128 4641 paulo
2148 4589 2294 4642 post.

410 4667 492 4720 Ex
518 4668 726 4737 quinta
755 4671 1152 4744 mystagogia:
1191 4671 1355 4726 Panis
1387 4675 1567 4725 autem
1595 4675 1814 4725 sanctus
1860 4672 1990 4726 sub-

337 4757 617 4811 stantialis
646 4764 721 4812 est
753 4775 772 4812 :
799 4759 898 4814 hoc
927 4767 1025 4829 est,
1053 4761 1127 4816 ad
1157 4761 1522 4817 substantiam
1555 4759 1756 4815 animm
1795 4776 1988 4816 conve-

337 4842 496 4901 niens
526 4845 639 4916 [vel
663 4851 993 4922 conversus],
1027 4856 1137 4906 etc.
1179 4869 1193 4918 ;
1219 4856 1285 4907 ut
1314 4855 1410 4906 cat
1437 4851 1527 4915 23,
1561 4866 1622 4904 n.
1652 4850 1738 4904 15.

2172 4669 2268 4725 Ἐκ
2317 4675 2418 4738 τῆς
2479 4670 2517 4724 ε’
2579 4667 2984 4745 μυσταγωγίας.
3046 4669 3106 4726 Ὁ
3162 4666 3219 4724 6‘s
3277 4669 3441 4744 ’ἀρτος
3499 4670 3527 4723 6
3594 4671 3749 4744 ἅγιος

2099 4756 2377 4820 ἐπιούσιός
2410 4756 2576 4813 ἐστιν·
2609 4757 2739 4813 αὐτὸ
2775 4761 2912 4831 [Ieg.
2955 4757 3095 4832 ἀντὶ]
3152 4763 3269 4830 τοῦ,
3329 4757 3415 4814 ἐπὶ
3475 4759 3574 4828 τὴν
3653 4759 3747 4813 οὗ·

2101 4847 2216 4903 σίαν
2320 4849 2420 4916 τῆς
2539 4850 2727 4923 ψυχῆς
2805 4847 3152 4922 πρεπόμενος
3235 4850 3299 4921 [1.
3362 4847 3749 4924 τρεπόμενος],

2101 4958 2152 4991 κ.
2180 4958 2229 4992 τ.
2264 4934 2320 4993 λ.

412 5031 570 5103 Vixit
597 5043 793 5083 auctor
814 5036 912 5085 ille
942 5052 1052 5087 non
1089 5048 1218 5088 ante
1257 5039 1644 5089 duodecimum
1682 5038 1970 5095 saeculum,
2020 5052 2148 5086 cum
2193 5037 2471 5085 Joannem
2525 5036 2936 5086 Antiochenam
2981 5039 3126 5088 libro
3156 5037 3229 5087 De
3255 5037 3455 5087 sanctis
3483 5035 3752 5103 mysteriis

344 5093 490 5142 citet.

343 5246 354 5256 .
405 5186 946 5256 ﬁantnulla-exstant
973 5192 1183 5256 Cyrilli
1217 5192 1396 5256 nostri
1429 5191 1749 5256 testimonia
1779 5190 1841 5238 in
1876 5188 2774 5256 Catenis_Graecis‘manuscriptis
2804 5197 2855 5238 et
2887 5190 3218 5251 impressis,-
3253 5191 3312 5240 in
3343 5191 3751 5252 manuscriptis

340 5247 397 5297 in
421 5247 677 5304 Genisim,
711 5249 763 5297 in
793 5247 1050 5300 Joannem
1084 5269 1096 5312 ;
1134 5255 1196 5301 in
1231 5255 1397 5302 editis
1428 5254 1482 5302 in
1515 5254 1710 5303 Lucam
1743 5270 1754 5313 ;
1791 5269 1917 5316 qua:
1945 5252 2069 5301 suis
2099 5252 2234 5301 locis
2256 5251 2511 5302 indicare
2526 5247 2872 5301 cura—vimus.

350 5336 701 5398 Theophanes
734 5340 1032 5390 Cerameus
1063 5343 1292 5404 longam
1321 5359 1388 5390 ex
1419 5345 1655 5407 Cyrillo,
1688 5343 1772 5390 vel
1788 5343 1982 5403 potius
2009 5356 2076 5389 ex
2111 5342 2314 5391 Catena
2335 5339 2390 5389 in
2423 5342 2696 5399 Joannem,
2730 5342 2943 5405 Cyrilli
2969 5343 3323 5400 sententiam,
3370 5345 3496 5404 ejus
3527 5343 3752 5392 nomine

962 5436 1264 5483 suppresso,
1291 5438 1359 5470 ex
1397 5432 1500 5472 cat.
1527 5424 1600 5481 13,
1633 5439 1691 5472 η.
1721 5423 1800 5480 21,
1829 5437 1960 5486 pag.

2108 5422 2473 5478 ,transcribit
2505 5422 2699 5472 homil.
2747 5422 2825 5480 27,
2853 5438 2986 5486 pag.
3017 5423 3125 5472 212.

716 5509 775 5558 S.
816 5508 1052 5560 Thomas
1075 5511 1330 5575 Aquinas
1359 5513 1635 5574 Opusculo
1657 5512 1850 5574 primo
1879 5519 2075 5560 contra
2107 5525 2320 5558 errores
2355 5513 2692 5567 Graacorum,
2729 5518 2858 5560 tom.
2891 5511 3052 5568 VXIl,
3078 5527 3211 5576 pag.
3241 5512 3291 5570 7,
3329 5512 3374 5561 1.

408 5596 549 5665 Dicit
579 5597 810 5665 Cyrillus
841 5599 1376 5665 Hierosolymitanus,
1411 5600 1719 5665 patriarcha
1755 5617 1772 5649 :
1792 5602 2049 5662 Spiritus
2069 5608 2288 5649 sanctus
2321 5615 2354 5650 a
2383 5600 2556 5650 Patre
2574 5601 2846 5662 procedit,
2879 5609 2928 5649 et
2975 5617 3042 5650 ex
3071 5601 3273 5652 deitate
3305 5603 3488 5651 Patris
3530 5610 3581 5650 et
3608 5603 3754 5652 Filii

345 5661 582 5711 exsistit.
619 5661 678 5709 V.
712 5661 1078 5728 appendicem,
1093 5661 1214 5714 'cat.
1246 5663 1323 5722 16,
1349 5661 1467 5729 pa'g.
1502 5663 1611 5712 2672.
