4108 6270
251 328 373 388 317

1503 336 1877 398 VETERUM
1927 333 2436 398 TESTIMONIA.

3561 335 3687 394 318

1382 470 1540 522 Idem
1577 470 1759 521 eodem
1782 472 2070 534 Opvsculo,
2108 487 2224 533 cap.
2247 470 2325 530 67,
2347 485 2483 536 pag.
2513 472 2561 522 9.

331 555 475 610 Item
499 553 762 626 Cyrillus
794 555 1366 631 Hierosolymitanus
1398 562 1738 633 patriarcha
1771 561 1922 616 dicit
1953 578 2021 615 ex
2050 578 2308 633 persona
2336 562 2554 618 Christi
2585 562 2838 634 loquens
2860 561 2958 633 [ad
2981 563 3237 634 Petrum]
3266 576 3277 614 :
3314 561 3385 616 Tu
3418 575 3539 615 cum
3566 563 3696 630 ﬁne:

258 651 316 702 et
351 661 449 714 ego
475 646 590 700 sine
618 648 731 714 ﬁne
752 662 873 700 cum
903 649 1171 706 omnibus.
1206 656 1314 705 etc.
1349 651 1486 706 Vide
1517 651 1579 706 in
1612 652 1956 723 suppositis,
1983 667 2115 723 pag.
2148 652 2272 706 388.

1109 738 1453 800 Nicephorus
1486 740 1776 803 Callistus,
1812 738 2013 788 Histor.
2042 739 2355 798 ecclesiast.,
2384 740 2483 789 lib.
2519 755 2593 796 Ix,
2619 755 2735 802 cap.
2770 740 2846 790 14.

349 825 564 876 Πάντων
601 819 647 876 δ’
699 821 948 878 ἐπέκεινα
975 829 1081 880 τῶν
1115 824 1167 881 ἐν
1198 831 1266 900 τῇ
1322 825 1395 900 ἕῳ
1446 828 1926 904 πεπαῤῥησιασμέ-

2114 831 2302 902 Supra
2334 848 2543 887 omnes
2580 837 2800 898 autem,
2835 830 2936 902 qui
2963 831 3024 885 in
3051 830 3287 886 Oriente
3319 843 3531 900 magna
3561 844 3696 882 cum

269 934 379 967 νων
422 910 576 987 λόγῳ
627 911 789 987 ἀπρὶξ
843 917 948 968 τῶν
1010 914 1060 969 έν
1124 917 1328 989 Νικαίᾳ
1377 913 1644 988 δοξάντων
1708 915 1924 993 εἷ’χοντο

271 1007 488 1063 Ηαᾶλος
571 1002 599 1055 6
657 1003 1291 1067 Κωνσταντινουπόλεως
1327 1050 1340 1076 ,
1406 1007 1496 1060 καὶ
1556 1007 1876 1072 Ἀθανάσιος
1911 1051 1924 1064 .

273 1089 585 1148 ....ΙΙολλοὶ
620 1088 677 1144 δὲ
716 1091 806 1145 καὶ
855 1089 1041 1156 ἄλλως
1102 1090 1396 1168 ἐλλόγιμοι
1456 1092 1643 1171 ἄνδρες
1671 1101 1788 1158 τοῖς
1822 1096 1924 1151 αύ-

265 1185 382 1242 τοῖς
433 1181 780 1251 συνήκμασαν
834 1178 993 1250 ἔτεσι,
1051 1187 1170 1244 ταῖς
1231 1183 1586 1253 Ἐκκλησίαις
1641 1189 1774 1241 Θεοῦ
1809 1183 1925 1240 δια-

263 1270 586 1342 πρέποντες·
621 1269 717 1336 ὧν,
749 1267 874 1344 περὶ
926 1268 1104 1344 λόγων
1161 1269 1391 1342 εἶ’δησιν,
1423 1277 1530 1328 τῶν
1587 1271 1773 1327 ἄλλων
1809 1271 1928 1328 δια-

267 1359 522 1432 φέροντες
572 1361 709 1427 ἦσαν
763 1355 1022 1422 Εὐσέϐιος
1071 1361 1098 1415 6
1153 1365 1256 1416 τῶν
1312 1363 1662 1434 Ἐμεσσηνῶν
1723 1364 1925 1440 lapati-

263 1451 373 1510 κῶς
405 1444 741 1510 διιθύνας....
766 1447 854 1502 καὶ
881 1448 1160 1522 Κύριλλος
1193 1451 1220 1504 6
1249 1450 1342 1505 τὸν
1376 1454 1485 1506 τῶν
1525 1451 1926 1526 Ἰεροσολύμων

267 1535 458 1610 θρόνον
496 1535 631 1610 μετᾶ
662 1538 912 1610 Μαξιμον
946 1537 1221 1608 οἰακίζων.

2037 920 2310 976 libertate
2335 922 2630 976 saniorem
2657 920 2986 976 doctrinam
3009 919 3422 982 defenderunt,
3440 917 3696 972 tenacis-

2035 1009 2185 1064 sime
2209 1010 2444 1065 Nicaina
2464 1011 2703 1065 decreta
2720 1011 3024 1066 retinuere
3044 1009 3261 1064 Paulus
3283 1007 3696 1063 Constantino-

2035 1099 2358 1170 politanus,
2417 1105 2475 1153 et
2532 1100 2992 1155 Athanasius....
3051 1098 3218 1152 Multi
3277 1097 3536 1168 denique
3593 1096 3695 1151 alii

2036 1187 2210 1242 aliter
2243 1188 2488 1258 spectati
2521 1189 2628 1242 viri
2661 1189 2884 1243 eisdem
2927 1189 3103 1243 annis
3130 1187 3389 1259 viguere,
3424 1192 3600 1256 atque
3633 1186 3696 1242 in

2034 1276 2315 1331 Ecclesiis
2348 1277 2452 1330 Dei
2483 1277 2714 1332 nituere
2745 1294 2755 1330 :
2801 1277 2957 1331 inter
2987 1293 3134 1347 quos
3165 1276 3463 1348 prwcipue
3495 1275 3690 1328 erudi-

2036 1365 2196 1419 tione
2246 1370 2303 1419 et
2359 1364 2702 1436 eloquentia
2757 1366 2960 1420 ﬂoruit
3015 1365 3301 1420 Eusebius
3354 1363 3690 1419 Emissenus

2037 1454 2420 1526 episcopus...
2447 1459 2505 1508 et
2533 1454 2804 1526 Cyrillus,
2840 1455 2939 1525 qui
2974 1460 3105 1525 post
3133 1454 3451 1510 Maximum
3484 1453 3690 1508 Hiero-

2040 1542 2458 1614 solymitanam
2489 1543 2943 1599 administrabat
2971 1544 3315 1600 Ecclesiam.

1642 1676 1810 1726 Idem.
1841 1677 1941 1728 lib.
1977 1691 2050 1740 Ix,
2082 1691 2200 1739 cap.
2235 1676 2314 1728 32.

341 1760 477 1818 Ὅτε
517 1756 610 1832 δὴ,
642 1780 904 1824 εισιοντος
960 1761 1166 1818 εκείνου
1208 1764 1308 1834 τὴν
1353 1765 1722 1840 Ἀντιόχειαν,
1773 1766 1925 1830 αὖθις

268 1845 321 1902 ἐν
354 1846 578 1922 οὐρανῷ
604 1848 667 1903 τὸ
691 1853 788 1904 τοῦ
819 1856 1050 1926 σταυροῦ
1098 1857 1328 1926 σημεῖον
1378 1848 1557 1927 ὤφθη,
1592 1853 1928 1930 ὑπεραστρά-

269 1957 404 1992 πτον
432 1938 528 1993 τὸν
559 1935 746 2008 ἣλιον,
781 1937 952 2012 ἴριδος
999 1940 1250 2018 μεγάλης
1283 1942 1544 2021 στεφάνου
1595 1945 1796 2019 τρόπον
1829 1964 1926 2000 πε·-

2106 1769 2230 1832 Quo
2263 1784 2406 1824 sane
2439 1772 2701 1838 tempore
2745 1767 2848 1822 illo
2886 1766 3260 1822 Antiochiam
3291 1764 3681 1838 ingrediente,

2032 1873 2271 1913 rursum
2303 1858 2494 1912 crucis
2557 1857 2790 1928 signum
2848 1856 2909 1912 in
2968 1857 3114 1912 ccelo
3147 1855 3440 1927 apparuit,
3494 1855 3680 1910 solem

2032 1947 2214 2002 radiis
2247 1946 2370 2002 suis
2415 1946 2787 2017 prmcellens,
2838 1961 3001 2012 arcu,
3037 1961 3215 2016 quem
3266 1945 3406 1998 Irim
3451 1947 3683 2010 vocant,

275 2026 661 2101 ριελιττούσης
700 2029 886 2098 αὐτὸν,
936 2031 1091 2106 τρίτῃ
1127 2031 1243 2106 ὥρᾳ
1271 2036 1370 2098 τῆς
1402 2033 1612 2106 ἡμέρας
1659 2037 1759 2100 τῆς
1795 2040 1929 2089 Πεν-

2045 2037 2281 2109 ingenti,
2314 2036 2583 2090 adinstar
2613 2053 2868 2104 coronae,
2897 2034 3350 2100 circumfusum;
3383 2034 3528 2089 hora
3568 2033 3683 2088 dici

274 2121 554 2186 τηκοστῆς
617 2114 970 2190 ἐνισταμένης
1016 2123 1124 2174 τῶν
1180 2121 1405 2192 ἑορτῶν,
1463 2120 1750 2192 Κυρίλλου
1777 2143 1926 2192 τηνι-

273 2208 446 2258 καῦτα
506 2203 558 2259 ἐν
619 2206 1033 2282 Ἰεροσολύμοις
1094 2209 1230 2283 μετὰ
1303 2211 1556 2284 Μάξιμον
1611 2212 1706 2274 τὰς
1782 2213 1931 2288 ἱερὰς

273 2293 447 2366 ἡμίας
483 2292 937 2369 διαχειρίζοντος.
991 2297 1146 2369 Πλὴν
1202 2297 1301 2354 οὐκ
1345 2299 1524 2372 ὥσπερ
1563 2322 1646 2363 τις
1677 2304 1930 2374 κομήτης

272 2387 337 2452 ὴν
370 2383 435 2437 τὸ
469 2387 584 2461 φῶς
632 2383 924 2462 ἀπορρέον,
955 2385 1102 2442 ἀλλᾶ
1150 2389 1349 2444 πυκνὸν
1390 2389 1478 2445 καὶ
1531 2387 1782 2469 διαφανὲς
1808 2412 1932 2445 συν-

274 2473 445 2534 εστὼς
477 2471 530 2526 ἐν
561 2472 760 2546 πολλῷ
816 2474 906 2530 καὶ
967 2475 1188 2553 μεγάλῳ
1246 2479 1406 2556 φωτί.
1469 2486 1634 2548 Διῆκε
1695 2477 1752 2535 δὲ
1799 2501 1927 2534 κατ-

276 2562 412 2637 έχόν
474 2562 598 2637 περὶ
650 2563 715 2618 τὸ
767 2563 1018 2640 οὐράνιον
1061 2565 1222 2630 κύτος
1280 2565 1554 2644 ἀμφὶδέκα
1599 2570 1691 2623 καὶ
1743 2570 1932 2625 πένντε

279 2649 496 2708 στάδια·
524 2652 587 2706 τὸ
645 2653 738 2725 μὲν
794 2660 990 2726 μῆκος,
1043 2653 1168 2710 ὅσον
1215 2656 1456 2734 εἰκάσαι,
1500 2656 1606 2712 ἀπὸ
1658 2662 1753 2713 τοῦ
1785 2664 1929 2734 Κρα-

273 2741 392 2796 νίου
423 2739 609 2812 διῆκεν
643 2738 772 2818 ἄχρι
817 2744 908 2798 καὶ
954 2748 1050 2798 τοῦ
1100 2741 1263 2819 ὅρους
1293 2747 1322 2800 ’ὀ
1354 2745 1586 2800 Ἐλαιῶν
1635 2745 1929 2818 ἐπικέκλη-

269 2851 383 2886 ται·
416 2831 480 2885 τὸ
528 2828 577 2886 δ’
617 2830 795 2906 εὖρος,
827 2831 952 2887 ὅσον
1002 2838 1082 2905 τῷ
1134 2835 1297 2906 μήκει
1345 2831 1652 2910 ἀναλογεῖν·
1705 2837 1844 2911 πρὸς
1874 2834 1932 2892 δὶ

269 2925 355 2992 τῷ
400 2920 640 2993 θαύματι
697 2920 786 2975 καὶ
843 2926 972 2977 πᾶσι
1007 2919 1126 2985 δέος
1185 2921 1270 2978 ἐπὶ
1331 2928 1410 2995 τῷ
1459 2922 1750 3000 παραδόξῳ
1778 2924 1929 2996 ένῆν,

272 3009 368 3065 καὶ
401 3008 549 3065 ἔθεον
580 3011 776 3074 πάντες
807 3011 895 3066 ἐπὶ
937 3011 1000 3066 τὸ
1028 3013 1197 3088 ἱερὸν,
1228 3012 1318 3068 τὸν
1374 3012 1542 3088 μέγαν
1573 3013 1934 3088 ἀνυμνοῦντες

276 3099 427 3169 Θεὸν,
482 3095 705 3162 ἕκαστος
761 3099 1092 3176 καταλείψας
1124 3101 1153 3156 ’ὁ
1193 3123 1246 3157 τι
1274 3101 1494 3179 τύχοιεν
1547 3103 1925 3180 ἐργαζόμενοι.

278 3191 435 3263 Harp
464 3187 521 3244 δί
551 3193 624 3264 γῇ
657 3190 719 3244 τὸ
749 3191 931 3262 θαῦμα
961 3194 1222 3266 φοιτῆσαι)
1266 3190 1628 3263 κατέπληττε,
1658 3199 1765 3250 τῶν
1815 3196 1933 3250 κατ’

279 3278 456 3354 εὐχήν
513 3283 630 3340 τοῖς
683 3278 1090 3353 Ἱεροσολύμοις
1155 3279 1570 3354 ἐπιδημούντων
1629 3281 1681 3353 ἐξ
1723 3285 1934 3354 ἀπάσης

2038 2126 2233 2191 tertia,
2269 2129 2648 2180 Pentecostes
2690 2124 2853 2179 feriis
2894 2124 3275 2180 ineuntibus:
3309 2123 3524 2193 Cyrillo
3558 2127 3684 2177 tum

2039 2214 2463 2286 Hierosolymis
2491 2219 2624 2285 post
2652 2215 2967 2269 Maximum
2999 2230 3094 2268 res
3127 2212 3559 2267 ecclesiasticas
3587 2228 3688 2282 gu-

2037 2303 2346 2358 bernante.
2397 2304 2685 2358 Caaterum
2731 2303 2922 2357 crucis
2980 2302 3086 2356 illa
3132 2302 3233 2356 lux
3276 2301 3527 2372 sparsim
3565 2316 3686 2354 non

2039 2393 2366 2457 diffluebat,
2401 2391 2556 2461 quod
2591 2392 2649 2445 in
2683 2397 2913 2446 cometa
2961 2391 3088 2445 fieri
3122 2390 3314 2446 solet:
3367 2389 3469 2444 sed
3501 2389 3687 2445 multo

2040 2496 2371 2552 magnoque
2399 2479 2624 2552 fulgore
2653 2480 2838 2535 densa
2867 2497 2934 2534 ac
2960 2480 3274 2551 perspicua
3303 2478 3685 2534 consistebat.

2041 2570 2442 2640 Occupaverat
2467 2573 2665 2624 autem
2699 2569 2844 2624 coelo
2877 2567 3230 2624 incumbens
3250 2567 3487 2622 circiter
3515 2567 3690 2638 quin-

2042 2659 2234 2714 decim
2262 2658 2472 2713 stadia.
2517 2658 2840 2720 Longitudo
2874 2658 3026 2728 ejus,
3078 2662 3368 2728 quantum
3411 2656 3689 2729 colligere

2039 2748 2228 2817 licuit,
2263 2765 2297 2804 a
2318 2748 2595 2804 Calvariae
2628 2754 2826 2804 monte
2849 2748 2921 2804 ad
2949 2765 3085 2804 eum
3108 2749 3208 2818 qui
3241 2747 3457 2802 dicitur
3479 2746 3686 2801 Oliveti

2039 2837 2469 2910 pertingebat:
2529 2837 2778 2892 latitudo
2838 2843 3036 2892 autem
3095 2854 3224 2907 quae
3258 2835 3614 2909 longitudini
3638 2835 3692 2890 ei

2039 2927 2422 2998 proportione
2445 2927 2806 2982 conveniret.
2832 2925 2919 2980 Ad
2935 2926 3291 2981 miraculum
3314 2927 3492 2980 timor
3513 2926 3692 2980 etiam

2040 3016 2103 3071 in
2122 3033 2182 3071 re
2210 3021 2329 3070 tam
2355 3015 2684 3081 insolita,et
2704 3015 3107 3085 inexspectata
3129 3013 3407 3068 omnibus
3425 3013 3687 3068 incessit.

2042 3107 2246 3176 Itaque
2265 3120 2473 3159 omnes
2490 3120 2624 3159 cum
2647 3103 2999 3174 conjugibus
3012 3107 3070 3158 et
3089 3102 3292 3157 liberis
3310 3102 3382 3158 ad
3407 3101 3695 3173 templum

2043 3194 2238 3265 majus
2267 3195 2451 3248 Deum
2496 3193 2773 3248 laudibus
2815 3192 3096 3260 ferentes,
3146 3191 3352 3246 relicto
3393 3210 3426 3246 a
3458 3207 3695 3262 quoque

2047 3282 2204 3354 quod
2236 3288 2360 3336 tum
2391 3282 2542 3337 forte
2582 3285 2807 3338 laceret
2845 3298 3042 3353 opere,
3077 3280 3487 3354 confugerunt.
3529 3282 3600 3334 Et
3628 3296 3698 3336 ea

275 3375 386 3443 γῆς
419 3365 892 3441 διαμηνυσάντων·
919 3370 946 3424 ὃ
979 3370 1066 3425 καὶ
1119 3369 1367 3433 πολλοὺς
1417 3374 1523 3425 τῶν
1567 3392 1626 3428 τε
1657 3370 1931 3428 Ἰουδαίων

363 3457 377 3475 \
415 3456 539 3475 1n\\
575 3459 589 3475 Ι
832 3457 846 3474 \
986 3455 1000 3475 \
1091 3463 1137 3475 τ’
1469 3461 1482 3475 \
1635 3471 1648 3475 -
1696 3459 1734 3475 l‘

2046 3389 2142 3428 res
2173 3373 2234 3426 in
2269 3377 2454 3427 terras
2486 3389 2693 3427 omnes
2724 3371 3096 3444 promulgata
3127 3370 3400 3448 homines
3431 3375 3700 3425 conster-

279 3457 379 3511 παὶ
415 3456 702 3528 Ἑλλήνων
749 3457 886 3532 πρὸς
939 3455 1031 3512 τόν
1091 3461 1521 3534 Χριστιανισμὸν
1557 3459 1932 3532 μεθείλκυσεν.

279 3544 423 3622 ἔγνω
456 3543 514 3600 δὲ
542 3545 632 3600 καὶ
665 3547 692 3600 6
729 3544 985 3622 βασιλεὺς
1035 3548 1182 3624 παρά
1207 3568 1267 3602 τε
1295 3552 1402 3602 τῶν
1439 3546 1682 3622 οἰκείων,
1712 3551 1801 3604 καὶ
1834 3557 1938 3606 Κυ-

282 3630 493 3710 ρίλλου
521 3635 854 3708 γράψαντος.

2048 3462 2226 3527 navit,
2261 3461 2418 3532 quod
2449 3477 2580 3516 eam
2630 3478 2699 3516 ex
2745 3461 3062 3532 provinciis
3111 3458 3359 3528 cunctis,
3393 3459 3494 3530 qui
3527 3475 3698 3530 pere-

2049 3566 2150 3623 gre
2172 3551 2533 3620 precationis
2555 3566 2690 3622 ergo
2723 3549 3131 3620 Hierosolyma
3150 3553 3453 3615 venerant,
3478 3548 3698 3619 ubique

2053 3638 2380 3712 vulgarent.
2432 3639 2643 3694 Multos
2690 3655 2856 3706 sane,
2889 3645 2948 3693 et
2977 3655 3047 3693 ex
3074 3638 3311 3704 Iudaeis,
3357 3643 3415 3692 et
3445 3655 3513 3694 ex
3545 3639 3699 3692 Grae-

276 3725 368 3781 eis
396 3725 473 3780 ad
503 3725 1022 3781 Christianismum
1054 3727 1349 3798 perduxit.
1392 3729 1601 3783 Factus
1633 3727 1811 3784 etiam
1842 3727 1914 3784 de
1933 3746 2002 3785 eo
2034 3729 2253 3785 certior
2283 3733 2371 3783 est
2391 3728 2716 3800 imperator
2734 3727 3120 3782 familiarium
3153 3743 3396 3782 suorum
3420 3732 3478 3780 et
3508 3726 3697 3798 ipsius

271 3813 481 3886 Cyrilli
512 3813 750 3870 litteris.

1644 3950 1819 4010 Idem,
1853 3951 1952 4001 lib.
1986 3965 2059 4009 Ix,
2091 3965 2208 4014 cap.
2240 3949 2319 4000 46.

353 4035 476 4095 Ἐπὶ
509 4033 567 4092 δὲ
614 4042 744 4092 πᾶσι
793 4037 1010 4100 τούτοις
1051 4037 1494 4113 τρισκαιδέκατον
1539 4046 1792 4105 καθεῖλον
1847 4040 1937 4096 καὶ

267 4128 365 4183 τὸν
415 4125 821 4202 Ἰεροσολύμων
875 4126 1190 4202 Κύριλλον,
1240 4126 1546 4205 ἅνδραξέπ’
1602 4131 1766 4205 αρετῇ
1819 4127 1935 4185 δια.

275 4213 506 4289 ϐοητον,
536 4217 628 4274 καὶ
682 4216 857 4273 δεινὸν
911 4226 1228 4296 κατηχῆσαι
1285 4219 1473 4295 λόγοις
1534 4221 1600 4276 τὰ
1629 4220 1842 4292 πλήθη·
1875 4218 1939 4276 οὒ

277 4309 707 4382 συγγράμματα,
760 4307 793 4362 ’ὰ
845 4305 1151 4382 Κυρίλλεια
1195 4310 1231 4377 ἡ
1276 4307 1577 4378 Ἐκκλησία
1634 4309 1936 4383 ὠνόμασεν.

279 4395 441 4455 Αἴτια
471 4394 529 4452 δὶ
558 4397 694 4466 ἦσαν
727 4404 826 4466 τῆς
870 4397 1258 4472 καθαιρέσεως,
1290 4402 1506 4472 πρῶτον
1565 4399 1658 4470 μὲν
1715 4399 1788 4460 ὡς
1817 4420 1939 4453 κοι-

279 4487 574 4556 νωνήσειεν
633 4486 926 4555 Εὐσταθέῳ
985 4487 1076 4540 καὶ
1135 4483 1423 4559 Ἐλπιδίῳ,
1488 4484 1542 4540 οἳ
1599 4486 1817 4542 ἐναντία
1869 4486 1939 4562 τῇ

281 4574 331 4630 ἐν
369 4575 635 4648 Μελιτινῇ
668 4571 881 4648 συνόδῳ
935 4572 1292 4646 ἐσπούδασαν,
1341 4577 1407 4644 ἧς
1457 4573 1546 4630 καὶ
1577 4574 1738 4637 αὐτὸς
1774 4576 1936 4652 μέρος

280 4665 344 4720 τὸ
374 4664 658 4739 κράτιστον
699 4663 788 4733 ἦν·
841 4664 930 4719 καὶ
992 4665 1068 4728 ὡς
1097 4663 1368 4736 Βασιλείῳ
1426 4663 1516 4719 καὶ
1573 4665 1832 4739 Γεωργίῳ
1863 4669 1939 4737 τῷ

287 4752 602 4816 Λαοδικείας
651 4752 935 4826 έπισκόπῳ
982 4753 1270 4816 κοινωνίας
1333 4750 1620 4826 μεταδοὺς,
1673 4756 1807 4827 μετά
1835 4755 1934 4824 τήν

285 4841 337 4898 έν
393 4843 733 4918 Παλαιστίνῃ
791 4843 1007 4899 ἐκείνων
1065 4844 1394 4916 καθαίρεσιν.
1446 4845 1564 4900 Ἐτι
1625 4840 1703 4916 δὲ,
1735 4844 1824 4898 καὶ
1856 4845 1930 4907 ὡς

2121 4044 2260 4098 Post
2297 4043 2408 4098 hos
2462 4058 2670 4097 omnes
2701 4041 2942 4096 tertium
2992 4039 3291 4096 decimum
3338 4038 3702 4095 damnarunt

2048 4132 2333 4202 Cyrillum
2365 4131 2988 4203 Hierosolymitanum.
3022 4130 3245 4202 ingenti
3268 4129 3502 4196 virtute,
3537 4134 3595 4184 et
3623 4128 3697 4184 ad

2047 4221 2334 4292 populum
2359 4221 2692 4276 docendum
2715 4221 3014 4293 egregium
3037 4220 3245 4287 virum,
3280 4220 3450 4291 cujus
3481 4219 3701 4290 scripta

2049 4315 2207 4376 sunt,
2267 4327 2397 4380 quas
2445 4310 2709 4365 Ecclesia
2763 4309 3006 4381 Cyrillia
3061 4309 3349 4364 nominat.
3397 4311 3469 4364 Ut
3497 4314 3697 4363 autem

2047 4396 2432 4452 damnaretur
2462 4415 2656 4453 causae
2689 4399 2808 4453 illae
2839 4399 3002 4454 fuere
3030 4415 3042 4452 :
3076 4399 3339 4468 primum
3370 4396 3528 4466 quod
3556 4412 3693 4451 cum

2047 4486 2353 4542 Eustathio
2403 4493 2460 4540 et
2489 4487 2718 4558 Elpidio
2771 4487 3318 4552 communicaverit,
3351 4486 3451 4556 qui
3485 4485 3697 4539 Meliti-

2047 4575 2221 4631 nensi
2245 4575 2494 4648 synodo,
2528 4577 2696 4646 cujus
2728 4581 2786 4630 et
2820 4577 2944 4648 ipse
2976 4577 3285 4648 potissima
3313 4590 3450 4646 pars
3480 4573 3692 4644 fuerat,

2049 4665 2339 4720 adversati
2371 4670 2529 4720 sunt.
2563 4667 2632 4719 Et
2669 4666 2826 4737 quod
2879 4665 3085 4720 itidem
3116 4664 3398 4720 Basilium
3430 4669 3489 4719 et
3521 4665 3695 4720 Geor-

2047 4754 2208 4826 gium
2240 4754 2682 4817 Laodicensem,
2716 4759 3106 4826 posteaquam
3136 4753 3198 4807 in
3229 4753 3545 4808 Palaastina
3574 4754 3698 4824 epi-

2049 4861 2364 4916 scoporum
2393 4843 2600 4898 ordine
2644 4844 2789 4898 moti
2838 4843 3094 4910 fuerant,
3124 4842 3186 4896 in
3215 4843 3694 4898 communionem

284 4935 382 5004 τὴν
431 4939 540 4990 τῶν
599 4931 1000 5010 Ἰεροσολύμων
1058 4932 1407 5008 ἐπιτραπεὶς,
1467 4933 1558 4989 ἃτε
1617 4932 1683 5002 δὴ
1740 4928 1931 5008 θρόνου

2052 4911 2351 5005 [CC-LXIII]
2393 4932 2703 5004 receperit,
2736 4933 3004 5002 Insuper,
3037 4931 3196 5003 quod
3249 4949 3382 4986 cum
3415 4932 3692 4988 Hieroso-

285 5019 476 5087 ἐπιϐὰς
506 5021 900 5091 ἀποπολικοῦ,
961 5021 1086 5096 περὶ
1145 5026 1249 5077 τῶν
1306 5029 1406 5092 τῆς
1464 5022 1674 5099 ένορίας
1705 5020 1930 5079 δικαίων

287 5113 420 5184 πρὸς
478 5111 727 5169 Ἀκάκιον
780 5112 871 5166 τὸν
933 5109 1287 5167 Παλαιστινὸν
1356 5109 1658 5187 διεφέρετο.
1720 5113 1806 5183 Ἐξ
1864 5115 1937 5168 ὢν

288 5202 362 5262 εἷς
411 5201 474 5255 τὸ
529 5208 646 5256 κατ’
706 5198 976 5271 ἀλλήλων
1041 5205 1198 5273 μῖσος
1257 5200 1662 5278 ἀναῤῥαγέντες,
1715 5202 1790 5265 ὡς
1839 5203 1938 5257 οὐκ

289 5289 463 5364 ὀρθῶς
494 5290 617 5362 περὶ
650 5293 785 5344 Θεοῦ
807 5295 1078 5366 φρονοῖεν,
1113 5287 1398 5360 ἀλλήλους
1431 5286 1746 5347 διέϐαλλον·
1781 5292 1808 5345 6
1843 5293 1937 5364 μὲν

289 5380 392 5454 γᾶρ
421 5381 488 5434 τὰ
517 5381 728 5454 Ἀρείου
767 5375 1028 5451 πρότερον
1077 5381 1140 5446 ἦν
1173 5375 1533 5455 δογματίζων,
1569 5379 1846 5455 Κυριλλος
1880 5379 1936 5436 δὲ

287 5473 402 5530 τοῖς
432 5473 510 5539 τῷ
541 5466 822 5538 ὁμοουσίῳ
865 5471 1179 5542 στοιχοῦσιν
1214 5467 1265 5538 ἐξ
1293 5468 1472 5543 ἀρχῆς
1504 5469 1703 5526 εἳπετο.
1757 5469 1933 5526 Δολε-

294 5561 398 5631 ρῶς
459 5553 515 5612 δὲ
573 5553 663 5612 διὰ
708 5555 871 5609 ταῦτα
926 5554 1014 5608 καὶ
1066 5555 1320 5618 Ἀκὰκιος
1377 5559 1513 5632 πρὸς
1567 5558 1726 5614 αὐτὸν
1768 5556 1932 5636 ἔχων,

286 5644 416 5708 τοὺς
447 5646 572 5720 περὶ
622 5641 986 5714 Παλαιστίνην
1035 5643 1361 5708 ἐπισκόπους
1407 5646 1683 5722 ἀθροίσας,
1715 5647 1766 5703 ο’ί
1798 5649 1935 5723 ὁμό-

2043 5023 2339 5095 lymorum
2371 5023 2682 5095 episcopus
2713 5026 2944 5077 creatus
2977 5026 3152 5088 esset,
3184 5021 3269 5076 uti
3301 5022 3692 5094 apostolicum

2045 5113 2324 5167 thronum
2355 5112 2632 5167 obtinens
2676 5111 2747 5166 de
2787 5111 3223 5182 jurisdictionis
3272 5111 3688 5168 ecclesiasticas

2047 5201 2288 5265 ﬁnibus,
2323 5206 2381 5255 et
2403 5202 2539 5271 jure
2570 5201 3027 5272 metrOpolitano
3059 5217 3193 5255 cum
3243 5202 3454 5256 Acacio
3504 5201 3688 5255 Palm-

2046 5292 2201 5346 stino
2233 5291 2597 5361 disceptarit.
2618 5293 2741 5355 Qua
2761 5291 2832 5346 de
2855 5309 3034 5346 causa
3055 5292 3115 5346 in
3146 5297 3417 5347 mutuum
3449 5291 3688 5346 adducti

2047 5381 2272 5446 odium,
2303 5380 2454 5434 alter
2482 5380 2757 5447 alterum,
2791 5381 2949 5451 quod
2979 5399 3096 5436 non
3128 5388 3286 5436 recte
3317 5382 3387 5436 de
3421 5383 3539 5436 Deo
3561 5397 3691 5436 sen-

2042 5471 2203 5537 tiret,
2237 5475 2327 5527 est
2371 5470 2741 5526 criminatus.
2775 5471 3021 5526 Aeacius
3074 5472 3234 5527 enim
3282 5472 3515 5526 Arianae
3563 5477 3688 5526 erat

2043 5562 2393 5629 sententias,
2455 5560 2710 5634 Cyrillus
2760 5566 2959 5618 autem
3009 5561 3513 5617 consubstantiale
3557 5561 3682 5615 lau-

2044 5651 2252 5708 dantes
2284 5651 2356 5707 ab
2385 5651 2554 5708 initio
2587 5651 2963 5724 sequebatur.
3001 5653 3143 5708 Eam
3172 5651 3247 5708 ob
3277 5668 3404 5707 rem
3434 5651 3588 5707 male
3619 5649 3681 5703 in
