4108 6270
373 362 493 422 319

1621 358 1991 422 VETERUM
2038 357 2512 421 TESTIMONIA
2531 407 2544 420 .

3674 363 3795 424 3Ξο

374 509 508 549 eum
527 492 824 548 animatus
842 493 1107 559 Aeacius,
1134 495 1428 567 episcopis
1449 492 1781 550 Palaastinis
1815 491 1912 564 qui
1939 507 2025 546 se-

2149 509 2332 562 ppovec
2379 489 2526 564 αύτῷ
2573 491 2732 561 ἦσαν,
2763 491 2946 566 φθάνει
2993 491 3199 554 παύσας
3243 496 3437 547 τοῦτον
3485 496 3584 547 τοῦ
3632 494 3784 568 ἱερᾶ-

368 597 500 636 cum
533 581 832 636 faciebant
861 584 1248 653 congregatis,
1275 582 1789 637 administratione
1815 596 2020 634 sacro-

365 687 498 724 rum
530 670 583 724 ei
617 670 944 732 interdixit,
995 672 1171 726 talem
1224 672 1469 742 insuper
1527 671 1780 726 maxime
1825 669 2019 740 profe-

361 777 501 814 rens
569 775 849 813 causam:
904 761 1112 814 Fames
1174 761 1551 815 Palaestinam
1610 758 1911 830 affligebat
1968 761 2028 812 et

381 849 550 920 plebs
581 848 642 902 in
674 865 871 902 rerum
901 849 1303 902 necessarium
1355 850 1554 920 in0pia
1583 848 1656 903 ad
1683 846 2025 917 episcopum

383 937 772 1010 respectabat.
808 940 876 991 Et
906 955 1039 992 cum
1075 938 1160 992 illi
1197 944 1331 1009 post
1384 939 1666 1009 pecunias
1698 938 1874 991 etiam
1905 937 2025 990 fru-

387 1032 651 1080 mentum
685 1026 1015 1093 defecisset,
1044 1027 1292 1083 donaria
1314 1029 1543 1098 templi,
1567 1033 1624 1082 et
1655 1043 1820 1081 sacra
1842 1026 2031 1081 aulaea

385 1115 669 1179 vendidit,
695 1120 752 1170 et
774 1116 968 1186 quoad
990 1117 1519 1187 potuit,penuriam
1543 1116 1742 1188 populi
1767 1122 1855 1170 est
1878 1115 2029 1170 sola-

390 1209 503 1259 tus.
539 1208 606 1258 Et
637 1205 876 1274 quidam
907 1205 997 1258 vir
1027 1206 1340 1260 donarium
1389 1223 1563 1260 suum
1603 1205 1906 1276 agnovisse
1939 1203 2031 1258 di-

388 1294 561 1359 citur,
596 1299 815 1348 vestem
840 1294 1131 1360 videlicet,
1167 1312 1283 1365 qua
1312 1294 1534 1350 femina
1564 1312 1633 1350 ex
1665 1295 1915 1349 scenicis
1948 1298 2036 1348 at-

391 1399 504 1453 que
564 1382 901 1453 thymelicis
959 1383 1231 1453 quaedam
1290 1385 1505 1439 amicta
1565 1389 1709 1438 erat.
1775 1383 1882 1438 Ubi
1940 1398 2034 1437 res

389 1471 676 1541 inquisita
729 1477 837 1538 est,
881 1478 1263 1527 amercatore
1322 1473 1579 1543 quodam
1633 1477 2034 1543 comparatam

391 1575 538 1626 esse,
569 1561 668 1629 qui
692 1559 764 1614 ab
787 1559 1062 1631 episcopo
1095 1577 1229 1616 eam
1253 1562 1416 1633 prius
1437 1563 1648 1616 emerit
1668 1566 2037 1632 compertum

391 1653 498 1702 est.
529 1648 714 1719 Hujus
746 1654 1032 1719 praetextu
1079 1651 1165 1704 rei
1206 1651 1453 1706 Aeacius
1494 1651 1779 1721 Cyrillum
1810 1649 2037 1720 episco-

2132 589 2275 642 σθαι,
2330 579 2505 634 αῗτίαν
2570 580 2809 653 μάλιστα
2863 577 3029 648 τὴνδε
3087 576 3570 655 προϐεϐλημένος
3618 583 3789 656 Λιμός

2133 666 2313 722 ἐπόνει
2368 669 2468 736 τήν
2530 668 2918 739 Παλαιστίνην,
2980 669 3040 724 τὸ
3096 667 3154 724 δὲ
3205 669 3419 738 πλῆθος
3476 667 3647 742 ἐνδείᾳ
3674 676 3783 726 τῶν

2135 756 2437 830 ἀναγκαίων
2470 757 2606 831 πρὸς
2642 759 2732 812 τὸν
2777 757 3069 813 ἐπισκοπον
3121 753 3371 817 ἔϐλεπεν.
3424 761 3571 816 Ἐπεὶ
3607 757 3664 814 δὲ
3693 761 3791 814 κά-

2135 850 2308 900 κιῖνον
2341 847 2478 921 πρὸς
2508 851 2626 908 τοῖς
2680 849 2928 923 χρήμασι
2973 847 3062 901 καὶ
3113 849 3179 901 τὰ
3227 853 3348 902 σῖτα
3396 847 3641 916 ἐπέλιπε,
3673 868 3792 904 κει-

2142 934 2320 1008 μήλια
2348 937 2437 990 καὶ
2467 936 2586 1010 ἱερᾶ
2615 933 2823 992 ἔπιπλα
2880 935 3244 1010 ἀποδόμενος,
3278 937 3352 1000 ὣς
3386 939 3436 1012 γ’
3470 937 3591 1008 ἐνῆν
3624 959 3792 1013 παρε-

2143 1027 2361 1096 μυθεῖτο
2414 1026 2511 1093 τήν
2561 1023 2786 1080 ἔνδειαν’
2833 1025 2923 1081 καί
2972 1047 3092 1080 τινα
3140 1024 3304 1102 λόγος
3360 1028 3610 1100 ἀνάθημα
3657 1027 3791 1103 σφέ-

2138 1133 2291 1186 τερον
2347 1113 2634 1188 ἐπιγνῶναι
2692 1120 2798 1170 τῶν
2863 1114 2958 1170 οὐκ
3009 1116 3255 1187 ἀσέμνων
3309 1121 3537 1191 γυναῖκα
3583 1118 3792 1188 ἡμφιεο

2143 1204 2372 1277 σμένην.
2405 1204 2557 1261 Ἐπεὶ
2617 1202 2663 1258 δ’
2691 1203 2878 1278 ἐρεύνῃ
2937 1201 3121 1267 διδοὺς
3183 1204 3304 1260 ὅθεν
3343 1202 3489 1280 ἔχοι,
3524 1202 3683 1280 ἔγνω,
3716 1205 3793 1267 ὡς

2143 1288 2383 1367 ἔμπορός
2414 1314 2497 1355 τις
2531 1293 2660 1348 αύτό
2696 1295 2748 1348 οἱ
2795 1291 3050 1363 ἀπέδοτο,
3100 1298 3181 1366 τῷ
3233 1291 3278 1348 δ’
3319 1294 3382 1348 αὗ
3415 1295 3442 1349 ὁ
3475 1293 3792 1356 ἐπίσκοπος·

2180 1383 2195 1420 τ
2239 1380 2261 1434 ί
2425 1379 2440 1400 ’
2707 1377 2739 1435 6
2780 1379 2886 1436 λλό
3128 1382 3143 1400 ‘
3239 1384 3250 1404 ’
3357 1385 3366 1400 '
3745 1387 3769 1398 ”

2145 1402 2230 1436 σιτ
2258 1402 2315 1435 αν
2344 1401 2544 1451 ταυτην
2596 1401 2702 1454 προ
2745 1403 2774 1435 α
2895 1403 3057 1454 μενον
3089 1403 3182 1436 τον
3256 1389 3514 1452 Ακακιον,
3546 1381 3797 1446 καθελειν

2144 1468 2325 1526 αὐτόν.
2359 1469 2574 1540 Ταύτην
2608 1469 2780 1524 αἰτίαν
2810 1469 3087 1544 ἐπυθόμην
3141 1477 3242 1539 τῆς
3291 1473 3656 1546 καθαιρέσεως
3690 1478 3797 1525 Κυ-

2149 1556 2370 1633 ρίλλου,
2403 1559 2465 1612 οὐ
2519 1557 2898 1630 προσήκουσαν
2931 1579 2994 1633 γε
3047 1561 3153 1630 μὴν
3214 1557 3351 1621 τέως
3410 1557 3557 1632 ἐμοὶ,
3592 1557 3675 1612 ὅτι
3707 1557 3796 1614 λι-

2153 1650 2256 1718 μοῦ
2286 1645 2378 1700 καὶ
2408 1646 2588 1708 πενίας
2617 1649 2651 1716 ἡ
2685 1648 2953 1722 πρόφασις
2984 1649 3074 1716 ἧν.

391 1743 532 1809 patu
563 1737 724 1792 abire
753 1739 960 1810 coegit.
996 1739 1196 1794 Talem
1229 1741 1468 1810 quidem
1500 1740 1891 1795 abdicationis
1951 1738 2078 1810 ejus
2137 1753 2376 1792 causam
2424 1737 2610 1793 fuisse
2657 1737 2875 1804 audivi,
2909 1739 3012 1793 sed
3037 1756 3158 1794 non
3190 1740 3331 1796 satis
3360 1743 3519 1796 certe
3551 1743 3698 1810 tum,
3731 1745 3800 1795 ut

391 1826 538 1881 mihi
570 1827 821 1894 videtur,
855 1828 1310 1884 convenientem
1341 1845 1354 1883 :
1387 1829 1668 1900 quoniam
1699 1829 1885 1885 fames
1907 1831 1963 1882 et
1993 1827 2242 1899 penuria
2263 1826 2620 1883 venditionis
2651 1844 2830 1883 causa
2860 1827 3044 1883 fuere.

887 1957 1125 2005 Joannes
1168 1957 1586 2020 Cyparissiotu:
1633 1958 1840 2007 Decade
1866 1972 1941 2013 v1.
1974 1970 2091 2016 cap.
2129 1956 2177 2012 4,
2213 1955 2277 2003 de
2317 1957 2773 2017 apparitionibus
2820 1957 3007 2006 divini
3035 1958 3296 2006 luminis.

463 2049 550 2104 Ad
573 2051 698 2105 heec
724 2051 976 2121 Cyrillus
1001 2051 1572 2123 Hierosolymitanus
1604 2050 1661 2102 in
1696 2048 1924 2103 decima
1947 2062 2039 2100 ca-
2079 2047 2124 2110 Β
2156 2045 2204 2098 si
2219 2045 2566 2100 faciesfacta
2584 2046 2897 2117 splendida
2919 2065 3039 2103 non
3053 2054 3341 2119 quantum
3360 2053 3591 2120 poterat
3612 2046 3802 2102 facere

391 2138 610 2193 techesi
631 2155 642 2192 :
663 2163 682 2185 α
707 2141 1199 2209 Quandoquidem
1224 2140 1626 2195 nemoiaciem
1642 2138 1742 2192 Dei
1763 2137 1959 2190 videre
1983 2141 2041 2190 et

384 2228 574 2282 vivere
596 2229 1134 2300 potuit,assumpsit
1157 2228 1369 2284 faciem
1390 2226 1796 2288 humanitatis,
1821 2231 1884 2278 ut
1901 2241 2036 2279 eum

388 2317 650 2371 videntes
688 2319 992 2374 vivamus:
1029 2323 1086 2372 et
1143 2335 1277 2373 cum
1308 2319 1494 2372 voluit
1534 2333 1671 2371 eum
1724 2313 2037 2369 ostendere

384 2422 519 2460 cum
553 2407 785 2461 modica
815 2407 1123 2478 dignitate,
1157 2407 1394 2478 quando
1442 2407 1624 2462 facies
1675 2406 1805 2474 ejus
1837 2403 2038 2474 splen-

387 2494 515 2549 duit
535 2494 688 2549 sicut
709 2495 817 2562 sol,
835 2501 977 2550 tunc
1000 2496 1277 2568 discipuli
1303 2497 1523 2552 territit
1543 2494 1763 2550 cadunt
1783 2493 1846 2547 ‘5.
1872 2491 2036 2557 Quod

2149 2138 2214 2186 ut
2235 2134 2595 2204 splenderet,
2621 2136 2722 2205 qui
2751 2136 3130 2207 splendorem
3162 2137 3222 2191 in
3251 2153 3318 2191 ea
3347 2141 3666 2200 creaverat,
3697 2136 3802 2190 sed

2149 2228 2441 2292 quantum
2469 2223 2746 2294 discipuli
2799 2224 2953 2280 ferre
3004 2231 3301 2297 poterant.
3344 2243 3446 2280 eos
3478 2225 3708 2286 terruit,
3741 2230 3806 2279 et

2147 2312 2268 2382 pati
2291 2328 2410 2366 non
2433 2315 3079 2384 potuerunt,quomodo
3104 2317 3164 2368 in
3197 2315 3522 2369 divinitatis
3555 2315 3802 2386 dignita-

2149 2405 2268 2454 tem
2301 2400 2521 2456 intueri
2562 2402 2662 2472 qui
2694 2403 3028 2475 potuisset?
3052 2423 3074 2453 1
3125 2404 3370 2457 Habetur
3400 2409 3506 2458 cat.
3538 2405 3624 2470 10,
3653 2419 3712 2457 n.
3746 2405 3800 2470 7,

2142 2505 2280 2559 pag.
2315 2491 2402 2544 10.

1391 2620 1858 2684 Martyrologium
1901 2619 2220 2666 Romanum
2263 2617 2336 2665 ad
2368 2631 2525 2682 xvm,
2570 2618 2789 2668 Martii.

459 2711 884 2781 Hierosolymis
907 2712 1095 2766 sancti
1117 2711 1318 2783 Cyrilli
1352 2710 1613 2782 episcopi
1645 2708 1910 2781 [Natalis]
1933 2707 2033 2778 qui

387 2800 458 2855 ab
485 2800 721 2855 Arianis
748 2800 964 2855 multas
1018 2800 1154 2856 fidei
1188 2817 1366 2856 causa
1394 2815 1710 2872 perpessus
1759 2796 2030 2868 injurias,

391 2897 449 2946 et
470 2891 542 2946 ab
575 2891 837 2947 Ecclesia
868 2908 974 2946 sua
1005 2909 1161 2963 saepe
1183 2891 1412 2963 pulsus,
1437 2891 1678 2946 tandem
1709 2886 2041 2944 sanctitatis

2145 2705 2334 2777 gloria
2363 2706 2557 2764 clarus
2585 2709 2645 2763 in
2678 2724 2821 2781 pace
2853 2709 3078 2781 quievit
3106 2727 3119 2778 ;
3151 2711 3322 2783 cujus
3351 2710 3700 2766 intemerate
3735 2710 3800 2764 ﬁ-

2149 2795 2241 2850 dei
2277 2796 2537 2867 synodus
2569 2799 2936 2855 (ecumenica
2967 2800 3217 2856 Damaso
3241 2799 3523 2868 scribens,
3547 2798 3798 2871 praacla-

2150 2900 2283 2938 rum
2315 2886 2724 2942 testimonium
2760 2887 2940 2943 dedit.

1415 3034 1699 3082 Menceum
1733 3032 2063 3079 Graecorum
2092 3041 2163 3090 ap
2191 3041 2328 3076 xvm
2369 3029 2514 3078 diem
2550 3031 2771 3080 Martii.

463 3124 714 3195 Cyrillus
737 3123 850 3195 piis
869 3127 1191 3196 prognatus
1214 3127 1341 3178 erat
1360 3121 1726 3194 parentibus,
1743 3120 1842 3191 qui
1861 3119 2040 3174 ﬁdem

394 3213 782 3268 orthodoxam
807 3212 1145 3280 tuebantur,
1170 3212 1297 3283 ipse
1318 3218 1515 3266 autem
1540 3209 1745 3264 eadem
1775 3208 1890 3263 fide
1914 3222 2040 3262 eru-

2222 3115 2395 3177 Οὗτος
2451 3115 2548 3194 ἔφυ
2604 3118 2832 3193 γνονέων
2891 3140 2985 3192 μεν
3046 3115 3303 3190 εὐσεϐῶν,
3361 3120 3449 3175 καὶ
3480 3120 3576 3188 τήν
3627 3119 3796 3195 ὀρθὴν

2149 3200 2554 3278 πρεσϐευόντων
2584 3209 2786 3264 πίστιψ
2820 3209 2872 3264 ἐν
2925 3210 3144 3282 ὁμοίοις
3181 3207 3239 3264 δὲ
3285 3207 3641 3282 παιδεύμασιν
3693 3211 3797 3265 αύ-

391 3301 680 3356 diebatur.
711 3301 828 3356 Sub
849 3318 1029 3373 regno
1051 3273 1685 3371 Constantii,episcopo
1710 3297 2038 3368 Hierosoly-

2149 3295 2239 3357 τὸς
2296 3294 2691 3370 ἐνετέθραπτο,
2750 3298 2837 3352 ἐπὶ
2894 3303 2993 3364 τῆς
3057 3297 3334 3374 βασιλείας
3395 3273 3794 3356 ΚωΙνσταντίου.

390 3405 623 3444 morum
647 3388 718 3443 ad
747 3389 1146 3444 immortalem
1169 3389 1345 3443 vitam
1365 3388 1669 3453 translato,
1694 3386 1900 3441 beatus
1924 3386 2034 3439 iste

392 3480 646 3552 Cyrillus
687 3478 760 3534 ad
793 3479 1190 3550 episcopalem
1240 3479 1586 3551 dignitatem
1618 3482 1852 3532 evectus
1900 3475 2032 3542 fuit,

394 3565 734 3640 apostolicae
766 3569 1051 3623 doctrinas
1072 3586 1194 3624 non
1227 3569 1421 3640 segnis
1444 3572 1866 3640 propugnator.
1890 3567 2032 3620 Aca-

394 3659 519 3714 cius
548 3663 746 3712 autem
771 3658 1049 3712 Caesareae
1070 3658 1131 3712 in
1163 3657 1478 3712 Palaestina
1499 3657 2037 3728 episcopus,quam-

393 3749 478 3804 vis
513 3747 736 3818 synodo
769 3747 1102 3802 Sardicensi
1151 3748 1464 3802 damnatus
1496 3746 1693 3813 fuerit,
1727 3744 1886 3816 quod
1930 3761 2035 3798 no-

393 3837 572 3892 luerit
591 3836 855 3908 profiteri
875 3836 1086 3890 Filium
1118 3837 1275 3891 Patri
1295 3835 1861 3891 consubstantialem
1886 3849 2035 3900 esse,

394 3927 750 3982 sententiam
800 3925 1203 3980 damnationis
1262 3925 1323 3979 in
1376 3941 1438 3979 se
1469 3941 1503 3980 a
1533 3924 1804 3979 Patribus
1858 3923 2038 3978 latam

390 4017 589 4072 subire
620 4016 977 4082 detrectans,
1005 4020 1062 4068 et
1081 4015 1274 4070 adhuc
1297 4014 1499 4069 sedem
1523 4012 1925 4084 episcopalem
1952 4029 2038 4066 re—

394 4105 592 4160 tinens
617 4122 630 4172 ;
663 4104 804 4174 quia
833 4103 1177 4174 imperatori
1198 4103 1574 4158 familiariter
1602 4107 1779 4157 notus
1798 4105 1942 4168 erat,
1968 4099 2039 4154 ab

397 4196 754 4266 imperatore
787 4198 1138 4263 potestatem
1168 4192 1437 4263 adeptus,
1471 4193 1708 4246 beatum
1756 4189 2042 4262 Cyrillum

399 4284 471 4338 ab
512 4284 854 4354 episcopatu
886 4281 1162 4353 deposuit
1223 4287 1281 4336 et
1313 4299 1380 4337 ex
1406 4280 1829 4351 Hierosolymis
1860 4295 2044 4349 expu-

399 4373 487 4429 lit.
523 4373 776 4444 Cyrillus
807 4377 1007 4426 autem
1055 4373 1298 4426 Tarsum
1338 4371 1710 4441 perveniens,
1743 4385 1878 4424 cum
1932 4367 2042 4422 ad-

402 4462 675 4518 mirando
708 4461 848 4515 vixit
896 4461 1165 4532 Sylvano.
1214 4459 1448 4529 Synodo
1507 4464 1707 4513 autem
1764 4457 2045 4512 Seleucia:

400 4557 753 4623 congregata
783 4555 1024 4622 propter
1053 4549 1335 4621 injuriam
1367 4548 1583 4621 Cyrillo
1628 4547 1875 4602 illatam.
1903 4547 2045 4600 Aca-

2141 3385 2292 3442 Ἐπεί
2350 3382 2407 3440 δὲ
2463 3390 2569 3441 τῶν
2647 3387 3044 3462 Ἰεροσολύμων
3105 3389 3132 3443 ὁ
3191 3387 3483 3450 ἐπίσκοπος
3557 3387 3634 3449 εἷς
3691 3389 3791 3457 τήν

2141 3476 2332 3550 ἀγήρω
2369 3477 2510 3545 ζωὴν
2539 3479 2786 3549 μετέστη,
2822 3480 2850 3533 ὁ
2886 3477 3150 3554 μακάριος
3193 3479 3348 3540 οὗτος
3383 3475 3661 3553 Κύριλλος
3690 3484 3790 3547 τῆς

2139 3562 2496 3636 ἐπισκοπικῆς
2543 3566 2770 3642 χάρίτος
2819 3569 3052 3640 ἠξιώθη.
3109 3572 3216 3622 τῶν
3277 3568 3656 3622 ἀποστολικῶν
3691 3563 3786 3621 δο-

2137 3655 2361 3727 γμάτων
2419 3654 2718 3729 προθύμως
2769 3657 3128 3731 ὑπερμαχῶν.
3171 3657 3424 3712 Ἀκακίου
3485 3655 3542 3710 δὲ
3588 3655 3680 3710 τὸν
3731 3653 3782 3709 ἐν

2140 3745 2436 3821 Καισαρείᾳ
2481 3753 2582 3816 τῆς
2637 3745 3000 3817 Παλαιστίνης
3052 3746 3238 3821 θρόνον
3283 3746 3636 3821 κατέχοντος,
3684 3747 3788 3802 ὑπὸ

2143 3832 2201 3887 δὲ
2227 3841 2329 3903 τῆς
2359 3833 2409 3889 ἐν
2472 3832 2713 3909 Σαρδικῇ
2772 3832 3000 3889 συνόδου
3048 3833 3550 3910 ἀποκηρυχθέντος,
3586 3833 3677 3890 διὰ
3723 3835 3786 3889 τὸ

2146 3924 2220 3996 μή
2256 3923 2542 3998 ἀνέχεσθαι
2577 3928 2657 3994 τῷ
2695 3925 2869 3997 Πατρὶ
2917 3925 3007 3978 τὸν
3065 3925 3184 3978 Υἱὸν
3238 3924 3531 3996 ὁμοούσιον
3584 3922 3789 3999 λέγειν,

2141 4012 2230 4067 καὶ
2262 4013 2360 4081 τὴν
2391 4012 2751 4086 ἐξενεχθεῖσαν
2809 4013 2898 4067 ὑπ’
2953 4013 3129 4068 αὐτῶν
3182 4014 3564 4088 καθαιρετικήν
3607 4017 3790 4090 ψῆφον

2148 4103 2224 4176 μὴ
2258 4099 2708 4174 καταδεξαμένου,
2761 4101 2886 4157 ἀλλ’
2928 4097 3006 4156 ἔτι
3037 4103 3125 4157 τὸν
3157 4102 3344 4176 θρόνον
3402 4106 3790 4173 τυραννοῦντος

2145 4190 2283 4262 (ἐπεὶ
2331 4191 2606 4267 γνώριμος
2666 4195 2744 4263 τῷ
2806 4189 3020 4266 βασιλεῖ
3075 4193 3164 4260 ἦν,
3225 4190 3423 4254 ἐκεῖθεν
3454 4187 3630 4246 ἕλκων
3688 4191 3789 4259 τὴν

2147 4282 2430 4354 ἐξουσίαν),
2479 4281 2570 4336 τὸν
2623 4285 2884 4355 μακάριον
2941 4285 3036 4335 τοῦ
3086 4281 3280 4355 θρόνου
3336 4279 3556 4335 καθεῖλε
3585 4278 3791 4352 Κύριλ·

2149 4369 2269 4442 λον,
2318 4371 2407 4425 καὶ
2464 4376 2570 4425 τῶν
2603 4369 3000 4443 Ἱεροσολύμων
3061 4367 3302 4439 ἐξέωσεν.
3334 4370 3396 4426 Ὀ
3427 4365 3484 4423 δὲ
3515 4367 3794 4444 Κύριλλος

2151 4461 2226 4522 εἷς
2251 4462 2460 4536 Ταρσὸν
2495 4461 2847 4534 ἀφικόμενος,
2877 4463 2957 4530 τῷ
3005 4458 3289 4530 θαυμασίῳ
3336 4464 3498 4527 συνῆν
3554 4455 3793 4512 Σιλουα-

2153 4558 2250 4625 νῷ’
2301 4553 2391 4607 καὶ
2449 4549 2515 4621 δὴ
2575 4550 2649 4613 εἰς
2713 4548 3030 4605 Σελεύκειαν
3091 4549 3551 4624 συγκροτηθείσης
3582 4544 3794 4602 συνόδοι

405 4641 531 4696 cius
563 4640 834 4695 celeriter
853 4639 1073 4695 indicio
1098 4656 1158 4694 se
1181 4639 1450 4710 proripit,
1477 4637 2038 4707 etConstantinopo-

2154 4639 2224 4697 δι’
2255 4642 2384 4696 αὐτὸ
2416 4639 2481 4709 δὴ
2524 4644 2705 4709 τοῦτο,
2768 4639 3016 4700 Ἀκάκιος
3075 4637 3459 4712 ἀπεσκίρτησε,
3518 4638 3607 4692 καὶ
3661 4635 3798 4710 πρὸς

404 4728 512 4783 lim
534 4727 1387 4798 perveniens,accusationibus
1411 4727 1788 4798 imperatoris
1809 4726 1955 4780 iram
1981 4741 2049 4780 eo

406 4833 594 4888 usque
618 4823 825 4873 contra
843 4819 1127 4890 Cyrillum
1149 4817 1527 4878 accendebat,
1560 4823 1625 4872 ut
1645 4817 1815 4871 illum
1842 4815 2049 4869 exsilio

407 4907 705 4962 multaret.
763 4909 985 4962 Mortuo
1032 4914 1230 4963 autem
1277 4907 1621 4964 Constantio
1673 4904 1927 4961 succesit
1953 4905 2050 4959 Ju-

411 4994 629 5063 lianus,
659 4997 758 5065 qui
790 5012 924 5050 cum
956 4997 1188 5052 animos
1226 4999 1438 5052 horum
1465 4995 1736 5052 omnium
1768 4994 1878 5049 sibi
1905 5011 2050 5051 con-

411 5085 615 5141 ciliare
666 5085 948 5144 studeret.
999 5087 1330 5158 episcopos,
1363 5087 1462 5157 qui
1510 5103 1544 5141 a
1595 5085 1940 5141 Constantio
1990 5085 2048 5139 in

410 5172 685 5230 exsilium
739 5174 1144 5240 mittebantur,
1196 5177 1267 5230 ad.
1318 5175 1587 5248 proprias
1619 5175 1788 5230 sedes
1835 5175 2052 5230 reverti

402 5263 602 5335 jussit.
637 5263 892 5334 Cyrillns
941 5280 1078 5335 ergo
1113 5265 1291 5318 simul
1322 5281 1453 5318 cum
1502 5265 1730 5320 caeteris
1776 5263 2053 5318 omnibus

412 5353 713 5425 propriam
777 5353 976 5407 sedem
1034 5354 1328 5425 capessiit.
1381 5355 1632 5410 Pulchre
1681 5360 1901 5422 autem,
1947 5371 2053 5426 pro

412 5454 613 5494 amore
645 5455 749 5495 suo
783 5455 919 5510 erga
969 5441 1172 5505 Deum,
1205 5456 1439 5512 gregem
1471 5440 1582 5494 sibi
1631 5440 2055 5496 demendatum

411 5544 684 5602 pascens,
719 5529 1022 5586 Catecheses
1051 5547 1182 5602 quas
1215 5531 1323 5587 sub
1355 5531 1484 5602 ejus
1531 5533 1774 5588 nomine
1830 5531 2054 5589 circum

480 5708 528 5744 ⁴⁸
557 5709 760 5768 Matth.
791 5725 933 5780 xm,
965 5711 1074 5768 μθ.

2154 4733 2254 4800 τήν
2311 4728 2873 4786 Κωνσταντινούπολιν
2930 4724 3204 4803 ἐξέδραμε·
3263 4728 3353 4782 καὶ
3412 4728 3489 4789 οἷς
3550 4726 3664 4782 εἷπε
3707 4726 3798 4780 τὸν

2155 4825 2253 4875 τοῦ
2284 4817 2550 4894 βασιλέως
2576 4818 2746 4890 ἀνῆψε
2782 4817 2953 4890 θυμὸν
3010 4817 3144 4870 κατὰ
3201 4813 3509 4887 Κυρίλλου,
3539 4815 3629 4870 καὶ
3662 4816 3793 4888 ὑπερ

2159 4910 2286 4984 ορὶᾳ
2313 4913 2503 4963 τοῦτον
2553 4904 2917 4975 καταδικάζει.
2979 4908 3090 4963 Τοῦ
3143 4903 3232 4960 οὖν
3287 4904 3656 4960 Κωνσταντίου
3702 4905 3795 4958 τὸν

2163 4998 2278 5074 βίον
2324 4996 2714 5066 ἀπολιπόντος,
2763 4995 2850 5051 καὶ
2898 4993 3199 5050 Ἰουλιανοῦ
3245 4995 3344 5063 τήν
3378 4991 3652 5069 βασιλείαν
3685 4990 3802 5048 δια-

2160 5086 2475 5161 δεξαμένου,
2509 5085 2582 5147 εῗς
2614 5084 2821 5140 εὔνοιαν
2856 5085 3092 5146 ἅπαντας
3129 5082 3357 5144 τούτους
3414 5081 3798 5154 ἐφελκόμενος,

2160 5179 2283 5241 τοὺς
2317 5179 2420 5233 ὑπὸ
2464 5176 2844 5234 Κωνσταντίου
2897 5180 3001 5230 τῶν
3063 5172 3401 5244 Ἐκκλησιῶν
3461 5171 3804 5245 ἐξελαθέντας

2160 5269 2487 5328 ἐπισκόπους
2545 5267 2620 5327 εἲς
2675 5265 2769 5325 τὰς
2830 5263 3031 5324 οἰκείας
3103 5261 3427 5332 Ἐκκλησίας
3492 5259 3798 5315 ἐπανελθεῖν

2163 5357 2428 5413 ἐκέλευσε.
2464 5354 2614 5413 Μετὰ
2643 5354 2855 5408 πάντων
2891 5353 2981 5407 οὖν
3022 5353 3107 5406 καὶ
3171 5349 3332 5407 αὐτὸς
3384 5350 3475 5404 τὸν
3506 5346 3642 5403 ἴδιον
3675 5349 3798 5422 θρό-

2160 5469 2253 5503 νον
2286 5444 2606 5523 ἆπείληφεν.
2640 5443 2836 5504 Καλῶς
2867 5439 2925 5496 δὲ
2979 5443 3066 5496 καὶ
3127 5437 3396 5518 θεοφιλῶς
3427 5439 3488 5494 τὸ
3520 5437 3801 5502 πιστευθὲν

2164 5537 2310 5611 αύτῷ
2339 5535 2589 5609 ποιμνίον
2620 5533 2906 5606 ποιμάνας,
2956 5530 3046 5586 καὶ
3099 5530 3194 5592 τὰς
3254 5527 3621 5605 ἐμφερομὲνας
3651 5526 3800 5598 αύτῷ
