4134 6264
373 271 487 331 321

1279 266 1547 329 TITULI
1591 262 2160 326 CA'l‘ECHESEON
2206 263 2481 324 SANCTI
2525 265 2859 326 CYIllLLI.

3671 273 3784 332 322

377 402 753 476 Κατηχήσεις,
819 398 1166 472 μνημόσυνον
1211 402 1280 472 τῇ
1339 395 1640 468 Ἐκκλησία
1697 395 2097 475 καταΛελοι-Α

2153 395 2440 464 feruntur,
2473 397 2535 451 in
2561 404 2905 470 perpetuam
2939 401 3026 454 sui
3077 401 3263 471 ipsius
3305 404 3653 458 memoriam
3681 405 3787 459 Ec-

381 493 523 560 πὼς,
557 488 748 564 ὀλίγον
780 489 980 564 χρόνον
1047 489 1181 560 μετὰ
1234 489 1333 555 τὴν
1371 484 1630 542 ἐπάνοδον
1660 484 1836 563 βιοὺς,
1871 483 2031 539 ἐπαν-

379 579 619 634 παῦσατο
657 578 966 651 ’λακαρίωᾳ
1001 578 1103 632 Ἦν
1137 574 1194 630 δὲ
1224 577 1360 630 κατὰ
1390 576 1480 629 τὸν
1515 575 1683 629 τύπον
1712 577 1808 627 τοῦ
1841 573 2030 644 σώμα-

380 687 492 737 τος,
523 668 622 735 τήν
661 667 886 735 ἠλικίαν
928 665 1170 740 μέτριος,
1227 663 1434 739 ὠχρὸς,
1494 663 1767 735 κομήτης,
1829 659 2028 715 ὑπόσι-

384 777 506 830 μος,
537 755 878 830 τετράγωνος
906 755 970 808 τὸ
1025 755 1345 829 πρόσωπον,
1397 753 1492 812 τὰς
1550 752 1717 825 ὁφρῦς
1778 749 2029 818 εὐθύτητι

377 846 682 922 περιφέρων
715 843 1097 916 ἐπισουμένας,
1143 842 1334 918 γενείῳ
1385 842 1482 904 τὰς
1543 840 1797 916 σιαγόνας
1852 836 2030 908 λευκῷ

379 933 764 1007 δασυνόμενος,
820 931 954 1008 διχῆ
1028 933 1164 986 κατᾶ
1218 934 1310 986 τὸν
1398 932 1636 1006 πώγωνα
1689 926 2027 1004 διῃρημένῳ,

377 1022 624 1099 ἀγροίκῳ
652 1023 717 1078 τὸ
749 1029 851 1078 πᾶν
883 1025 1019 1090 ἦθος
1047 1021 1416 1098 προσεοικώς.

2145 483 2341 538 clesiaa
2375 485 2635 556 reliquit,
2673 488 2990 557 Postquam
3020 505 3153 542 vero
3185 489 3256 544 ab
3289 491 3496 544 exsilio
3519 508 3787 546 reversus

2143 580 2250 632 est.
2291 593 2407 628 non
2436 577 2535 630 diu
2563 578 2722 646 vixit,
2781 579 2883 632 sed
2944 579 3173 650 placide
3231 582 3469 650 quievit.
3517 583 3678 646 Quod
3715 581 3786 636 ad

2141 665 2406 734 corporis
2433 665 2683 721 formam
2729 668 2960 734 attinet,
3017 669 3300 724 mediocri
3361 677 3487 725 erat
3543 678 3790 741 statura,

2143 754 2426 824 pallidus,
2460 757 2770 827 promissis
2801 758 3084 826 crinibus,
3121 760 3271 815 simo
3305 778 3471 830 naso,
3504 762 3622 816 lato
3665 778 3788 828 ore,

2141 844 2477 914 superciliis
2510 846 2571 900 in
2595 845 2885 900 directum
2921 849 3487 914 crescentibus,alba
3509 850 3789 922 lanugine

2138 933 2412 988 maxillas
2444 937 2842 1006 cooperiente,
2867 935 3051 991 barba
3077 937 3136 990 in
3183 938 3329 993 duas
3355 943 3552 1010 partes
3578 938 3788 1010 divisa,

2139 1027 2197 1076 et
2225 1023 2505 1079 omnibus
2536 1025 2800 1080 moribus
2831 1026 3222 1081 rusticitatem
3245 1029 3565 1098 quamdam
3589 1045 3710 1099 prae
3729 1044 3790 1083 se

2135 1108 2388 1166 ferebat.

1277 1259 1562 1326 [CCLXIV]
1616 1259 1876 1324 Typicun
1928 1258 1983 1308 S.
2033 1257 2188 1308 Saba:
2240 1261 2312 1308 ad
2340 1262 2486 1312 diem
2516 1277 2632 1313 xvn
2663 1267 2885 1317 Martii.

454 1385 560 1438 Τοῦ
592 1380 643 1435 ἐν
677 1378 850 1456 ἆγίοις
882 1379 1093 1454 Πατρὸς
1133 1379 1294 1452 ἡμῶν
1346 1375 1630 1453 Κυρίλλου
1689 1375 2034 1452 πατριάρχου

317 1471 328 1478 ’
382 1468 814 1544 Ἱεροσολύμων.

2145 1466 2166 1521 1
2219 1380 2414 1435 Sancti
2447 1381 2637 1438 Patris
2666 1385 2853 1440 nostri
2902 1385 3104 1457 Cyrilli
3137 1387 3489 1457 patriarchae
3520 1388 3793 1443 Hieroso-

2170 1466 2438 1521 vmitani.

2170 1466 2438 1538 ymitani.

374 1654 468 1702 Ea:
495 1651 822 1717 Synaxario
855 1666 930 1700 m.
963 1649 1194 1714 Collegii
1221 1648 1647 1700 Claromontani
1673 1645 2410 1771 Societatgaéeszé‘ls’arisiis
2437 1651 2509 1698 ad
2563 1651 2710 1700 diem
2766 1666 2840 1710 x1,
2872 1653 3043 1717 Boll.,
3077 1662 3204 1703 tom.
3237 1653 3281 1704 ll
3312 1655 3500 1713 Mart,
3533 1656 3794 1717 append.,

494 1849 703 1919 Μνήμη
761 1850 857 1900 τοῦ
911 1845 962 1899 ἐν
992 1845 1170 1920 ἁγίοις
1202 1847 1410 1922 Πατρὸς
1455 1849 1616 1918 ἡμῶν
1649 1841 1929 1918 Κυρίλλου

771 1933 1208 2008 ἀρχιεπισκόπου
1239 1932 1660 2010 Ἱεροσολύμων.

459 2114 633 2175 Οὗτος
685 2111 892 2188 ἐγένετο
949 2111 1037 2166 ἐπὶ
1096 2111 1510 2168 Κωνσταντίνου
1591 2116 1687 2168 τοῦ
1776 2109 2036 2186 μεγάλου·

388 2199 658 2276 πρότερον
710 2203 951 2276 μοναχὸς
1001 2202 1294 2276 γενόμενος
1352 2201 1440 2255 καὶ
1528 2201 1786 2271 ἀσκήσας,
1819 2199 2036 2275 ὕστερον

389 2291 482 2346 διὰ
501 2293 601 2360 τὴν
633 2289 877 2366 ἐνάρετον
939 2290 1102 2345 αὐτοῦ
1153 2291 1432 2346 πολιτείαν
1492 2301 1885 2367 προεχειρισθη
1919 2288 2040 2343 ἐπί-

387 2401 592 2442 σκοπος
622 2378 1044 2456 Ἰεροσολύμων.
1110 2378 1298 2441 Οὕτως
1359 2377 1415 2433 δὲ
1465 2379 1628 2441 ὁσίως
1659 2375 1958 2452 διαπρέψας
1990 2375 2042 2430 ἐν

388 2475 462 2544 τῇ
486 2469 886 2544 ἀρχιερωσῦνῃ,
921 2469 995 2530 ὡς
1026 2468 1115 2522 καὶ
1144 2466 1195 2520 ἐν
1247 2472 1314 2541 τῇ
1355 2465 1566 2539 συνόδῳ
1597 2466 2038 2539 προσκληθῆναι,

390 2560 484 2613 καὶ
517 2557 886 2630 ἐπιστομίσαι,
927 2557 1017 2611 καὶ
1074 2557 1429 2612 καταισχῦναι
1481 2557 1572 2611 τὸν
1629 2551 1860 2624 δυσσεϐῆ
1923 2556 2040 2611 Mai-

390 2667 569 2712 νεντα,
592 2647 679 2699 καὶ
709 2646 800 2700 τὸν
837 2645 1121 2720 σύμφρονα
1151 2643 1320 2698 αὐτοῦ
1361 2641 1537 2716 λῆρον
1593 2643 1680 2697 καὶ
1732 2649 2043 2714 Πνευματο-

392 2735 578 2807 μάχον
608 2733 969 2804 Μακεδόνων,
999 2732 1089 2786 καὶ
1117 2733 1408 2806 πληρῶσαι
1457 2734 1557 2801 τήν
1608 2733 1908 2805 πανήγυριν
1937 2734 2044 2784 τῶν

393 2822 703 2898 ὀρθοδόξων
734 2828 909 2898 χαρᾶς
965 2822 1055 2876 καὶ
1110 2821 1440 2898 εὐφροσύνης
1494 2827 1888 2893 πνευματικῆς.
1941 2827 2044 2874 Ka-

389 2913 502 2974 λῶς
536 2911 592 2967 δὲ
614 2913 1022 2987 ἀγωνισάμενος
1055 2913 1104 2966 ἐν
1132 2917 1249 2971 τοῖς
1279 2907 1593 2985 ὀρθοδόξοις
1643 2907 1902 2985 δόγμασι,
1955 2909 2045 2964 καὶ

391 3004 640 3076 Θαύματα
695 3001 926 3056 πλεῖστα
978 3000 1055 3062 εἷς
1118 2995 1278 3069 δόξαν
1337 3003 1471 3054 Θεοῦ
1523 2999 1906 3075 ἐργασάμενος,
1957 2995 2048 3053 καὶ

389 3093 454 3148 τὸ
477 3091 882 3147 καταπιπωθέν
913 3088 1066 3160 αὖτῷ
1098 3088 1156 3143 ἐκ
1186 3093 1320 3143 Θεοῦ
1374 3089 1628 3161 ποιμνίον
1689 3087 1874 3151 καλῶς
1936 3085 2050 3152 ἰθύ-

392 3204 514 3250 νας,
547 3181 687 3256 πρὸς
723 3178 926 3254 Κύριον
967 3175 1320 3251 ἐξεδήμησεν,
1378 3172 1675 3233 ἀπολαϐὼν
1732 3179 1831 3246 τήν
1894 3179 2050 3253 βασι-

388 3272 548 3328 λείαν
582 3268 805 3323 αἶώνιον
833 3267 924 3323 καὶ
975 3267 1142 3336 ζωὴν,
1201 3267 1292 3321 καὶ
1358 3268 1878 3342 συνευφραινόμενος
1931 3271 2048 3329 τοῖς

387 3359 600 3436 ἁγίοις.

2069 2058 2116 2122 Β

2153 1847 2416 1902 Memoria
2444 1851 2622 1903 sancti
2677 1851 2860 1905 Patris
2924 1854 3100 1905 nostri
3148 1852 3343 1922 Cyrilli
3393 1850 3799 1922 archiepiscopi

2715 1941 3230 2010 Hierosolymorum.

2224 2115 2328 2170 Hic
2356 2115 2468 2170 fuit
2490 2115 2597 2170 sub
2635 2118 3021 2173 Constantino
3083 2121 3306 2191 Magno.
3359 2119 3623 2174 Primum
3672 2137 3800 2175 mo-

2144 2204 2370 2258 nachus
2400 2204 2607 2269 factus,
2647 2206 2706 2260 in
2741 2208 2969 2277 hacque
3018 2209 3387 2278 professione
3446 2213 3685 2263 strenue
3736 2224 3798 2263 se

2147 2307 2453 2359 exercens,
2486 2294 2864 2363 postmodum
2897 2302 3140 2365 propter
3169 2295 3447 2350 eximiam
3491 2311 3800 2350 conversa-

2145 2381 2332 2435 sionis
2362 2399 2481 2436 suae
2504 2383 2777 2436 virtutem
2804 2383 3346 2454 Hierosolymorum
3371 2384 3681 2439 ordinatus
3709 2389 3800 2438 est

2148 2469 2612 2540 episcopus.Qua
2645 2472 2703 2525 in
2737 2470 3017 2542 dignitate
3051 2473 3130 2527 ita
3162 2477 3363 2526 sancte
3397 2472 3801 2527 laudabiliter-

2148 2576 2260 2629 que
2296 2575 2356 2613 se
2387 2560 2586 2629 gessit,
2617 2567 2682 2614 ut
2709 2560 2886 2615 etiam
2919 2561 2992 2615 ad
3046 2561 3334 2632 synodum
3371 2567 3700 2626 vocaretur,
3734 2561 3797 2614 in

2148 2665 2265 2718 qua
2294 2648 2658 2719 redarguens
2685 2655 2862 2720 atque
2903 2650 3274 2704 confundens
3334 2650 3580 2721 impium
3610 2651 3800 2704 Mane-

2149 2742 2355 2800 tem,et
2384 2739 2435 2792 ei
2471 2739 2947 2793 consentientem
2976 2739 3230 2793 delirum
3261 2740 3524 2793 etsancti
3551 2739 3798 2810 Spiritus

2149 2826 2621 2896 impugnatorem
2657 2827 3308 2893 Macedonium,ca:tum
3333 2827 3801 2882 orthodoxorum

2150 2915 2356 2968 lmtitia
2385 2922 2562 2985 atque
2595 2917 2988 2970 exsultatione
3022 2917 3316 2986 spirituali
3350 2917 3632 2988 implevit.
3693 2919 3804 2970 Per

2149 3003 2350 3057 omnia
2381 3019 2514 3057 vero
2538 3003 2599 3057 in
2630 3004 2981 3058 Christianis
3015 3003 3388 3075 dogmatibus
3419 3009 3578 3058 recte
3604 3003 3804 3058 decer-

2150 3096 2305 3152 tans.
2339 3091 2644 3160 multaque
2674 3091 2747 3146 ad
2779 3092 2879 3146 Dei
2913 3091 3164 3163 gloriam
3190 3091 3479 3146 miracula
3499 3097 3802 3162 operatus,

2153 3185 2212 3234 et
2233 3179 2638 3234 concreditum
2666 3179 2776 3234 sibi
2839 3196 2873 3234 a
2931 3180 3044 3234 Deo
3091 3196 3326 3252 gregem
3377 3179 3622 3250 pulchre
3655 3179 3800 3234 diri-

2152 3285 2318 3341 gens,
2354 3269 2623 3342 migravit
2653 3269 2727 3324 ad
2761 3270 3099 3337 Dominum,
3135 3286 3384 3341 regnum
3417 3276 3706 3324 aeternum
3736 3284 3804 3324 ac

2153 3359 2334 3414 vitam
2360 3358 2679 3429 recipiens,
2714 3371 2772 3411 et
2800 3374 2935 3413 cum
2960 3358 3182 3413 sanctis
3213 3358 3539 3414 exsultans.

964 3797 1233 3882 TITU
1259 3795 1364 3883 LI
1423 3792 2257 3883 CATECHESEON
2316 3793 2717 3882 SANC'I‘I
2776 3792 3243 3881 CYltILLI.

459 4079 758 4129 Habentur
785 4077 1022 4139 subjecti
1049 4077 1208 4125 tituli
1228 4077 1291 4125 in
1316 4076 1558 4125 editione
1588 4075 1836 4124 Prevotii
1865 4090 1933 4122 ea:
1957 4075 2233 4124 codicibus
2287 4075 2592 4131 Vaticanis,
2624 4090 2761 4138 quos
2814 4074 3163 4137 Angelicana
3187 4075 3356 4124 editio
3376 4079 3813 4137 praetermitten-

391 4161 489 4209 dos
502 4160 812 4221 judicavit.
846 4157 1052 4205 Iisdem
1083 4171 1210 4204 cum
1239 4158 1454 4219 aliquot
1480 4155 1909 4204 discriminibus
1967 4160 2339 4216 reperiuntur
2368 4157 2431 4204 in
2463 4156 2641 4204 codice
2688 4155 2827 4204 XXII
2851 4155 3188 4204 bibliothecae
3222 4158 3578 4218 Augustanw
3602 4174 3619 4215 ;
3641 4158 3813 4219 cuju,

399 4241 748 4289 bibliotheca.-
773 4239 1059 4298 catalogus
1080 4237 1342 4296 primum
1373 4250 1408 4282 a
1436 4235 1512 4282 Μ.
1557 4235 1796 4283 Welsero
1825 4235 2029 4289 editus.
2058 4236 2218 4282 novis
2251 4237 2406 4283 curis
2427 4250 2660 4283 recusas
2706 4243 2785 4283 est
2797 4250 2902 4295 per
2934 4237 3200 4284 Davidem
3227 4236 3625 4290 stchelium.
3662 4251 3813 4284 anno

402 4321 528 4369 1595
557 4330 606 4368 et
637 4319 804 4368 initio
829 4318 1029 4366 codicis
1054 4317 1409 4365 Catechoseon
1439 4315 1793 4364 Ottoboniani
1825 4329 1936 4375 xxx,
1966 4329 2064 4362 seu
2094 4315 2438 4364 recentioris.
2470 4320 2744 4364 Craterum
2776 4318 2920 4363 deest
2951 4317 3014 4364 in
3043 4317 3254 4377 majori
3287 4317 3535 4365 codicum
3557 4331 3812 4364 numero.

405 4400 626 4448 Titulos
658 4399 830 4459 edidi,
859 4397 1053 4460 quales
1082 4396 1250 4444 editio
1284 4410 1378 4443 an.
1414 4393 1554 4454 1608,
1605 4409 1690 4441 eos
1729 4401 2113 4456 repraesentat,
2161 4395 2369 4444 additis
2399 4395 2600 4444 codicis
2632 4395 2954 4457 Δειραδιαηί
3001 4397 3384 4454 varietatibus,
3411 4410 3480 4444 ex
3503 4411 3611 4458 quo
3635 4395 3813 4444 codice

396 4479 689 4528 interdum
725 4477 1003 4529 nonnulla
1034 4476 1310 4538 supplevi.

2096 4857 2139 4923 C
2178 4857 2373 4926 Cyrilli
2424 4857 2919 4926 Hierosolymorum
2969 4857 3371 4929 archiepiscopi
3418 4858 3814 4914 Catecheseon

2895 4947 3083 5000 index.

2293 5035 2345 5089 1.
2381 5034 2844 5102 Procatechesis,
2877 5034 2948 5088 de
2980 5051 3099 5089 non
3133 5036 3436 5104 tentando,
3461 5053 3590 5109 pag.
3628 5038 3674 5090 1.

562 4864 640 4936 (1)
703 4859 978 4937 Κυρίλλου
1035 4859 1469 4934 ἆρχιεπισκόπου
1525 4853 1927 4930 Ἰεροσολύμων

939 4952 1309 5024 Κατηχήσεων
1355 4946 1531 5018 πίναξ.

518 5045 582 5098 α’·
625 5047 702 5115 (2)
735 5042 1184 5118 Προκατήχησις,
1225 5037 1351 5113 περὶ
1406 5039 1503 5090 τοῦ
1566 5035 1640 5107 μὴ
1674 5039 1948 5108 πειρᾶσαι.

472 5223 542 5291 (1)
573 5224 636 5276 ln
670 5221 872 5275 codice
933 5220 1272 5291 Augustano
1318 5213 1487 5291 deest
1528 5210 1728 5291 Cyrilii
1753 5288 1760 5291 _
1790 5227 2007 5291 nomen
2042 5228 2055 5266 :

395 5283 655 5348 habetur
687 5298 916 5347 tantum
941 5306 1010 5342 ex
1027 5283 1322 5342 'versione
1358 5283 1622 5342 Welseri.
1675 5283 2056 5338 catecheticaa

401 5365 805 5420 institutiones
837 5359 1095 5433 episcopi
1131 5354 1683 5426 Hierosolymitani;
1717 5353 1882 5409 addit
1904 5354 2056 5408 Wel-

401 5453 783 5508 serumque!"
817 5431 1083 5508 (ἐῑίνίίίυτη
1108 5435 1401 5508 βεεθῬέλίο·
1468 5497 1526 5508 ..
1769 5498 1808 5508 ..

470 5509 543 5574 (‘3)
569 5496 701 5563 Haec
722 5507 795 5562 de
827 5496 1487 5574 Pyrocatechesi—desunt
1513 5497 1574 5574 in
1607 5496 2048 5552 edit.Prevotii.

396 5569 538 5644 Quae
571 5598 639 5634 ex
670 5583 1012 5649 Augustano
1045 5573 1246 5628 codice
1281 5569 1572 5642 supplevi,
1624 5574 1690 5622 ut
1747 5574 1806 5622 et
1835 5585 2048 5622 omnes

2171 5225 2453 5295 numeros
2475 5209 3309 5295 alpliabeti_litteris_notatos,
3335 5213 3710 5295 quisingulis
3742 5212 3816 5265 ti-

2172 5281 2312 5333 tulis
2345 5281 2567 5350 praiﬁxi
2599 5287 2754 5334 sunt.
2787 5283 3132 5338 lnscribitur
3165 5281 3608 5339 Procatecliesis
3624 5286 3688 5338 de
3708 5299 3818 5336 non

2171 5352 2457 5410 tentando.
2483 5351 2639 5425 quod
2666 5359 2785 5425 tota
2805 5354 2991 5408 ferme
3015 5355 3074 5408 in
3109 5356 3219 5409 hoc
3248 5363 3514 5409 versetur
3538 5373 3610 5409 ne
3643 5370 3817 5425 prava

2168 5430 2366 5477 mente
2399 5430 2577 5493 atque
2610 5424 2880 5478 instituto
2935 5426 3006 5480 ad
3052 5426 3414 5493 baptismum
3464 5424 3818 5480 accedentes

2161 5494 2422 5619 diilrinam
2455 5494 2700 5567 gratiam
2739 5500 2966 5550 tentare
2999 5514 3065 5551 ac
3115 5494 3333 5556 damno
3368 5513 3473 5551 suo
3508 5497 3816 5568 explorare

2162 5583 2225 5619 ve
2258 5573 2364 5619 int.
3538 5589 3544 5594 '

2162 5573 2364 5620 velint.
3538 5589 3544 5594 -
