4108 6270
364 349 478 406 325

438 480 517 540 ις’.
577 480 658 552 (1)
715 478 812 543 Εἷς
867 479 951 549 τὸ,
1010 477 1114 536 Καὶ
1165 476 1467 554 ἐρχόμενον
1533 496 1714 550 κριναι

363 569 453 624 καὶ
483 567 724 644 νεκροὺς,
786 568 874 624 καὶ
929 568 1052 644 περὶ
1111 572 1208 622 τοῦ
1267 567 1671 641 Ἀντιχρίστου·
1732 563 1820 618 καὶ
1881 562 2010 617 ἀνά-

365 679 562 733 γνωσις
591 657 652 714 ἐκ
679 663 777 714 τοῦ
807 658 1036 729 Δανιήλ.
1069 655 1368 733 Ἐθεώρουν
1398 655 1503 718 ἓως
1563 655 1624 709 οὗ
1673 652 1878 730 θρόνοι,
1921 652 2012 708 καὶ

366 749 430 803 τὰ
453 747 598 820 ἑξῆς,
630 769 751 805 κατ.
791 754 868 805 ιε’.

440 857 524 925 ιζ’.
560 855 691 931 Περὶ
721 859 818 910 τοῦ
849 856 927 928 (2)
975 856 1140 930 ἁγίου
1195 853 1510 928 [Ινεύματος
1566 855 1664 907 τοῦ
1716 849 2011 926 Παρακλή-

365 967 480 1002 του·
512 946 603 1001 καὶ
635 947 911 1021 ἀάγνωσις
945 944 1004 1001 ἐκ
1049 953 1150 1015 τῆς
1203 945 1340 1020 πρὸς
1399 942 1716 1018 Κορινθίους
1762 942 2011 1016 πρώτης.

364 1036 495 1110 Περὶ
528 1033 587 1090 δὲ
625 1041 732 1091 τῶν
765 1039 1170 1109 πνευματικῶν,
1201 1035 1293 1090 καὶ
1323 1034 1388 1089 τὰ
1417 1033 1562 1104 ἐξῆς,
1594 1053 1713 1088 κατ.
1751 1032 1834 1100 ιζ’,

439 1145 530 1214 ιη’.
565 1147 680 1201 Τῶν
713 1144 838 1220 περὶ
867 1147 963 1199 τοῦ
993 1142 1156 1218 ἁγίου
1208 1140 1522 1215 Πνεῦματος
1570 1142 1639 1196 τὰ.
1683 1138 1873 1195 λοιπά·
1921 1137 2011 1195 καὶ

367 1234 664 1310 ἀνᾶγνωσις
696 1233 758 1288 ἐκ
811 1240 911 1304 τῆς
967 1233 1103 1307 πρὸς
1151 1230 1467 1307 Κορινθίους
1503 1229 1750 1306 πρώτης.
1801 1233 1864 1308 ’ῼ
1915 1228 2009 1303 μὲν

369 1321 460 1378 καί
489 1319 698 1378 δίδοται
731 1321 921 1399 λόγος,
948 1322 1041 1377 καὶ
1069 1321 1134 1376 τὰ
1165 1321 1303 1393 ἑξῆς,
1335 1341 1453 1378 κατ.
1492 1321 1574 1390 ιζ’.

443 1431 522 1485 ιθ’.
586 1432 664 1502 (3)
719 1428 816 1491 Εἲς
873 1430 958 1498 τὸ,
1018 1427 1121 1485 Καὶ
1175 1427 1252 1490 εἷς
1309 1425 1436 1501 μίαν
1497 1427 1649 1501 ἁγίαν
1707 1423 2011 1493 γαθολικήν

373 1518 722 1590 Ἐκκλησίαν·
781 1518 871 1573 καὶ
954 1517 1150 1593 σαρκὸς
1216 1517 1521 1584 ἀνάστασιν,
1578 1516 1667 1570 καὶ
1728 1514 1807 1576 εἷς
1866 1515 2010 1583 ζωὴν

367 1607 585 1662 αἰώνιον
619 1607 708 1663 καὶ
742 1607 1030 1682 ἀνάγνωσις
1061 1605 1120 1661 ἐκ
1147 1609 1244 1660 τοῦ
1303 1606 1588 1675 Ἰεζεκιήλ.
1643 1603 1744 1658 Καὶ
1801 1601 2010 1679 ἐγένετο

368 1697 446 1752 ἐπ’
479 1696 576 1772 ἐμὲ
606 1698 731 1774 χεὶρ
763 1698 987 1773 Κυρίου,
1015 1695 1106 1752 καὶ
1136 1695 1198 1752 τὰ
1229 1694 1374 1768 ἑξῆς,
1407 1715 1526 1752 κατ.
1563 1695 1653 1766 ιη’.

365 1915 442 1987 (4)
490 1916 601 1971 Τοῦ
659 1913 827 1968 αὐτοῦ
884 1909 1166 1987 Κυρίλλου
1211 1912 1604 1987 ’Κατηχήσεων
1673 1928 2009 1986 μυσταγωγι·

1022 1988 1129 2037 κῶν
1161 1983 1338 2056 πίναξ.

437 2202 508 2270 (5)
540 2200 683 2266 Πρὸς
714 2200 841 2262 τοὺς
872 2197 1295 2273 νεοφωτίστους·
1326 2198 1412 2253 καὶ
1469 2195 1768 2272 ἀνάγνωσις
1817 2193 1877 2251 ἐκ
1903 2201 2004 2265 τῆς

371 2289 576 2364 Πέτρου
604 2287 907 2358 καθολικῆς
939 2288 1162 2364 πρώτης
1194 2284 1548 2357 Ἐπιστολῆς,
1581 2284 1685 2342 ἀπὸ
1737 2285 1854 2356 τοῦ,
1887 2286 2001 2355 Νή-

367 2381 523 2452 ψατε,
556 2381 966 2454 γρηγορήσατε,
999 2376 1087 2432 καὶ
1115 2377 1182 2431 τὰ
1209 2375 1352 2448 ἑξῆς,
1384 2397 1503 2432 κατ.
1536 2377 1601 2433 α’.

437 2486 565 2562 Περὶ
630 2486 1025 2562 βαπτίσματος·
1077 2484 1167 2540 καὶ
1226 2485 1522 2560 ἀνάγνωσις
1597 2482 1657 2537 ἐκ
1709 2487 1811 2550 τῆς
1865 2480 2002 2557 πρὸς

362 2577 672 2650 Ῥωμαίους
729 2573 1078 2644 Ἐπιστολῆς,
1133 2574 1237 2629 ἀπὸ
1293 2577 1410 2647 τοῦ,
1469 2575 1539 2628 ’Ἠ
1595 2572 1859 2646 ἀγνοεῖτε,
1918 2571 2000 2626 ὅτι

368 2665 506 2734 ὅσοι,
537 2665 626 2721 καὶ
654 2666 722 2720 τὰ
751 2666 893 2736 ἑξῆς,
925 2686 1042 2720 κατ.
1082 2665 1148 2740 β’.

433 2774 560 2848 Περὶ
596 2773 922 2848 χρίσματος·
981 2772 1068 2826 καὶ
1124 2772 1421 2846 ἀνὰίγνωσις
1469 2767 1529 2824 ἐκ
1569 2775 1691 2838 τῆς.
1751 2769 2002 2825 Ἰωάννου

361 2863 664 2931 καθολικῆς
697 2863 924 2938 πρώτης
982 2858 1336 2930 Ἐπιστολῆς,
1378 2859 1483 2914 ἀπὸ
1531 2861 1650 2931 τοῦ,
1697 2857 1796 2912 Καὶ
1847 2857 2001 2930 ὑμεῖς

361 2953 568 3028 χρίσμα
596 2947 772 3026 ἔχετε,
805 2949 895 3006 καὶ
925 2951 993 3005 τὰ
1022 2951 1171 3023 ἒζῆς,
1203 2971 1323 3006 κατ.
1355 2950 1422 3025 γ’.

430 3060 558 3134 Περὶ
596 3061 851 3131 σώματος
883 3058 971 3112 καὶ
1004 3055 1232 3130 αἳματος
1278 3061 1374 3112 τοῦ
1427 3059 1684 3132 Χριστοῦ·
1738 3059 1825 3114 καὶ
1875 3061 2001 3117 ἀνά-

359 3171 553 3224 γνωσις
584 3148 646 3204 ἐκ
672 3151 770 3217 τῆς
801 3147 937 3222 πρὸς
968 3146 1287 3222 Κορινθίους
1319 3146 1665 3218 Ἐπιστολῆς.
1724 3149 1868 3223 Ἐγὼ
1897 3152 2000 3226 γὰρ

359 3233 668 3312 παρέλαϐον
702 3238 808 3292 ἀπὸ
837 3241 933 3292 τοῦ
967 3235 1186 3310 Κυρίου,
1216 3235 1305 3290 nni
1336 3236 1402 3291 τὰ
1433 3236 1576 3309 ἑξῆς,
1608 3258 1728 3294 κατ.
1764 3235 1826 3296 δ’.

431 3329 644 3390 Ἐκτῆς
678 3327 883 3402 Πέτρου
940 3323 1244 3395 καθολικῆς
1305 3325 1661 3396 Ἐπιστολῆς·
1723 3327 1816 3382 Διὸ
1863 3329 2001 3384 ἀπο·

360 3417 602 3490 θέμενοι,
634 3415 725 3470 καὶ
752 3417 820 3470 τὰ
847 3415 993 3488 ἑξῆς.
1023 3435 1144 3470 κατ.
1179 3420 1236 3471 ε’.

1268 341 1536 405 Tl'l‘ULI
1580 338 2142 402 CATECHESEON
2191 341 2477 403 SANCTI
2524 345 2861 408 CYRILLI.

2046 1857 2094 1922 B

3655 333 3772 414 326

1802 478 2006 543 ζῶντας
2035 476 2089 542 Α
2192 478 2276 532 16.
2300 479 2366 533 In
2388 479 2556 534 illud.
2581 484 2654 536 Et
2678 489 2940 538 venturus
2948 484 3209 553 judicare
3247 488 3393 542 vivos
3424 494 3478 542 et
3507 493 3770 558 mortuos,

2123 571 2182 620 et
2212 567 2282 622 de
2312 570 2676 626 Antichristo
2702 588 2714 626 :
2740 571 2914 627 lectio
2945 589 3016 628 ex
3046 574 3290 631 Daniele
3317 593 3330 630 :
3366 578 3626 634 Videbam
3655 580 3766 634 do-

2120 672 2216 711 nec
2249 657 2458 727 throni,
2492 665 2627 728 etc.,
2660 666 2771 717 cat.
2804 665 2888 728 15,
2921 679 2982 734 p.
3014 665 3139 717 221.

2195 859 2279 911 17.
2312 859 2393 913 De
2425 863 2627 914 sancto
2661 860 2878 932 Spiritu
2908 860 3247 916 Paracleto:
3280 861 3456 917 lectio
3486 881 3555 919 ex
3573 866 3768 936 priore

2122 943 2196 998 ad
2226 945 2565 1001 Corinthios
2591 963 2604 1001 :
2636 948 2712 1002 De
2735 948 3123 1018 spiritualibus
3153 956 3356 1020 autem,
3390 955 3522 1020 etc.,
3557 955 3768 1022 cat.16,

2120 1048 2177 1102 p.
2203 1035 2326 1088 242.

2198 1141 2279 1194 18.
2316 1141 2566 1213 Reliqua
2594 1143 2668 1198 ad
2701 1150 2972 1199 sanctum
3032 1145 3319 1217 Spiritum
3366 1147 3767 1218 pertinentia:

2122 1227 2294 1284 lectio
2327 1248 2397 1286 ex
2425 1232 2618 1303 prima
2649 1232 2722 1287 ad
2754 1233 3130 1289 Corinthios:
3189 1233 3369 1289 Alteri
3413 1238 3635 1305 quidem
3665 1237 3766 1292 da-

2121 1324 2210 1373 tur
2238 1335 2433 1388 sermo,
2466 1325 2600 1389 etc.,
2635 1325 2746 1376 cat.
2782 1325 2864 1388 17,
2898 1340 2954 1393 p.
2984 1323 3108 1378 263.

2193 1429 2277 1481 19.
2338 1429 2405 1482 In
2457 1429 2589 1499 hoc,
2647 1432 2717 1483 Et
2768 1432 2825 1484 in
2883 1446 3049 1485 unam
3107 1438 3358 1487 sanctam
3433 1435 3760 1490 catholicam

2119 1516 2442 1588 [CCLXVII]
2472 1518 2766 1574 Ecclesium
2780 1536 2801 1582 ;
2839 1526 2888 1574 et
2917 1522 3100 1575 carnis
3125 1524 3596 1580 resurrectionem.
3630 1530 3681 1578 et
3708 1525 3768 1578 in

2117 1607 2289 1660 vitam
2318 1613 2618 1661 uernam:
2653 1607 2828 1662 lectio
2858 1626 2928 1663 ex
2982 1609 3324 1665 Ezechiele:
3381 1615 3452 1666 Et
3492 1615 3647 1680 facta
3690 1618 3768 1666 est

2117 1711 2282 1765 super
2309 1714 2390 1752 me
2419 1713 2614 1753 manus
2646 1700 2887 1764 Domini,
2920 1703 3058 1768 etc.,
3090 1705 3205 1756 cat.
3241 1702 3326 1769 18,
3361 1719 3418 1773 p.
3452 1704 3576 1756 283.

2121 1902 2378 1973 Ejusdem
2400 1903 2596 1974 Cyrilli
2606 1903 3005 1960 Catecheseon
3019 1905 3548 1977 mystagogicarum
3569 1908 3760 1964 index.

2185 2206 2274 2261 Ad
2303 2206 2670 2278 neophytos:
2706 2205 2879 2260 lectio
2912 2221 2982 2259 ex
3013 2205 3210 2276 priore
3263 2208 3555 2265 catholica
3601 2211 3761 2265 Petri

2114 2294 2393 2366 Epistola,
2427 2312 2462 2350 ει
2494 2294 2721 2350 verbis:
2755 2295 2940 2350 Sobriz
2971 2301 3157 2362 estote,
3215 2297 3462 2367 vigilate,
3515 2304 3626 2353 cat.
3663 2298 3754 2369 [19

2113 2384 2385 2456 mystag.]
2421 2387 2470 2449 1,
2506 2401 2562 2455 p.
2597 2385 2720 2437 303.

2184 2471 2264 2525 De
2293 2470 2683 2542 baptismate:
2715 2469 2892 2524 lectio
2921 2486 2993 2524 ex
3024 2471 3287 2541 Epistola
3337 2471 3411 2526 ad
3459 2475 3756 2529 Romanos

2111 2592 2146 2631 a
2169 2577 2394 2632 verbis:
2427 2579 2519 2632 An
2547 2578 2840 2647 ignoratis,
2873 2577 3022 2647 quod
3076 2579 3408 2650 quicunque,
3445 2585 3579 2650 etc.,
3639 2584 3754 2638 cat.

2113 2665 2204 2737 [20
2237 2667 2436 2739 myst.]
2469 2671 2522 2735 2,
2556 2684 2613 2738 p.
2648 2669 2771 2721 310.

2182 2776 2262 2830 De
2295 2775 2614 2831 chrismate
2637 2791 2650 2828 :
2674 2773 2850 2829 lectio
2872 2789 2944 2828 ex
2976 2773 3170 2844 priore
3192 2775 3437 2830 Joannis
3459 2776 3753 2831 catholica

2111 2863 2392 2936 Epistola,
2427 2881 2463 2918 a
2518 2862 2750 2917 verbis:
2796 2864 2864 2916 Et
2913 2877 3006 2917 vos
3053 2862 3291 2918 chrisma
3333 2865 3565 2934 habetis,
3619 2870 3757 2932 etc.,

2112 2958 2224 3007 cat.
2263 2951 2347 3022 [21
2387 2951 2588 3021 myst.]
2619 2953 2670 3017 3,
2705 2968 2760 3020 p.
2798 2951 2920 3003 314.

2183 3063 2263 3116 De
2287 3077 2532 3132 corpore
2566 3064 2625 3114 et
2652 3059 2938 3131 sanguine
2970 3059 3185 3114 Christi
3217 3076 3229 3114 :
3281 3060 3455 3115 lectio
3510 3079 3581 3116 ex
3623 3061 3755 3133 Epi-

2112 3151 2263 3206 stola
2291 3149 2364 3205 ad
2417 3149 2786 3204 Corinthios:
2835 3150 2950 3216 Ego
2994 3150 3138 3202 enim
3185 3151 3372 3220 accepi
3415 3167 3449 3204 a
3495 3152 3749 3220 Domino,

2039 3227 2081 3294 C
2120 3245 2256 3308 etc.,
2289 3245 2402 3295 cat.
2439 3238 2530 3310 [22
2560 3241 2759 3310 myst.]
2796 3239 2849 3305 4,
2882 3255 2939 3310 p.
2967 3238 3087 3292 318.

2183 3331 2266 3385 Ex
2296 3329 2588 3385 catholica
2621 3327 2777 3382 Petri
2810 3326 3110 3398 Epistola:
3145 3327 3359 3384 Idcirco
3407 3330 3758 3400 deponentes,

2115 3424 2250 3488 etc.,
2284 3425 2396 3476 cat.
2429 3421 2516 3491 [23
2546 3420 2747 3489 myst.]
2780 3420 2832 3484 ὅ,
2866 3433 2924 3488 p.
2954 3417 3076 3471 322.

438 3618 518 3679 In
554 3615 747 3678 codice
774 3620 1129 3695 Augustano
1155 3623 1289 3696 post
1318 3613 1520 3696 titulos
1552 3616 1829 3696 priorum
1885 3617 2259 3678 catecheseon
2305 3615 2579 3696 habetur,
2617 3613 2738 3675 haec
2784 3612 3194 3696 chronoligica
3243 3614 3578 3690 adnotatio,
3635 3637 3765 3696 quae

355 3699 537 3758 etiam
566 3703 631 3756 in
660 3697 857 3757 codice
886 3694 1171 3758 ’Grodecii
1199 3694 1526 3774 legebatur,
1558 3705 1612 3755 et
1642 3695 1716 3756 ab
1747 3714 1813 3756 eo
1845 3697 2054 3760 Latine
2082 3698 2326 3759 reddita
2348 3715 2450 3767 esi,
2482 3695 2583 3756 sed
2607 3715 2737 3756 cum
2767 3695 3052 3756 nonnulla
3073 3697 3430 3759 diversitate.
3462 3697 3535 3758 In
3563 3694 3758 3760 Ottob.

362 3778 485 3840 haec
513 3787 655 3839 nota
688 3776 944 3838 habetur
962 3789 1102 3855 post
1135 3787 1413 3854 utrasque
1445 3775 1798 3838 Catecheses.

438 4010 658 4067 Πολλαὶ
692 4012 788 4084 μὲν
836 4009 1138 4087 ἒῤῥήθησαν
1201 4012 1277 4081 (6)
1319 4008 1408 4064 καὶ
1459 4008 1625 4064 eum
1674 4010 2013 4084 κατηχήσεις

371 4103 486 4156 κατ’
518 4101 756 4156 ἐνιαυτὸν
779 4097 1024 4170 ἕκαστον,
1054 4099 1143 4153 καὶ
1169 4099 1275 4173 πρὸ
1321 4103 1418 4154 τοῦ
1471 4096 1864 4173 βαπτίσματος.
1918 4098 2010 4152 καὶ

377 4191 510 4264 μετὰ
538 4192 600 4246 τὸ
661 4191 1016 4265 βαπτισθῆναι
1065 4189 1192 4243 τοὺς
1252 4187 1661 4264 νεοφωτίστους.
1702 4186 1906 4248 Ταύτας
1955 4184 2011 4241 δὲ

373 4282 562 4354 μόνας,
596 4280 650 4336 ἐν
677 4284 758 4351 τῷ
786 4279 1034 4354 λέγεσθαι
1063 4281 1172 4333 τῶν
1207 4274 1518 4330 σπουδαίων
1547 4275 1686 4337 τινὲς
1746 4269 2008 4330 ἐκλαϐόνο

363 4392 474 4439 τες,
509 4369 745 4446 ἔγραψαν
777 4368 828 4423 ὲν
860 4372 940 4440 τῷ
967 4372 1042 4440 (7)
1069 4367 1184 4443 τνβ⁸
1215 4363 1320 4420 ἔτει
1373 4371 1474 4434 τῆς
1519 4367 1617 4419 τοῦ
1667 4363 1869 4440 Κυρίου
1918 4365 2008 4419 καὶ

2195 4010 2388 4066 Multa:
2417 4009 2656 4082 quidem
2689 4013 2748 4064 et
2777 4009 2908 4064 alia:
2941 4007 3189 4079 singulis
3216 4009 3389 4062 annis
3419 4009 3590 4065 dictaa
3624 4018 3766 4068 sunt

2121 4102 2484 4170 catecheses,
2514 4107 2650 4156 ante
2681 4099 3042 4171 baptismum
3075 4104 3134 4153 et
3162 4105 3296 4169 post
3325 4101 3764 4172 Neophytorum

2119 4191 2503 4261 baptismum.
2540 4190 2654 4244 Has
2687 4195 2886 4244 autem
2919 4188 3092 4251 solas,
3119 4205 3254 4243 cum
3301 4191 3766 4261 pronuntiareno

2122 4285 2216 4333 tur
2230 4276 2872 4349 excipientes,studiosi
2897 4276 3137 4348 quidam
3157 4278 3766 4349 exscripseruntanno

2119 4369 2222 4422 852
2271 4367 2559 4422 adventus
2611 4366 2848 4421 Domini
2907 4371 2966 4421 et
3018 4366 3337 4421 Salvatoris
3385 4366 3574 4421 nostri
3628 4368 3767 4423 Jesu

375 4467 636 4536 Σωτῆρος
680 4462 842 4534 ἡμῶν
896 4460 1079 4530 Ἰησοῦ
1139 4459 1374 4532 Χριστοῦ
1420 4456 1739 4530 παρουσίας.
1796 4456 1883 4513 Ἐν
1934 4457 2018 4520 αἷς

2146 4455 2364 4512 3hristi.
2387 4456 2454 4511 In
2473 4454 2690 4526 quibus
2718 4454 3123 4527 particulatim
3150 4453 3412 4526 reperies
3435 4454 3766 4511 secundum

439 4715 514 4786 (1)
546 4716 625 4786 in
645 4712 847 4786 codice
878 4714 1028 4786 Aug.
1055 4711 1153 4766 hic
1192 4709 1523 4786 estntitulus
1550 4727 1562 4766 :
1597 4707 1858 4786 Περὶ-τῆς
1899 4703 2017 4786 δευ-

361 4778 516 4859 τέρας
549 4783 766 4859 ἐνδᾷξου
796 4778 1092 4859 παρουσίας
1121 4785 1228 4859 ⁸τοῦ
1266 4781 1536 4859 ΔΧριστοῦ,
1586 4778 1684 4859 παῖ
1727 4778 2018 4859 ἀτελευτή-

363 4852 458 4911 του
517 4852 818 4930 βασιλείας,
877 4852 975 4930 παὶ-
1016 4855 1139 4930 περί
1198 4852 1756 4930 τοῦ”Δντιχρίστοῌυ·
1819 4855 1890 4930 De
1937 4869 2016 4908 se-

364 4927 541 4984 cundo
572 4932 812 4984 adventu
845 4928 1052 4984 Christi
1081 4929 1342 4997 glorioso,
1378 4933 1430 4982 et
1460 4943 1631 4996 regno
1661 4927 1777 4980 sine
1794 4929 1903 4995 [ine
1931 4942 1943 4980 :
1968 4930 2018 4978 et

365 5002 431 5057 de
461 5003 816 5056 Antichristo.

435 5076 509 5142 (2)
545 5074 718 5128 Deest
745 5074 842 5123 τοῦ
873 5076 1011 5126 ante
1042 5067 1220 5143 ἁγίου,
1250 5074 1312 5143 et
1340 5069 1638 5143 habentur
1667 5073 1805 5123 ante
1836 5071 2014 5140 Παρα-

363 5140 594 5211 κλήτου,
628 5146 688 5199 in
721 5147 845 5216 Aug
884 5140 1518 5216 fundeiaddidimusin
1552 5146 1733 5216 textu.

436 5207 515 5286 (3)
543 5207 780 5272 Plenius
804 5207 1054 5286 Habetur
1072 5215 1166 5286 hic
1190 5213 1401 5286 titulus
1425 5210 1638 5286 incod.
1675 5214 1818 5286 Aug.
1843 5226 1855 5263 :
1885 5207 2012 5284 Περὶ

361 5281 460 5353 της
492 5286 796 5352 καθολικῆς
851 5283 1196 5351 Ἐκκλησίας,
1228 5282 1318 5336 καὶ
1377 5282 1499 5354 περὶ
1543 5281 1889 5354 Δἀναστάσεως
1931 5281 2014 5333 νε-

364 5351 527 5430 κρῶν.
563 5360 648 5413 καὶ
683 5351 805 5430 περί
834 5359 983 5430 ,ζωῆς
1013 5355 1264 5430 αἰωνίου·
1297 5354 1387 5408 καὶ
1433 5351 1558 5430 περὶ
1605 5351 1790 5430 ξλλων
1845 5370 2015 5430 διατη-

367 5424 607 5501 χήσεων,
635 5430 722 5485 καὶ
756 5427 1014 5500 ἐπίλογος
1049 5427 1170 5493 περὶ
1204 5424 1579 5501 σωφροσύνης,
1614 5427 1686 5480 De
1747 5424 2018 5501 catholica

367 5493 630 5571 Ecclesia,
665 5511 716 5556 et
748 5503 814 5556 de
841 5493 1236 5556 resurrectione
1263 5493 1643 5571 mortuorum:
1694 5503 1762 5571 et_
1790 5498 1856 5551 de
1901 5497 2018 5550 vita

366 5568 627 5630 eternaz'
647 5581 698 5629 et
729 5574 794 5627 de
821 5573 944 5630 aliis
971 5571 1356 5642 catechesibus,
1383 5575 1434 5624 et
1463 5568 1710 5640 epilogus
1726 5569 1791 5624 de
1815 5575 2016 5637 tempe-

367 5649 575 5700 rantia.

2197 4715 2274 4786 (4)
2314 4713 2380 4788 In
2439 4711 2663 4788 codice_
2698 4712 2883 4788 Augﬁ
2942 4710 3361 4788 MPAO’tan-‘ftxal
3423 4713 3769 4788 Κατηχήσεις

2124 4779 2280 4838 «the
2340 4783 2587 4840 Ἰωάννου
2645 4779 2944 4835 ἐπισῆόπου
3001 4779 3424 4854 Ἱεροσολύμων·
3500 4779 3771 4856 Μῄέιὶιρο-

2125 4860 2261 4926 gica
2321 4857 2630 4926 Catecheses
2686 4857 2929 4926 quinque
2985 4857 3217 4910 Joannis
3272 4858 3771 4926 Hierosolymorum

2126 4925 2370 4999 episcopi
2423 4925 3008 4999 Merndaninscriptio
3041 4927 3315 4995 errantis,
3351 4928 3440 4983 vel
3470 4925 3770 4985 errantem

2128 4995 2434 5071 sequentis
2461 4995 2709 5071 librarii.

2194 5067 2271 5142 (ii)
2303 5075 2524 5142 Horum
2556 5067 2827 5142 omnium
2860 5071 3241 5140 sequentium
3274 5071 3582 5142 titulorum
3614 5071 3765 5141 loco,

2125 5137 2362 5216 ἦθ’-Λαίς.
2399 5137 2820 5216 cod._habetur
2843 5137 3138 5216 iunium:
3194 5143 3319 5216 Περὶ
3368 5137 3765 5216 βαπτίσματος,

2127 5210 2461 5286 χρίσματος,
2488 5210 2740 5280 σώματος
2769 5210 2857 5264 καὶ
2889 5211 3123 5282 αἳματος
3153 5210 3409 5284 Χριστοῦ.
3462 5217 3537 5269 De
3577 5210 3770 5286 ’ὀαρίὶ-

2125 5285 2314 5351 smate,
2347 5285 2652 5338 chrismate.
2689 5298 2912 5353 corpore
2943 5292 2994 5339 et
3025 5290 3288 5353 sanguine
3324 5289 3562 5340 Homini.

2197 5359 2273 5422 (6)
2310 5360 2370 5408 In
2405 5353 2672 5427 Groclecii
2699 5356 2968 5427 versione
2993 5357 3255 5422 additur,
3289 5375 3322 5412 a
3353 5358 3580 5427 Cyrillo.

2198 5429 2269 5500 (7)
2303 5429 2364 5480 In
2393 5424 2589 5500 pttob.
2624 5423 2862 5500 COd.,r’e'v
2894 5431 2972 5496 τῷ
3001 5423 3412 5500 τριακοσιοστῷ
3461 5446 3770 5500 τριακοστῳ

2128 5492 2360 5567 δευτερῳ
2392 5492 2515 5550 ἔτει.
2550 5500 2760 5551 Annus
2786 5499 2908 5560 352,
2942 5492 3268 5558 secundum
3293 5492 3770 5555 numerationem

2128 5570 2459 5624 Graecorum
2491 5574 2581 5623 est
2610 5585 2742 5622 tera;
2769 5571 3119 5626 Christianas
3151 5575 3275 5641 360,
3309 5587 3501 5626 annus
3533 5571 3657 5638 332,
3681 5574 3770 5624 est

2127 5642 2340 5696 Christi
2374 5644 2495 5695 340.
