4108 6270
274 255 407 335 327
1371 261 1762 326 MONITUM
1806 258 1885 317 IN
1928 254 2623 317 PROCATECHESIM.
3581 253 3703 315 328

285 408 512 463 divinas
543 404 874 474 Scripturas
896 400 1261 471 disputatum
1296 396 1368 452 de
1400 395 1683 452 omnibus
1739 407 1907 447 neces

2070 384 2300 458 ιὺρήσεις
2333 383 2391 439 ἐκ
2449 384 2665 458 μέρους,
2726 386 2864 440 κατὰ
2916 384 3011 447 τὰς
3073 383 3217 447 θείας
3271 382 3510 461 Γραφὶς,
3568 381 3692 460 περὶ

289 496 461 553 sariis
485 493 623 549 ﬁdei
654 471 1048 565 dogmatibus,
1084 506 1215 559 quae
1238 487 1313 543 ad
1340 486 1644 541 hominum
1666 483 1911 538 notitian

2078 476 2265 529 πάντων
2299 474 2604 551 ἀναγκαίων
2634 482 2734 545 τῆς
2765 475 2999 538 πίστεως
3050 472 3337 550 δογμάτων
3381 478 3491 529 τῶν
3546 471 3700 552 ὀφει-

286 586 487 641 venire
519 582 740 638 debent
773 599 785 647 ;
821 586 878 635 et
909 584 1243 651 opportuna
1278 581 1487 631 contra
1535 577 1788 640 Graecos,
1842 588 1908 626 eo

2077 564 2264 620 ιόντων
2295 564 2373 628 εἷς
2405 570 2605 639 γνῶσιν
2637 565 2938 638 ἀνθρώπων
2966 564 3163 620 ἐλθεῖν
3197 567 3267 635 (1‘,
3317 564 3406 618 καὶ
3455 564 3523 618 τὰ
3558 561 3699 637 πρὸς

292 675 392 746 qui
425 690 495 729 ex
527 670 982 727 circumcisione
1016 674 1174 733 sunt,
1207 672 1265 722 et
1298 667 1555 721 haereses
1583 681 1596 731 ;
1630 669 1689 718 et
1747 677 1914 716 mora

2085 652 2354 725 Ελληνας,
2381 655 2473 711 καὶ
2504 655 2631 718 τοὺς
2662 654 2722 710 ἐκ
2755 657 3084 730 περιτομῆς,
3115 654 3206 708 καὶ
3236 653 3374 729 πρὸς
3404 654 3500 716 τὰς
3555 650 3707 727 αἱρὲ-

290 762 372 817 lia
400 761 595 817 omnis
626 759 861 832 generis
891 757 965 814 ad
990 756 1361 813 Christianos
1409 754 1786 820 documenta,
1838 753 1912 806 De

2140 764 2181 805 ς’
2213 745 2302 800 καὶ
2360 748 2428 801 τὰ
2484 748 2651 817 ἠθικᾶ
2709 751 3051 823 Χριστιανῶν
3110 751 3337 800 παντοῖα
3391 743 3704 822 παραγγέλ-
3758 787 3762 793 .

290 849 500 922 gratia.

2057 857 2218 909 ματα,
2249 842 2383 893 Θεοῦ
2414 837 2600 913 χάριτι
2613 881 2624 895 .

362 1032 440 1103 (1)
472 1032 697 1087 Desunt
724 1029 850 1084 haec
880 1031 1181 1100 postrema
1210 1025 1388 1082 verba
1416 1025 1480 1080 in
1512 1021 1779 1079 Grodecii
1806 1021 2322 1094 interpretatione,
2356 1025 2416 1078 et
2443 1020 2638 1078 Ottob.
2670 1020 2808 1080 cod.

961 1346 1228 1404 (θωνα)
1274 1354 1831 1445 MONITUM
1877 1354 1994 1442 1N
2045 1350 3030 1441 I’ROCA'I‘ECHESIM.

374 1722 421 1779 Ι.
457 1713 737 1777 Praevius
766 1713 882 1787 hic,
931 1722 1107 1792 atque
1133 1711 1225 1772 uti
1242 1720 1417 1772 extra
1435 1710 1802 1772 catecheseon
1826 1709 2095 1772 ordinem
2114 1718 2204 1771 est
2226 1727 2420 1771 sermo
2449 1729 2474 1787 ,ο
2495 1709 2558 1770 in
2578 1728 2692 1791 quo
2718 1706 3021 1770 auditores
3039 1726 3195 1781 suos,
3219 1707 3379 1769 datis
3401 1709 3482 1769 ad
3506 1707 3695 1789 bapti-

291 1836 477 1878 smum
531 1812 1012 1892 Qnadragesimx
1043 1811 1216 1871 initio
1246 1807 1596 1880 nominibus,
1631 1808 1701 1869 de
1728 1811 1873 1870 novi
1896 1818 2084 1871 status
2111 1810 2209 1869 sui
2234 1806 2586 1869 excellentia
2614 1816 2669 1867 et
2695 1806 2915 1888 ofﬁciis
2943 1805 3108 1867 docet
3154 1805 3349 1887 (num.
3389 1809 3447 1879 1,
3482 1811 3541 1884 6,
3576 1807 3642 1887 8)
3668 1824 3684 1880 ;

293 1933 521 1994 quoque
539 1911 710 1971 modo
730 1931 902 1971 suum
926 1908 1085 1969 illud
1104 1907 1579 1972 Christianitatis
1601 1906 2035 1979 tirocinium,se
2055 1904 2137 1967 ad
2157 1905 2513 1983 baptismum
2535 1906 2863 1984 diligenter
2883 1914 2939 1965 et
2960 1924 3033 1967 ex
3048 1911 3252 1966 animo
3265 1904 3698 1986 praeparando,

292 2017 625 2090 transigere
654 2009 922 2071 debeant.
957 2007 1030 2070 In
1053 2008 1272 2085 primis
1300 2006 1590 2066 sincerum
1618 2014 1673 2065 et
1699 2003 1869 2065 nulla
1894 2025 2090 2087 prava
2108 2007 2433 2065 intentione
2450 2006 2720 2083 fucatam
2744 2003 3026 2085 baptismi
3042 2003 3401 2065 desiderium
3420 2004 3699 2089 requirit,

294 2111 464 2189 cujus
493 2108 724 2187 de/ectu
750 2126 868 2167 non
889 2104 1075 2166 solum
1108 2103 1354 2175 inutilis,
1388 2105 1487 2164 sed
1515 2113 1572 2164 et
1596 2103 1943 2184 perniciosa
1999 2102 2180 2182 hujus
2211 2102 2360 2163 doni
2390 2108 2676 2181 susceptio
2704 2111 2924 2179 futura
2951 2104 3048 2162 sit.
3089 2101 3312 2178 Quanti
3335 2103 3602 2182 periculi
3622 2107 3703 2162 sit

294 2227 425 2268 rem
451 2207 608 2267 male
635 2205 761 2265 sine
789 2210 1023 2264 sincera
1044 2203 1240 2263 animi
1266 2201 1601 2262 inductione
1628 2202 1894 2281 experiri
1919 2200 2171 2262 ostendit
2196 2200 2287 2279 (η.
2313 2201 2373 2273 2,
2396 2201 2454 2280 3)
2482 2199 2750 2261 adductis
2771 2198 3037 2261 Simonis
3053 2200 3246 2280 Magi,
3272 2210 3329 2260 et
3346 2201 3601 2261 convivae
3621 2198 3705 2260 ad

294 2307 538 2386 nuptias
566 2306 691 2364 sine
717 2302 991 2365 candida
1020 2308 1170 2360 veste
1200 2301 1485 2360 venientis
1512 2301 1795 2377 exemplis
1826 2304 1871 2340 ‘7
1902 2318 1916 2360 :
1950 2311 2080 2360 tum
2114 2300 2395 2360 hortatur
2425 2298 2506 2377 (ιι.
2542 2303 2601 2371 4,
2636 2299 2720 2379 5).
2754 2308 2821 2357 ut
2848 2300 3061 2380 siquis
3080 2318 3196 2359 non
3221 2298 3370 2359 bona
3391 2311 3584 2360 mente
3604 2306 3703 2360 in-

289 2424 519 2486 gressus
546 2403 1019 2479 /uerit,pravam
1041 2396 1478 2479 dispositionem
1502 2397 1665 2458 illico
1686 2396 2302 2477 abjiciens,meliorem
2321 2405 2555 2472 sumat;
2578 2405 2755 2475 atque
2772 2396 2855 2457 ad
2877 2396 2940 2456 id
2961 2405 3260 2477 conspecto
3288 2398 3707 2459 ecclesiastico-

290 2524 423 2565 rum
447 2511 829 2564 conventuum
850 2498 1061 2560 ordine
1080 2508 1133 2558 et
1158 2497 1471 2577 majestate
1484 2516 1803 2575 permovea
1814 2501 2153 2569 'ur,multos
2167 2515 2355 2575 prave
2374 2495 2680 2557 accessisse
2695 2505 2752 2556 et
2766 2497 2829 2556 in
2842 2495 3061 2556 melius
3076 2506 3334 2557 mutatos
3347 2516 3698 2559 memorans.

299 2601 472 2678 Quod
498 2595 899 2661 catechumeni
926 2606 982 2656 et
1014 2594 1402 2655 illuminandi
1427 2594 1749 2654 discrimen
1780 2597 1856 2654 sit
1885 2597 2073 2674 refert
2100 2594 2189 2675 (n.
2224 2596 2285 2674 6)
2312 2611 2325 2653 :
2363 2593 2514 2654 hunc
2531 2594 2677 2673 jam
2698 2594 2944 2655 ﬁdelem
2968 2594 3107 2665 dici,
3137 2615 3252 2676 quo
3273 2601 3513 2656 nomine
3531 2594 3702 2657 Dem

296 2708 420 2780 ipse
448 2697 750 2778 gaudeat;
786 2694 920 2754 bens
948 2690 1391 2772 suscipiendum
1420 2692 1599 2751 semel
1634 2692 1922 2772 baptisma
1968 2728 2004 2764 ι,
2035 2700 2144 2774 qui
2163 2713 2281 2755 non
2312 2695 2565 2754 iteretur
2582 2697 2638 2754 si
2657 2690 2807 2754 male
2825 2695 3212 2769 successerit;
3235 2713 3370 2754 nam
3393 2693 3692 2755 haereticos

297 2798 448 2859 solos
476 2792 863 2874 rebaptizari,
887 2791 1032 2872 quia
1051 2810 1221 2870 quem
1239 2791 1410 2868 prius
1431 2800 1774 2868 receperant
1796 2790 1994 2852 nullus
2014 2799 2239 2867 fuerat.
2274 2791 2516 2854 Omnem
2538 2790 2856 2852 voluntatis
2875 2789 3062 2863 bona,
3083 2801 3306 2871 praeter
3326 2811 3501 2871 quam
3538 2790 3689 2851 Deus

300 2894 462 2956 nihil
478 2893 751 2973 requirit,
777 2890 1143 2969 diligentiam
1166 2887 1434 2949 adhiberi
1451 2887 1735 2968 praecipit
1756 2889 1842 2967 (n.
1867 2891 1950 2968 7).
1970 2887 2355 2951 Exorcismos
2373 2888 2996 2968 studiosesuscipiant,
3010 2889 3221 2969 quibus
3234 2891 3435 2951 anima
3456 2887 3611 2950 velut
3638 2889 3703 2950 in

298 3000 545 3073 fomace
562 3010 674 3066 per
695 2988 995 3069 Spiritum
1022 2995 1286 3046 sanctum
1307 3004 1344 3045 a
1359 2988 1611 3066 peccatis
1627 2985 2361 3069 purgatur,libcraturque
2385 3006 2421 3048 a
2444 2986 2803 3048 daemonibus
2825 2986 2910 3067 (n.
2937 2989 2998 3059 8,
3022 2988 3109 3067 9).
3137 2986 3543 3075 Catechesi'bus
3560 2987 3705 3048 assi-

302 3091 411 3152 dui
434 3088 637 3152 adsint
664 3087 751 3167 (n.
788 3087 889 3164 10)
917 3106 930 3146 :
967 3086 1026 3145 in
1058 3084 1149 3143 his
1177 3085 1331 3145 enim
1362 3102 1533 3145 arma
1561 3087 1842 3144 adversus
1861 3082 2114 3157 Judxos,
2151 3085 2520 3159 Samaritas,
2550 3086 2802 3164 gentiles
2823 3095 2879 3145 et
2910 3083 3214 3145 haereticos
3233 3086 3396 3145 sumi
3436 3088 3525 3165 (η.
3562 3084 3662 3163 Η)
3690 3104 3703 3146 :

300 3189 641 3265 nullamque
658 3192 783 3246 sine
811 3190 991 3244 totius
1012 3182 1295 3243 doctrina
1323 3182 1382 3241 in
1402 3182 1483 3241 eis
1499 3201 1611 3261 per
1638 3181 1907 3243 ordinem
1929 3182 2168 3244 traditae
2189 3182 2495 3263 dispendio
2505 3184 2776 3257 permitti
2800 3183 2889 3263 (n.
2920 3185 2949 3243 1
2964 3186 3024 3264 2)
3051 3200 3065 3254 ;
3089 3192 3365 3244 caeterum
3391 3181 3472 3243 ibi
3496 3181 3713 3243 audita

301 3304 499 3346 coram
525 3281 1162 3351 catechumenis,ctiam
1186 3280 1411 3339 curiose
1425 3280 1942 3357 percunctantibus
1965 3279 2165 3342 sedulo
2188 3289 2415 3360 tegant.
2444 3280 2609 3356 Quid.
2622 3290 2761 3343 ante
2784 3280 2996 3342 horum
3018 3282 3494 3342 exorcismorum
3533 3279 3712 3342 eccle-

299 3383 448 3442 siam
474 3390 612 3441 ante
632 3379 779 3440 alios
802 3375 1253 3456 ingrcssis,quid
1277 3376 1734 3436 exorcismorum
1757 3384 2015 3454 tempore
2032 3379 2374 3456 faciendum
2392 3378 2831 3461 praescribit(n.
2860 3380 2957 3449 13,
2985 3381 3107 3457 14).
3138 3378 3719 3458 Deniquecommen-

304 3480 443 3541 data
462 3476 650 3539 noctis
667 3474 991 3557 paschalis,
1014 3493 1133 3555 qua
1156 3472 1505 3553 baptizandi
1526 3482 1714 3545 erant,
1749 3474 2107 3549 celebritate,
2135 3485 2189 3536 et
2214 3486 2450 3537 ostenszs
2472 3475 2749 3557 baptismi
2780 3476 2944 3537 bonis
2975 3477 3060 3551 (n.
3097 3479 3196 3555 15,
3257 3477 3382 3557 16),
3438 3476 3721 3556 diligenti

305 3596 376 3640 ac
404 3576 606 3638 sedula
630 3574 712 3637 ad
738 3575 996 3635 omnium
1030 3572 1312 3633 bonorum
1342 3591 1585 3651 operum
1614 3571 2093 3635 exercitationem
2122 3576 2541 3636 exhortatione
2568 3595 2890 3637 sermonem
2920 3574 3223 3637 concludit
3251 3574 3339 3654 (η.
3377 3577 3473 3647 1'7,
3511 3574 3634 3655 18).

388 3673 756 3736 ILPlurima
777 3680 914 3732 sunt
934 3671 998 3730 in
1021 3669 1130 3730 hac
1155 3672 1421 3730 oratione
1441 3670 1810 3731 eruditorum
1849 3672 2358 3736 animadversione
2375 3671 2977 3753 digna.Consuetudo
2993 3691 3233 3733 nomina
3250 3672 3331 3733 ad
3350 3672 3715 3753 baptismum

306 3773 485 3833 initio
524 3768 1011 3850 Quadragesimte
1043 3766 1238 3828 dandi
1255 3767 1347 3847 (ο.
1373 3770 1400 3827 1
1431 3773 1493 3829 et
1514 3769 1576 3849 4)
1600 3788 1614 3828 :
1641 3768 1730 3829 ibi
1742 3768 2244 3831 catechumenatus
2264 3771 2408 3852 ﬁnis
2424 3781 2481 3832 et
2497 3781 2734 3853 sumpta
2755 3769 3027 3853 ﬁdelium
3045 3769 3371 3850 appellatio
3397 3770 3484 3848 (n.
3502 3776 3565 3831 et
3589 3770 3713 3850 12):

304 3890 439 3951 quae
462 3868 747 3931 Ecclesix
771 3865 1341 3947 Hierosolymitanae
1359 3877 1485 3945 fere
1499 3867 1790 3946 propria:
1812 3869 1897 3927 vis
1911 3874 2372 3929 exorcismorum
2399 3868 2489 3948 (η.
2511 3868 2600 3948 9),
2627 3869 2911 3949 baptismi
2926 3866 2997 3929 ab
3016 3867 3307 3929 hxrelicis
3324 3867 3452 3927 dati
3472 3868 3719 3928 nullitas

300 3970 389 4049 (η.
421 3970 504 4049 7),
529 3965 827 4027 silentium
847 3965 1274 4044 mysteriorum
1295 3982 1500 4024 coram
1521 3965 1956 4025 catechumem‘s
1978 3968 2062 4040 (η.
2091 3967 2213 4046 12),
2237 3965 2393 4028 dura
2412 3975 2471 4026 et
2490 3964 2786 4027 laboriosa
2810 3966 3303 4046 baptizandorum
3320 3985 3439 4047 per
3451 3964 3721 4047 quadra-

304 4068 479 4152 ginta
508 4065 631 4126 dies
663 4065 1012 4125 exercitatio
1043 4063 1132 4141 (η.
1159 4067 1219 4133 4,
1244 4063 1340 4133 13,
1369 4064 1468 4129 15,
1503 4062 1624 4142 16).
1653 4062 2017 4125 Clericorum
2049 4063 2331 4124 adversus
2358 4083 2453 4124 eos
2482 4062 2817 4143 vigilantia
2845 4072 2901 4125 et
2928 4064 3221 4135 studium,
3253 4074 3363 4125 ctc.

390 4169 438 4228 Il
452 4163 736 4226 LHabita
758 4171 841 4222 est
858 4161 977 4222 hxc
991 4163 1185 4222 oratio
1205 4159 1382 4220 initio
1407 4160 1988 4240 0uadragesimx,ex
2006 4161 2099 4222 his
2119 4161 2312 4223 verbis
2333 4165 2539 4222 mth
2559 4164 2717 4223 :Non
2733 4181 2991 4241 parvam
3015 4162 3211 4222 habes
3226 4162 3715 4241 temporisinter-

307 4261 650 4346 capedinem
671 4281 693 4321 .·
719 4259 1067 4339 paenitentia
1091 4259 1252 4335 quad
1265 4259 1510 4335 raginta
1529 4260 1769 4320 dierum
1792 4259 1903 4319 tibi
1925 4260 2131 4320 datur.
2156 4259 2296 4340 Ipsa
2315 4265 2518 4340 prima
2533 4258 3009 4340 Quadragesz'mx
3034 4263 3357 4320 Dominica
3376 4269 3720 4339 peroratum

310 4382 425 4425 esse
445 4381 519 4422 ex
540 4358 632 4419 his
647 4357 835 4419 causis
856 4356 1141 4434 conjicio:
1178 4359 1234 4414 ιο
1255 4356 1415 4436 quod
1430 4367 1722 4437 sequentes
1752 4367 2012 4439 quatuor
2032 4358 2347 4418 catecheses
2376 4356 2470 4417 ini
2475 4359 2558 4417 tio
2594 4358 3077 4439 Quadragesimx
3097 4376 3343 4439 cumque
3370 4366 3495 4419 tota
3525 4356 3723 4420 adhuc

310 4458 681 4522 decurrendo
716 4455 1003 4528 esset,sint
1029 4453 1229 4526 dictx;
1256 4472 1330 4514 ex
1356 4463 1473 4514 cat.
1499 4473 1580 4528 IV,
1615 4474 1676 4514 η.
1701 4457 1770 4528 3;
1798 4457 1859 4514 2°
1892 4454 2054 4535 quod
2071 4473 2269 4515 coram
2298 4455 2570 4516 universo
2593 4454 2871 4516 Ecclesiae
2900 4465 3048 4516 οδω
3075 4464 3132 4515 et
3156 4453 3290 4535 ipsa
3315 4455 3376 4514 in
3398 4455 3723 4537 synaximt

312 4554 509 4633 credo,
530 4559 925 4635 pronuntiata
944 4550 1025 4612 sit
1048 4573 1062 4623 ;
1090 4550 1179 4611 his
1204 4552 1356 4611 enim
1378 4549 1570 4611 verbis
1588 4550 1906 4631 compellat
1922 4571 2051 4612 eum
2073 4551 2357 4631 quimala
2378 4562 2567 4614 mente
2588 4551 2941 4623 accessisset,
2961 4552 3292 4614 n.4.Vides
3303 4552 3719 4614 venerandam

315 4653 479 4713 hanc
502 4651 793 4714 Ecclesiae
812 4648 1084 4730 speciem
1100 4652 1129 4710 ?
1155 4648 1325 4711 vides
1373 4648 1657 4708 ordinem
1675 4665 1749 4710 ac
1773 4648 2190 4726 disciplinam,
2217 4650 2682 4729 Scripturarum
2711 4649 3064 4724 lectionem,
3109 4651 3554 4712 canonicarnm
3575 4666 3717 4727 per-

313 4768 609 4812 sonarum
640 4747 1059 4828 prmsentiam,
1122 4745 1387 4808 docendi
1423 4744 1708 4805 ordinem
1741 4763 1815 4807 ac
1845 4745 2066 4807 seriem
2086 4746 2116 4805 ‘l
2152 4744 2317 4825 dum,
2348 4756 2414 4807 ut
2433 4767 2540 4827 ego
2572 4750 2959 4827 interpretor,
2999 4747 3213 4826 plures
3253 4745 3609 4829 presbyteri,
3661 4755 3721 4807 et

310 4858 604 4929 postremo
637 4850 759 4909 loco
786 4847 1092 4929 episcopus
1118 4844 1586 4907 concionaretur.
1618 4841 1947 4916 Praeterea,
1978 4853 2137 4904 caret
2170 4843 2292 4905 hac
2315 4847 2513 4906 oratio
2545 4846 2787 4906 lectione
2812 4847 3157 4925 Scriptura
3194 4855 3537 4906 exterarum
3565 4852 3722 4905 cate-

316 4944 551 5006 cheseon
582 4945 752 5004 initio
777 4945 1040 5026 praeﬁxa
1066 4961 1080 5003 :
1112 4942 1284 5022 cujus
1314 4941 1406 5001 rei
1429 4939 1657 5001 nullam
1686 4938 1871 5001 aliam
1900 4958 2140 5001 causam
2172 4942 2431 5022 reperio,
2463 4942 2586 5002 nisi
2635 4939 2797 5023 quod
2852 4952 3078 5003 exterae
3124 4942 3441 5002 catecheses
3489 4942 3550 5002 in
3593 4960 3730 5001 con-

312 5051 485 5104 ventu
519 5042 767 5120 proprio
795 5052 851 5101 et
877 5040 959 5101 ad
984 5059 1110 5101 eam
1142 5059 1261 5100 rem
1290 5036 1654 5099 solummodo
1685 5038 1961 5115 deputata
1992 5038 2205 5100 habitat
2242 5038 2364 5100 sint
2390 5060 2405 5110 ;
2463 5039 2585 5101 hxc
2641 5042 2702 5101 in
2752 5038 3097 5101 dimissione
3153 5038 3721 5110 illuminandorum,

315 5149 632 5217 antequam
664 5134 929 5215 ﬁdelium
961 5138 1136 5195 missa
1170 5134 1575 5195 inchoaretur.
1614 5134 1835 5199 Clausa
1861 5144 1991 5196 erat
2014 5135 2255 5197 ecclesia
2293 5156 2354 5196 η.
2418 5139 2517 5205 14,
2549 5146 2604 5196 et
2651 5135 2882 5197 exclusi
2926 5134 3338 5197 catechumeni
3359 5156 3417 5195 η.
3456 5138 3553 5197 12.
3585 5133 3723 5197 Jam

314 5235 558 5297 nomina
587 5229 872 5294 dederant
899 5233 980 5294 ad
1008 5233 1356 5313 baptismum
1386 5232 1800 5307 Illuminandi,
1833 5253 2032 5294 omnes
2058 5233 2255 5304 simul,
2290 5243 2468 5315 atque
2498 5234 2628 5315 ipsa
2674 5235 2949 5311 fortassis
2978 5234 3097 5307 die,
3127 5242 3194 5293 ut
3221 5254 3296 5293 ex
3344 5234 3509 5295 dictis
3559 5253 3621 5293 η.
3658 5234 3716 5306 1,

322 5338 381 5410 3,
414 5338 476 5394 et
499 5336 535 5394 5
568 5331 845 5412 conjicio.
877 5329 1013 5391 Jam
1047 5327 1308 5410 primum
1337 5329 1540 5390 saltem
1566 5331 1957 5392 exorcismum
1975 5342 2367 5413 susceperant,
2418 5337 2591 5413 cujus
2620 5333 2712 5393 rei
2738 5330 2925 5392 ritum
2955 5329 3235 5392 describit
3264 5351 3429 5393 num.
3461 5335 3521 5392 9.

395 5522 442 5559 ⁸⁷
474 5525 601 5580 Act.
634 5539 729 5592 vn,
763 5523 929 5577 18-24
956 5539 970 5589 ;
1003 5520 1199 5576 Matth.
1235 5537 1370 5589 nn,
1407 5522 1596 5577 11-13.
