4134 6264
264 432 390 495 329
1397 427 1763 490 MONITUM
1807 425 1882 488 IN
1928 427 2612 493 PROCA'I‘ECHESIM.
3578 441 3696 502 330

347 565 452 628 IV.
484 561 956 624 Procatechesis
983 561 1234 642 dicitur,
1264 562 1446 643 quasi
1466 567 1612 624 ante
1641 560 1999 623 catecheses
2027 560 2214 636 dicta,
2245 572 2300 624 et
2325 563 2530 626 iisdem
2551 564 2865 628 audiendis
2878 578 3330 650 praeparatum.
3357 570 3594 635 Similis
3609 584 3699 636 est

265 661 613 746 argumenti
640 681 775 724 cum
799 667 1000 742 primo
1033 659 1146 722 illo
1172 681 1206 721 e
1229 679 1336 722 sex
1361 660 1836 722 Institutionum
1871 660 2071 728 libris.
2108 681 2253 741 quos
2280 680 2319 723 a
2348 661 2538 725 Nicea
2566 664 2751 744 (forte
2785 667 3055 748 Aniceto)
3106 667 3391 731 Romanae
3428 671 3692 735 civitatis

266 762 560 845 episcopo,
596 758 695 822 vel
712 766 923 842 potius
952 759 1028 820 ab
1055 763 1266 841 aliquo
1285 759 1507 820 similis
1527 759 1784 820 nominis
1805 760 1939 840 ejus
1957 759 2240 822 Ecclesiae
2253 763 2604 844 presbytero
2631 771 2884 847 scriptos
2904 765 3057 827 dicit
3081 767 3378 843 Gennad.,
3404 771 3688 850 Catalog.

273 880 404 940 cap.
437 862 539 932 23,
571 877 823 940 quorum
847 863 1083 939 primus
1112 857 1479 929 continebat,
1513 858 1787 936 qualiter
1814 877 1878 918 se
1911 857 2185 920 debeant
2213 877 2400 938 agere
2439 871 2886 942 competentes,
2923 865 3073 945 quia
3103 867 3182 927 ad
3215 866 3514 946 baptismi
3544 889 3690 948 gra-

274 959 424 1020 tiam
453 959 718 1037 cupiunt
751 955 1098 1036 pervenire.
1134 955 1371 1017 Similis
1400 965 1483 1016 est
1508 962 1691 1017 etiam
1738 960 2198 1036 Augustiniano
2256 964 2525 1022 sermoni
2546 963 2684 1033 216,
2719 961 2801 1024 ad
2833 965 3238 1046 Competentes
3288 965 3472 1028 dicto.
3540 967 3694 1032 Cum

272 1055 587 1138 singulare
617 1066 796 1137 atque
823 1059 1068 1116 unicum
1087 1061 1168 1114 sit
1191 1053 1299 1114 hoc
1323 1052 1728 1134 Cgrillianum
1761 1055 2184 1118 Catecbeseon
2217 1078 2385 1138 opus,
2417 1058 2646 1120 nullibi
2665 1061 2822 1122 alias
2841 1065 3045 1143 reperi
3060 1082 3263 1124 vocem
3283 1067 3690 1128 Procatecbe-

276 1156 358 1216 sis
384 1154 590 1216 eodem
614 1173 729 1236 quo
758 1151 856 1214 hic
882 1172 1060 1214 sensu
1089 1161 1440 1234 usurpatam
1465 1173 1488 1220 ;
1517 1153 1650 1235 ipsa
1679 1160 1864 1216 etiam
1892 1174 2005 1216 vou
2036 1175 2180 1217 raro
2211 1157 2271 1217 in
2299 1159 2690 1240 scriptoribus
2715 1160 3127 1223 ecclesiasticis
3158 1164 3448 1226 occurrit.
3487 1163 3687 1228 Unum

270 1259 514 1318 memini
542 1274 633 1315 me
655 1255 854 1332 legere
884 1257 1074 1313 locum
1106 1252 1271 1333 apud
1300 1252 1612 1331 Cyrillum
1641 1253 2127 1315 Alexandrinum
2157 1256 2536 1336 [CCLXVIII]
2565 1257 2671 1319 lib.
2700 1277 2767 1333 ιι,
2802 1259 2868 1319 in
2893 1261 3100 1338 Joan.,
3131 1263 3214 1324 ad
3236 1281 3370 1345 cap.
3403 1280 3497 1339 ιιι,
3528 1284 3684 1327 vers.

270 1358 372 1428 22,
399 1373 547 1436 pag.
583 1355 697 1415 157
722 1351 948 1425 A,dum
978 1352 1068 1412 ait
1098 1349 1281 1431 legem
1303 1350 1626 1413 Mosaicam
1653 1359 1839 1432 fuisse
1853 1356 2467 1432 prwexercitationem
2490 1356 2810 1437 quamdam
2841 1377 2914 1419 ac
2931 1365 3221 1440 praevium
3253 1363 3680 1426 institutionem

274 1452 354 1515 ad
381 1453 604 1514 cultum
638 1449 1015 1532 spiritualem
1057 1469 1225 1511 novae
1257 1449 1431 1528 legis,
1453 1449 1860 1529 προγύμνασμά
1888 1470 1906 1503 σι

1704 1449 1860 1523 ιασμά
1888 1470 1938 1504 τι
1969 1450 2058 1504 καὶ
2091 1452 2514 1526 προκατήχησις
2542 1459 2643 1522 τῆς
2672 1451 2724 1507 ἐν
2755 1453 3020 1528 πνεύματι
3053 1454 3336 1531 λατραίαε.

354 1553 427 1613 ν.
466 1551 613 1614 Cum
643 1558 856 1611 caetera
884 1549 1206 1611 catecheses
1231 1554 1530 1629 praevium
1576 1541 1875 1627 quoddam
1906 1543 1974 1602 in
2002 1543 2394 1623 inscriptione
2449 1543 2700 1605 habeant
2754 1557 3205 1626 argumentum,
3263 1549 3424 1630 quod
3470 1570 3594 1611 rem
3626 1551 3690 1612 in

272 1668 627 1732 unaquaque
658 1656 984 1709 tractatam
1015 1647 1258 1721 indicet,
1292 1645 1522 1707 nullum
1552 1651 1616 1703 in
1662 1641 2084 1723 manuscriptis
2113 1648 2173 1701 et
2198 1641 2366 1702 editis
2395 1641 2703 1703 codicibus
2758 1645 3199 1707 Procatechesi
3229 1649 3583 1710 ascribitur.
3617 1650 3692 1711 In

269 1752 316 1811 A
329 1758 629 1830 ugustano
648 1756 848 1808 tamen
871 1744 1157 1819 indiculo,
1183 1764 1364 1826 quem
1379 1743 1650 1823 superius
1668 1740 1841 1817 editi,
1866 1760 1900 1799 r

2056 1741 2164 1800 'tur
2182 1739 2344 1800 istud
2362 1757 2376 1800 :
2413 1738 2544 1813 Περὶ
2572 1743 2670 1794 τοῦ
2699 1741 2775 1812 μή
2807 1745 3082 1817 πειρᾶσαι·
3110 1747 3197 1806 De
3214 1763 3340 1806 non
3364 1749 3688 1822 tentando;

267 1868 377 1910 nec
402 1857 638 1920 temere,
670 1865 802 1907 cum
833 1853 957 1906 tota
985 1851 1116 1922 fere
1147 1845 1214 1904 in
1238 1843 1346 1905 hoc
1375 1850 1640 1905 versetur
1666 1840 1888 1910 oratio,
1941 1858 2016 1899 ne
2055 1857 2252 1920 prava
2299 1837 2694 1917 dispositione
2723 1850 2780 1900 et
2821 1843 3152 1922 imperatus
3193 1854 3302 1905 aut
3346 1845 3590 1908 auditor
3611 1849 3698 1909 ad

266 1950 616 2031 baptismum
648 1945 912 2017 accedat,
947 1946 1131 2027 quasi
1153 1943 1495 2026 periculum
1524 1942 1615 2003 rei
1640 1941 1907 2024 proprias
1924 1938 2135 2001 salutis
2156 1939 2476 2019 dispendio
2496 1948 2795 2016 facturus.
2823 1949 2954 2006 Cur
2980 1944 3152 2005 nulla
3170 1947 3445 2025 specialis
3476 1947 3689 2030 Scrip-

272 2059 424 2110 tura
454 2047 648 2121 lectio,
681 2045 836 2106 sicut
858 2051 922 2105 in
949 2043 1327 2126 sequentibus
1353 2040 1719 2103 sermonibus
1747 2047 2002 2118 factum,
2035 2039 2216 2099 istum
2243 2037 2567 2119 praecedat,
2611 2041 3019 2120 conjecturam
3052 2063 3240 2104 meam
3294 2049 3608 2126 assignavi
3628 2067 3689 2108 n.

270 2149 333 2219 3,
365 2149 426 2218 4,
463 2145 789 2226 lectumque
814 2145 999 2225 fuisse
1031 2141 1264 2204 videtur
1297 2141 1609 2221 speciatim
1639 2143 1972 2216 capitulum
2001 2156 2076 2198 ex
2105 2138 2314 2218 Epist.
2347 2137 2605 2198 Roman.
2636 2158 2768 2220 cap.
2821 2159 2919 2209 v1;
2965 2141 3191 2202 dicitur
3220 2150 3380 2205 enim
3408 2164 3578 2208 num.
3613 2150 3648 2208 5
3675 2164 3689 2206 :

273 2244 526 2306 Audisti
555 2241 927 2322 Apostolum
960 2241 1274 2302 dicentem
1311 2267 1326 2301 ε
1361 2240 1410 2274 ⁴⁸
1447 2257 1464 2313 ;
1511 2238 1739 2300 Mortui
1770 2236 2024 2316 quidem
2058 2241 2319 2315 peccato
2348 2236 2628 2297 viventes
2658 2245 2868 2299 autem
2896 2239 3160 2318 justitiae
3190 2261 3229 2301 >>

355 2344 461 2404 VI.
494 2341 568 2403 In
597 2341 796 2402 codice
827 2338 1117 2401 Grodecii
1147 2348 1200 2400 et
1228 2339 1668 2418 Prevotii,post
1696 2334 1876 2397 verba
1912 2333 2414 2405 lituli,habentur
2445 2333 2563 2394 ista
2597 2352 2612 2395 :
2647 2333 2830 2410 Κύριε,
2865 2334 3184 2410 εὐλόγησον,
3204 2339 3467 2401 Domine
3495 2341 3694 2404 bene-

268 2441 393 2515 dic,
427 2459 556 2522 qua:
584 2458 691 2499 nec
723 2439 784 2498 in
812 2447 1016 2498 nostro
1047 2437 1196 2517 Reg.
1222 2436 1420 2498 codice
1446 2443 1699 2506 exstant,
1731 2452 1836 2494 nec
1857 2434 1923 2492 in
1951 2431 2306 2512 Anglicanis
2334 2431 2632 2494 exstitisse
2665 2433 2958 2494 videntur.
2993 2435 3339 2499 Librariine
3365 2459 3443 2500 an
3472 2450 3682 2502 aucto-

263 2541 353 2601 ris
386 2539 506 2599 ista
535 2536 619 2598 sit
646 2534 1066 2597 benedictionis
1117 2536 1470 2616 postulatio,
1501 2541 1724 2594 certum
1747 2550 1863 2592 non
1885 2537 2028 2591 scio.
2064 2528 2422 2609 Presbyteri
2445 2536 2551 2610 qui
2579 2549 2778 2592 coram
2827 2533 3096 2614 episcopo
3148 2537 3682 2613 concionabantur,

261 2635 468 2722 qualis
497 2645 615 2696 tum
643 2633 857 2715 agebat
885 2632 1171 2715 Cgrillus,
1195 2631 1392 2692 dicere
1420 2629 1579 2692 soliti
1596 2639 1795 2706 erant,
1829 2623 2172 2701 Εὐλόγησον,
2198 2626 2371 2702 Πάτερ
2394 2629 2684 2703 Benedic,
2720 2634 2929 2705 Pater,
2964 2640 3031 2691 ut
3057 2639 3217 2708 facit
3238 2634 3685 2716 Chrysoslomus

252 2742 545 2818 praesente
570 2732 889 2807 Flaviano,
919 2731 1100 2792 initio
1136 2729 1393 2791 homiliae
1421 2732 1521 2806 25,
1558 2737 1672 2788 tom
1703 2726 1755 2787 Ι.
1793 2727 2062 2787 Lectores
2099 2745 2335 2807 quoque
2375 2731 2438 2787 in
2467 2725 2731 2801 ecclesia,
2787 2734 3146 2810 priusquam
3178 2735 3272 2792 vel
3299 2731 3687 2814 Scripturam

276 2834 371 2895 vel
403 2831 714 2894 homiliam
741 2830 1014 2914 aliquam
1043 2829 1325 2911 legerent,
1361 2826 1816 2889 benedic‘ionem
1844 2844 1881 2886 a
1908 2826 2174 2906 praeside
2194 2825 2612 2906 postulabant.
2643 2825 2814 2890 Unde
2840 2830 3116 2904 fortassis
3143 2838 3398 2908 factum,
3429 2843 3499 2894 ut
3527 2837 3683 2896 mul-

274 2939 353 2992 tis
388 2936 734 2996 Graecorum
768 2929 1024 2992 Patrum
1047 2927 1428 2990 orationibus
1453 2926 1710 3008 praﬁxa
1740 2927 2089 3006 reperiatur
2117 2923 2384 3000 formula
2442 2921 2787 2996 Εὐλόγησον,
2824 2923 3006 2999 Κύριε,
3047 2929 3338 3009 Benedic,
3375 2933 3638 2994 Domine
3665 2956 3681 3010 ;

270 3031 408 3101 nisi,
442 3028 604 3111 quod
622 3027 988 3110 probabilius
1016 3028 1316 3101 existimo,
1355 3025 1600 3113 librarii
1625 3030 1711 3084 sit
1741 3025 1985 3102 inctepti
2006 3025 2201 3103 operis
2233 3021 2688 3081 benedictionem
2718 3040 2756 3082 a
2788 3021 2914 3082 Deo
2940 3025 3291 3102 postulantis
3315 3028 3608 3106 formula.

347 3130 481 3191 VII.
512 3126 976 3208 Becognovimus
1007 3125 1156 3188 hanc
1185 3125 1509 3186 orationem
1539 3123 1622 3185 ad
1637 3123 1922 3184 Latinam
1953 3120 2234 3186 Grodeczi
2268 3120 2613 3193 versionem,
2645 3128 2701 3179 et
2727 3125 2967 3184 Graecas
3007 3122 3288 3187 editiones
3328 3126 3600 3189 Prevatii
3633 3140 3694 3191 et

266 3225 543 3297 Millesii,
577 3235 634 3286 et
662 3225 751 3286 ad
766 3223 992 3286 codices
1021 3223 1410 3304 Anglicanas,
1443 3241 1699 3304 quorum
1732 3226 2050 3283 varietates
2070 3237 2108 3280 a
2145 3218 2420 3278 Millesio
2450 3227 2727 3280 accurate
2754 3217 3112 3281 exhibentur
3144 3241 3159 3296 ;
3220 3230 3584 3308 insuperque
3613 3227 3694 3290 ad

267 3326 526 3386 codicem
559 3323 1016 3385 Ottobonianum
1046 3340 1227 3382 unum
1255 3322 1657 3392 recentiorem,
1689 3320 1861 3401 cujus
1887 3317 2088 3380 varias
2118 3317 2382 3378 lectiones
2433 3317 2516 3378 ad
2539 3337 2628 3378 me
2655 3321 2982 3380 transmisit
3012 3324 3090 3382 R.
3128 3321 3202 3382 P.
3363 3324 3690 3408 Philippus

262 3422 533 3502 lia/fter,
559 3421 1036 3501 congregationis
1063 3430 1279 3480 nostrae
1311 3419 1374 3479 in
1402 3419 1570 3480 curia
1599 3417 1870 3479 Romana
1900 3426 2020 3477 tum
2042 3424 2411 3497 procurator
2440 3415 2765 3494 generalis.
2794 3417 2866 3478 In
2897 3418 3015 3478 alio
3044 3428 3240 3481 autem
3286 3429 3469 3483 veteri
3519 3423 3689 3484 Otto-

264 3521 524 3582 boniano
557 3519 772 3593 codice,
809 3530 868 3580 et
895 3518 1384 3590 Procatechesis,
1416 3526 1473 3578 et
1520 3517 1731 3598 primae
1786 3513 2102 3576 catechesis
2130 3515 2326 3586 initia,
2354 3533 2483 3593 pra
2512 3524 2799 3576 vetustate
2829 3517 2911 3578 ita
2938 3527 3078 3577 sunt
3106 3516 3303 3582 lacera
3335 3531 3390 3581 et
3419 3537 3687 3600 confusa,

256 3629 329 3682 ut
352 3638 431 3680 ex
460 3619 602 3700 ipsis
632 3616 788 3677 nihil
811 3614 1063 3697 exculpi
1082 3614 1372 3696 potuerit.
1403 3615 1704 3676 Praeterea
1749 3613 1936 3693 Regio
1984 3611 2184 3674 codice
2234 3631 2372 3672 usus
2397 3631 2546 3682 sum,
2582 3612 2726 3673 olim
2757 3615 2895 3687 260,
2928 3635 3086 3677 nunc
3136 3621 3316 3694 1284,
3372 3640 3516 3701 pag.
3550 3624 3690 3701 254,

261 3719 374 3799 qui
403 3715 746 3777 duodecimi
767 3716 1010 3777 circiter
1036 3725 1122 3775 est
1146 3713 1371 3787 saeculi,
1407 3716 1474 3773 in
1504 3732 1620 3795 quo
1648 3711 1899 3773 habetur
1925 3709 2318 3772 Protachesis
2348 3707 2470 3770 hac
2523 3710 2631 3771 sub
2659 3719 2900 3774 nomine
2925 3720 2997 3779 δ’.
3032 3715 3275 3790 Basilii,
3305 3737 3439 3779 cum
3485 3718 3686 3780 multis

262 3817 678 3888 varietatibus,
711 3833 861 3896 quas
889 3812 972 3875 ad
998 3817 1330 3895 marginem
1371 3813 1432 3872 in
1483 3812 1649 3873 novis
1696 3809 2003 3884 indicavi;
2052 3818 2107 3870 et
2156 3807 2407 3888 grandis
2455 3807 2670 3871 lacuna
2710 3830 2839 3892 qua
2885 3813 3101 3892 incipit
3129 3833 3167 3875 a
3197 3815 3370 3876 verbo
3424 3811 3694 3889 λεγόμενα

260 3935 436 3986 num,
472 3917 569 3986 Η,
595 3913 741 3995 poh.
774 3915 812 3974 9
843 3932 1024 3994 usque
1051 3910 1132 3972 ad
1158 3931 1322 3973 voces
1351 3908 1397 3964 εἰ
1427 3909 1518 3964 καὶ
1549 3906 1854 3984 κέκλισται,
1891 3934 1892 3943 ι

2066 3956 2080 3981 ,
2109 3927 2257 3990 pag.
2294 3909 2395 3969 10.
2428 3906 2594 3970 Inter
2618 3908 2745 3970 alia
2769 3915 2841 3973 S.
2876 3910 3108 3972 Basilii
3136 3931 3321 3993 opera
3345 3934 3410 3976 eo
3440 3921 3505 3976 in
3537 3915 3692 3977 libro

262 4022 540 4075 contenta
565 4021 768 4074 nostra
819 4011 940 4072 haec
987 4011 1468 4072 Procatechesis
1510 4029 1640 4070 cum
1696 4014 1929 4070 ceteris
1973 4013 2320 4068 continuate
2347 4005 2737 4080 describitur,
2787 4026 2922 4068 cum
2977 4008 3091 4070 hac
3119 4009 3549 4092 inscriptione:
3580 4015 3695 4072 Τοῦ

267 4111 438 4164 αὐτοῦ
471 4105 670 4182 ὁμιλία
699 4107 824 4184 περὶ
858 4104 1222 4183 φωτίσματος·
1261 4107 1548 4186 Ejusdem
1580 4105 1845 4168 homilia
1874 4105 1899 4166 ὀ

2059 4103 2464 4172 uminalione,
2511 4110 2634 4166 sive
2676 4104 2990 4187 baptismo.
3016 4111 3104 4170 At
3151 4107 3371 4170 ibidem
3400 4110 3480 4174 ad
3524 4133 3691 4176 mar-

264 4217 470 4288 ginem
525 4209 653 4270 alia
699 4228 882 4270 manu
909 4213 1214 4288 appictum
1244 4213 1326 4266 est
1368 4204 1636 4265 scholion
1683 4202 1887 4265 istud:

2065 4203 2131 4262 ὣς
2161 4201 2298 4274 ἡμῖν
2331 4197 2560 4254 δεικνύει
2589 4201 2618 4254 ὁ
2650 4203 2934 4278 χαρακτὴρ
2973 4207 3071 4258 τοῦ
3099 4208 3466 4281 προκειμένου
3497 4206 3697 4294 λόγου⁹

281 4304 366 4361 ὅτι
398 4305 500 4361 οὐκ
529 4303 642 4361 ἔστι
671 4309 770 4360 τοῦ
799 4303 962 4379 ἁγίου
993 4300 1305 4360 Βασιλείου.
1340 4303 1862 4366 Ενὶάθῃιθιοηοὺὶε
1883 4302 1913 4364 d

2055 4305 2271 4360 mstrat
2302 4299 2642 4378 proposita:
2673 4302 2977 4364 orationis
3015 4305 3348 4368 character
3367 4327 3439 4370 ac
3461 4311 3687 4389 ﬁgura,

273 4424 411 4469 eam
442 4410 508 4469 S.
539 4406 757 4468 Basilii
785 4425 912 4469 non
943 4422 1099 4467 esse.
1132 4401 1218 4464 Et
1250 4399 1318 4462 id
1338 4400 1576 4482 quidem
1604 4407 1824 4481 optime
1849 4421 1873 4476 ;
1903 4419 2041 4461 nam
2068 4409 2470 4480 prwterquam
2498 4397 2678 4479 quod,
2710 4419 2826 4472 res,
2857 4410 3184 4478 sententias,
3217 4406 3420 4477 verba,
3473 4414 3695 4470 oratio-

272 4513 362 4566 nis
390 4503 635 4576 modus,
651 4503 830 4587 plane
862 4502 1216 4585 Cyrilliana
1236 4508 1393 4573 sunt,
1428 4498 1641 4560 iisdem
1668 4498 1976 4560 sententiis
2004 4496 2086 4559 ad
2115 4496 2356 4559 verbum
2387 4503 2453 4557 in
2505 4496 2650 4558 aliis
2701 4498 3110 4568 catechesibus.
3143 4521 3213 4564 ac
3239 4512 3579 4584 praesertim
3626 4513 3694 4568 in

269 4611 479 4684 prima
506 4609 816 4686 repetitis;
847 4603 1363 4664 catechumenatus
1391 4599 1536 4680 ﬁnis
1564 4605 1630 4659 in
1658 4605 1961 4659 nominum
1991 4599 2413 4677 inscriptione,
2441 4595 2642 4677 fidelis
2671 4597 3001 4678 appellatio
3051 4599 3128 4660 ab
3158 4601 3238 4662 iis
3283 4610 3396 4683 qui
3451 4612 3692 4668 nomina

280 4700 560 4762 dederunt
584 4711 846 4782 sumpta,
873 4706 1240 4761 continuatae
1265 4718 1379 4778 per
1409 4695 1940 4776 Quadragesimam
1971 4704 2153 4756 totam
2185 4693 2680 4774 baptizandorum
2700 4696 3046 4772 catecheses,
3077 4698 3552 4781 Quadragesima
3580 4703 3699 4768 die-

282 4797 387 4858 bus
413 4799 824 4880 quadraginta
854 4797 1128 4879 deﬁnita,
1155 4796 1566 4857 haereticorum
1596 4794 1856 4856 solorum
1887 4793 2306 4874 rebaptizatio,
2337 4801 2474 4864 etc.,
2509 4811 2600 4852 res
2622 4803 2762 4854 sunt
2783 4801 3016 4876 partim
3075 4795 3139 4858 Ε
3141 4797 3363 4860 cclcsias
3409 4801 3698 4864 Hieroso-

276 4898 584 4979 lgmitanae
607 4901 908 4981 propriae,
937 4901 1163 4976 partim
1194 4912 1231 4956 a
1260 4895 1494 4955 Basilio
1522 4904 1577 4954 et
1598 4891 2072 4974 Cappadociensi
2098 4889 2374 4953 Ecclesia
2401 4889 2636 4952 alienae.
2667 4896 2761 4954 Ac
2784 4912 3017 4969 revera,
3059 4903 3331 4977 quamvis
3377 4919 3492 4959 non
3538 4900 3700 4962 indi-

270 5017 394 5079 gna
423 5005 503 5060 sit
528 5003 732 5059 oratio
759 5013 892 5078 quas
923 4993 1163 5057 Basilio
1190 4999 1434 5074 parenti
1458 5001 1852 5074 supponatur,
1887 4988 2192 5069 fatendum
2221 4999 2416 5050 tamen
2447 4988 2638 5050 aliam
2681 5003 2799 5052 esse
2842 4990 3304 5058 Basilianarum
3350 5006 3698 5062 orationum

269 5097 413 5171 vim,
446 5096 810 5178 elegantiam
838 5102 897 5156 et
919 5093 1293 5174 maiestatem
1319 5090 1638 5173 quamdam
1667 5090 1972 5163 sermonis,
2003 5109 2134 5153 cum
2158 5089 2452 5172 puritate,
2484 5087 2710 5152 delectu
2732 5098 2788 5152 et
2805 5099 3182 5176 proprietate
3211 5095 3522 5161 verborum
3551 5118 3698 5162 con-

255 5193 567 5274 junctam.

334 5348 380 5386 ”
409 5349 586 5405 Rom.
620 5359 700 5414 γι,
736 5344 828 5413 ti,
864 5343 950 5412 14,
983 5341 1094 5398 vel.
1126 5341 1152 5396 Ι
1180 5341 1339 5397 Petr.
1367 5356 1428 5410 ιι,
1459 5339 1548 5394 24.

645 5908 916 5972 ΡΑτιιοι..
963 5906 1074 5969 Gn.
1121 5906 1384 5970 XXXIII.

3304 5912 3375 5968 11
