4152 6276
358 285 473 344 341

1733 269 2399 341 PROCATECHESIS.

3657 285 3774 346 342

355 416 569 487 ψυχῆς,
602 409 744 467 ἄλλο
778 407 1138 483 ἐνδυσάμενος
1171 408 1400 467 εἴσελθε.
1433 398 1695 467 Ἕκδυσαι
1723 410 1785 465 τὸ
1815 415 2008 484 σχῆμα

2125 409 2264 465 dere
2280 427 2410 465 cras
2433 409 2934 481 opportunissime
2950 411 3047 481 (6).
3063 410 3120 465 Si
3140 427 3210 466 ex
3227 412 3270 470 ὗ
3293 413 3536 470 avaritia
3556 416 3771 473 animas

350 500 383 555 ὅ
429 503 602 575 εἶχες,
666 499 743 572 μή
804 497 1153 573 ἐπικαλύψῃς
1213 502 1310 573 (1)·
1373 497 1594 554 ἔκδυσαί
1630 521 1724 572 μοι
1753 497 2011 570 πορνείαν

349 591 442 645 καὶ
483 588 836 664 ἀκαθαρσίαν,
894 588 983 642 καὶ
1041 585 1255 642 ἔνδυσαί
1319 609 1410 662 μοι
1467 589 1824 667 σωφροσύνης
1858 585 2006 659 λαμ-

352 676 628 754 προτατην
663 677 892 747 στολήν.
936 679 1080 752 Ἐγὼ
1126 678 1527 752 παραγγέλλω,
1558 679 1682 752 πρὶν
1715 679 1743 732 6
1773 675 2009 751 νυμφίος

351 773 459 824 τῶν
491 770 688 842 ψυχῶν
721 763 940 831 εἰσέλθῃ
983 768 1217 837 Ἰησοῦς,
1267 767 1355 821 καὶ
1405 765 1492 841 ἴδῃ
1522 769 1591 822 τὰ
1621 768 1882 842 σχήματα
1913 768 2007 838 (2).

355 855 550 927 Πολλή
613 877 698 910 σοι
752 857 787 925 ἡ
841 855 1170 930 προθεσμία·
1228 856 1626 931 τεσσαράκοντα
1656 859 1877 930 ἡμερῶν
1915 875 2012 927 με-

357 948 575 1001 τάνοιαν
635 943 807 1020 ἔχεις·
868 941 1014 1020 ἔχεις
1073 942 1295 1014 πολλὴν
1349 945 1624 1020 εὐκαιρίαν
1665 944 1754 1000 καῖ
1784 941 2010 998 ἐκδύσα-

356 1037 474 1090 σθαι
503 1034 594 1090 καὶ
627 1032 1068 1103 ἀποπλύνασθαι,
1117 1034 1207 1089 καὶ
1253 1031 1570 1098 ἐνδύσασθαι
1601 1035 1691 1088 καὶ
1721 1031 2005 1096 εἰσελθεῖν.

354 1123 419 1181 Εἰ
449 1121 508 1178 δὶ
535 1123 794 1197 ἐπιμένῃς
851 1126 992 1196 κακῇ
1050 1124 1385 1198 προαιρέσει,
1418 1123 1446 1177 6
1482 1124 1573 1195 μὲν
1631 1121 1807 1197 λέγων
1857 1121 2005 1176 ἀναί-

347 1234 492 1285 τιος,
529 1213 592 1266 σὺ
623 1209 678 1266 ὂὶ
711 1214 785 1284 μὴ
818 1209 1099 1285 προσδόκα
1152 1211 1420 1285 λήψεσθαι
1467 1212 1568 1280 τήν
1597 1213 1781 1285 χάριν·
1813 1210 1875 1264 τὸ
1912 1211 2008 1282 μὲν

344 1300 450 1376 γὰρ
484 1299 630 1374 ὕδωρ
683 1321 740 1355 σε
787 1297 1013 1371 δέξεται,
1070 1301 1132 1355 τὸ
1191 1297 1248 1356 δὲ
1295 1300 1506 1372 πνεῦμά
1533 1320 1592 1354 σε
1623 1298 1722 1354 οὐκ
1751 1295 2003 1368 ἀποδέξε-

341 1411 432 1446 ται
462 1394 561 1465 (3).
599 1388 667 1444 Εἴ
688 1411 772 1451 τις
805 1387 1047 1444 σύνοιδεν
1082 1389 1259 1461 ἑαυτῷ
1290 1389 1353 1444 τὸ
1381 1393 1620 1464 τραῦμα,
1651 1389 1752 1456 τὴν
1793 1382 2004 1460 ἔμπλει-

343 1499 505 1554 στρον
559 1474 797 1534 λαϐέτω·
855 1479 907 1533 εἷ’
957 1499 1044 1540 τις
1101 1474 1309 1550 ἔπεσεν,
1370 1477 1679 1553 έγειρέσθω.
1713 1474 1922 1546 Μηδεὶς
1945 1475 1998 1531 έν

341 1570 471 1642 ὑμῖν
508 1567 724 1640 Σίμων,
765 1564 1011 1641 μηδεμία
1060 1567 1344 1643 ὑπόκρισις
1396 1572 1491 1636 (4),
1549 1563 1690 1639 μηδὶ
1718 1567 2000 1642 περιεργία

339 1663 436 1714 τοῦ
467 1656 811 1734 πρᾶγματος.

2120 499 2534 554 indumentum
2579 497 2858 564 habuisti,
2894 499 3057 554 aliud
3111 500 3366 557 induens
3416 503 3768 576 ingredere;

2121 605 2267 644 exue
2299 605 2476 659 quam
2509 588 2769 644 habuisti
2799 594 3044 656 vestem,
3073 605 3147 644 ne
3181 594 3330 661 tege.
3354 592 3533 659 Exue,
3568 611 3770 664 quaeso

2124 683 2202 745 te,
2236 680 2658 734 scor'tationem
2710 683 2767 733 et
2819 679 3284 746 immunditiam,
3309 685 3368 734 et
3386 680 3567 736 indue
3599 684 3766 754 pudi.

2121 768 2276 821 cities
2319 768 2867 838 splendidissimam
2900 767 3134 823 stolam.
3169 769 3284 839 Ego
3317 768 3605 825 denuntio
3639 774 3767 842 tibi,

2121 856 2466 927 priusquam
2525 873 2778 927 sponsus
2806 857 3143 911 animarum
3172 857 3338 911 Jesus
3371 858 3760 930 ingrediatur,

2119 952 2178 1000 et
2206 947 2556 1000 vestimenta
2583 946 2930 1017 conspiciat.
2969 947 3092 1000 Non
3132 961 3371 1017 parvam
3403 947 3586 1002 habes
3617 955 3769 1005 tem-

2117 1036 2277 1106 poris
2304 1035 2813 1106 intercapedinem
2839 1052 2852 1089 :
2885 1036 3234 1106 paenitentia
3256 1036 3485 1092 dierum
3519 1039 3768 1109 quadra-

2114 1125 2279 1195 ginta
2309 1123 2414 1177 tibi
2449 1123 2657 1191 datur;
2687 1124 2868 1178 habes
2897 1124 3220 1195 plurimam
3259 1128 3764 1196 opportunitatem

2117 1217 2175 1267 et
2207 1213 2458 1267 exuendi
2486 1218 2540 1266 te
2567 1218 2626 1266 et
2645 1212 2946 1278 abluendi,
2971 1229 3040 1267 ac
3064 1229 3270 1267 rursus
3292 1213 3576 1270 induendi
3601 1222 3659 1270 et
3679 1216 3766 1271 in-

2113 1301 2447 1373 grediendi.
2481 1300 2648 1366 Quod
2681 1302 2730 1355 si
2770 1303 2830 1356 in
2853 1319 3028 1372 pravo
3078 1302 3261 1356 animi
3294 1304 3596 1374 proposito
3627 1321 3762 1376 per-

2115 1390 2422 1456 severaris,
2457 1396 2656 1445 orator
2686 1391 2812 1461 ipse
2839 1390 2989 1444 liber
3017 1408 3051 1446 a
3080 1390 3255 1462 culpa
3276 1397 3366 1446 est
3390 1410 3403 1458 ;
3438 1397 3499 1447 tu
3522 1410 3658 1450 vero
3683 1411 3760 1450 ne

2113 1480 2362 1552 gratiam
2397 1485 2451 1534 te
2485 1486 2865 1550 accepturum
2889 1497 3092 1551 speres
3109 1481 3175 1537 ⁶².
3195 1483 3364 1551 Aqua
3386 1482 3547 1537 enim
3582 1488 3636 1538 te
3668 1501 3760 1540 re-

2112 1570 2330 1641 cipiet;
2366 1569 2608 1640 spiritus
2638 1586 2774 1624 vero
2811 1573 2865 1624 te
2898 1585 3018 1624 non
3049 1569 3340 1624 admittet.
3375 1571 3434 1625 Si
3466 1573 3600 1643 quis
3631 1573 3758 1628 vul-

2111 1660 2272 1714 neris
2303 1659 2558 1729 alicujus
2589 1659 2700 1713 sibi
2731 1659 3006 1713 conscius
3038 1664 3146 1726 est,
3181 1659 3569 1730 emplastrum
3602 1662 3761 1716 acci-

341 1751 498 1822 piat;
529 1751 576 1805 si
608 1750 745 1821 quis
770 1749 1072 1816 ceciderit,
1105 1753 1375 1820 resurgat
1397 1749 1461 1802 ⁶³.
1497 1748 1707 1804 Nullus
1753 1749 1832 1803 sit
1879 1749 2037 1804 inter
2081 1765 2182 1803 vos
2231 1749 2453 1817 Simon,
2507 1748 2808 1803 simulatio
2839 1747 3024 1815 nulla,
3058 1747 3226 1803 nulla
3253 1748 3340 1802 rei
3373 1749 3754 1820 explorandae

344 1839 679 1895 curiositas.

409 1931 480 1984 E’.
513 1927 793 2002 Ἐγχωρεῖ
825 1946 882 1980 σε
939 1926 1026 1980 καὶ
1085 1924 1350 2003 προφάσει
1406 1924 1552 2000 ἄλλῃ
1581 1924 1780 1980 ἐλθεῖν·
1814 1925 1989 2000 ἐγχω-

2175 1928 2238 1980 ν.
2259 1927 2409 1982 Fieri
2423 1931 2619 1999 potest
2631 1932 2696 1983 ut
2712 1927 2828 1982 alio
2848 1943 3083 1999 quoque
3103 1931 3392 1999 praetextu
3413 1927 3751 1985 adducaris.

333 2021 416 2092 ρεῖ
471 2015 562 2070 καὶ
623 2011 790 2089 ἄνδρα
851 2014 1142 2090 βούλεσθαι
1199 2019 1278 2088 (5)
1331 2015 1542 2090 γυναικὶ
1593 2020 1989 2083 καθικετεῦσαι,

331 2104 420 2160 καὶ
470 2102 562 2160 διὰ
616 2105 778 2160 τοῦτο
835 2105 1184 2178 προσελθεῖν.
1248 2105 1616 2180 Ἀντιστρέφει
1656 2107 1746 2159 καὶ
1778 2106 1864 2160 ἐπὶ
1894 2127 1992 2180 γυ-

335 2197 538 2249 ναικῶν
566 2195 628 2248 τὸ
660 2193 859 2266 ὅμοιον
904 2195 932 2248 6
981 2193 1168 2268 λόγος·
1222 2197 1312 2248 καὶ
1371 2191 1568 2255 δοῦλ‹.ς
1600 2192 1872 2256 πολλάκις
1905 2191 1991 2249 ὃε-

339 2286 530 2357 σπότῃ,
562 2282 652 2337 καὶ
684 2283 850 2360 φίλος
913 2281 1058 2358 φίλῳ
1115 2281 1301 2356 ἀρέσαι
1359 2281 1616 2352 ἠθέλησε.
1651 2284 1896 2356 Δέχομαι
1926 2284 1989 2337 τὸ

340 2369 531 2446 δέλεαρ
581 2375 681 2426 τοῦ
741 2371 1058 2446 ἀγκίστρου,
1115 2371 1202 2427 καὶ
1281 2368 1658 2446 καταδέχομαί
1715 2393 1791 2442 σε,
1847 2376 1987 2446 κακῇ

411 2530 458 2565 ⁸²
494 2529 624 2584 Vid.
656 2535 764 2585 cat.
799 2531 884 2595 17,
916 2545 974 2583 n.
1009 2530 1094 2582 36.
1129 2528 1174 2563 ⁸⁸
1205 2527 1332 2582 Vid.
1367 2534 1476 2584 cat.
1510 2531 1562 2594 3,
1594 2543 1652 2582 n.
1683 2529 1737 2581 4.

417 2647 813 2734 (1)“Ἐκδυσαι
886 2649 946 2703 τὸ
988 2650 1306 2734 ,σχῆμα-’ὅ
1361 2651 1531 2732 εἶχες,
1597 2648 1686 2734 μὴ.
1712 2647 1996 2734 ’ἐπέκαλύτ

341 2721 479 2795 ψῃίς.
516 2725 598 2778 Ea
629 2723 804 2778 verba
833 2721 1127 2794 supplevit
1150 2721 1549 2795 'Millesius’ex
1581 2721 1750 2795 codd.
1786 2723 1904 2795 Roe
1937 2729 1995 2777 et

341 2793 738 2865 Casaub.quee
769 2793 998 2849 nonin
1051 2795 1350 2866 prioribus
1383 2793 1747 2848 editionibus
1774 2794 1990 2861 solum,

345 2867 449 2922 sed
483 2866 974 2956 etiam‘in‘codd,
1024 2869 1188 2956 Reg...
1238 2865 1654 2956 Ottoboniano,
1689 2870 1746 2919 et
1777 2882 1845 2947 eo
1877 2883 1992 2956 quo

347 2955 490 3010 usus
519 2944 608 2992 est
638 2938 979 2998 Grodecius.
1007 2945 1251 3010 propter
1279 2938 1694 3010 repetitionem
1717 2938 1995 3010 vocisEx-

353 3007 500 3080 δυσαι
523 3010 927 3080 praetermissa
952 3007 1318 3064 sunthinea
1344 3007 1615 3080 sequenti
1639 3025 1839 3063 vocem
1866 3007 1992 3063 ἀκα-

346 3079 560 3153 θαρσίαν
594 3081 752 3153 idem
783 3080 1068 3136 Millesius
1095 3098 1164 3136 ex
1193 3080 1407 3135 iisdem
1432 3079 1993 3153 codicibusisubsti-

350 3151 478 3218 tuit,
513 3170 645 3208 cum
678 3152 835 3208 desit
877 3153 938 3206 in
989 3153 1277 3219 Prevotio,
1311 3151 1579 3207 Grodecii
1612 3152 1903 3223 versione,
1937 3158 1996 3208 et

346 3225 738 3296 Ottoboniano
773 3223 996 3279 codice.
1031 3224 1288 3296 Habetur
1322 3225 1382 3296 in
1415 3231 1616 3296 nostro
1649 3223 1847 3296 Regio.

417 3299 493 3385 (’2)
526 3295 607 3351 Τὰ
636 3297 930 3385 σχήματι,
964 3295 1289 3385 _Adduntur
1343 3295 1435 3379 in~
1465 3295 1634 3380 codd.
1687 3298 1992 3385 Reg.,po’st
2022 3317 2065 3382 ρ

341 3363 623 3441 σχήματα,
813 3367 1010 3433 verba,
1044 3363 1316 3441 ἀλλότρια
1343 3369 1440 3441 τού
1469 3366 1668 3441 γάμου
1703 3363 1796 3441 καῖ
1825 3363 1988 3420 ἀκού-

341 3435 609 3524 σῇςᾶπερ
643 3437 980 3511 ἀπεύχομαι,
1030 3437 1120 3491 καὶ
1171 3437 1347 3508 πάθῃς
1396 3435 1639 3524 ὅπέρζμὴ
1673 3437 1909 3511 γένοιτο,
1944 3445 1995 3494 ει

340 3510 526 3566 videat
556 3511 743 3564 aliena
765 3510 979 3581 nuptiis
1037 3513 1351 3565 vestimenta
1379 3527 1390 3562 :
1451 3510 1754 3580 audiasque
1782 3527 1845 3564 ea
1874 3527 1994 3580 qua:

344 3585 486 3638 Deus
516 3589 750 3652 avertat,
782 3589 834 3652 et
857 3583 1096 3652 patiaris
1151 3597 1279 3652 quae
1309 3583 1521 3635 utinam
1549 3598 1618 3635 ne
1647 3582 1994 3650 contingant.

423 3654 502 3779 $3)
532 3658 602 3706 Σε
632 3651 732 3706 οὐκ
768 3649 1101 3723 ἀποδέξεται.
1155 3649 1240 3707 ita
1287 3653 1602 3706 scribimus
1649 3649 1998 3708 auctoritate

465 3726 624 3779 icum
648 3725 832 3779 Regii.
854 3727 971 3779 Roe
996 3722 1316 3779 etCasaub.
1342 3740 1683 3779 quanquam
1708 3725 1802 3779 hic
1825 3724 1998 3778 omit-

349 3722 624 3782 codicum
648 3725 832 3792 Regii,
854 3722 971 3781 Roe
996 3722 1316 3780 etCasaub.
1342 3740 1683 3794 quanquam
1708 3725 1802 3794 hic
1825 3724 2000 3778 omit-

354 3799 424 3854 tit
453 3796 532 3851 σέ.
567 3799 634 3850 In
665 3796 841 3851 editis
890 3796 1142 3851 habetur
1191 3792 1403 3864 solum,
1427 3792 1648 3866 ﬁve—Gya
1681 3794 1741 3848 οὐ
1775 3792 1998 3866 δέξεναι.

351 3867 677 3925 Jucundior
707 3873 798 3923 est
841 3869 1153 3924 antithesis
1212 3868 1369 3922 inter
1421 3863 1622 3936 δέξεται
1656 3875 1714 3922 et
1743 3863 2004 3935 ἀποδέξε-

350 3961 462 3995 ται.

423 4013 503 4084 (4)
564 4005 824 4084 Μηδεμία
883 4009 1185 4084 ὑπόκρισις.
1248 4011 1403 4084 Εόὶγῇ
1459 4010 1777 4079 habebant,
1843 4007 2002 4084 ur,_6‘e.

354 4078 755 4152 No's'pné‘suiu
786 4078 1132 4154 scripsimus
1159 4099 1231 4137 ex
1259 4083 1428 4137 codd.
1465 4086 1625 4154 Reg,
1660 4078 1776 4138 Roe
1812 4078 1870 4137 et
1901 4082 2002 4137 Ca-

360 4154 528 4210 saub.
551 4153 870 4225 Grodecius
892 4153 1086 4222 vertit,
1103 4155 1287 4209 nullus
1308 4153 1617 4220 simulator,
1643 4156 1812 4224 quasi
1834 4155 2007 4225 legis-

365 4233 474 4292 set,
510 4221 706 4297 μηδεξς
741 4225 1061 4297 ὑποκριτής.

430 4293 519 4366 (ὅ)
542 4293 1012 4366 Βούλεσθαιίθῐο,
1066 4297 1157 4351 Sic
1203 4296 1424 4352 habent
1461 4297 1631 4352 codd.
1662 4300 1778 4352 Roe
1811 4301 1870 4351 et
1897 4298 2012 4350 Ca-

367 4365 560 4442 δοιὼ,
621 4365 957 4442 βουλόμενον
1018 4367 1203 4442 ἀρέσαι
1279 4367 1491 4442 γυναικὶ
1554 4371 1692 4437 (Roe
1747 4372 2012 4440 γυναῖκαι)

365 4437 676 4513 προελθεῖν.
709 4437 877 4494 Τοῦτο
911 4437 1267 4514 ἀντιστρέφει,
1293 4437 1392 4495 ’θιο

437 4514 510 4582 (6)
539 4513 817 4581 Egredere
841 4516 1031 4583 potius
1059 4511 1205 4566 nunc
1234 4517 1565 4583 opportune,
1596 4517 1656 4564 ut
1685 4511 2019 4579 ingrediaris

1334 4583 1758 4654 uadragesimaa
1787 4588 2021 4654 tempus

373 4672 493 4750 pro‘
505 4654 1117 4750 induciisattritbuere
1140 4655 1392 4750 videtur,
1417 4655 1553 4750 ut‘si
1576 4654 1709 4724 quis
1732 4669 1851 4750 n‘on
1880 4653 2024 4750 s‘atis
2055 4687 2101 4750 Β

373 4724 518 4781 recti
552 4728 837 4799 propositi
870 4727 982 4783 sibi
1015 4727 1288 4799 conscius
1320 4727 1415 4790 sit,
1449 4726 1627 4781 etiam
1658 4724 2025 4799 postdatum

374 4599 496 4638 cras
528 4586 1010 4654 opportunissime.
1044 4585 1250 4638 Totum

368 4813 507 4852 nom
520 4796 592 4852 en
614 4796 949 4864 récedat,ac
963 4798 1176 4854 deinde
1190 4798 1509 4853 reformata
1530 4796 1729 4852 mente
1747 4796 1819 4851 ad
1841 4796 2026 4867 bapti-

374 4870 692 4926 zandorum
755 4871 1037 4927 exercitia
1091 4874 1437 4925 revertatur.
1471 4870 1648 4939 Atqui
1705 4867 2025 4923 concilium

371 4941 752 5013 Laodicense,
785 4959 918 4998 can.
943 4945 1032 5005 45,
1065 4947 1221 4996 vetat
1251 4958 1327 4996 ne
1358 4946 1491 5013 post
1520 4941 1841 5013 secundam
1873 4942 2022 5013 Qua:-

371 5012 720 5083 dragesimae
780 5013 1246 5083 hebdomadam.
1296 5010 2025 5083 quisquamampliusad

369 5079 733 5155 baptismum
765 5086 1150 5155 admittatur:
1184 5082 1259 5140 Οὐ
1293 5079 1376 5155 δεῖ
1408 5079 1540 5154 μετὰ
1591 5080 1685 5136 δύο
1718 5079 2027 5152 ἑϐδομάδας

495 5160 941 5230 Τεσσαρακοστῆς
977 5152 1230 5230 δέχεσθαι
1265 5153 1340 5212 εἷς
1377 5152 1650 5225 φώτισμα.
1688 5163 1763 5230 At
1879 5171 2026 5208 con-

373 5227 578 5282 cilium
603 5227 752 5283 forte
778 5230 1044 5284 nondum
1063 5227 1430 5284 celebratum
1455 5233 1598 5282 erat.
1625 5233 1726 5282 aut
1752 5227 2020 5281 Hieroso-

373 5298 551 5370 lymis
584 5317 703 5355 non
739 5301 994 5356 habebat
1022 5300 1454 5355 auctoritatem.
1476 5300 1642 5352 Certe
1673 5298 1888 5369 Cyrillo
1912 5301 2024 5352 cat.

377 5375 500 5445 i,n.
517 5374 571 5438 5,
593 5372 985 5445 quadraginta
1002 5370 1690 5445 dierumrprazparatimei
1710 5371 1806 5445 qui
1825 5374 2028 5439 praete-

380 5442 554 5498 ritam
587 5441 1018 5500 aetatem'vanis
1050 5441 1251 5498 mundi
1291 5443 1450 5496 curis
1486 5442 1874 5513 prodegisset,
1908 5455 2028 5494 non

373 5514 560 5570 nimia
590 5516 917 5571 videbatur.
957 5517 1174 5570 Omnes
1205 5515 1384 5583 hujus
1419 5512 1699 5584 temporis
1740 5512 2028 5584 exercita-

378 5587 570 5642 tiones
601 5587 958 5658 baptizando
983 5586 1351 5642 necessarias
1375 5583 1751 5658 existimabat
1776 5601 1788 5637 :
1818 5584 1878 5658 in
1909 5583 2027 5652 pri-

379 5659 491 5715 mis
522 5655 890 5716 exorcismos
937 5658 1299 5730 frequentes,
1355 5656 1738 5730 sine_quibﬁus
1767 5655 2028 5710 animam

375 5732 617 5806 purgari
644 5747 823 5805 posse
855 5728 1282 5803 negat'Procat.
1311 5745 1370 5783 n.
1405 5731 1457 5784 9.
1483 5728 1851 5797 Catecheses,
1884 5743 2028 5798 qua-

2102 2017 2400 2087 Contingit
2417 2023 2483 2071 ut
2504 2017 2591 2070 vir
2611 2017 2926 2072 mulierem
2950 2016 3242 2072 demereri
3271 2018 3538 2088 cupiens,
3562 2017 3652 2073 vel
3684 2034 3753 2074 ea

2101 2105 2173 2159 de
2204 2122 2384 2162 causa
2411 2106 2690 2160 accedat:
2725 2105 2883 2176 quod
2915 2111 2974 2160 et
3003 2105 3074 2160 de
3103 2105 3457 2160 mulieribus
3485 2107 3750 2161 vicissim

2101 2195 2316 2250 dicam.
2351 2199 2428 2250 Ac
2458 2212 2660 2250 servus
2712 2211 2867 2267 saepe
2917 2194 3180 2263 domino,
3212 2201 3269 2249 et
3299 2195 3527 2250 amicus
3557 2195 3748 2251 amico

2099 2285 2334 2356 placere
2363 2285 2742 2339 voluit.Hami
2766 2284 3111 2340 illecebram
3135 2301 3326 2354 sumo,
3351 2301 3418 2340 ac
3448 2285 3670 2355 recipio
3693 2290 3750 2339 te

2099 2373 2257 2430 malo
2290 2374 2532 2445 quidem
2571 2375 2878 2446 proposito
2923 2375 3259 2428 venientem
3289 2374 3386 2442 (7),
3421 2389 3523 2445 spe
3549 2379 3750 2429 autem

2103 2669 2235 2706 rum
2262 2667 2335 2706 ne
2351 2668 2530 2706 unam
2545 2651 2786 2722 quidem
2802 2651 2929 2708 sine
2947 2651 3123 2707 totius
3139 2650 3422 2706 doctrinm
3435 2651 3750 2724 dispendio

2105 2725 2470 2795 praetermitti
2487 2741 2660 2795 posse
2675 2723 2826 2778 aitn.
2843 2724 3352 2778 2.Confessionem
3370 2723 3750 2794 peccatorum

2103 2813 2234 2865 qua)
2260 2795 2432 2849 initio
2457 2795 2924 2867 quadragesimae
2947 2795 3145 2864 ﬁebat,
3171 2801 3279 2850 cat.
3302 2798 3477 2859 i,n.5.
3503 2796 3751 2867 insuper

2103 2867 2345 2940 totishis
2359 2867 2567 2940 diebus
2582 2867 2761 2940 exigit
2773 2867 3167 2940 cessationem
3183 2867 3386 2922 acuris
3401 2867 3600 2922 smculi
3613 2872 3747 2934 ,cat.

2107 2942 2220 3004 l,n.
2243 2941 2292 2990 5.
2316 2938 2623 2992 Orationes
2641 2937 2878 2991 crebras
2902 2944 2959 2991 et
2981 2939 3316 3003 continuas,
3335 2940 3554 2992 Procat.
3576 2955 3635 2992 n.
3659 2941 3748 3004 16,

2102 3009 2402 3063 assiduam
2422 3009 2482 3062 in
2502 3009 2683 3064 sacris
2702 3009 3025 3078 synaxibus
3042 3008 3750 3078 prasentiamﬁacrarum

2101 3081 2427 3136 lectionum
2463 3079 2858 3150 frequentiam
2889 3083 3003 3133 cat.
3039 3079 3091 3142 1,
3123 3094 3181 3132 n.
3211 3081 3262 3130 6.
3297 3079 3472 3148 Optat
3498 3084 3563 3132 ut
3593 3079 3750 3133 inte-

2101 3169 2270 3225 grum
2294 3151 2512 3225 jejunii
2546 3149 2785 3206 cursum
2815 3150 3129 3222 perficiant
3158 3155 3269 3204 cat.
3305 3149 3358 3215 3,
3382 3165 3441 3203 n.
3470 3150 3748 3225 i6._A_deo

2102 3221 2168 3279 ut
2199 3241 2267 3278 ea
2287 3221 2482 3289 verba,
2506 3226 2616 3277 Exi
2640 3221 2830 3292 potius
2854 3238 2998 3276 nunc
3029 3221 3748 3292 opportune,etc.,minime

2104 3297 2176 3351 ad
2210 3296 2470 3350 litteram
2502 3294 2573 3349 de
2601 3291 3012 3364 relinquendis
3033 3291 3525 3365 resumendisque
3556 3292 3752 3365 bapti-

2103 3367 2422 3422 zandorum
2455 3367 2751 3422 exercitiis
2800 3364 3189 3437 intelligenda
3219 3380 3347 3419 esse
3365 3374 3613 3437 putem;
3639 3364 3752 3420 sed

2103 3441 2412 3517 ﬁguratam
2462 3455 2590 3493 esse
2639 3435 3186 3517 locutionem,__quaa
3225 3435 3519 3517 signiticet
3563 3435 3750 3517 depo-

2103 3507 2362 3566 néndum
2415 3527 2544 3563 esse
2588 3525 2830 3579 pravum
2895 3508 3163 3563 habitum
3212 3507 3396 3562 animi
3454 3512 3512 3562 et
3566 3507 3750 3563 alium

2106 3581 2476 3636 induendum
2504 3597 2516 3646 ;
2541 3597 2673 3649 quae
2707 3579 2924 3634 locutio
2958 3584 3193 3651 sumpta
3223 3584 3311 3633 est
3341 3595 3410 3633 ex
3437 3579 3748 3635 hominum

2106 3670 2239 3718 usu,
2268 3653 2366 3722 qui
2402 3656 2467 3705 ut
2495 3657 2715 3705 vestem
2749 3657 2998 3715 mutent,
3033 3668 3063 3705 e
3095 3657 3386 3722 conventu
3417 3658 3652 3713 exeunt,
3685 3669 3754 3707 ac

2108 3721 2478 3797 postliminio
2528 3729 2922 3797 revertuntur.
2986 3723 3247 3797 Sensum
3286 3721 3448 3797 hunc
3506 3723 3763 3797 suadent

2109 3793 2287 3850 verba
2317 3794 2648 3863 sequentia.
2683 3793 2918 3863 Alioqui
2967 3809 3112 3847 num
3163 3793 3403 3863 privatis
3435 3793 3496 3846 in
3529 3793 3757 3848 uadibus

2111 3867 2344 3947 facilius
2367 3865 2988 3947 potuissentanimum
3006 3879 3464 3947 purgare,-qua‘r_n
3485 3863 3766 3947 omnibus

2113 3935 2416 4012 praidictis
2477 3936 2776 4012 exercitiis
2833 3935 2906 3990 ad
2964 3936 3076 3988 hoc
3128 3935 3511 4012 constitutis,
3550 3935 3769 4012 quibus

2117 4005 2295 4066 etiam
2329 4025 2492 4063 num.
2525 4011 2555 4061 5
2586 4008 2805 4062 multos
2835 4022 2965 4062 esse
2989 4011 3384 4060 commutatos
3414 4005 3631 4060 notat?

2189 4086 2260 4149 (7)
2294 4081 2518 4150 Recipio
2550 4086 2599 4134 te
2619 4098 2639 4142 ;
2670 4079 2814 4133 malo
2847 4077 3068 4150 quidem
3109 4079 3394 4150 proposito
3450 4079 3773 4150 venientem,

2122 4161 2230 4208 etc.
2249 4148 2383 4206 Non
2409 4148 2571 4205 solus
2598 4150 2851 4221 Cyrillus
2877 4148 3153 4221 queritur
3173 4148 3244 4202 de
3268 4148 3610 4221 hujusmpodi
3637 4164 3776 4219 pra-

2121 4226 2206 4280 vis
2225 4223 2297 4278 ad
2315 4223 2570 4292 baptism
2581 4219 2675 4276 um
2695 4219 3104 4276 accedentium
3123 4219 3774 4292 dispositionibus,quaa

2165 4301 2257 4350 ost
2285 4291 2597 4348 conversos
2619 4293 2692 4348 ad
2717 4295 2893 4348 fidem
2922 4291 3310 4363 imperatores
3331 4291 3772 4348 communiores

2148 4374 2308 4431 “uere,
2336 4366 2438 4420 sed
2457 4366 2633 4420 etiam
2657 4365 2758 4419 alii
2782 4367 3005 4420 Patres.
3028 4365 3321 4422 Ambros.
3347 4366 3406 4417 in
3420 4363 3565 4434 psal.
3589 4378 3778 4434 cxvii},

2130 4441 2402 4497 serm.20.
2421 4455 2478 4491 n.
2501 4439 2569 4490 48
2589 4453 2600 4490 :
2629 4458 2656 4487 «
2680 4437 2886 4492 Uxoris
2904 4435 3189 4508 ducendas
3205 4432 3550 4508 gratia,quaa
3569 4432 3778 4508 gentili

2133 4533 2160 4562 ‹‹
2182 4511 2307 4564 viro
2331 4526 2365 4564 a
2384 4508 2736 4563 Christianis
2760 4507 3105 4579 parentibus
3127 4505 3473 4579 negabatur,
3488 4505 3780 4579 Asimulata

2134 4605 2160 4632 ‹‹
2187 4582 2260 4637 ad
2284 4588 2517 4652 tempus
2532 4581 2644 4635 ﬁde
2665 4577 3464 4652 pleriqueproduntur,quod
3477 4577 3622 4652 foris
3635 4592 3780 4652 co_n-

2135 4678 2161 4705 ‹‹
2187 4653 2327 4708 fessi
2351 4647 3130 4724 su'nt,intus_nega—sse:7N.49
3150 4668 3162 4704 :
3183 4647 3496 4724 Ve_ni_tquis
3513 4649 3575 4703 in
3600 4648 3780 4724 eccle-

2138 4726 2357 4789 «siam,
2391 4725 2530 4779 dum
2563 4719 2850 4779 honore'm
2899 4723 3136 4777 affectat
3178 4720 3285 4775 sub
3319 4719 3780 4790 imperatoribus

2138 4796 2559 4860 «Christianis,
2605 4795 2882 4850 simulato
2940 4797 3102 4847 metu
3155 4791 3486 4846 orationem
3518 4809 3579 4847 se
3610 4791 3782 4863 ﬁngit

2137 4892 2165 4919 ‹‹
2192 4868 2445 4935 deferre,
2495 4867 2818 4922 inclinatur
2865 4870 2924 4918 et
2966 4863 3089 4918 solo
3141 4864 3445 4927 sternitur,
3469 4863 3581 4986 7qui
3625 4877 3783 4935 genu

2138 4963 2163 4986 ι(
2188 4940 2556 4986 τηρηὶίςτηοη
2590 4937 2818 4986 ﬂexerit
2849 4936 3195 4986 Augustinus
3236 4951 3394 4986 sem.
3424 4935 3462 4986 4
3511 4977 3524 4986 .
3564 4951 3622 4986 η.
3662 4932 3736 4986 47
3759 4947 3779 4986 .'

2138 4963 2163 4990 «
2188 4932 2557 4994 mentisv'non
2590 4937 2818 4992 ﬂexerit
2849 4936 3195 5003 Augustinus
3236 4951 3394 4990 serm.
3424 4932 3524 4999 47,
3564 4932 3779 4989 12.77:

2137 5035 2162 5062 ‹‹
2192 5011 2365 5066 Nulla
2398 5009 2705 5080 temporali
2738 5006 3157 5080 commoditate
3191 5006 3312 5060 vult
3342 5022 3468 5080 esse
3495 5006 3780 5061 Christia-

2137 5107 2163 5132 ‹‹
2189 5100 2324 5149 nus,
2359 5098 2479 5135 non
2510 5077 2577 5135 ut
2606 5080 2892 5150 majorem
2933 5078 3190 5133 amicum
3239 5077 3532 5144 conciliet,
3557 5095 3686 5150 non
3717 5081 3784 5132 ut

2137 5177 2164 5205 ‹‹
2190 5154 2259 5208 ad
2288 5154 2663 5224 concupitum
2685 5149 2927 5224 uxorem
2942 5151 3270 5224 perveniat,
3288 5167 3408 5204 non
3432 5155 3497 5204 ut
3517 5149 3782 5224 aliquam

2140 5248 2166 5275 «
2191 5219 2530 5296 pressurafn
2555 5226 2730 5293 hujus
2754 5219 3185 5296 saeculi—evadat
3209 5219 3783 5296 :‘quanquamimulti

2139 5319 2166 5346 ‹‹
2193 5292 2368 5350 etiam
2405 5297 2485 5350 sic
2509 5292 2800 5350 intrantes
2827 5293 3203 5365 corriguntur
3231 5293 3481 5365 ingressi
3536 5294 3678 5346 Hinc
3705 5292 3789 5346 ait

2139 5391 2165 5418 ‹‹
2190 5385 2348 5423 serm.
2379 5369 2404 5420 4
2423 5367 2514 5431 12,
2540 5385 2592 5421 η.
2632 5367 2668 5420 8
2693 5385 2709 5420 :
2734 5367 2895 5421 Foris
2930 5365 3262 5419 inveniatur
3281 5365 3626 5430 necessitas,
3646 5380 3784 5417 nas-

2146 5464 2170 5492 a
2193 5441 2344 5493 citur
2371 5439 2530 5494 intus
2560 5440 2828 5493 voluntas
2888 5439 3124 5507 Denique
3154 5453 3309 5492 serm.
3341 5435 3487 5502 298,
3520 5452 3652 5489 num
3679 5433 3743 5507 78
3765 5449 3785 5488 :

2140 5535 2165 5560 ‹‹
2193 5513 2307 5564 haec
2339 5511 2498 5565 habet
2529 5510 2725 5580 quibus
2753 5506 3246 5577 sententia’Cyrz'lli
3264 5507 3465 5580 mirum
3486 5507 3550 5580 in
3565 5506 3786 5560 modum

2142 5605 2170 5633 ‹‹
2202 5577 2555 5637 illustratur}
2585 5584 2801 5652 Captus
2845 5596 2928 5649 es,
2982 5586 3158 5650 atque
3207 5578 3435 5652 utinam
3465 5577 3787 5652 vel_captus

2139 5678 2166 5705 ‹‹
2210 5655 2551 5730 invenieris,
2623 5649 2723 5725 qui
2775 5668 2931 5730 non_
2967 5657 3172 5730 captus
3206 5650 3512 5730 perieras...
3553 5649 3783 5730 Bonum

2144 5750 2168 5778 .‹
2191 5731 2280 5782 est
2293 5726 2365 5782 ad
2385 5718 2580 5783 escam
2596 5718 2794 5799 magni
2813 5723 2966 5796 regis
2982 5718 3112 5795 capi
3131 5718 3358 5776 retibus
3373 5718 3656 5772 veritatis.
3680 5735 3709 5764 ιο
