4108 6270
267 235 270 238 ’
300 213 424 275 343

1355 205 1422 266 S.
1467 202 1786 265 CYBILLI
1827 201 2242 267 HIEROSOL.
2289 201 2659 267 ARCHIEP.

3599 208 3724 268 344

299 345 461 403 bona
491 339 863 401 salvandum.
891 340 1015 405 Quo
1063 336 1317 407 venires,
1351 337 1687 411 cujusmodi
1718 342 1776 393 te
1825 342 1951 394 rete
1982 405 1984 413 Α

2101 337 2370 412 ’ροαιρὲσει
2405 339 2498 411 μὶν
2531 335 2786 406 ἐλθόντα,
2815 333 3000 392 ἐλπίδι
3048 333 3108 393 δὶ
3164 337 3342 412 ἀγαθῆ
3375 337 3719 416 σωφησόμε-

305 436 623 507 exciperet,
653 433 805 488 forte
836 429 1163 486 nesciebas.
1192 429 1459 484 Incidisti
1493 430 1553 483 in
1584 429 1734 484 retia
1765 429 1948 485 eccle-

303 525 577 582 siastica:
609 523 770 577 vivus
803 521 1077 593 capiare;
1127 536 1201 574 ne
1253 519 1481 592 fugias;
1515 519 1674 590 capit
1703 520 1864 574 enim
1896 525 1950 575 te

301 615 479 671 hamo
517 615 567 649 “
598 614 789 680 Jesus,
822 628 942 666 non
973 615 1040 665 ut
1085 609 1262 666 morti
1313 608 1510 678 dedat,
1545 609 1648 664 sed
1679 614 1744 664 ut
1774 609 1952 665 morti

300 705 544 762 tradens
574 703 769 758 vivum
801 699 1047 756 reddat:
1099 716 1239 754 nam
1292 703 1350 752 et
1399 698 1549 754 mori
1582 703 1638 753 te
1669 704 1727 753 et
1754 716 1955 754 resur-

299 812 437 869 gere
468 797 722 865 oportet.
756 790 987 845 Audisti
1027 787 1325 860 siquidem
1371 787 1720 859 Apostolum
1747 788 1952 844 dicen-

297 890 456 940 tem:
490 883 693 940 Mortui
722 880 944 952 quidem
991 885 1241 949 peccato,
1291 879 1530 932 viventes
1575 885 1758 932 autem
1779 879 1956 948 justi-

301 977 394 1030 tiw
413 973 479 1029 δ’.
513 974 738 1028 Morere
786 969 1067 1042 peccatis,
1115 972 1174 1024 et
1227 966 1352 1022 vive
1388 967 1680 1039 justitias;
1723 967 1852 1039 jam
1882 967 1953 1023 ab

299 1062 592 1120 hodierno
623 1060 719 1116 die
741 1059 887 1116 vive.

377 1244 468 1298 VI.
508 1239 836 1298 Considera
887 1243 1172 1310 quantam
1236 1239 1342 1294 tibi
1399 1240 1568 1294 Jesus
1606 1236 1958 1310 dignitatem

306 1330 660 1404 impertit“.
695 1328 1168 1386 Catechumenus
1215 1327 1520 1384 vocabaris
1551 1327 1649 1400 (1),
1681 1325 1960 1382 exteriori

308 1423 535 1477 circum
567 1421 841 1494 pulsatus
876 1436 1060 1475 sono:
1097 1435 1264 1490 spem
1289 1418 1562 1486 audiens,
1595 1434 1704 1472 nec
1730 1417 1958 1484 videns;

309 1511 559 1567 audiens
583 1509 883 1582 mysteria,
904 1526 1014 1565 nec
1037 1508 1409 1581 intelligens;
1428 1507 1678 1563 audiens
1701 1506 1958 1577 Scriptu-

309 1619 545 1665 ras,nec
567 1598 806 1655 illarum
831 1599 1192 1670 profundum
1215 1598 1495 1653 videns]!
1514 1598 1678 1652 Nunc
1692 1596 1819 1668 jam
1841 1611 1962 1651 non

311 1690 568 1763 amplius
594 1688 1044 1745 circumsonant
1073 1703 1248 1743 aures
1282 1692 1416 1754 tuae,
1445 1686 1548 1742 sed
1578 1685 1827 1740 interior
1855 1683 1962 1739 tibi

313 1798 499 1838 sonus
519 1780 787 1836 auditur:
810 1779 1154 1834 inhabitans
1179 1779 1340 1834 enim
1362 1777 1615 1848 Spiritus
1633 1777 1678 1811 ⁸⁷
1702 1778 1779 1847 (2)
1805 1793 1967 1831 men-

313 1877 435 1926 tem
467 1875 628 1925 tuam
659 1868 940 1940 deinceps
971 1868 1232 1924 divinam
1266 1866 1668 1922 domumfacit.
1697 1867 1841 1921 Cum
1863 1881 1965 1921 au-

328 1960 510 2016 dieris
533 1975 602 2014 ea
622 1975 753 2031 quas
775 1957 846 2014 de
870 1958 1166 2030 mysteriis
1194 1957 1415 2028 scripta
1444 1960 1601 2020 sunt,
1625 1960 1766 2012 tunc
1795 1954 1974 2010 intel-

325 2050 473 2123 liges
505 2066 636 2121 qua:
681 2049 1010 2105 nesciebas.
1062 2049 1263 2118 Neque
1309 2064 1444 2102 vero
1494 2052 1550 2102 te
1580 2063 1708 2101 rem
1737 2045 1973 2101 minimi

321 2140 498 2213 pretii
525 2138 792 2210 accipere
834 2143 1044 2209 putes;
1105 2137 1464 2194 miserabilis
1495 2137 1673 2193 homo
1706 2153 1840 2191 cum
1869 2137 1972 2205 sis,

320 2229 423 2284 Dei
460 2244 790 2302 cognomen
851 2226 1090 2298 accipis.
1147 2226 1299 2282 Audi
1354 2226 1608 2283 Paulum
1640 2226 1970 2282 dicentem:

323 2319 526 2374 Fidelis
557 2319 694 2374 Deus
713 2315 760 2351 ⁸⁸
786 2333 800 2386 ;
833 2315 970 2371 audi
1002 2315 1186 2372 aliam
1237 2315 1636 2388 Scripturam:
1675 2316 1808 2370 Deus
1834 2314 1972 2384 ﬁde-

2059 448 2174 484 vov.
2208 428 2365 489 Ἴσως
2397 427 2498 482 ούκ
2545 424 2698 502 ᾔδεις
2744 430 2851 481 ποῦ
2896 422 3062 503 ἔρχῃ,
3097 423 3224 482 οὐδὲ
3250 425 3384 482 ποία
3413 447 3474 482 σε
3503 431 3718 504 σαγηνη

2062 513 2354 592 λαμϐάνει.
2416 519 2648 595 Γὲγονας
2722 515 2851 574 εἶ’σω
2929 515 3162 574 δικτύων
3221 515 3717 590 ἒκκλησιαστιιιῶν·

2064 609 2402 683 ζωγρήθητι,
2464 609 2541 681 μὴ
2591 606 2787 685 φύγῃς·
2847 607 3187 684 ἀγκιστρεύει
3243 607 3344 686 γάρ
3392 629 3454 664 σε
3483 611 3719 683 Ἰησοῦς,

2063 698 2175 772 οὐχ
2197 694 2290 752 ’ίνα
2321 697 2622 772 θανατώοῃ,
2683 695 2810 752 ἀλλ’
2865 696 2956 752 ἳνα
3011 697 3326 761 θανατώσας
3375 701 3716 776 ζωοποιήσῃ·

2064 784 2149 840 δεῖ
2198 807 2257 841 σε
2313 786 2417 862 γὰρ
2476 788 2758 842 ἀποθανεῖν
2816 787 2905 842 καὶ
2966 786 3280 856 ἀναστῆναι.
3313 789 3586 851 Ἤκουσας
3617 789 3720 865 γὰρ

2061 881 2157 931 τοῦ
2191 875 2530 933 Ἀποστόλου
2587 875 2864 950 λέγοντος·
2925 875 3125 952 Νεκροὶ
3189 877 3286 951 μὶν
3345 881 3416 952 τῇ
3461 878 3724 955 ἁμαρτία,

2067 969 2264 1036 ζῶντες
2323 963 2381 1021 δὶ
2435 969 2505 1040 τῇ
2565 962 2908 1041 δικαιοσύνῃ.
2967 966 3236 1031 Ἀπόθανε
3299 972 3417 1031 τοῖς
3470 969 3724 1043 ἁμαρτήο

2068 1075 2250 1129 μασιν,
2279 1055 2370 1110 καὶ
2412 1058 2575 1124 ζῆσον
2625 1053 2695 1130 τῇ
2747 1053 3066 1132 δικαιοσύνῃ
3119 1059 3217 1131 (3)·
3281 1056 3391 1112 ἀπὸ
3415 1063 3517 1128 τῆς
3547 1059 3726 1132 σήμε-

2065 1165 2160 1220 ρον
2194 1148 2380 1215 ζῆσον.

2142 1236 2204 1305 ζ’.
2235 1233 2416 1292 Βλέπε
2448 1257 2542 1309 μοι
2574 1234 2818 1308 πηλίκην
2874 1257 2959 1292 σοι
3009 1239 3084 1310 (4)
3133 1236 3280 1310 ἀξίαν
3313 1238 3342 1293 ὁ
3371 1239 3588 1308 Ἰησοῦς
3617 1258 3724 1316 χα-

2070 1326 2295 1401 ρίζεται.
2339 1327 2772 1402 Κατηχούμενος
2828 1326 3044 1404 ἐλέγου,
3104 1323 3294 1402 ἔξωθεν
3347 1330 3728 1406 περιηχούμε-

2067 1435 2182 1478 νος·
2216 1415 2430 1472 ἀκούων
2460 1414 2679 1486 ἐλπίδα,
2735 1415 2825 1472 καὶ
2889 1418 2966 1491 μὴ
3025 1415 3207 1481 εἰδώς·
3263 1419 3473 1474 ἁκούων
3512 1422 3723 1492 μυστή-

2071 1526 2182 1580 ρια,
2215 1505 2304 1560 καὶ
2338 1507 2415 1578 μὴ
2449 1510 2610 1561 νοῶνο
2669 1505 2880 1561 ἀκούων
2942 1507 3178 1583 Γραφᾶς,
3232 1508 3322 1563 καὶ
3367 1509 3445 1582 μή
3476 1505 3635 1571 εἰδὼς
3661 1508 3728 1564 τὸ

2076 1596 2259 1670 βάθος.
2293 1596 2407 1652 Οὐκ
2435 1591 2514 1650 ἔτι
2544 1599 2815 1670 περιηχῇ,
2869 1593 2999 1651 ἀλλ’
3046 1595 3246 1672 ἑνηχῇο
3277 1597 3342 1652 τὸ
3373 1599 3478 1673 γὰρ
3511 1595 3725 1654 ἕνοικον

2073 1691 2312 1759 Πνεῦμα,
2347 1685 2543 1741 λοιπὸν
2575 1689 2724 1741 οἷκον
2773 1691 2919 1750 θεῖον
2973 1688 3076 1757 τὴν
3139 1685 3380 1743 διάνοιάν
3414 1709 3509 1744 σου
3541 1692 3614 1762 (5)
3643 1689 3732 1766 ἑρ-

2072 1776 2310 1851 γάζεται.
2342 1777 2510 1832 Ὅταν
2541 1774 2778 1849 ἀκούσῃς
2823 1775 2890 1830 τὰ
2945 1776 3070 1850 περί
3120 1780 3229 1830 τῶν
3284 1775 3603 1851 μυστηρίων
3637 1798 3730 1852 γε·

2074 1861 2382 1940 γραμμένα,
2413 1863 2537 1920 τότε
2581 1865 2802 1935 νοήσεις
2847 1862 2880 1918 a
2932 1865 3008 1936 μή
3050 1859 3221 1938 ᾔδεις.
3254 1864 3361 1920 Καὶ
3396 1866 3474 1938 μὴ
3503 1867 3734 1942 νομίσῃς

2083 1952 2165 2008 ὅτι
2241 1953 2433 2028 μικρὸν
2492 1957 2719 2030 πρᾶγμα
2771 1948 3091 2026 λαμϐάνεις·
3173 1951 3466 2030 ἄνθρωπος
3521 1955 3595 2011 ὥν
3652 1955 3735 2010 οἷ-

2081 2043 2264 2119 κτρὸς,
2297 2047 2430 2098 Θεοῦ
2482 2037 2780 2116 λαμϐάνεις
2835 2043 3228 2118 προσηγορίαν.
3282 2045 3484 2102 ’Ἀκουε
3513 2044 3736 2101 Παύλου

2083 2131 2360 2209 λὲγοντος·
2394 2132 2589 2194 Πιστὸς
2621 2133 2650 2186 ὁ
2681 2133 2830 2194 Θεὸς.
2891 2134 3092 2189 ’Ἄκουε
3140 2130 3322 2204 ἄλλης
3376 2140 3600 2208 Γραφῆς
3641 2134 3739 2191 λε-

2081 2222 2307 2297 γούσης·
2369 2221 2498 2284 Θεὸς
2556 2222 2748 2284 πιστὸς
2805 2219 2896 2276 καὶ
2956 2218 3164 2284 δίκαιος
3376 2225 3556 2280 Τοῦτο
3586 2245 3735 2300 προ-

2083 2307 2302 2368 ϐλὲπων
2333 2312 2361 2366 ὁ
2392 2309 2717 2386 Ψαλμῳδὸς
2779 2309 2966 2387 ἔλεγεν
3019 2309 3080 2366 ἐκ
3134 2311 3433 2387 προσώπου
3476 2319 3574 2370 τοῦ
3604 2320 3740 2370 Θεοῦ

394 2443 440 2478 ⁶⁴
469 2442 671 2498 Matth.
698 2458 821 2507 xm,
852 2442 940 2494 47.
973 2440 1018 2475 ⁸⁵
1047 2442 1214 2497 Rom.
1247 2457 1320 2510 v1,
1356 2444 1444 2507 11,
1480 2443 1582 2508 14ς
1614 2442 1639 2494 I
1668 2441 1823 2495 Petr.
1859 2456 1920 2510 ιι,
1949 2442 1981 2492 2

2101 2439 2116 2473 ⁵
2149 2437 2276 2494 Vid.
2307 2447 2416 2495 cat.
2457 2443 2507 2509 1,
2560 2456 2619 2494 ιι.
2665 2439 2717 2508 4,
2773 2443 2832 2494 et
2861 2444 2970 2495 cat.
3002 2441 3054 2508 5,
3093 2455 3154 2496 ιι.
3197 2442 3246 2495 1.
3273 2437 3320 2475 ⁸⁷
3345 2441 3512 2497 Rom.
3535 2456 3649 2511 vni,
3681 2443 3736 2510 9,

331 2517 418 2570 11.
449 2515 494 2550 ⁸⁸
522 2516 548 2569 I
577 2515 709 2568 Cor.
735 2529 770 2582 ι,
799 2515 851 2566 9.

410 2660 486 2732 (1)
525 2657 950 2732 Catechumenus
989 2657 1298 2732 verebaris,
1325 2659 1596 2732 etc._Non
1621 2656 1763 2732 satis
1793 2657 1856 2732 in
1889 2657 1993 2710 La-

337 2728 476 2787 tina
490 2729 878 2784 translatione
903 2728 1118 2782 servari
1146 2734 1344 2800 potest
1368 2728 1543 2800 ludus
1561 2728 1760 2800 Cyrilli
1789 2730 1851 2783 in
1866 2743 1997 2781 ver-

343 2803 434 2858 bis
463 2804 850 2874 κατηχεῖσθαι,
900 2797 1312 2874 περιηχεῖσθαι,
1371 2797 1708 2874 ἐνηχεῖσθαι,
1742 2816 1996 2874 quorum

346 2875 462 2929 duo
496 2871 696 2944 priora
729 2871 1082 2928 exteriorem
1101 2871 1108 2872 ⁷
1133 2889 1345 2927 sonum
1377 2871 1452 2926 ad
1476 2871 1656 2927 aures
1688 2872 1996 2944 advectum

345 2942 727 3014 significant;
765 2943 1005 2998 tertium
1059 2959 1220 3012 vero,
1281 2945 1627 2999 interiorem
1677 2950 1732 2998 et
1783 2944 1884 3014 qui
1924 2942 1997 2998 ad

347 2964 391 3001 sx
438 2963 727 3008 uincant;
765 2963 1005 2998 ternum
1059 2963 1220 3012 vero,
1281 2963 1627 2999 InteI‘lOI‘em
1677 2963 1732 2998 BI
1783 2963 1884 3014 qui
1924 2963 1997 2998 au

347 2963 536 3073 soélam
569 3019 831 3070 mentem
891 3015 1174 3087 pertingit
1231 3017 1417 3070 sancti
1479 3016 1729 3087 Spiritus
1761 3031 1998 3086 sonum,

2104 2673 2240 2729 vero
2272 2656 2330 2712 id
2362 2661 2567 2712 noster
2595 2656 2848 2729 Cyrillus
2879 2661 3074 2729 negat,
3123 2656 3224 2728 qui
3273 2657 3520 2729 Spiritus
3553 2657 3744 2713 sancti

2106 2727 2422 2784 adventum
2453 2727 2719 2800 tempore
2748 2727 3446 2800 baptismatis,’tanquam
3479 2730 3747 2784 nondum

2106 2801 2462 2856 habentibus
2495 2817 2650 2871 sazpe
2681 2801 2976 2871 promittit
3005 2807 3118 2856 cat.
3151 2804 3203 2866 3,
3237 2803 3476 2855 num.”
3498 2819 3512 2868 ;
3535 2804 3747 2867 cat.16,

2108 2889 2168 2927 ιι.
2202 2875 2290 2926 26.
2321 2875 2401 2928 Ac
2433 2878 2543 2928 cat.
2580 2872 2665 2939 19,
2698 2888 2863 2927 num.
2898 2875 2952 2939 5,
2985 2873 3069 2927 ait
3097 2889 3236 2929 suos
3266 2872 3564 2928 auditores
3589 2879 3750 2929 ante-

2107 2961 2285 3015 quam
2318 2961 2484 3000 sacro
2508 2944 2826 3000 chrismate
2853 2944 3103 3014 Spiritus
3125 2945 3312 2999 sancti
3331 2943 3554 3000 donum
3585 2961 3751 3001 acce-

2110 3016 2360 3088 pissent,
2377 3017 2644 3072 nondum
2667 3015 3136 3071 Christianorum
3154 3017 3400 3071 nomine
3421 3017 3629 3088 dignos
3652 3033 3753 3072 ex-

343 3089 578 3163 qualem
614 3087 675 3142 in
708 3087 1026 3163 prophetis
1045 3087 1370 3142 admittunt
1397 3090 1628 3163 Patres,
1656 3095 1714 3163 et
1761 3105 1831 3143 ea
1858 3102 1998 3163 voce
2029 3097 2071 3163 ρ
2113 3087 2364 3163 ὲῐίιὶεεοῌ
2379 3090 2520 3163 C_ur_n
2544 3105 2678 3143 vero
2710 3095 3012 3143 auctorem
3043 3088 3336 3143 bonorum
3369 3087 3633 3144 omnium
3662 3104 3756 3163 ag:

339 3158 648 3232 designare
683 3159 912 3232 solent,
937 3158 1112 3232 'l‘rina
1155 3175 1398 3232 quoque
1447 3161 1800 3232 repetitione
1829 3158 1990 3232 verbi

337 3229 568 3286 audilms
590 3229 844 3301 Cyrillus
864 3230 1097 3284 videtur
1118 3229 1382 3285 alludere
1408 3230 1482 3284 ad
1505 3229 1721 3285 nomen
1744 3231 1989 3301 Audienf

342 3303 480 3358 tium
503 3317 620 3372 quo
639 3300 1055 3355 oatechumeni
1081 3307 1137 3355 et
1160 3303 1535 3372 pmnitentes,
1559 3302 1779 3372 aliique
1799 3302 1897 3372 qui
1920 3300 1994 3355 ad

345 3375 502 3429 solas
523 3373 811 3428 lectiones
845 3377 902 3426 et
931 3373 1246 3428 conciones
1270 3389 1466 3428 sacras
1495 3374 1555 3427 in
1580 3374 1857 3428 Ecclesiae
1881 3389 1991 3428 caa-

342 3451 466 3500 tum
490 3443 980 3508 admittebantur,
1009 3446 1202 3499 notari
1236 3453 1668 3500 consueverunt
1701 3446 1762 3499 in
1790 3462 1999 3500 monu-

340 3517 568 3572 mentis
596 3514 1035 3571 ecclesiasticis.
1072 3516 1213 3570 Vide
1246 3517 1476 3571 Constit.
1507 3535 1624 3587 ap.,
1651 3517 1754 3571 lib.
1789 3534 1908 3582 vm,
1944 3533 1993 3571 c.

347 3593 376 3642 5
411 3591 597 3662 et_12_,_
631 3587 842 3662 conci].
876 3587 1075 3662 Laod.,
1112 3605 1238 3662 can.
1266 3591 1328 3662 iiii.
1363 3595 1472 3642 etc.
1508 3591 1720 3644 Notatu
1752 3589 1997 3662 dignum

345 3659 503 3732 quod
537 3659 991 3732 illuminandos‘
1015 3659 1104 3732 ait
1146 3661 1398 3730 Cyrillus
1431 3659 1995 3715 catechumenorum

345 3729 586 3786 nomine
620 3730 908 3802 appellari
961 3729 1230 3798 desiisse,
1281 3737 1346 3784 ut
1393 3732 1601 3787 ﬁdeles
1633 3733 1994 3787 dicerentur.

350 3802 513 3868 Quod
545 3819 665 3857 non
697 3802 808 3857 hoc
839 3802 968 3857 loco
999 3807 1226 3856 tantum
1260 3808 1532 3870 testatur,
1567 3805 1669 3858 sed
1710 3811 1768 3859 et
1797 3809 1908 3859 cat.
1948 3807 1997 3871 1,

350 3891 409 3929 ιι.
437 3876 488 3940 4,
513 3872 609 3928 ubi
635 3874 745 3928 ait:
776 3899 796 3926 ι
819 3877 1006 3928 Antea
1027 3875 1490 3929 catechumenus
1509 3892 1659 3936 eras.
1677 3892 1836 3930 nunc
1855 3875 1998 3930 ﬁde-

347 3968 373 3995 ‹‹
391 3945 464 3999 lis
486 3945 796 4009 vocabere;
819 3953 869 4000 et
892 3945 1108 4013 cat.5,n
1142 3947 1235 4012 I,a
1258 3948 1820 4001 catechumenorum
1841 3946 1996 4000 ordi-

358 4039 383 4068 υ
407 4033 482 4072 ne
505 4017 579 4072 ad
602 4016 675 4072 ad
701 4017 972 4072 ordinem
997 4017 1262 4072 ﬁdelium
1286 4041 1314 4068 ››
1339 4018 1657 4072 translatos
1685 4022 1997 4074 memorat.

345 4089 510 4143 Idem
536 4090 750 4160 repetit
772 4095 884 4144 cat.
912 4092 963 4156 6,
988 4106 1046 4142 n.
1078 4089 1436 4160 29.alibique
1459 4089 1724 4160 loquitur
1744 4090 1815 4145 de
1835 4095 1999 4144 cate—

353 4160 688 4226 chumenis,
721 4160 806 4214 uti
834 4161 1076 4214 nomine
1101 4167 1158 4214 et
1189 4167 1343 4215 statu
1370 4160 1441 4216 ab
1475 4161 1847 4216 auditoribus
1880 4161 2002 4216 suis

354 4231 526 4304 longe
547 4231 819 4304 diversis,
839 4231 1024 4304 huius
1038 4232 1266 4304 Procat.
1292 4248 1352 4285 ιι.
1390 4237 1472 4299 12,
1500 4239 1609 4289 cat.
1637 4237 1755 4299 5,n.
1784 4237 1868 4300 12,
1889 4239 1999 4288 etc.

344 4303 408 4358 Id
434 4301 1264 4374 HierosolymitanaaEcclesiae
1284 4304 1588 4374 proprium
1607 4305 2001 4372 videtur,cum

346 4375 487 4430 alibi
511 4374 1075 4447 catechumenorum
1094 4390 1312 4447 nomen
1332 4391 1519 4447 usque
1543 4377 1617 4432 ad
1639 4376 1996 4447 baptismum

355 4452 746 4509 retentum,et
777 4446 1043 4500 ﬁdelium
1077 4445 1535 4518 appellationem
1565 4445 1868 4518 baptizatis
1898 4465 2000 4502 re-

361 4526 646 4574 servatam
682 4534 810 4573 esse
843 4518 1125 4589 legamus.
1159 4517 1272 4572 Sed
1304 4519 1479 4572 etiam
1514 4517 1834 4589 aliquando
1867 4519 2000 4574 ﬁde—

352 4590 496 4644 lium
511 4590 755 4645 nomine
771 4590 928 4644 solos
942 4589 1264 4660 baptizatos
1277 4589 1813 4660 designatCyrillus
1827 4591 2000 4660 infra,

347 4663 490 4734 n._1_3
514 4678 526 4715 :
551 4684 578 4710 ‹‹
605 4662 663 4716 Si
687 4661 900 4717 videris
925 4660 1132 4734 ﬁdeles
1154 4660 1544 4734 inservientes
1567 4664 1800 4734 etcuris
1819 4680 1997 4734 expe-

348 4751 374 4784 ι
399 4730 576 4806 ditos,
601 4734 791 4788 securi
812 4739 978 4800 sunt;
1003 4733 1201 4789 sciunt
1221 4732 1366 4803 quid
1382 4730 1994 4806 acceperint,gratiam

347 4804 554 4876 «apud
579 4821 640 4859 se
664 4810 888 4861 tenent.
914 4807 995 4862 Tu
1017 4822 1175 4875 vero,
1202 4828 1222 4852 ι»
1258 4810 1367 4860 etc.
1387 4804 1549 4870 Quod
1568 4804 1886 4861 ﬁdelesDei
1905 4824 1997 4861 co-

347 4877 625 4949 gnomine
649 4876 928 4932 honorari
951 4877 1301 4948 ait,praastat
1321 4877 1579 4949 ambigui
1602 4878 1761 4932 verbi
1781 4879 1992 4933 obscu-

347 4947 586 4999 ritatem
603 4949 832 5016 aperire
847 4949 955 5003 hac
975 4947 1346 5021 S.Augustini
1362 4947 1743 5004 distinctione
1761 4951 1820 5004 in
1843 4950 1993 5021 psal.

348 5033 526 5081 χχχιι,
557 5032 716 5071 enar.
753 5021 804 5082 2,
836 5035 1000 5074 num.
1026 5022 1056 5073 9
1086 5035 1098 5073 :
1126 5042 1149 5070 (ι
1180 5020 1474 5076 Habemus
1505 5037 1641 5083 ergo
1674 5027 1732 5076 et
1758 5020 1995 5077 ﬁdelem

349 5089 609 5160 «Deum.
633 5089 1070 5160 Distinguamus
1093 5092 1286 5160 potius
1313 5093 1547 5148 ﬁdelem
1573 5095 1756 5148 Deum
1778 5111 1811 5149 a
1834 5093 1996 5148 ﬁdeli

348 5183 374 5209 ‹‹
402 5159 663 5233 homine.
688 5159 904 5233 Fidelis
929 5168 1016 5233 est
1039 5159 1214 5215 hOmo
1240 5165 1608 5233 promittenti
1635 5167 1771 5231 Deo,
1803 5166 1996 5220 ﬁdelis

354 5254 373 5279 ι
403 5231 658 5284 estDeus
678 5231 964 5285 exhibens
985 5232 1208 5285 homini
1234 5231 1388 5303 quod
1411 5237 1998 5304 promisit.»Athana--

352 5303 472 5379 sius
495 5305 903 5379 orat._2_contra
925 5305 1150 5379 ᾼγξᾳηη
1176 5303 1589 5379 nun'1_6.Deum
1625 5308 1860 5379 ﬁdelem
1893 5325 1998 5379 ap-

349 5373 561 5445 pellari
592 5372 754 5432 dicit.
791 5374 956 5444 quasi
978 5373 1234 5445 dignum
1260 5377 1396 5444 ﬁde,
1425 5378 1499 5439 ὡς
1525 5377 1852 5445 ἀξιόπιστος.

425 5448 499 5520 (2)
529 5445 856 5520 Infigzbitans
885 5444 1148 5520 Spiritus.
1179 5448 1388 5520 _Negat
1440 5444 1692 5520 Cyrillus
1740 5452 1996 5506 Alexan-

353 5514 812 5589 drinus,lib.‘_xu_
832 5519 890 5589 in
909 5519 1097 5580 Joan.,
1125 5514 1353 5589 adicap.
1388 5514 1591 5586 χχξΠ,
1621 5524 1999 5578 catechume-

352 5604 482 5665 nos,
516 5587 657 5665 licet
681 5586 895 5665 Christi
941 5586 1316 5665 agnoverint
1340 5590 1742 5665 deitatemLac
1763 5596 1892 5665 jam
1927 5594 1997 5648 ﬁ-

351 5659 486 5715 dem
509 5658 768 5716 confessi
793 5657 1190 5730 sint,Spiritus
1223 5661 1410 5716 sancti
1441 5662 1598 5718 dono
1615 5657 1866 5732 ditatbs;
1890 5680 2000 5719 nec

2111 3159 2613 3230 noscatSpiritum
2640 3165 2907 3215 sanctum
2933 3164 3043 3214 cat.
3081 3163 3166 3226 16,
3189 3177 3354 3215 num.
3381 3164 3446 3215 19
3463 3165 3522 3216 et
3537 3164 3626 3227 22,
3651 3159 3752 3231 qui

2103 3248 2164 3286 se
2195 3247 2301 3302 per
2328 3231 2483 3286 bona
2515 3248 2695 3304 opera
2725 3231 2796 3286 ad
2823 3232 3070 3304 gratiam
3101 3231 3540 3304 praeparabant,
3567 3231 3752 3304 Spiri-

2106 3309 2226 3357 tum
2257 3308 2528 3358 sanctum
2551 3303 2732 3358 dubio
2753 3303 2984 3374 procul,
3005 3319 3126 3357 non
3153 3311 3218 3357 ut
3242 3303 3306 3358 in
3329 3305 3551 3360 sanctis
3582 3303 3756 3359 inha-

2104 3375 2416 3444 bitantem,
2446 3375 2548 3430 sed
2589 3375 2674 3429 uti
2722 3382 3052 3447 moventem
3085 3391 3153 3430 ac
3181 3375 3446 3431 cozlestia
3474 3374 3759 3447 mysteria

2109 3447 2442 3513 docentem,
2477 3453 2535 3501 et
2565 3447 2701 3502 ﬁdei
2726 3446 2945 3502 donum
2979 3447 3416 3509 intundentem.
3449 3448 3510 3502 in
3545 3446 3758 3518 Seipsis

2106 3518 2428 3574 habebant.
2456 3519 2575 3574 Hoc
2602 3523 2799 3574 autem
2823 3519 3075 3590 Spiritus
3101 3518 3326 3574 donum
3350 3519 3553 3573 virtuti
3586 3535 3760 3574 exor-

2109 3592 2430 3646 cismorum
2464 3597 2522 3646 et
2579 3589 3078 3655 insul'ﬁationum,
3141 3589 3356 3661 quibus
3386 3590 3618 3645 daemon
3652 3607 3763 3661 per

2109 3663 2392 3733 Spiritum
2443 3668 2712 3718 sanctum
2763 3660 3164 3734 ellugabatur,
3186 3661 3341 3716 infra
3370 3678 3428 3716 ιι.
3464 3664 3496 3715 9
3527 3660 3763 3716 videtur

2107 3734 2387 3789 tribuere.
2421 3734 2569 3789 Hinc
2595 3735 2654 3788 in
2687 3733 2933 3803 antiquo
2964 3733 3118 3789 libro
3149 3734 3633 3789 Sacramentorum
3655 3735 3758 3788 Ec-

2109 3807 2282 3861 cleme
2341 3807 2640 3862 Gallicana:
2693 3821 2728 3859 a
2780 3805 3120 3861 Mabillonio
3152 3804 3307 3860 edito
3337 3810 3482 3859 tom.
3515 3805 3538 3858 Ι
3567 3805 3760 3860 Μιλκωὶ

2107 3877 2311 3941 Italici,
2346 3894 2402 3947 p.
2433 3879 2555 3940 323,
2582 3876 2857 3931 sacer-dos
2880 3883 3014 3947 post
3040 3878 3253 3931 trinam
3287 3876 3756 3931 insufﬂationem

2109 3948 2253 4002 dicit
2279 3964 2291 4000 :
2347 3950 2553 4017 Accipe
2583 3947 2855 4016 Spiritum
2883 3957 3150 4017 sanctum,
3183 3955 3233 4002 et
3261 3950 3321 4002 in
3351 3948 3512 4002 corde
3542 3955 3746 4004 teneas.

2111 4018 2352 4073 Subtilis
2385 4026 2474 4074 est
2501 4019 2803 4074 Philastrii
2837 4019 3136 4075 distinctio
3165 4020 3377 4074 haeresi
3409 4037 3540 4074 χοιχ
3569 4021 3758 4074 tertias

2111 4089 2341 4174 classis,
2370 4106 2487 4161 qua
2525 4090 2826 4173 spiramen
2884 4108 2919 4147 a
2975 4092 3194 4174 Spiritu
3253 4091 3644 4174 distinguens,
3677 4091 3762 4146 ait

2113 4162 2572 4235 catechumenos
2628 4163 2892 4235 recipere
2950 4163 3273 4234 spiramen,
3307 4162 3589 4235 Spiritum
3619 4179 3759 4218 vero

2113 4240 2246 4306 post
2270 4233 2652 4306 baptismum.

2187 4306 2260 4374 (3)
2319 4303 2585 4379 Ἀπόθανε
2663 4309 2782 4379 τοῖς
2829 4303 3279 4379 ,ἆμαπτήμασιη
3319 4304 3410 4360 καὶ
3470 4310 3634 4375 ζῆσον
3686 4307 3755 4379 τῇ

2117 4373 2448 4448 δικαιοσύνῃ.
2481 4383 2565 4433 Ea
2595 4377 2774 4433 verba
2822 4378 2883 4432 in
2908 4373 3185 4433 'Prevotii
3215 4373 3597 4446 editionibus,
3629 4373 3761 4434 ver;-

2117 4450 2282 4522 sione
2314 4450 2603 4522 Grodecii,
2639 4455 2695 4503 et
2725 4451 2786 4504 in
2818 4450 2994 4521 Regio
3030 4449 3254 4519 codice,
3285 4458 3529 4522 prOpter
3557 4466 3758 4522 vocem

2115 4517 2431 4595 δικαιοσύνῃ
2463 4522 2798 4595 repetitam,
2823 4517 3548 4595 prétermissa‘supp'levit
3567 4521 3756 4576 Milles

2115 4610 2182 4649 ex
2215 4593 2365 4648 codd
2407 4593 2538 4648 ’Roe
2571 4598 2630 4646 et
2651 4593 2898 4649 Casaub.

2177 4667 2252 4736 (4)
2287 4670 2404 4719 Σοι.
2439 4667 2559 4720 Hoc
2590 4681 2919 4736 pronomen
2959 4664 3020 4720 in
3053 4671 3277 4721 textum
3309 4665 3648 4722 induximus
3679 4680 3751 4720 ex

2105 4735 2275 4791 codd.
2309 4739 2427 4791 Roe
2460 4742 2516 4791 et
2545 4737 2792 4793 Casaub.
2827 4755 2894 4793 ac
2926 4737 3194 4792 Grodecii
3222 4739 3514 4794 versione.

2178 4810 2248 4875 (ὅ)
2307 4808 2468 4860 Οἷκον
2530 4811 2673 4869 θεῖον
2740 4808 2842 4874 τὴν
2901 4805 3138 4862 διάνοιάν
3193 4829 3311 4878 σου,
3361 4815 3470 4867 etc.
3533 4809 3623 4865 Ita
3684 4824 3758 4864 ex

2106 4878 2276 4953 codd.
2312 4882 2430 4953 Roe
2485 4885 2543 4934 et
2582 4881 2845 4953 Casaub.
2908 4881 3274 4953 scripsimus,
3307 4898 3441 4937 cum
3474 4880 3616 4937 editi
3648 4880 3757 4936 ha-

2106 4950 2320 5005 beant:
2355 4947 2544 5025 οἶίιους
2575 4950 2751 5025 θείους
2782 4949 2834 5025 ἐν
2878 4955 2946 5023 τῇ
2999 4947 3210 5022 διανοίᾳ
3242 4947 3503 5025 cometa.
3538 4953 3754 5025 Regius

2108 5028 2320 5098 tamen
2340 5023 2469 5078 cod.
2503 5024 2724 5098 omittit
2779 5021 2852 5098 ἐν.
2913 5021 3128 5098 Eodem
3161 5021 3338 5080 modo
3370 5024 3514 5098 legit
3542 5021 3758 5098 Grode-

2107 5095 2254 5150 cius.
2291 5093 2428 5148 dum
2470 5096 2663 5162 vertit,
2711 5096 2936 5151 Divinas
2981 5097 3127 5152 {edes
3156 5099 3214 5150 in
3244 5093 3550 5151 mente'tua
3579 5097 3758 5166 ediﬁ—

2107 5172 2209 5220 cat.
2240 5167 2502 5222 Priorem
2537 5167 2853 5224 lectionem
2881 5167 2965 5223 uti
2998 5167 3466 5223 emendatiorem
3498 5167 3760 5240 praetuli-

2105 5254 2257 5292 mus.

2179 5312 2252 5374 (6)
2285 5307 2414 5370 Θεὸς
2443 5309 2632 5370 πιστὸς
2674 5309 2764 5364 καὶ
2822 5306 3052 5371 δίκαιος.
3110 5312 3174 5366 In
3229 5311 3359 5366 loco
3393 5312 3761 5367 Deuterono-

2106 5380 2210 5434 mii
2243 5397 2419 5455 quem
2452 5382 2705 5452 Cyrillus
2745 5382 2980 5455 allegat,
3037 5383 3193 5438 inter
3220 5382 3433 5455 πιστός,
3468 5389 3527 5438 et
3554 5381 3643 5436 καὶ
3677 5378 3756 5455 δίς-

2105 5470 2282 5527 κᾳιος,
2318 5451 2612 5527 habentur
2665 5451 3080 5525 praetermissae
3111 5472 3145 5509 a
3176 5454 3394 5527 Cyrillo
3429 5471 3635 5527 voces:
3665 5451 3754 5506 καὶ

2109 5520 2206 5599 οὐκ
2237 5520 2376 5599 ἔστιν
2407 5519 2607 5599 ἀδικίᾳ,
2640 5519 2692 5599 et
2717 5542 2829 5599 non
2850 5534 2927 5599 est
2949 5519 3266 5599 injustitid.
3288 5528 3427 5599 Reg.
3461 5526 3590 5582 cod.
3623 5541 3756 5579 ver-

2109 5593 2183 5649 bo
2215 5595 2344 5668 Θεός
2364 5597 2682 5668 praemittit
2712 5593 3030 5654 articulum
3069 5597 3119 5666 6,
3171 5597 3274 5668 qui
3305 5593 3566 5655 in'sacro
3592 5601 3757 5653 textu

2108 5681 2229 5722 non
2260 5665 2497 5738 legitur.
