4108 6270
360 280 475 342 349

1724 274 2383 341 PROOATECHESIS.

3653 282 3781 343 350

352 409 443 468 καὶ
488 409 811 484 κασσιτέρῳ,
870 409 957 466 καὶ
1019 405 1254 483 σιδήρῳ,
1308 407 1398 464 καὶ
1458 403 1743 483 μολυϐὂῳ.
1803 408 2005 480 Ζητοῦ-

2121 407 2366 464 mistum
2394 406 2460 463 ⁷³.
2495 408 2721 464 Aurum
2750 408 2943 464 solum
2972 408 3190 465 habere
3208 409 3484 481 cupimus
3509 428 3523 479 ;
3545 411 3772 484 absque

355 521 448 573 μεν
503 520 597 555 τον
657 499 862 575 χρυσὸν
920 496 1089 572 μόνον
1139 492 1310 575 ἔχειν·
1374 499 1576 575 χρυσὸς
1636 500 1713 573 μὴ
1784 495 2003 553 δύναται

352 585 471 644 ἄνευ
529 588 701 663 πυρὸς
756 594 1095 663 καθαρθῆναι
1150 587 1217 643 τὰ
1270 588 1510 644 ἀνοίκειοι
1541 609 1552 622 ·
1642 587 1816 650 οὕτως
1880 582 2004 642 ἄνευ

350 678 699 754 ἐπορκισμῶν
760 680 835 751 (1)
895 676 957 732 οὗ
1008 674 1230 733 δύναται
1288 684 1625 749 καθαρθῆναι
1682 679 1857 753 ψυχή’
1900 674 2003 732 εἰσὶ

350 764 405 823 δὲ
436 772 572 832 θεῖοι
603 765 663 822 ἐκ
711 764 869 841 θείων
916 770 1156 841 Γραφῶν
1211 764 1711 843 συνεκλελεγμένοι.
1746 766 2003 835 Ἐσκὲπα-

345 858 463 913 σταί
495 880 591 914 σου
635 858 698 912 τὸ
756 878 1075 932 προσωπον,
1132 858 1225 912 ’ἰνα
1282 856 1532 933 σχολάσῃ
1589 854 1785 912 λοιπὸν
1816 858 1851 926 ἡ
1884 853 2005 911 διά-

342 945 601 1003 νοια·ἳνα
636 949 713 1021 μὴ
771 948 834 1003 τὸ
898 948 1127 1023 βλέμμα
1184 942 1551 1023 ῥεμϐόμενον,
1610 949 1817 1021 ποιήσῃ
1878 944 2001 1022 ῥὲμ·

346 1032 530 1102 ϐεσθαι
560 1037 650 1092 καὶ
682 1037 782 1106 τὴν
832 1034 1075 1112 καρδίαν.
1129 1040 1246 1091 Τῶν
1303 1033 1360 1091 δὲ
1417 1035 1719 1110 ὀφθαλμῶν
1774 1035 2005 1091 ἐσκεπα-

348 1126 581 1201 σμένων,
642 1126 745 1181 οὐκ
800 1122 1155 1198 ἐμποδίζεται
1204 1127 1272 1180 τὰ
1301 1126 1414 1180 ὦτα
1472 1124 1719 1195 δέξασθαι
1773 1125 1835 1178 τὸ
1894 1145 1999 1180 σω-

345 1219 560 1290 τήριον.
592 1217 689 1274 Ὃν
716 1216 820 1293 γάρ
874 1216 1077 1292 τρόπον
1106 1217 1159 1271 οἱ
1187 1223 1289 1286 τῆς
1312 1219 1693 1293 χρυσοχοῖκῆς
1753 1215 2001 1290 ἐργασίας

340 1303 614 1382 ἶμπειροι,
648 1303 738 1361 διά
764 1327 929 1361 τινων
980 1305 1194 1361 λεπτῶν
1258 1306 1509 1380 ὁργάνων
1568 1305 1630 1362 τὰ
1688 1310 1897 1379 πνεῦμα
1923 1310 2003 1378 τῷ

341 1393 470 1470 πυρὶ
499 1387 1021 1468 παρεμϐάλλοντες,
1079 1392 1168 1448 καὶ
1227 1392 1289 1448 τὸ
1350 1392 1402 1448 ἐν
1443 1396 1512 1467 τῇ
1571 1395 1729 1469 χώνῃ
1763 1413 2003 1467 κεκρυμ-

347 1485 506 1559 μὶνον
539 1482 767 1559 χρυσίον
819 1482 1212 1559 άναφυσῶντες,
1270 1482 1368 1551 τήν
1424 1483 1827 1558 παρακειμένην
1883 1480 2002 1556 ἐρε-

346 1573 584 1642 θίζοντες
614 1569 794 1651 φλόγα
816 1571 1123 1647 εὑρίσκουσι
1180 1571 1241 1626 τὸ
1301 1570 1652 1645 ζητούμενον·
1687 1571 1858 1626 eiith
1890 1575 2000 1627 τῶν

343 1661 773 1738 ἰπορκιζόντων,
803 1659 893 1739 διὰ
924 1660 1236 1736 [Ινεύματος
1287 1660 1434 1716 θείου
1479 1655 1875 1735 ἐμϐαλλόντων
1906 1662 1996 1717 τὸν

348 1747 541 1832 φόϐον,
572 1750 665 1807 καὶ
723 1749 990 1825 ὥσπερέν
1025 1751 1202 1827 χώνῃ,
1250 1755 1329 1824 τῷ
1389 1750 1623 1824 σώματι,
1680 1752 1780 1822 τὴν
1812 1751 1997 1826 ψυχὴν

348 1832 873 1915 ἆναζῖυπυροῦντων·
909 1839 1092 1917 φεύγει
1129 1841 1226 1914 μὲν
1280 1841 1308 1895 6
1361 1839 1557 1917 ἐχθρὸς
1608 1838 1845 1913 δαίμων,
1893 1860 2000 1895 πα-

347 1931 563 2007 ραμένει
617 1927 676 1985 δὲ
830 1927 1095 2004 σωτηρία,
1153 1929 1242 1983 καὶ
1296 1928 1652 2004 παραμένειὴ
1686 1928 1843 1990 ἐλπῖς
1897 1935 1997 1998 τῆς

345 2018 573 2075 αἶωνίου
608 2023 782 2088 ζωῆς,
825 2017 913 2074 καὶ
972 2016 1169 2074 λοιπὸν
1228 2020 1262 2088 ἡ
1324 2018 1478 2093 ψυχὴ
1536 2019 1863 2094 καθαρθεῖσαι
1890 2023 1998 2074 τῶν

350 2110 764 2183 ἁμαρτημάτων
824 2104 941 2184 ἔχει
1023 2107 1122 2177 τὴν
1181 2108 1452 2182 σωτηρίαν
1487 2150 1500 2163 .
1591 2108 1993 2184 Ηαραμένωμεν

345 2199 617 2265 τοίνυντῇ
670 2194 876 2268 ἐλπίδι,
942 2194 1192 2272 ἀδελφοὶ,
1245 2196 1336 2251 καὶ
1394 2194 1572 2270 δῶμεν
1632 2196 1873 2268 ἑαυτοὺς,
1904 2197 1995 2251 καὶ

343 2287 679 2362 ἐλπίσωμεν·
710 2289 803 2343 ἳνα
832 2288 860 2341 ὁ
894 2286 1022 2348 Θεὸς
1048 2289 1158 2341 τῶν
1188 2284 1335 2342 ὅλων
1367 2332 1385 2359 ,
1431 2287 1531 2357 τὴν
1563 2287 1833 2362 ἡμετέραν
1859 2306 1997 2361 προ-

341 2378 540 2453 αίρεσιν
575 2373 726 2446 ἰδὼν,
785 2377 996 2452 καθάρῃ
1060 2375 1155 2449 μὲν
1212 2376 1359 2448 ἡμᾶς
1417 2378 1525 2429 τῶν
1580 2374 1861 2450 ἁμαρτιῶν
1894 2381 1995 2449 (2),

2115 498 2251 570 igne
2278 516 2398 555 non
2430 503 2625 571 potest
2653 498 2729 555 ab
2760 498 2973 554 alienis
3015 498 3129 553 sibi
3187 500 3517 555 commistis
3548 517 3771 573 expur-

2115 588 2238 658 gari
2267 604 2278 641 :
2305 589 2387 642 ita
2419 588 2642 659 absque
2674 587 3019 643 exorcismis
3072 587 3272 643 anima
3327 592 3636 663 expurgari
3666 607 3769 647 ne-

2116 676 2284 747 quit;
2320 677 2512 731 divini
2538 676 2625 731 illi
2657 683 2796 731 sunt
2822 693 2889 731 ex
2921 676 3135 732 divinis
3165 677 3485 747 Scripturis
3515 680 3767 736 collecti.

2116 764 2255 820 Velo
2287 765 2581 821 obductus
2624 765 2727 820 tibi
2786 766 2983 821 vultus
3014 765 3142 834 fuit,
3202 770 3271 819 ut
3299 771 3522 822 attenta
3549 768 3620 825 de
3650 787 3767 825 ca)—

2117 858 2242 909 tero
2278 860 2507 909 vacaret
2550 855 2849 928 cogitatio,
2898 872 3045 910 neve
3101 854 3309 911 oculus
3365 871 3543 927 vagus
3573 858 3767 928 ipsum

2115 960 2350 1015 quoque
2382 961 2483 999 cor
2511 945 2705 1017 vagari
2735 944 3016 1001 efficeret.
3049 947 3121 999 At
3148 942 3357 999 velatis
3402 945 3610 1017 oculis,
3646 963 3765 1003 non

2115 1034 2526 1107 impediuntur
2555 1052 2728 1091 aures
2760 1036 3079 1106 quominus
3111 1035 3319 1091 salutis
3347 1036 3764 1109 adjumentum

2113 1126 2457 1197 suscipiant.
2493 1126 3000 1191 Quemadmodum
3024 1127 3183 1182 enim
3232 1128 3557 1183 auriﬁcinaa
3589 1130 3764 1201 periti

2113 1213 2430 1270 subtilibus
2452 1215 2811 1286 quibusdam
2837 1216 3077 1288 organis
3100 1216 3373 1287 spiritum
3398 1217 3518 1289 igni
3542 1217 3767 1274 immit—

2112 1306 2327 1370 tentes,
2359 1319 2426 1358 ac
2457 1304 2831 1360 reconditum
2864 1305 2924 1360 in
2953 1321 3089 1360 vase
3118 1304 3344 1371 fusorio
3377 1322 3589 1362 aurum
3623 1322 3762 1362 con-

2112 1391 2346 1460 ﬂantes,
2378 1392 2520 1448 dum
2567 1395 2897 1465 appositam
2955 1394 3260 1450 ﬂammam
3310 1396 3564 1451 incitant
3593 1411 3760 1467 qum-

2112 1478 2224 1533 sito
2257 1479 2620 1549 potiuntur"
2649 1497 2661 1533 :
2683 1481 2767 1536 ita
2782 1481 2923 1536 dum
2946 1483 3345 1539 exorcizantes
3364 1500 3473 1555 per
3493 1483 3761 1540 divinum

2111 1565 2395 1637 Spiritum
2410 1566 2685 1622 timorem
2698 1568 2997 1641 injiciunt,
3016 1570 3063 1625 8
3082 1571 3463 1641 animamque
3477 1572 3538 1625 in
3552 1588 3759 1643 corpo-

2108 1676 2170 1713 re
2193 1660 2352 1714 velut
2376 1660 2438 1715 in
2460 1677 2594 1716 vase
2616 1660 2965 1717 conﬂatorio
2985 1663 3240 1733 positam
3263 1664 3647 1731 exsuscitant,
3672 1664 3759 1720 fu-

2108 1751 2191 1821 git
2220 1751 2499 1807 inimicus
2519 1751 2776 1817 daemon,
2803 1759 3007 1809 manet
3024 1760 3222 1810 autem
3247 1755 3428 1825 salus,
3450 1759 3507 1810 et
3525 1770 3758 1826 perma-

2108 1848 2211 1897 net
2231 1859 2366 1914 spes
2391 1843 2521 1897 vitaa
2543 1848 2780 1899 aeternae
2853 1844 3111 1915 denique
3143 1846 3347 1901 anima
3376 1852 3692 1919 repurgata
3722 1862 3757 1903 a

2107 1931 2367 2003 peccatis
2396 1932 2650 1988 salutem
2682 1934 3089 2005 consequitur.
3124 1936 3590 1991 Pcrmaneamus
3620 1952 3755 2009 ergo

2106 2021 2169 2077 in
2201 2040 2326 2094 spe,
2358 2023 2590 2094 fratres,
2632 2041 2860 2096 nosque
2911 2025 3072 2097 ipsos
3119 2025 3426 2095 dedamus,
3460 2043 3527 2083 ac
3559 2043 3759 2099 spere-

2105 2129 2259 2180 mus,
2296 2118 2360 2166 ut
2390 2114 2543 2169 Deus
2574 2115 2992 2170 universorum
3046 2114 3264 2170 mentis
3296 2121 3516 2171 nostrae
3547 2132 3762 2188 propo-

2106 2201 2287 2256 situm
2313 2201 2540 2270 videns,
2574 2203 2821 2259 mundet
2849 2221 2959 2259 nos
2988 2220 3024 2259 a
3048 2204 3329 2275 peccatis,
3362 2210 3421 2260 et
3454 2205 3528 2260 de
3581 2205 3761 2261 rebus

2105 2290 2325 2345 nostris
2346 2290 2497 2347 bene
2513 2308 2752 2364 sperare
2775 2310 2884 2348 nos
2893 2293 3115 2365 jubens
3156 2295 3569 2366 pmnitentiam
3587 2294 3758 2350 nobis

2104 2378 2329 2435 tribuat
2357 2380 2700 2436 salutarem.
2728 2382 2884 2437 Deus
2916 2383 3160 2450 vocavit,
3194 2388 3255 2437 tu
3287 2389 3531 2439 vocatus
3562 2400 3647 2440 es.

340 2463 566 2528 ελπίδας
606 2462 667 2521 δὲ
727 2467 863 2538 ἡμῖν
924 2465 1128 2540 ἀγαθὰς
1180 2464 1438 2541 παράσχῃ
1489 2468 1596 2520 τῶν
1650 2463 2011 2539 πραγμάτων,
2042 2465 2134 2521 καὶ
2166 2463 2280 2541 δώῃ
2309 2469 2447 2540 ἡμῖν
2506 2469 2792 2541 μετάνοιαν
2853 2469 3126 2545 σωτηρίαν
3340 2470 3471 2535 Θεὸς
3520 2469 3765 2532 ἐκάλεσε,

351 2553 416 2607 σὺ
450 2551 509 2609 δῖε
539 2551 796 2624 ὖκλήθης.

432 2643 793 2719 Ι“.11αράμενε
841 2648 962 2707 ταῖς
1014 2644 1413 2718 κατηχήσεσιν,
1455 2641 1501 2697 εἰ
1551 2643 1640 2698 καὶ
1676 2641 1864 2699 πολλᾶ
1893 2664 1997 2699 πα-

355 2731 689 2807 ρατείνωμεν
735 2730 1007 2809 λέγοντες,
1066 2732 1143 2805 μή
1174 2752 1305 2787 ποτε
1335 2734 1370 2801 ἠ
1404 2728 1617 2787 διάνοιά
1648 2752 1743 2787 σου
1773 2730 2003 2807 ἐκλυθῇ.

360 2819 522 2878 Οπλα
562 2821 664 2897 γὰρ
725 2815 1024 2894 λαμϐάνεις
1083 2822 1220 2877 κατὰ
1270 2821 1651 2895 ἀντικειμένης
1708 2820 1993 2898 ἐνεργείας·

349 2908 491 2969 οπλα
521 2904 821 2984 λαμϐάνεις
874 2910 1009 2966 κατᾶ
1039 2910 1295 2987 αἱρέσεων
1352 2914 1447 2983 (4),
1503 2910 1640 2965 κατὰ
1698 2909 1998 2984 Ἰουδαίων,

346 3000 432 3053 καί
463 3004 844 3074 Σαμαρειτῶν,
882 3000 973 3055 καὶ
1032 2998 1222 3064 ἐθνῶν.
1274 2998 1532 3062 Πολλοὺς
1564 2997 1795 3075 ἐχθροὺς
1827 2998 2000 3075 ἔχεις,

2181 2647 2245 2703 Χ.
2280 2650 2627 2704 Perseveres
2673 2649 2735 2704 in
2766 2649 3219 2717 catechesibus;
3273 2649 3505 2706 etiamsi
3561 2655 3767 2707 nostra

2110 2738 2393 2809 prolixior
2423 2738 2623 2795 futura
2653 2740 2732 2794 sit
2788 2740 2999 2805 oratio,
3043 2745 3105 2795 tu
3160 2757 3234 2795 ne
3266 2756 3531 2811 unquam
3563 2742 3763 2797 animo

2110 2826 2374 2882 deﬁcias.
2432 2830 2612 2883 Arma
2642 2829 2802 2883 enim
2834 2830 3068 2901 accipes
3100 2835 3307 2887 contra
3363 2829 3761 2885 adversariam

2110 2922 2507 2987 potestatem;
2558 2933 2726 2972 arma
2754 2918 2953 2989 capies
2985 2924 3195 2973 contra
3241 2919 3520 2986 hareses,
3554 2924 3764 2973 contra

2108 3005 2361 3072 Judmos,
2392 3006 2711 3062 Samarites
2772 3012 2828 3061 et
2884 3007 3135 3079 gentiles
3182 3008 3280 3077 (Ἰ).
3331 3007 3541 3062 Multos
3580 3006 3766 3063 habes

352 3087 536 3145 πολλὰ
568 3087 705 3165 βέλη
743 3082 1009 3162 λάμϐανε⁶
1042 3088 1178 3164 πρὸς
1236 3086 1489 3152 πολλοὺς
1545 3089 1648 3164 γὰρ
1678 3088 1997 3160 ἀκοντίζεις,

2120 3094 2335 3163 hostes,
2367 3094 2558 3150 multa
2611 3094 2729 3149 tela
2786 3095 3026 3166 accipe;
3060 3111 3195 3150 cum
3247 3094 3521 3165 plurimis
3559 3095 3765 3167 jaculo

348 3178 433 3233 καὶ
465 3178 627 3255 χρεία
657 3199 745 3233 σοι
779 3180 967 3252 μαθεῖν
998 3182 1115 3240 πῶς
1160 3176 1551 3253 κατακοντίσῃς
1608 3178 1701 3233 τὸν
1728 3177 2002 3249 Ἕλληνα,

352 3273 465 3329 πῶς
496 3266 741 3343 ἀγωνίσῃ
770 3270 845 3340 (5)
898 3267 1037 3342 πρὸς
1094 3268 1388 3343 αἱρετικὸν,
1445 3268 1583 3342 πρὸς
1615 3264 1881 3325 Ἰουδαῖον
1913 3268 2003 3323 καὶ

354 3356 722 3431 Σαμαρείτην.
760 3355 867 3413 Καὶ
926 3357 994 3410 τὰ
1054 3356 1150 3430 μὶν
1190 3355 1337 3412 ὅπλα
1390 3354 1604 3432 ἕτοιμα,
1636 3358 1727 3434 καὶ
1758 3358 1822 3413 τὸ
1853 3358 2005 3432 ξίφος

352 3446 704 3522 ἓτοῖμότατον
730 3450 827 3502 τοῦ
848 3445 1188 3520 Πνεύματος’
1216 3443 1297 3502 δεῖ
1318 3445 1374 3502 δὲ
1394 3448 1484 3502 καὶ
1520 3444 1693 3518 δεξιὰς
1717 3450 1793 3522 (θ)
1813 3448 2005 3505 τείνειν

425 3600 474 3637 ⁷³
502 3602 708 3658 Ezech.
742 3618 878 3669 nn,
914 3602 999 3673 18,
1025 3602 1070 3636 ἠ
1101 3602 1207 3657 Vid
1245 3608 1353 3658 eat.
1389 3604 1474 3671 16,
1508 3618 1568 3656 n.
1605 3604 1708 3669 18;
1741 3620 1794 3659 ν.
1821 3602 1928 3659 inf.
1960 3620 2021 3659 n.

428 3756 502 3826 (1)
530 3757 689 3827 Ἄνευ
720 3751 1094 3827 ἐπορκισμῶν.
1150 3755 1231 3809 In
1268 3753 1612 3827 codd...Boe
1643 3760 1702 3809 et
1755 3755 2003 3811 Casaub.

356 3823 492 3879 ἄνευ
535 3823 891 3900 ᾇφορκιστῶν,
950 3823 1069 3881 Sine
1119 3828 1423 3893 exorcistis,
1481 3825 1635 3900 male
1671 3845 1709 3900 ;_
1746 3843 1886 3900 nam
1934 3827 2007 3882 de

357 3896 701 3953 exorcismis
730 3913 1103 3968 sermonem.
1127 3914 1255 3953 esse
1316 3898 1627 3968 sequentia
1678 3896 2006 3956 declarant.

358 3970 622 4040 Sequens
652 3967 894 4040 phrasis
916 3968 977 4040 in
1002 3967 1214 4023 iisdem
1246 3967 1418 4040 codd:
1444 3969 1529 4024 sic
1548 3968 1813 4040 habetur
1837 3986 1855 4023 :
1884 3968 2008 4025 Elal

361 4036 419 4116 δὲ
450 4036 586 4102 δεῖοι
645 4036 902 4116 ὀβτομοὶ
958 4038 1307 4116 ἐφορκισμοῖ,
1363 4038 1421 4094 ἐκ
1479 4037 1633 4094 θείων
1669 4037 1726 4094 δε
1784 4043 2010 4116 Γραφῶν

356 4110 491 4185 εἰσιν
521 4108 949 4185 συνειλεγμένοι.
999 4108 1021 4185 ’μ
1062 4108 1067 4129 ⁵

427 4183 519 4253 (2),
561 4181 783 4257 Καθάρῇ
843 4181 1146 4257 μένᾳήμᾶς
1213 4185 1320 4236 τῶν
1382 4183 1707 4257 ἁμαρτιῶν.
1767 4185 2013 4257 _Desunt

359 4250 517 4379 ἐλίπεῗέ
541 4250 725 4310 verba
756 4250 852 4308 "iu'
877 4253 1006 4310 cod.
1040 4256 1179 4326 Reg.
1212 4259 1280 4308 ut
1329 4261 1388 4308 et
1420 4250 1716 4326 particula
1765 4250 1817 4309 δῖ
1877 4259 2014 4328 post

424 4345 464 4379 π
490 4345 604 4379 οας.

424 4345 604 4386 πιοας.

427 4400 499 4468 (3)
550 4393 860 4471 Σωτηρίαν.
907 4395 1164 4471 Maxime
1219 4395 1443 4471 arridet
1498 4397 1770 4471 codicum
1828 4399 2012 4471 Reg._,

361 4466 500 4533 Βσθ,
535 4475 594 4526 et
623 4466 874 4540 Casaub.
906 4466 1106 4540 lectio,
1151 4466 1436 4537 μετάνοιαν
1487 4468 1777 4539 σωτηρίας,
1829 4466 2013 4540 ρωῖιί-

366 4512 597 4599 ιεηῖίαῖτι
624 4539 842 4606 salutis,
899 4538 991 4594 Sic
1039 4512 1123 4595 ai't
1151 4512 1263 4595 ζαν
1300 4541 1385 4607 14,
1410 4556 1469 4594 n.
1504 4542 1568 4594 17
1594 4512 2010 4608 ε’δἹηξᾏῦξψπα-
2046 4512 2087 4576 D

361 4613 649 4685 ραγέγονεν
691 4608 794 4685 ὲπὶλ
833 4609 1113 4685 μετανοιίᾳ
1137 4615 1236 4680 τῆς
1263 4609 1553 4685 σωτηρίας.
1602 4611 1766 4667 Idem
1811 4617 2009 4668 autem

358 4682 684 4753 penitentia
711 4682 926 4745 salutis,
960 4682 1111 4752 stylo
1161 4682 1363 4753 Cyrilli
1410 4682 1500 4738 est
1545 4698 1615 4739 ac
1668 4685 1813 4740 salus
1834 4684 2013 4755 pa'ni-

363 4758 540 4812 tentia
573 4771 679 4811 seu
720 4770 827 4826 per
850 4756 1237 4826 paenitentiam
1294 4758 1676 4826 comparata:
1709 4760 1774 4810 ut
1811 4761 1922 4810 cat.
1956 4755 2009 4823 4,

364 4843 421 4881 1).
456 4831 542 4895 17,
577 4823 824 4897 σωτηρία
852 4828 955 4897 τῆς
985 4823 1238 4897 πίστεως,
1287 4823 1446 4882 idem
1476 4832 1568 4880 est
1595 4842 1661 4883 ac
1684 4828 1813 4896 ﬁdes
1861 4827 2012 4881 salu-

362 4901 431 4954 tis
447 4895 823 4969 conciliatriag.
844 4895 1172 4969 Salutarem
1196 4895 1361 4969 illam
1386 4897 2011 4969 pmuitentiam,quam

359 4971 444 5024 uti
502 4969 660 5025 bone
724 4967 1044 5023 voluntatis
1100 4968 1645 5024 mercedemabeo
1703 4986 1823 5025 una
1852 4967 2011 5025 lcum

363 5040 784 5100 emundatione
814 5055 849 5094 a
879 5039 1135 5112 peccatis
1182 5039 1359 5097 tribui
1409 5044 1537 5099 orat
1586 5039 1862 5112 Cyrillus,
1892 5039 2015 5112 ba-

362 5114 647 5185 ptismum
676 5110 891 5185 ipsum
931 5110 1645 5185 fructuoseuperceptum
1665 5111 2013 5185 dici_exis_ti-

364 5181 523 5239 inem
555 5202 569 5247 ;
604 5181 739 5239 cum
783 5182 843 5236 in
902 5182 1169 5252 symbolo
1222 5181 1757 5253 Hierosolymitano
1790 5183 2016 5253 baptis-

364 5273 495 5311 mus
546 5253 823 5311 Ecclesiae
862 5253 1196 5325 appelletur
1248 5253 1519 5323 baptisma
1568 5255 1907 5325 paznitentiaz
1955 5256 2014 5307 in

359 5330 729 5383 remissionem
760 5330 1126 5385 peccatorum.
1161 5330 1273 5379 cat.
1312 5327 1397 5385 18,
1424 5340 1483 5380 n.
1517 5327 1604 5380 22.

430 5400 504 5465 (4)
538 5397 682 5451 Κατά
712 5395 991 5465 αἱρέσεων.
1018 5396 1205 5451 Vertit
1235 5395 1577 5462 Grodecius,
1611 5397 1869 5452 adversus
1902 5395 2013 5451 ha:-

358 5471 603 5533 retz’cos;
644 5469 877 5540 videtur
926 5482 1061 5537 ergo
1094 5467 1307 5540 legisse
1362 5466 1482 5529 καθ’
1512 5466 1817 5540 αἱρετικῶν,
1852 5466 2013 5539 quod

358 5540 574 5598 melius
587 5539 965 5612 componitur
982 5554 1119 5612 cum
1143 5537 1334 5612 verbis
1351 5537 1738 5612 sequentibus
1756 5537 2014 5595 adversus

354 5613 597 5682 Juda’os,
643 5608 779 5679 οἱὸ,
809 5616 870 5667 et
909 5608 1157 5667 inferius
1192 5626 1206 5665 :
1248 5608 1525 5677 Quomodo
1562 5627 1778 5684 pugnes
1824 5616 2017 5666 contra

356 5684 699 5741 haereticum.
731 5688 842 5739 etc.

2116 3183 2434 3250 decertas;
2490 3183 2917 3240 addiscendum
2951 3183 3055 3238 tibi
3105 3183 3404 3254 quomodo
3454 3184 3768 3255 transﬁgas

2115 3273 2404 3341 Graecum,
2426 3273 2725 3344 quomodo
2746 3289 2975 3345 pugnes
3000 3278 3210 3329 contra
3230 3273 3600 3341 hasreticum,
3620 3286 3767 3327 con-

2118 3366 2207 3418 tra
2235 3362 2501 3421 Judaeum
2530 3368 2589 3418 et
2617 3363 2990 3418 Samaritam.
3014 3364 3271 3418 Etarma
3295 3360 3538 3432 quidem
3560 3366 3768 3434 parata

2117 3457 2275 3520 sunt,
2305 3451 2538 3524 gladius
2571 3468 2703 3507 vero
2736 3451 2987 3523 Spiritus
3016 3451 3499 3523 promptissimus
3527 3449 3576 3486 ⁷⁵
3599 3466 3614 3505 :
3636 3466 3768 3507 ma-

2058 3607 2141 3659 15·
2184 3603 2233 3638 ⁷⁵
2263 3605 2463 3661 Matth.
2497 3622 2648 3675 xxvi,
2681 3607 2741 3659 41
2777 3622 2790 3671 ;
2825 3605 3047 3676 Ephes.
3070 3622 3145 3674 γι,
3179 3608 3265 3660 17.

2185 3756 2262 3830 (ὅὶ
2292 3759 2422 3830 Πῶς.
2465 3753 2707 3830 ἀγωνίσῃ
2745 3798 2790 3830 ,Α
2817 3762 2928 3812 etc.
2954 3760 3119 3830 .Beg.
3156 3799 3171 3826 ,
3212 3753 3383 3830 -ὅπως
3436 3754 3751 3830 κατακοντίτ

2117 3824 2211 3888 σας
2241 3826 2494 3903 ἀργονίσῃ
2514 3824 2525 3830 ⁷
2552 3824 2693 3903 πρὸς
2743 3824 3094 3903 αἱρετικοὺςξ
3127 3824 3264 3900 πρὸς
3320 3824 3636 3895 Ἰουδαίους,
3667 3825 3759 3880 καὶ

2118 3899 2482 3973 Σαμαρείτηνζ

2187 3966 2261 4044 (⁷6)
2282 3966 2498 4041 Ἀεξιάς.
2553 3972 2692 4044 Reg.
2721 4013 2735 4044 ,
2770 3966 2933 4040 δεξιᾷ.
2968 3968 3290 4044 Grodecius
3319 3969 3770 4044 videturegisse

2117 4038 2312 4169 ἓεξιιάν,
2373 4038 2509 4100 cum
2555 4038 2787 4109 vet'erit,
2842 4038 3151 4107 dexteram,
3205 4039 3383 4110 idque
3441 4038 3655 4096 melius
3685 4039 3773 4094 vi-

2159 4131 2188 4168 e
2218 4132 2307 4169 ur.

2159 4120 2307 4170 etur.

2194 4187 2267 4257 (7)
2298 4187 2472 4241 Arma
2495 4184 2971 4257 capiesradversus
3020 4183 3276 4257 haereses,
3313 4189 3507 4257 contra
3531 4183 3769 4250 Iudaeos,

2118 4255 2426 4314 Samaritas
2455 4264 2505 4311 et
2530 4255 2778 4326 gentiles.
2824 4257 3089 4321 Quatuor
3116 4255 3220 4310 illa
3264 4255 3524 4311 hostium
3554 4267 3775 4326 genera

2120 4333 2242 4382 toto
2275 4324 2634 4383 Catecheseon
2690 4343 2867 4398 opere
2900 4327 3012 4381 sibi
3065 4325 3428 4382 confutanda
3474 4324 3774 4396 proponit.

2119 4400 2403 4455 Ethnicos
2437 4398 2611 4453 docet
2644 4414 2765 4453 non
2800 4414 2871 4452 ex
2902 4398 3244 4468 Scripturis,
3278 4413 3425 4468 quas
3461 4400 3771 4468 respuunt,

2120 4471 2225 4526 sed
2247 4488 2315 4526 ex
2348 4470 2699 4534 ratiociniis,
2730 4473 2791 4524 et
2819 4466 3063 4524 suarum
3092 4466 3501 4540 ripsorummet
3541 4466 3773 4523 fabula-

2120 4559 2252 4598 rum
2284 4542 2572 4598 inanitate
2595 4548 2654 4597 et
2677 4541 2939 4596 fmditate
2962 4539 3323 4595 refellendos
3344 4545 3455 4594 cat.
3483 4542 3570 4607 1",
3597 4555 3658 4593 n.
3682 4541 3774 4608 27,

2121 4621 2181 4670 et
2207 4619 2319 4670 cat.
2356 4615 2443 4682 18,
2476 4631 2535 4669 n.
2575 4617 2660 4668 10.
2687 4613 3111 4675 Samaritanos,
3144 4612 3522 4666 Chutaaorum
3561 4626 3779 4682 propa-

2119 4685 2340 4767 ginem,
2376 4681 2480 4767 qui
2519 4685 2733 4756 Moysis
2764 4683 2975 4767 _legem
3008 4682 3221 4767 solam,
3254 4698 3375 4763 non
3428 4681 3779 4767 autfmreli-

2122 4753 2269 4828 quas
2301 4753 2630 4828 Scripturas
2659 4753 3045 4828 recipiebant,
3079 4769 3150 4807 ex
3204 4753 3470 4828 quinque
3502 4753 3773 4828 Mosaicis

2120 4825 2291 4901 libris
2326 4825 2755 4901 oppugnandos
2785 4825 2990 4901 censet
3018 4829 3130 4901 cat.
3166 4826 3253 4901 1_8,
3285 4841 3341 4878 n.
3383 4829 3467 4901 11)
3503 4828 3569 4901 1_2
3594 4830 3654 4879 et
3685 4825 3773 4901 13,
3842 4889 3847 4893 ,

2120 4895 2454 4955 Judmos'e'x
2485 4895 2762 4953 omnibus
2796 4895 3021 4967 Veteris
3052 4895 3399 4951 Testimenti
3429 4895 3771 4967 Scripturis,

2123 4977 2181 5026 et
2210 4971 2510 5026 declarata
2540 4971 2601 5024 in
2633 4966 3388 5040 mundoghristivirtute;
3420 4966 3598 5040 atque
3629 4985 3771 5040 apo-

2123 5042 2436 5109 stolorum,
2469 5046 2528 5096 et
2553 5040 2840 5112 priorum_
2863 5038 3411 5112 Hierosolymitanaa
3457 5038 3615 5095 sedis
3645 5038 3773 5112 epi-

2118 5129 2459 5184 scoporum,
2485 5109 2585 5187 qui
2638 5109 2987 5187 eit‘llebraaa
3014 5117 3187 5187 gente
3237 5111 3478 5187 fuerant
3504 5109 3774 5168 auctori-

2124 5182 2263 5247 tate,
2296 5189 2408 5240 cat.
2445 5182 2529 5241 14ἱ.
2569 5200 2626 5237 n.
2666 5183 2728 5235 15
2780 5185 2837 5237 et
2885 5198 3052 5252 seqq.
3087 5182 3405 5239 Hmreticos
3434 5184 3673 5238 demum
3701 5198 3773 5237 ex

2124 5255 2402 5310 omnibus
2433 5254 3133 5325 utriusquegTestamenti
3168 5255 3485 5325 Scripturis
3514 5252 3766 5325 ;quibus

2124 5327 2423 5383 interdum
2447 5325 2718 5397 adiungit
2747 5324 3180 5380 immutabilem
3213 5324 3628 5381 ecclesiasticae
3660 5329 3774 5379 tra-

2125 5399 2368 5453 ditionis
2418 5399 2852 5463 auctoritatem,
2906 5403 2972 5451 ut
3028 5403 3139 5454 cat.
3194 5399 3248 5455 4.
3310 5415 3370 5453 n.
3423 5399 3510 5452 35.
3571 5400 3683 5451 cat.
3716 5398 3771 5463 5,

2127 5487 2187 5526 n.
2225 5472 2309 5531 12.
2340 5474 2399 5524 et
2427 5470 2620 5540 ipsum
2655 5468 2961 5524 catholica;
2991 5467 3291 5535 Ecclesiae,
3324 5467 3481 5539 quod
3508 5466 3594 5521 illi
3626 5481 3775 5521 nuu-

2130 5557 2307 5614 quam
2340 5540 2452 5596 sibi
2510 5540 2818 5612 proprium
2876 5540 3071 5597 facere
3127 5543 3470 5611 potuerunt,
3527 5552 3770 5608 nomen,

2134 5617 2247 5670 cat.
2284 5614 2370 5682 18,
2402 5629 2463 5668 n.
2492 5614 2581 5668 26.
