4108 6270
256 234 367 322 351

1307 264 1373 324 S.
1417 260 1738 324 GYRlLLI
1781 257 2197 320 HIEROSOL.
2249 257 2611 320 ARCBIEP.

3548 259 3665 326 352

255 411 369 451 nus
398 398 596 450 autem
627 391 985 450 contendere
1016 399 1252 467 oportet
1274 414 1382 470 per
1434 397 1656 454 bonam
1694 394 1902 451 volun-
1929 451 1935 461 ε

2053 391 2104 446 ιᾶ
2127 392 2493 469 προαιρέσεως
2522 390 2729 466 ἀγαθῆς
2777 389 2869 447 ’ἶνα
2922 390 3168 466 πόλεμον
3232 391 3434 469 Κυρίου
3489 393 3664 453 πολε-

258 489 462 550 tatem,
508 489 575 538 ut
600 483 829 539 bellum
875 485 1109 540 Domini
1153 488 1464 558 praslieris,
1496 491 1563 543 ut
1606 486 1910 559 oppositas

254 577 579 644 potestates
627 573 912 644 debelles,
947 580 1012 630 ut
1068 575 1352 632 invictum
1405 582 1461 632 te
1509 577 1580 632 ab
1633 575 1910 632 omnibus

255 663 673 718 haereticorum
706 663 1122 720 molitionibus
1143 671 1410 737 praestes.

325 754 421 812 Xl.
456 755 575 810 Hoc
605 772 842 826 quoque
877 756 1170 811 monitum
1196 761 1250 812 te
1282 757 1436 812 volo.
1459 757 1596 822 Quas
1633 756 1916 811 dicuntur

258 843 494 900 addisse
529 845 668 900 etin
701 850 1056 917 perpetuum
1097 863 1282 902 serva.
1328 849 1408 902 Ne
1457 847 1759 902 existimes
1806 845 1915 900 has

262 951 392 989 esse
416 939 729 990 consuetas
750 935 1065 1003 homilias;
1098 936 1189 990 has
1235 952 1469 1007 quoquc
1507 935 1677 991 bonaa
1709 940 1769 991 et
1799 935 1915 990 fide

262 1023 454 1097 digna-3
479 1041 492 1080 ε
522 1041 724 1079 verum
751 1023 801 1079 si
833 1025 976 1096 quid
997 1026 1059 1080 in
1090 1025 1210 1081 illis
1243 1025 1420 1081 hodie
1454 1025 1913 1098 neglexerimus,

263 1115 520 1170 crastino
548 1113 930 1171 addiscimus.
965 1116 1045 1170 Ea
1072 1131 1209 1171 vero
1233 1132 1363 1186 quae
1395 1115 1466 1171 de
1488 1115 1720 1171 lavacro
1751 1131 1916 1187 rege-

264 1203 599 1259 nerationis
629 1220 736 1275 per
765 1203 1037 1260 ordinem
1089 1206 1406 1261 traduntur
1461 1206 1836 1271 documenta,
1867 1204 1916 1258 si

260 1293 438 1348 hodie
467 1293 864 1366 negligantur,
898 1295 1136 1366 quando
1168 1295 1402 1350 demum
1435 1292 1918 1366 reparabuntur?

260 1381 548 1438 Existima
579 1388 812 1454 tempus
844 1401 974 1439 esse
1007 1383 1399 1456 plantationis
1429 1385 1750 1451 arborum;
1803 1381 1917 1438 nisi

262 1470 559 1527 fodiamus
586 1478 644 1527 et
667 1473 729 1527 in
749 1473 935 1528 altum
967 1490 1336 1539 excavemus,
1369 1474 1750 1545 quandonam
1770 1472 1918 1527 alias

262 1562 483 1632 poterit
520 1562 739 1616 rectius
784 1561 1063 1633 plantari,
1107 1563 1263 1634 quod
1295 1563 1480 1619 semel
1528 1563 1707 1618 fuerit
1764 1559 1918 1617 male

261 1650 596 1721 plantatum
616 1649 644 1704 ‘2
674 1649 1006 1707 [Ediﬁcium
1045 1651 1341 1723 quoddam
1399 1651 1757 1708 catechesim
1790 1667 1919 1706 esse

2018 483 2194 557 μήσῃς
2221 481 2309 537 ἳνα
2336 483 2560 555 νικήσῃς
2584 481 2955 556 ἀντικειμένας
2975 482 3354 561 ἐνεργείας,⁹ίνα
3380 486 3660 558 ἀήττητος

2014 573 2141 646 γένῃ
2170 571 2330 627 παντὶ
2358 571 2613 646 α’ῐρετικῷ
2654 592 2960 649 πραγματι.

2086 751 2191 807 IA'.
2224 748 2564 826 Παραγγελία
2596 747 2655 805 δέ
2709 771 2794 805 σοι
2851 751 2941 806 καὶ
2997 754 3159 808 τοῦτο
3209 749 3369 808 ἔστω’
3399 755 3481 812 Τὰ
3509 754 3672 832 λεγό-

2020 863 2151 917 μενα
2184 843 2428 916 μένθανε,
2483 843 2574 898 καὶ
2602 843 2757 918 τήρει
2789 842 2867 907 εἷς
2920 843 3013 898 τὸν
3071 844 3262 901 αἰῶνα.
3297 846 3392 916 Μὴ
3443 846 3672 922 νομίσῃς

2015 932 2114 994 τὰς
2170 933 2420 1003 συνήθεις
2465 937 2599 987 εῖναι
2645 931 2872 1005 ὁμιλίας
3115 934 3359 990 κάκεῖναι
3422 935 3516 1009 μὶν
3565 937 3669 1014 γὰρ

2019 1021 2231 1096 ἀγαθαὶ,
2263 1023 2350 1077 καὶ
2409 1021 2643 1083 πίστεως
2699 1019 2862 1094 ὂίξιαιο
2923 1020 3052 1078 ἀλλ’
3108 1021 3196 1077 έάν
3258 1025 3499 1101 σήμερον
3532 1025 3671 1099 ἀμε-

2019 1113 2304 1186 λήσωμεν,
2353 1109 2541 1186 αὔριον
2593 1112 2958 1186 μανθάνομεν.
3007 1113 3089 1168 Τά
3133 1109 3191 1167 δὲ
3244 1113 3370 1190 περὶ
3419 1118 3517 1169 τοῦ
3549 1111 3677 1170 λου-

2017 1205 2150 1279 τροῦ
2181 1208 2280 1270 τῆς
2323 1199 2734 1278 παλιγγενεσίας
2799 1203 2920 1256 κατ’
2976 1200 3299 1258 ἀκολουθίαν
3355 1200 3680 1279 διαδιδόμε-

2019 1311 2081 1347 να
2107 1294 2184 1365 (3)
2243 1288 2567 1367 διδάγματα,
2598 1289 2685 1345 ἐὰν
2747 1292 2986 1367 σήμερον
3047 1291 3324 1367 ἀμεληθῇ,
3363 1290 3495 1349 πότε
3550 1314 3676 1350 κατ-

2022 1381 2394 1455 ορθωθήσεται
2431 1407 2445 1449 ;
2479 1379 2720 1452 Νόμισὸν
2757 1401 2852 1454 μοι
2896 1382 2972 1455 (4)
3021 1382 3236 1459 φυτείας
3267 1384 3402 1438 εἶναι
3434 1379 3673 1459 δένδρων

2021 1472 2231 1546 καιρόν·
2266 1469 2352 1525 ἐὰν
2404 1471 2482 1544 μὴ
2541 1471 2832 1544 σκάψωμεν
2890 1470 2981 1526 καὶ
3041 1471 3383 1547 βαθύνωμεν,
3415 1473 3550 1528 πότε
3581 1469 3674 1528 δύ-

2023 1581 2174 1616 ναται
2217 1558 2420 1615 ἄλλοτε
2474 1557 2662 1622 καλῶς
2717 1567 3042 1637 φυτευθῆναι
3072 1560 3134 1616 τὰ
3175 1563 3311 1633 ἅπαξ
3367 1565 3552 1623 κακῶς
3577 1583 3673 1640 (pu-

2022 1651 2201 1706 τευθέν
2237 1669 2251 1719 ;
2284 1650 2530 1723 Νόμια-όν
2590 1670 2684 1724 μοι
2743 1647 3044 1724 οἰκοδομὴν
3095 1653 3231 1706 εἶναι
3261 1652 3361 1720 τήν
3422 1654 3680 1728 κατήχη-

261 1744 404 1810 puta
427 1756 440 1806 ;
467 1739 582 1794 nisi
598 1738 895 1796 fodiamus
916 1740 1442 1798 etfundamentum
1465 1758 1756 1812 ponamus
1772 1759 1786 1809 ;
1802 1741 1916 1795 nisi

2051 1757 2127 1795 rw“
2159 1739 2244 1794 ἐὰν
2292 1739 2369 1812 μή
2431 1738 2749 1814 βαθύνωμεν
2802 1739 2893 1794 καὶ
2945 1739 3200 1813 θεμέλιον
3260 1741 3423 1814 θῶμα
3453 1743 3552 1814 (5),
3585 1739 3673 1796 ἐὰν

264 1828 537 1884 ordinata
558 1828 732 1897 serie,
762 1834 1072 1885 structuras
1095 1831 1346 1886 vinculis
1369 1836 1501 1902 apte
1518 1831 1566 1885 9
1600 1830 1916 1902 conjunge-

266 1935 400 1974 mus
431 1919 696 1987 domum,
742 1935 817 1974 ne
863 1920 1004 1991 quid
1036 1919 1235 1976 laxum
1276 1927 1335 1976 et
1361 1920 1536 1976 hians
1564 1921 1915 1993 reperiatur,

269 2013 328 2063 et
355 2009 600 2064 ruinosa
631 2010 733 2064 ﬁat
764 2010 1102 2076 mdiﬁcatio,
1130 2012 1192 2066 in
1231 2011 1465 2066 irritum
1520 2011 1694 2066 cadet
1722 2010 1919 2066 omnis

264 2098 431 2170 prius
455 2103 765 2170 susceptus
786 2098 956 2154 labor
981 2117 994 2167 ;
1021 2100 1126 2155 sed
1150 2104 1384 2172 oportet
1408 2115 1478 2154 ex
1504 2099 1713 2176 ordine
1733 2098 1920 2171 lapidi

265 2187 526 2259 lapidem
549 2189 791 2260 apponi,
815 2194 874 2244 et
894 2189 1176 2261 angulum
1192 2189 1267 2245 ad
1287 2189 1572 2262 angulum
1595 2189 1880 2260 consequi
1903 2206 1918 2255 ;

267 2281 326 2333 et
355 2278 673 2350 snperﬂuis
715 2279 921 2347 erasis,
955 2279 1039 2334 ita
1068 2279 1310 2336 demum
1341 2279 1697 2351 aaquabilem
1731 2278 1920 2333 aediﬁ-

267 2367 569 2423 cationem
591 2384 901 2441 assurgere
927 2369 995 2424 ad
1016 2387 1030 2434 ;
1051 2369 1326 2424 eumdem
1347 2369 1589 2424 modum
1621 2367 1923 2423 aﬂ‘erimus

268 2457 379 2511 tibi
402 2463 686 2530 tanquam
719 2458 947 2530 lapides
981 2459 1278 2515 scientias:
1311 2459 1517 2514 audire
1539 2462 1773 2529 oportet
1792 2472 1922 2528 quae

272 2546 344 2602 ad
379 2547 565 2601 Deum
596 2548 888 2602 viventem
921 2553 1229 2618 spectant;
1273 2548 1476 2604 audire
1509 2565 1641 2618 quas
1674 2546 1746 2602 ad
1769 2546 1925 2618 judi-

273 2635 431 2690 cium
460 2660 475 2704 ;
513 2636 717 2690 audire
752 2651 994 2691 necesse
1045 2643 1135 2692 est
1163 2637 1235 2691 de
1265 2638 1532 2703 Christo;
1565 2635 1926 2691 audiendum

277 2723 349 2779 de
380 2725 914 2780 resurrectione.Et
935 2725 1052 2780 alia
1081 2725 1269 2780 multa
1289 2742 1360 2779 ex
1389 2725 1600 2780 ordine
1630 2725 1927 2794 dicuntur,

277 2829 409 2884 qua)
442 2829 601 2868 nunc
633 2813 872 2884 quidem
906 2814 1157 2886 sparsim
1180 2814 1628 2886 (l)referuntur,
1655 2819 1796 2870 tunc
1826 2830 1928 2869 au-

278 2906 398 2956 tem
425 2918 531 2957 suo
563 2901 690 2958 loco
723 2908 856 2974 apte
906 2903 1195 2974 disposita
1241 2903 1646 2975 proferuntur.
1698 2903 1756 2958 Si
1811 2919 1932 2958 non

278 2991 406 3047 haec
437 2992 501 3046 in
531 3007 721 3047 unum
743 2991 988 3064 colligas
1011 3009 1078 3048 ac
1109 2993 1399 3049 memoria
1424 2994 1625 3065 priora
1648 2998 1707 3048 et
1736 2999 1933 3065 poste-

277 3081 438 3136 riora
468 3082 887 3153 complectare,
921 3081 1241 3138 aediticabit
1276 3082 1517 3153 quidem
1549 3083 1931 3149 architectus,

279 3173 344 3224 tu
366 3187 502 3224 vero
534 3169 738 3242 fragile
772 3175 830 3224 et
858 3171 1148 3227 caducum
1179 3171 1426 3227 habebis
1449 3172 1788 3228 aediﬁcium.

349 3257 471 3314 ΧΠ.
505 3260 748 3324 Quando
780 3260 1110 3316 catechesis
1139 3260 1643 3332 pronuntiabitur,
1679 3262 1727 3315 si
1777 3266 1937 3317 cate-

279 3347 611 3403 chumenus
637 3354 1021 3419 percontatus
1046 3354 1100 3404 te
1130 3349 1330 3415 fuerit,
1363 3349 1505 3420 quid
1537 3349 1796 3405 dixerint
1833 3350 1937 3406 do-

278 3443 494 3509 ctores,
527 3438 678 3494 nihil
704 3439 865 3495 dicas
902 3445 1146 3497 externo
1175 3439 1243 3496 ⁷⁸.
1277 3441 1619 3512 Mysterium
1646 3441 1807 3496 enim
1831 3440 1936 3496 tibi

339 3593 384 3628 ’⁸⁸
420 3593 482 3647 V.
515 3598 626 3648 cat.
659 3595 713 3663 ὕ,
746 3609 807 3648 n.
843 3596 930 3660 l2,
964 3598 1022 3648 et
1057 3599 1166 3649 cat.
1195 3594 1248 3662 6,
1281 3610 1343 3649 n.
1378 3596 1466 3648 29.

389 3747 440 3818 1)
469 3748 535 3801 In
575 3746 839 3802 homiliis
871 3746 1213 3818 ordinariis.

385 3816 442 3886 2)
471 3818 577 3879 Τὰς
610 3819 869 3890 συνήθεις
916 3816 1162 3890 ὁμιλίας.
1222 3819 1404 3876 Codd.
1461 3821 1582 3876 Roe
1611 3825 1670 3875 et
1697 3821 1946 3879 Casaub.

289 3888 513 3944 habent
565 3888 963 4016 πιςοσομιλίας,
995 3908 1128 3974 quae
1160 3891 1334 3946 ambo
1369 3898 1508 3947 sunt
1539 3893 1809 3962 ejusdem
1859 3894 1947 3947 rei

292 3963 557 4016 nomina.
644 3963 986 4016 ieronvmus
1008 3980 1069 4016 1n
1102 3963 1365 4016 Cataloao
1390 3964 1458 4016 de
1476 3966 1832 4016 scriptoribus
1861 3980 1947 4016 ec-

292 3963 557 4017 nomina.
593 3963 986 4034 Hieronymus
1008 3963 1069 4017 in
1102 3963 1365 4034 Catalogo
1390 3964 1458 4018 de
1476 3966 1832 4034 scriptoribus
1861 3980 1947 4019 ec-

293 4034 616 4115 clesiasticis
637 4051 818 4107 agens
841 4035 914 4090 de
947 4035 1001 4090 S.
1036 4035 1374 4159 Hippoli'to,
1407 4035 1491 4090 ait
1519 4052 1580 4090 se
1612 4036 1792 4107 hujus
1842 4052 1944 4118 au:

295 4110 473 4159 ctoris
505 4105 720 4159 legisse
766 4108 966 4159 librum
997 4125 1243 4159 ποοσοιιι
1292 4108 1386 4158 ιῶν
1417 4107 1484 4159 de
1517 4107 1679 4159 laude
1725 4108 1944 4159 Domim

295 4106 473 4177 ctoris
505 4105 720 4176 legisse
766 4108 966 4160 librum
997 4105 1386 4177 προσομιλιῶν
1417 4107 1484 4161 de
1517 4105 1949 4162 laude'Domim'

291 4176 590 4231 Saluatoris
617 4179 676 4230 in
719 4179 946 4234 ecclesia
989 4176 1503 4246 pronuntiaturum.
1556 4178 1947 4234 Homiliarum

292 4247 536 4321 nomine
571 4248 714 4321 olim
757 4265 876 4321 non
926 4248 1068 4302 sola:
1108 4249 1595 4321 iconcionestsed
1627 4250 1948 4321 colloquia,

291 4319 773 4391 praedicationes,
816 4318 1269 4375 dissertationes
1300 4320 1718 4388 censebantur,
1748 4318 1820 4376 ut
1843 4322 1945 4376 de-

294 4391 1001 4464 claratClementinarum
1016 4391 1397 4447 homiliarum
1416 4393 1643 4460 titulus,
1659 4410 1789 4464 quae
1809 4397 1949 4448 sunt

296 4463 457 4536 aliud
473 4463 799 4534 quidquam
819 4479 1316 4536 quamsermones
1333 4464 1405 4518 ad
1423 4463 1708 4536 populum
1727 4465 1910 4519 habiti
1931 4481 1944 4518 :

298 4532 853 4606 eodemque—sensu
897 4532 1126 4605 ὁμιλίαν
1156 4532 1440 4606 usurpat'
1460 4532 1712 4605 Cyrillus
1743 4542 1855 4591 cat.
1889 4540 1943 4605 6,

300 4623 465 4661 num.
494 4609 583 4673 24,
615 4625 722 4678 pro
764 4606 1074 4662 dialectica
1117 4606 1539 4677 disputatione,
1572 4607 1729 4661 hunc
1782 4607 1947 4663 aiens

295 4677 425 4748 ejus
455 4677 635 4732 vocis,
651 4696 893 4734 sensum
917 4696 1065 4734 esse.
1095 4679 1346 4732 Omnino
1371 4678 1651 4733 tamenin
1682 4679 1794 4734 hoc
1825 4679 1952 4734 loco

297 4747 569 4820 designat
597 4749 875 4806 homilias
899 4751 960 4806 in
984 4750 1305 4823 synaxibus
1328 4749 1398 4805 de
1423 4764 1586 4804 more
1612 4751 1956 4823 pronuntia-

302 4824 391 4895 tas
417 4838 430 4887 ;
456 4836 704 4895 quarum
731 4821 1146 4895 argumentum
1161 4839 1294 4877 cum
1313 4827 1649 4895 sumeretur
1663 4821 1956 4895 exlectio-

296 4891 471 4945 nibus
495 4893 555 4945 in
578 4891 830 4948 ecclesia
856 4895 1182 4950 secundum
1206 4894 1345 4950 anni
1373 4894 1645 4948 ordinem
1669 4894 1953 4959 recitatis,

305 4979 387 5016 ea:
402 4963 567 5038 nulla
581 4979 779 5018 secum
796 4965 1065 5035 ejusdem
1077 4968 1408 5038 argumenti
1423 4966 1790 5021 connexione
1805 4973 1954 5037 θρίω

299 5050 367 5109 ac
393 5033 681 5109 deyinctm
708 5033 896 5089 erant.
931 5033 1223 5092 Praeteréa
1244 5038 1444 5109 plures
1462 5037 1784 5108 aliquando
1813 5033 1952 5092 con-

298 5104 712 5180 cionabantur,
731 5122 888 5160 unus
913 5113 1049 5178 post
1069 5104 1290 5163 alium':
1321 5109 1520 5180 itaque
1543 5104 1747 5164 nullus
1798 5110 1958 5165 inter

301 5192 401 5230 eas
433 5176 711 5230 homilias
765 5176 932 5232 esse‘
955 5185 1186 5249 poterat
1223 5181 1364 5235 ordo
1397 5176 1702 5236 doctrinm.
1735 5182 1954 5236 Eodem

305 5250 1053 5324 temporequoorationes
1074 5251 1464 5324 catecheticas
1487 5252 1742 5324 habebat
1769 5252 1953 5324 Cyril-

305 5319 420 5386 lus,
456 5321 517 5374 in
551 5319 798 5392 singulis
817 5338 1052 5391 quoque
1076 5322 1392 5393 synaxibus
1411 5323 1623 5378 diebus
1637 5319 1958 5379 Dominicis

304 5408 641 5479 sermonem
665 5393 1144 5479 pronuntiabat;
1179 5410 1397 5479 eosque
1447 5412 1753 5479 sermones
1775 5411 1956 5479 saepe

301 5463 462 5536 citat,
497 5464 559 5517 in
590 5463 798 5536 primis
825 5470 941 5536 cat.
976 5467 1063 5529 l0,
1086 5481 1146 5518 n.
1202 5463 1376 5533 14,7et
1406 5472 1518 5533 cat,
1552 5469 1636 5535 14,
1678 5484 1738 5522 n.
1772 5469 1862 5536 24,
1886 5463 1957 5521 in

299 5534 534 5606 hisque,
561 5535 922 5610 quamvisad
945 5552 1154 5591 omnes
1177 5536 1544 5610 loqueretur,
1571 5534 1956 5610 baptizandos

301 5611 502 5662 tamen
536 5623 599 5680 se
632 5607 948 5680 specialius
1005 5609 1337 5680 respexisse
1381 5610 1466 5664 ait
1495 5614 1608 5665 cat.
1644 5607 1729 5665 l4.
1763 5627 1822 5665 n.
1865 5613 1954 5665 24.

303 5679 700 5744 Quamobrem
733 5679 828 5736 hic
858 5679 1128 5752 prmcipit
1155 5684 1222 5735 ut
1249 5680 1323 5736 iis
1354 5681 1533 5736 etiam
1564 5680 1830 5736 homiliis
1862 5697 1958 5735 ar-

2027 1829 2105 1902 μὴ
2126 1828 2261 1883 κατὰ
2281 1825 2606 1882 ἀκολουθίαν
2623 1825 2840 1901 δειμοῖς
2861 1825 3051 1883 οἴκοδο
3061 1835 3169 1902 μῆς
3191 1827 3671 1906 ἁρμολογήσωμεν

2020 1918 2112 1973 τὸν
2147 1915 2338 1990 δόμον,
2363 1914 2453 1970 ’ἶνα
2488 1918 2563 1988 μή
2597 1915 2790 1992 εὑρεθῇ
2820 1938 2872 1972 τι
2907 1916 3230 1992 χαῦνον,καὶ
3262 1919 3434 1994 σαθρὰ
3459 1917 3678 1993 γένηται

2022 2009 2058 2076 ἡ
2091 2004 2392 2079 οἰκοδομὴ,
2427 2002 2578 2061 ούδὶν
2631 2001 2828 2084 ὄφελος
2886 2004 3012 2061 οὐδὲ
3053 2011 3150 2062 τοῦ
3181 2008 3449 2083 προτέρου
3477 2008 3676 2063 κόπου⁶

2025 2093 2170 2152 ἄλλά
2199 2093 2283 2150 δεῖ
2327 2094 2464 2150 κατᾶ
2516 2093 2842 2150 ἀκολουθίαν
2904 2092 3058 2160 λίθον
3123 2096 3216 2170 μὲν
3277 2095 3416 2170 λίθῳ
3446 2094 3678 2152 ἀκολου-

2027 2190 2138 2250 θεῖν
2195 2187 2323 2258 (6),
2371 2184 2463 2239 καὶ
2517 2184 2716 2259 γωνίαν
2788 2183 2962 2260 γωνίᾳ
3019 2181 3238 2241 ἔπεσθαι
3267 2199 3286 2216 ⁹
3339 2186 3678 2259 ἀποξεόντων

2027 2273 2265 2348 suae»,
2294 2276 2377 2347 (7)
2403 2274 2471 2328 τὰ
2499 2274 2747 2350 περισσὰ,
2802 2273 2893 2329 καὶ
2950 2271 3123 2336 οὕτως
3173 2271 3258 2330 δεῖ
3294 2275 3492 2331 λοιπὸν
3526 2274 3672 2332 λείαν

2029 2361 2332 2437 οἰκοδομὴν
2365 2357 2681 2418 ἀναϐαίνειν
2734 2361 2876 2419 οὕτω
2925 2363 3307 2441 προσφέρομεν
3343 2385 3429 2420 σοι
3488 2363 3678 2430 λίθους

2031 2455 2212 2529 ὥσπερ
2267 2453 2541 2525 γνώσεως.
2602 2457 2694 2508 Δεῖ
2747 2452 2960 2509 ἀκούειν
2994 2453 3062 2509 τὰ
3089 2453 3214 2530 περὶ
3269 2458 3403 2510 Θεοῦ
3461 2458 3678 2524 ζῶντες·

2033 2543 2117 2599 δεῖ
2161 2543 2374 2598 ἀκούειν
2439 2542 2505 2597 τὰ
2555 2543 2677 2618 περὶ
2736 2544 2990 2618 κρίσεως·
3041 2540 3124 2598 δεῖ
3179 2544 3393 2600 ἀκούειν
3447 2544 3516 2600 τὰ
3561 2543 3685 2616 περὶ

2031 2636 2295 2708 Χριστοῦ·
2329 2630 2412 2687 δεῖ
2451 2632 2662 2686 ἀκουειν
2711 2632 2779 2686 τὰ
2828 2631 2952 2706 περὶ
3001 2632 3358 2695 ἀναστάσεως.
3392 2631 3498 2688 Κπί
3545 2631 3696 2689 πολ-

2031 2723 2101 2780 λά
2129 2722 2269 2778 ἐστιν
2319 2719 2631 2783 ἀκολούθως
2686 2718 2974 2798 λεγόμενα,
3031 2727 3122 2777 νῦν
3161 2723 3255 2797 μὲν
3290 2719 3568 2797 σποράδην
3599 2720 3688 2776 εἲ-

2037 2812 2267 2891 ρημένα,
2295 2812 2418 2868 τότε
2475 2808 2534 2866 δὲ
2589 2811 2725 2866 κατά
2778 2812 3047 2885 ἁρμονίαν
3077 2812 3512 2892 προσφερόμενα.
3547 2812 3678 2870 Ἐὰν

2037 2902 2094 2959 δὲ
2153 2903 2231 2977 μὴ
2288 2900 2523 2975 συνάψῃς
2582 2900 2635 2955 έν
2688 2905 2770 2973 τῷ
2819 2901 2926 2971 ἑνὶ,
2988 2902 3074 2957 καὶ
3140 2901 3521 2976 μνημονεύσῃς
3577 2903 3694 2957 τῶν

2035 2993 2269 3067 πρώτων
2302 2991 2390 3046 καὶ
2439 2994 2549 3046 τῶν
2608 2986 2894 3066 δευτέρων,
2929 2992 2956 3045 ὁ
2993 2992 3087 3064 μὲν
3121 2988 3432 3066 οῗκοδομῶν
3464 2987 3689 3045 οἰκοδο-

1964 3131 2008 3198 C
2049 3087 2160 3156 μεῖ,
2194 3080 2256 3136 σὺ
2288 3078 2346 3135 δὲ
2377 3078 2573 3156 σαθρὰν
2605 3073 2736 3150 ἕξεις
2767 3081 2866 3149 τὴν
2901 3079 3230 3154 οἰκοδομὴν.

2115 3261 2372 3318 ΙΒ’.“Ὀτε
2398 3258 2580 3315 τοίνυν
2637 3261 2950 3334 κατήχησις
3009 3257 3264 3334 λέγηται,
3323 3257 3410 3314 ἐάν
3470 3280 3528 3315 σε
3555 3279 3696 3315 κατ-

2047 3349 2365 3426 ηχούμενος
2421 3347 2665 3424 ἐξετάσῃ,
2694 3347 2747 3403 τί
2777 3347 3053 3425 εἰρήκασιν
3105 3348 3157 3402 o't
3190 3345 3560 3415 διδάσκοντες,
3595 3370 3703 3423 μη-

2056 3435 2144 3494 δὲν
2171 3435 2297 3514 λέγε
2353 3437 2434 3510 τῷ
2488 3433 2608 3510 ἔξω.
2670 3438 2979 3510 Μυστήριον
3034 3435 3135 3512 γὰρ
3192 3457 3276 3491 σοι
3307 3433 3681 3514 παραδίδομεν

2056 3747 2208 3804 tenti
2242 3746 2383 3814 sint,
2431 3745 2699 3816 quamvis
2747 3744 2998 3801 minoris
3048 3743 3132 3799 eis
3190 3743 3477 3800 momenti
3508 3747 3711 3800 essent

2058 3835 2237 3891 quam
2269 3818 2630 3891 catecheses.

2131 3893 2206 3962 (3)
2238 3885 2616 3962 Διαδιδόμενα.
2647 3889 2740 3960 διο
2771 3888 2831 3942 in
2892 3887 3208 3962 Oxoniensi
3269 3887 3526 3962 editione
3552 3885 3712 3961 posi-

2054 3959 2180 4032 tum
2212 3978 2283 4015 ex
2312 3961 2441 4018 cod.
2470 3962 2590 4015 Roe
2616 3978 2629 4026 ;
2661 3959 2796 4014 cum
2827 3966 2962 4015 ante
2994 3961 3054 4015 in
3089 3960 3398 4032 impressis
3420 3959 3717 4032 legeretur

2057 4030 2336 4104 διδόμενα,
2372 4048 2550 4104 quam
2609 4032 2971 4104 scripturam
3011 4030 3248 4087 exhibet
3303 4033 3442 4103 Reg.
3482 4030 3612 4088 cod.
3645 4033 3712 4085 In

2055 4099 2505 4161 Casauboniano
2537 4099 2789 4158 habetur
2821 4099 3138 4172 διαδὸμενα.

2128 4177 2200 4248 (4)
2235 4173 2475 4248 Νόμισὸν
2531 4178 3047 4248 poniPronomen
3108 4192 3205 4246 μοι
3261 4173 3600 4229 addidimus
3633 4189 3704 4228 ex

2057 4246 2190 4335 cod,
2221 4250 2383 4335 lleg.,
2418 4247 2571 4335 sicunt
2599 4246 2754 4335 infra
2784 4247 3265 4335 etiam‘habetur.
3347 4268 3352 4280 -

2130 4323 2202 4392 (5)
2235 4315 2362 4392 Έᾶν
2390 4319 2483 4392 μήί
2512 4317 2848 4392 ’βαθύνωμεν
2895 4315 2986 4392 καῖ
3043 4315 3299 4392 θεμέλιον
3358 4317 3565 4392 θῶμεν.

2057 4387 2252 4446 verba°
2288 4387 2853 4462 hic'addidimusgex
2884 4387 3266 4462 cod.7Regio;
3317 4387 3455 4460 quae
3475 4389 3537 4444 in
3577 4387 3712 4462 aliis

2059 4469 2184 4518 tum
2213 4462 2391 4532 editis
2419 4469 2542 4518 tum
2569 4479 2712 4516 mss.
2746 4461 2982 4532 desunt,
3012 4459 3163 4516 forte
3194 4459 3438 4532 propter
3483 4459 3706 4532 repeti-

1977 4506 2024 4570 D
2058 4542 2146 4591 tas
2180 4551 2348 4590 voces
2380 4531 2466 4606 ἐὰν
2504 4534 2604 4604 μή,
2627 4535 2739 4606 Pro
2770 4506 3083 4606 οἰκοδομῆς
3117 4506 3720 4606 ἀρείολὲγήσωμξν,-ἱῐι

2055 4607 2174 4663 fato
2202 4606 2354 4676 libro
2376 4600 2593 4676 legitur
2612 4600 2986 4676 simpliciter,
3007 4600 3717 4676 οἷκοδοξμήσώμίενζνριζὶιδ,

2062 4695 2220 4753 vero,
2252 4673 2402 4753 ούδέν
2439 4673 2650 4753 δφελος
2671 4673 2832 4753 ὀὐδὲ
2887 4679 2985 4730 τοῦ
3028 4673 3311 4753 ψπροτέζρου
3367 4673 3541 4728 κόπου
3573 4718 3588 4744 ,
3620 4673 3716 4727 hic

2063 4750 2447 4832 ascripsimus
2479 4747 2548 4804 ex
2569 4747 2763 4832 codd.‘
2783 4751 2902 4832 R‘oe
2930 4753 2987 4804 et
3015 4747 3262 4832 casaub.
3289 4763 3544 4832 quorum
3573 4761 3720 4832 prte-

2066 4819 2440 4893 termissione
2458 4820 2670 4876 mutila
2683 4824 2771 4874 est
2784 4826 2843 4875 et
2861 4821 3211 4893 imperfecta
3231 4819 3492 4893 auctoris
3505 4819 3718 4893 oratio2

2135 4894 2210 4966 (6)
2238 4889 2606 4966 Ἀκολουθεῖν.
2640 4893 2706 4947 In
2737 4894 2876 4964 Reg.
2913 4934 2928 4962 ,
2950 4886 3399 4966 ’προσαρμῆσαι,
3429 4886 3723 4944 ἀκολουθεῖ

2061 4962 2151 5018 καὶ
2183 4962 2408 5019 γωνίαν.
2441 4971 2550 5019 etc.

2136 5033 2214 5107 (7)
2245 5035 2609 5104 Ἀποξεόντων
2643 5035 2829 5107 ἡμῶν,
2883 5041 2994 5091 etc.
3020 5037 3128 5107 _Ea
3169 5035 3418 5107 phrasis
3455 5033 3539 5089 sic
3589 5049 3723 5107 cor-

2066 5102 2582 5181 rupteAlegebatur
2622 5102 2699 5181 in‘
2737 5106 2948 5181 editis:
3001 5102 3347 5181 ῥιπυξεᾎντῳν
3378 5102 3718 5181 δὶλπερισσᾶ,

2067 5171 2208 5232 οὕτω
2243 5171 2484 5233 δεῖυλίαν
2534 5175 2835 5248 οἰκοδομὴν
2891 5171 3215 5233 ἀναϐαίνειν.
3267 5177 3460 5234 Secuti
3517 5171 3721 5231 sumus

2067 5252 2423 5323 scripturam
2474 5250 2747 5323 codicum
2789 5253 2910 5306 Roe
2943 5256 3000 5305 et
3029 5250 3277 5318 Casaub,
3319 5249 3444 5323 nisi
3467 5248 3720 5323 quodin

2067 5323 2153 5378 eis
2179 5319 2476 5378 omittitur
2506 5319 2652 5377 λίαν.
2686 5323 2872 5386 Quam
2903 5326 3104 5378 tamen
3131 5338 3351 5388 vocem,
3374 5321 3450 5376 ad
3479 5319 3722 5376 absolu—

2067 5395 2281 5450 tiorem
2313 5411 2553 5450 sensum
2577 5394 2959 5449 efﬁciendum
2981 5394 3361 5459 retinuimus,
3394 5391 3543 5445 λείαν
3579 5391 3722 5448 scri-

2065 5465 2281 5544 bendo,
2315 5467 2445 5544 loco
2471 5463 3296 5544 Mavtutpostulatmsensus.
3317 5466 3382 5544 l_n
3414 5467 3554 5544 _Re_g.
3588 5460 3720 5544 cod.

2065 5555 2170 5609 pro
2203 5529 2563 5609 dﬁoEedv-rugv,
2603 5529 2828 5605 vfertur,
2887 5537 3191 5606 ἀποξέοντι·
3246 5542 3306 5591 et
3335 5529 3606 5609 habetur,
3636 5529 3726 5609 οὕς

2061 5597 2170 5733 in);
2227 5606 2285 5664 δὲ
2320 5597 2422 5664 ’δεῖ
2473 5597 2576 5681 ἄν’,
2633 5597 2826 5665 νὶῐοεό
2867 5597 3154 5682 scriptum
3213 5609 3345 5665 loco
3405 5597 3602 5667 οὕτως’
3633 5597 3723 5656 δεῖ

2107 5699 2127 5733 ε
2156 5700 2241 5733 αν.

2107 5699 2241 5739 ειαν.
