4152 6276
351 382 474 446 353

1729 371 2392 438 PROOATECHESIS.

3653 382 3776 443 356

354 515 448 572 καὶ
478 509 680 570 ἐλπίδα
709 507 1019 594 μᾶλλοντος
1046 505 1245 570 αἰῶνος
1277 508 1376 580 (1).
1408 507 1660 582 Τήρησον
1687 506 1750 561 τὸ
1802 505 2014 594 μυστή-
2042 571 2045 580 ε

2165 512 2186 562 ι
2213 527 2379 582 spem
2410 511 2592 568 futuri
2624 512 2824 568 saeculi
2854 511 3165 568 tradimus.
3189 513 3492 571 Secretum
3523 531 3690 572 serva
3719 516 3772 573 ei

366 601 485 681 ρίον
513 606 595 675 τῷ
629 595 1031 676 μισθαποδότῃ.
1067 598 1168 667 Μή
1200 595 1336 652 ποτε
1370 595 1457 652 σοί
1485 617 1568 658 τις
1601 594 1748 671 εἴπῃ·
1781 595 1852 652 Τί
1885 593 2026 672 βλά-

356 715 490 768 πτῃ,
522 691 611 748 ἐὰν
643 689 798 765 κάγὼ
830 689 988 762 μάθω
1022 707 1036 757 ;
1074 687 1168 744 Καὶ
1203 688 1257 742 οἱ
1285 689 1570 749 νοσοῦντες
1619 686 1710 740 τὸν
1744 687 1892 740 οἶνον
1927 689 2026 757 ζη-

367 787 575 839 τοῦσιν·
636 777 766 835 ἀλλ’
825 776 913 833 ἐὰν
965 774 1206 851 ἀκαίρως
1263 774 1421 848 δοθῇ,
1509 781 1749 854 φρενῖτιν
1805 773 2022 850 ἐργάζε-

366 894 476 933 ται·
509 869 736 930 καὶδύο
765 868 908 926 κακὲ
957 869 1185 944 γίνεται,
1233 867 1324 922 καὶ
1381 867 1410 922 ό
1461 871 1632 922 νοσῶν
1691 864 2022 934 ἀπόλλυται,

361 964 451 1020 καὶ
489 963 516 1018 ὅ
548 961 738 1036 ΐατρὸς
769 952 1152 1013 διαϐάλλεται·
1211 952 1388 1020 οὕτως
1442 955 1533 1009 καὶ
1597 953 1625 1008 ὀ
1667 951 2024 1024 κατηχούμε·

360 1074 454 1118 νος
488 1054 589 1128 (2),
620 1050 708 1106 ἐὰν
767 1046 978 1122 ἀκούσῃ
1025 1047 1173 1122 παρὰ
1225 1049 1445 1118 πιστοῦ,
1511 1044 1599 1100 καὶ
1658 1045 1688 1099 6
1742 1040 2027 1119 κατηχού-

371 1164 533 1219 μενος
565 1144 810 1220 φρενιτιᾷ
839 1137 964 1212 (οὐκ
993 1133 1104 1192 οἶδε
1155 1135 1256 1213 γὰρ
1294 1136 1348 1190 τί
1404 1133 1629 1206 ἤκουσε,
1680 1133 1771 1190 καὶ
1801 1132 2026 1209 ἐλέγχει

373 1234 440 1291 τὸ
470 1233 819 1308 πρᾶγμα(3),
869 1229 957 1284 καὶ
1019 1225 1405 1302 ἐκμυκτηρίζει
1457 1226 1520 1280 τὸ
1560 1225 1903 1301 λεγόμενον),
1933 1225 2025 1278 καὶ

370 1325 400 1380 6
429 1323 622 1386 πιστὸς
651 1321 728 1383 ὡς
782 1315 1062 1394 προδότης
1119 1315 1520 1392 κατακρίνεται.
1548 1312 1695 1386 Ἤδη
1757 1315 1817 1369 δὲ
1848 1314 1911 1368 σὺ
1972 1313 2022 1370 ἐν

373 1411 614 1488 μεθορίῳ
644 1412 720 1482 (4)
750 1405 1176 1481 στήκεις,βλέπε
1205 1424 1300 1478 μοι
1336 1406 1413 1478 μὴ
1448 1403 1912 1479 ἐκλαλήσῃς“ούχ
1942 1402 2025 1458 ὅτι

375 1501 474 1558 ούκ
495 1498 616 1572 ἄξια
644 1495 846 1560 λαλιᾶς
895 1496 962 1553 τὰ
1009 1493 1308 1571 λεγόμενα,
1356 1492 1483 1550 ἀλλ’
1541 1495 1622 1548 ὅτι
1674 1496 1709 1564 ἡ
1758 1493 1897 1564 ἀκοὴ
1930 1493 2027 1548 ἀν-

373 1591 492 1666 αξία
517 1593 617 1645 τοῦ
649 1583 916 1660 δέξασθαι·
970 1588 1035 1655 ἦς
1085 1604 1220 1640 ποτε
1273 1583 1365 1639 καὶ
1397 1583 1462 1638 σὺ
1492 1582 1931 1658 κατηχούμενος,
1965 1582 2027 1638 ού

375 1678 732 1756 διηγησάμην
765 1675 944 1731 σοιτὰ
999 1673 1352 1750 προκείμενα·
1413 1674 1540 1728 ὅταν
1610 1676 1680 1748 τῇ
1712 1673 1873 1750 πείρᾳ
1926 1671 2023 1728 λά-

372 1767 476 1846 ϐῃς
505 1769 569 1824 τὸ
627 1767 832 1842 ὕψωμα
878 1768 986 1820 τῶν
1045 1761 1477 1837 διδασκομένων,
1518 1763 1644 1818 τότε
1695 1759 1755 1818 ἄν
1815 1760 2025 1840 γνώσῃ,

373 1859 456 1916 ὅτι
487 1857 694 1929 ἀνάξιοι
724 1857 777 1911 οἱ
807 1853 1231 1930 κατηχούμενοι
1278 1859 1380 1923 τῆς
1412 1853 1604 1918 ἀκοῆς.

2133 599 2235 670 qui
2263 602 2598 658 mercedem
2630 601 3012 674 rependit.Ne
3041 602 3356 674 quisquam
3372 603 3774 662 tibidicatali-

2134 689 2409 759 quando:
2441 690 2592 756 Quid
2625 692 2728 746 tibi
2759 695 3034 764 apportat
3063 691 3226 758 mali,
3283 693 3333 746 si
3385 709 3487 764 ego
3538 713 3774 767 quoque

2135 777 2397 835 didicero
2417 780 2444 836 ‘I
2472 781 2765 837 Nimirum
2799 782 2981 836 etiam
3011 781 3214 853 aegroti
3244 779 3446 836 vinum
3476 785 3778 853 postulare

2135 868 2332 925 solent
2362 888 2377 937 ;
2411 871 2571 942 quod
2603 871 2650 925 si
2684 871 2804 926 illis
2854 871 3268 942 intempestive
3325 869 3530 926 datum
3576 873 3776 944 fuerit,

2135 960 2481 1030 phrenesim
2512 960 2826 1016 conciliat:
2857 966 2916 1016 et
2943 961 3059 1016 duo
3087 960 3228 1016 hinc
3249 965 3779 1033 nascunturmala;

2135 1065 2274 1104 nam
2305 1053 2364 1103 et
2395 1065 2551 1121 aeger
2573 1049 2866 1116 interit,et
2889 1048 3158 1105 medicus
3197 1049 3355 1105 male
3387 1049 3570 1107 audit.
3620 1053 3782 1109 Idem

2137 1155 2373 1210 quoque
2404 1139 2696 1211 contingit
2713 1138 3219 1208 catechumeno,si
3241 1139 3736 1212 audiatnzysteria
3750 1158 3785 1198 a

2138 1226 2299 1282 ﬁdeli
2335 1244 2512 1296 ;nam
2562 1233 2621 1283 et
2649 1229 3112 1284 catechumenus
3169 1229 3514 1300 phrenesim
3563 1230 3787 1300 patitur

2135 1316 2319 1387 (quod
2351 1318 2510 1373 enim
2542 1319 2764 1373 audivit
2785 1319 3039 1390 ignorat,
3066 1323 3124 1373 et
3178 1335 3306 1374 rem
3364 1322 3549 1374 totam
3594 1319 3787 1375 obtre-

2139 1411 2278 1475 ctat,
2311 1411 2370 1461 et
2401 1407 2558 1478 quod
2589 1407 2806 1464 dicitur
2837 1409 3041 1464 sannis
3065 1407 3525 1480 excipit):simul
3558 1424 3692 1466 vero
3711 1411 3784 1466 fi-

2138 1496 2290 1552 delis
2305 1499 2392 1552 uti
2424 1498 2694 1570 proditor
2718 1499 3170 1556 condemnatur.
3193 1499 3276 1554 Tu
3295 1499 3424 1570 jam
3446 1500 3506 1555 in
3525 1500 3783 1556 conﬁnio

2139 1587 2413 1642 consistis
2446 1605 2461 1655 ;
2489 1604 2626 1644 cave
2659 1605 2733 1644 ne
2758 1588 2902 1660 quid
2933 1593 3156 1644 temere
3187 1588 3401 1644 efferas
3435 1604 3448 1644 :
3482 1605 3601 1644 non
3625 1589 3784 1661 quod

2136 1692 2202 1732 ea
2236 1693 2367 1748 qua)
2390 1675 2671 1734 dicuntur
2701 1694 2824 1733 non
2848 1678 2969 1732 sint
2997 1677 3177 1750 digna
3206 1681 3471 1742 narratu,
3489 1677 3592 1733 sed
3624 1678 3783 1750 quod

2136 1765 2256 1821 illa
2279 1767 2400 1822 sint
2421 1783 2596 1823 aures
2619 1766 2878 1839 indigna)
2909 1767 3126 1838 quibus
3157 1767 3625 1822 committantur.
3647 1768 3787 1823 Fui-

2066 1839 2114 1904 Β
2145 1856 2220 1911 sti
2248 1861 2370 1912 tute
2403 1856 2728 1928 aliquando
2760 1857 3444 1928 catechumenus,neque
3459 1872 3785 1928 respropo-

372 1952 517 2007 sitas
548 1947 900 2005 enarrabam
932 1945 1074 2012 tibi;
1100 1945 1336 2017 quando
1370 1945 1800 2002 sublimitatem
1821 1961 2026 2001 eorum
2057 1962 2189 2018 qua
2211 1945 2501 2002 docentur
2526 1947 2893 2018 experientia
2913 1947 3277 2019 cognoveris,
3313 1951 3454 2003 tunc
3485 1947 3661 2018 plane
3688 1947 3782 2003 in-

379 2040 634 2112 telliges,
667 2053 868 2093 earum
899 2052 1102 2091 rerum
1133 2035 1338 2091 auditu
1369 2035 1580 2110 dignos
1607 2035 1767 2091 haud
1797 2051 1927 2090 esse
1953 2035 2434 2092 catechumenos.

454 2131 550 2185 ll".
585 2127 728 2187 Μιᾶς
759 2125 970 2200 μητρὸς
997 2123 1256 2199 γεγόνατε
1313 2123 1422 2178 υἱοὶ
1478 2132 1569 2178 καὶ
1612 2124 1917 2198 θυγατέρες,
1979 2123 2030 2176 οί

384 2214 806 2295 ἂπογραφέντες.
865 2215 1026 2272 Ὀταν
1088 2212 1370 2285 είσέλθητε
1425 2215 1504 2286 (5)
1553 2212 1660 2289 πρὸ
1729 2218 1828 2282 τῆς
1886 2211 2030 2288 ὥρας

383 2311 493 2362 τῶν
525 2307 901 2378 ἱπορκισμῶν,
925 2304 998 2366 εἷς
1027 2300 1255 2367 ἰκαστος
1286 2302 1439 2376 ὑμῶν
1491 2299 1732 2358 λαλείτω
1780 2302 1849 2356 τὰ
1904 2301 2035 2377 πρὸς

380 2391 672 2452 εὐσέϐειαν·
727 2391 824 2449 κᾶν
879 2414 965 2455 τις
1023 2393 1177 2466 ὑμῶν
1238 2392 1315 2466 μή
1403 2395 1576 2467 παρῇ,
1649 2389 2032 2462 ἐπιζητήσατε.

381 2485 482 2548 Εἲς
540 2485 806 2556 τράπεζαν
851 2481 898 2538 εἰ
947 2480 1216 2553 ἐκλήθης,
1279 2481 1377 2536 ούκ
1435 2479 1495 2535 ἂν
1580 2481 1892 2555 περιέμενες
1944 2481 2037 2535 τὸν

386 2571 832 2649 συγκεκλῃμένον
866 2591 880 2642 ;
913 2568 1176 2635 Ἀδελφὸν
1206 2571 1252 2626 εἷ
1285 2570 1456 2646 εἶχες,
1489 2571 1594 2626 ούκ
1621 2567 1681 2625 ἄν
1741 2571 1820 2642 τῷ
1877 2567 2039 2626 ἀδελ-

386 2667 475 2740 φῷ
502 2660 566 2717 τδ
621 2662 817 2737 ἀγαθὸν
883 2660 1090 2731 ἐοζήτειιῖ
1122 2680 1136 2730 ;
1172 2661 1268 2729 Μὴ
1328 2658 1789 2736 πολυπραγμόνει
1842 2658 2038 2715 λοιπὸν

382 2752 716 2828 πραγμέτων
743 2748 1100 2828 ἀνωφελειαν·
1153 2750 1253 2822 μὴ,
1312 2749 1365 2804 τί
1423 2748 1647 2819 ἐποίησε
1687 2748 1874 2812 πόλις·
1939 2750 2040 2823 μὴ,

382 2841 436 2897 τί
467 2841 697 2912 ἐποίησε
725 2840 914 2912 κώμη·
952 2840 1052 2913 μὴ,
1111 2838 1166 2894 τί
1216 2837 1438 2910 ἐποίησε
1498 2837 1775 2914 βασιλεύς·
1831 2840 1932 2911 μὴ,
1987 2837 2040 2893 τί

390 2928 640 3001 εποίησεν
671 2927 968 2991 ἐπίσκοπος
1139 2928 1242 3000 μή,
1297 2929 1349 2982 τί
1384 2926 1613 2999 ἐποίησε
1653 2924 2038 3003 πρεσϐύτερος.

399 3017 545 3076 ’Δνω
578 3013 769 3092 βλέπε·
801 3016 993 3092 καιρὸς
1027 3016 1056 3070 6
1102 3015 1194 3079 σὸς
1252 3013 1456 3071 ἐκείνου
1489 3013 1678 3090 χρείαν
1728 3013 1866 3090 ἔχει.
1900 3021 2043 3089 Σχο-

397 3105 598 3164 λάσατε
625 3107 718 3163 καὶ
751 3111 946 3182 γνῶτε,
1007 3105 1089 3162 ὅτι
1145 3105 1251 3182 ἐγώ
1301 3105 1416 3179 εἶμι
1473 3107 1502 3162 6
1560 3104 1708 3169 Θεός.
1741 3107 1863 3163 Ἐὰν
1916 3103 2040 3180 ’ίδῃς

2214 2126 2364 2182 ΧΙΙΙ.
2389 2125 2574 2182 Unius
2603 2127 2810 2183 matris
2844 2127 2952 2183 ﬁlii
3002 2128 3074 2198 ('7)
3133 2130 3192 2182 et
3251 2126 3388 2182 ﬁliae
3418 2125 3558 2182 facti
3626 2126 3790 2196 estis,

2143 2215 2483 2285 quicunque
2511 2215 2780 2288 inscripti
2814 2217 2994 2284 estis;
3029 2215 3264 2288 quando
3295 2215 3546 2288 ingressi
3564 2216 3794 2271 fueritis

2145 2308 2280 2358 ante
2311 2303 2520 2358 horam
2550 2304 3038 2372 exorcismorum,
3083 2305 3497 2376 unusquisque
3535 2309 3795 2360 vestrum

2149 2408 2218 2447 ea
2247 2392 2526 2463 loquatur
2555 2410 2687 2464 quas
2714 2393 2786 2448 ad
2815 2394 3097 2465 pietatem
3129 2395 3434 2465 pertinent
3465 2408 3480 2450 :
3505 2398 3564 2449 et
3593 2394 3642 2449 si
3663 2394 3798 2465 quis

2149 2497 2179 2536 e
2215 2482 2378 2536 vobis
2406 2481 2683 2548 defuerit,
2711 2483 3060 2555 perquirite.
3090 2483 3145 2537 Si
3177 2482 3251 2539 ad
3281 2483 3611 2539 convivium
3628 2499 3798 2539 voca-

2149 2577 2244 2626 tus
2275 2588 2456 2640 esses,
2492 2589 2693 2627 nonne
2718 2577 3090 2644 exspectares
3141 2589 3276 2627 eum
3311 2573 3412 2644 qui
3456 2577 3651 2628 tecum
3680 2589 3802 2628 una

2148 2666 2388 2716 vocatus
2420 2665 2578 2717 esset
2615 2661 2928 2717 ?Fratrem
2961 2661 3007 2716 si
3065 2661 3342 2730 haberes,
3391 2678 3591 2717 nonne
3643 2660 3802 2733 quod

2147 2751 2316 2807 fratri
2346 2751 2571 2808 bonum
2602 2757 2693 2808 est
2717 2769 3015 2824 quaereres
3034 2752 3062 2808 ?
3090 2753 3229 2818 Quae
3259 2751 3415 2806 nihil
3464 2753 3698 2824 prosint
3725 2769 3802 2808 ne

2151 2841 2432 2913 deinceps
2460 2847 2808 2913 percontare
2843 2861 2856 2910 ;
2890 2859 2985 2913 ne,
3013 2842 3155 2913 quid
3183 2841 3395 2897 fecerit
3443 2840 3606 2909 urbs,
3659 2841 3802 2912 quid

2149 2948 2285 2986 vero
2319 2931 2745 3002 oppidum;ne
2768 2931 2911 3002 quid
2955 2933 3280 3002 imperator
3337 2932 3434 3001 (8),
3495 2929 3638 3000 quid
3687 2930 3805 3000 epi-

2153 3034 2389 3090 scopus,
2410 3017 2553 3088 quid
2574 3018 2902 3089 presbyter.
2937 3019 3040 3072 10
3069 3018 3315 3072 Sursum
3338 3017 3569 3087 respice
3606 3035 3620 3083 ;
3656 3019 3808 3070 tem-

2150 3124 2298 3181 pora
2328 3109 2454 3163 haec
2485 3114 2586 3163 tua
2614 3109 2674 3163 id
2707 3113 2980 3181 poscunt.
3024 3110 3226 3164 Vacate
3255 3114 3306 3163 et
3333 3109 3642 3176 cognoscite
3671 3108 3807 3179 quia

394 3195 523 3260 τοὺς
575 3194 804 3270 μισ-τοὺς
851 3192 1257 3269 διακονοῦντας,
1325 3192 1417 3249 καὶ
1495 3197 1571 3268 μή
1651 3199 2045 3269 μεριμνῶντας·

2163 3216 2261 3270 ego
2291 3215 2407 3255 sum
2432 3200 2571 3255 Deus
2594 3197 2663 3255 ⁷⁷.
2711 3200 2768 3254 Si
2813 3198 3021 3254 fideles
3056 3198 3271 3254 videris
3303 3197 3715 3264 inservientes,
3748 3199 3807 3251 et

403 3284 596 3362 ἔχουσι
622 3286 686 3341 τὸ
716 3283 980 3360 ἀσφαλὲς,
1014 3282 1191 3339 οἴδασι
1237 3283 1291 3340 τί
1324 3279 1545 3357 ἔλαϐον,
1601 3284 1894 3361 κατέχουσι
1947 3286 2046 3354 τήν

395 3377 587 3452 χάριν.
631 3374 708 3430 Σὺ
741 3372 800 3430 δὶ
832 3376 1014 3448 ἀκμὴν
1047 3374 1100 3431 ἐν
1134 3379 1282 3450 ζυγῷ
1314 3377 1553 3447 στήκεις,
1585 3375 1621 3445 ἢ
1678 3374 1962 3451 δεχθῆναι,
2010 3375 2044 3446 ἥ

401 3467 484 3540 μὴ
511 3463 798 3540 δεχθῆναι·
859 3466 936 3537 μὴ
1001 3467 1218 3538 μιμήσῃ
1272 3463 1402 3528 τοὺς
1459 3460 1688 3528 ἔχοντας
1743 3465 1808 3520 τὸ
1856 3464 2051 3540 ἀμέρι-

405 3575 570 3630 μνον,
601 3552 750 3611 ἀλλὰ
782 3556 1010 3628 μέτελθε
1038 3554 1130 3609 τὸν
1162 3548 1358 3633 φόϐον.

469 3740 567 3793 ΙΔ“.
598 3734 698 3790 Καὶ
731 3734 856 3790 ὃταν
886 3731 1224 3810 ἐπορκισμὸς
1251 3731 1496 3811 γένηται,
1551 3730 1656 3796 ’ἕως
1708 3731 1837 3790 ὅτου
1869 3734 1920 3789 οἱ
1953 3733 2051 3790 ἃλ-

473 3888 519 3924 ⁷⁷
548 3887 702 3945 Psal.
738 3904 865 3958 va,
898 3890 985 3942 11.

476 4073 800 4146 (1)Αἰῶνος.
834 4074 1065 4147 Optime
1097 4072 1436 4147 emendavit
1489 4071 1778 4147 Millesius
1810 4089 1881 4127 ex
1924 4073 2056 4147 cod.

399 4143 618 4205 Roeet
644 4143 902 4204 Casaub:
928 4145 1197 4200 vitiosam
1227 4145 1516 4216 priorum,
1536 4143 1871 4216 editionum
1902 4145 2057 4199 scri-

447 4227 665 4310 turlam,
699 4236 851 4310 qua),
875 4215 1378 4290 typographorum
1421 4215 1560 4270 vitio
1617 4215 1798 4270 dubio
1829 4216 2058 4287 procul,

427 4291 663 4362 ‘erebat,
701 4291 930 4362 ἀγῶνος.

478 4363 555 4434 (2)
587 4354 778 4422 Οὕτως
831 4360 918 4415 καὶ
977 4359 1006 4412 6
1065 4354 1511 4434 κατηχούμενος,
1557 4357 2056 4434 Cpnjunctionem

397 4428 495 4489 καί
519 4428 862 4491 addidimus
895 4449 965 4487 ex
994 4447 1139 4487 mss.
1172 4428 1291 4486 Roe
1323 4434 1383 4482 et
1413 4428 1663 4484 Casaub.

473 4510 550 4579 (3)
585 4506 680 4559 Καὶ
713 4502 932 4579 ἐλέγχει
960 4503 1300 4579 τερ-πρᾶγμα.
1336 4501 1438 4579 Ηωῄ
1493 4515 1694 4579 voces_
1724 4499 1944 4556 desunt
1998 4501 2061 4557 in

401 4571 580 4636 codd.
605 4571 1204 4649 duobus'lnglicanl,
1238 4575 1356 4649 Itoe
1390 4577 1447 4626 et
1487 4571 1732 4649 Casaub:

479 4652 554 4720 (4)
584 4649 675 4705 Ἐν
711 4643 992 4720 μεθορίῳξ
1022 4644 1514 4720 Prasposi‘tionem
1564 4643 1970 4714 supplevimus
1995 4661 2064 4702 ex

405 4716 582 4778 codd.
608 4716 752 4789 Roe,
774 4716 1024 4776 Casaub.
1051 4722 1111 4772 et
1137 4716 1332 4789 Ottob.

483 4796 560 4863 (5)
597 4783 913 4861 Εἶσὲλθητε.
941 4789 1267 4863 Legebatur
1294 4787 1369 4863 _in
1401 4785 1600 4863 editis,
1615 4861 1626 4863 ﬂ
1661 4783 1940 4863 εῗσέλθῃς.
2001 4787 2065 4842 Id

409 4857 780 4921 correximus
812 4857 883 4918 ex
913 4857 1083 4918 codd.
1110 4862 1250 4928 Roe,
1281 4857 1557 4926 Casaub.,
1597 4859 1793 4914 Ottob.
1831 4864 1888 4914 et
1913 4875 2062 4914 vers.

415 4936 712 4992 Grodecii.

485 5008 564 5077 (6)
603 5009 720 5080 Μή,
787 5004 855 5080 τί.
920 5001 1170 5073 ἐποίησεν
1233 5019 1564 5080 επισκοιποςε-
1609 5003 1698 5080 Ea
1744 5001 1922 5080 verba
1967 5003 2067 5080 de-

416 5073 648 5136 suntin
683 5073 878 5135 "codd.
921 5080 1063 5142 Roe,
1110 5080 1168 5130 et
1222 5073 1470 5130 Casaub.
1523 5073 1734 5128 Facilis
1792 5074 2070 5130 librario-

412 5168 548 5232 rum
572 5151 928 5232 lapsus‘tam.
985 5147 1295 5232 multoties
1351 5144 1626 5232 repetito,
1692 5144 1898 5232 piant}.
1933 5148 2072 5201 Post

419 5219 610 5296 βλέπε,
635 5216 882 5296 additur
904 5222 972 5296 _in
1003 5219 1230 5291 praefat.
1265 5216 1462 5283 codd.,
1490 5216 1628 5288 πρὸς
1654 5216 1748 5269 τὸν
1771 5216 1924 5284 Θεόν,
1956 5234 2073 5274 sur-

410 5293 535 5349 Sum
564 5296 772 5365 respice
802 5293 874 5348 ad
894 5293 1086 5365 Deum.

485 5367 562 5442 (7)
601 5357 745 5422 Unus
769 5364 972 5442 matris
1001 5360 1474 5442 ﬁlii._Ecclesim-I
1498 5363 1558 5415 et
1608 5357 1738 5442 Dei.
1770 5359 1880 5414 filii
1917 5377 2072 5442 pro-

411 5431 556 5508 prie'
575 5453 695 5494 non
728 5431 1025 5508 efficimur
1040 5433 1158 5508 nisi
1189 5449 1297 5508 per
1316 5431 2074 5508 baptismum.Augustinus

416 5502 694 5565 sermone
729 5511 856 5564 lDe
874 5507 1116 5578 symbolo
1144 5502 1247 5578 rdd
1294 5502 1722 5578 (catechumenos
1779 5502 1945 5559 num.
2022 5509 2074 5574 1,

413 5585 560 5636 tom.
595 5581 687 5652 γι,
751 5573 1071 5652 pag.'5£7,
1121 5577 1547 5652 Incipilis‘eum
1586 5573 1787 5652 habere
1830 5573 2073 5652 pati-ein,

412 5651 641 5722 quando
669 5645 792 5707 nati
818 5645 1040 5722 fueritis
1058 5664 1166 5722 per
1187 5647 1493 5722 (Ecclesium
1544 5651 1803 5722 matrem.
1828 5645 1952 5722 _Sed
1981 5647 2080 5722 ob-

416 5716 776 5781 servandum
795 5716 1082 5796 Cyrillum
1098 5719 1318 5791 ubique
1343 5722 1612 5791 spectare
1644 5716 2075 5778 illuminanda-

2159 3291 2318 3346 curis
2350 3289 2654 3362 expeditos
2689 3308 2703 3357 ;
2738 3289 2930 3346 securi
2965 3294 3123 3358 sunt,
3155 3289 3354 3344 sciunt
3375 3288 3518 3360 quid
3561 3304 3804 3359 accepe-

2157 3382 2296 3446 rint,
2325 3381 2574 3454 gratiam
2607 3381 2763 3452 apud
2794 3397 2855 3436 se
2890 3385 3098 3435 tenent
3155 3394 3168 3433 :
3231 3384 3292 3433 tu
3350 3395 3488 3434 vero
3520 3378 3712 3434 adhuc
3742 3377 3806 3432 in

2159 3470 2414 3537 bilance,
2476 3469 2691 3525 dubius
2757 3473 2957 3524 utrum
3015 3467 3423 3524 admittendus
3464 3467 3544 3523 sis
3595 3481 3807 3532 necne,

2161 3559 2438 3614 consistis
2464 3577 2478 3626 ;
2507 3575 2582 3613 ne
2613 3559 2865 3614 imiteris
2887 3559 3021 3614 illos
3047 3559 3147 3630 qui
3181 3558 3499 3614 securitate
3529 3556 3810 3613 fruuntur

2164 3648 2263 3721 (9),
2297 3648 2401 3704 sed
2435 3648 2710 3704 timorem
2736 3649 3003 3722 concipe.

2235 3738 2380 3794 XIV.
2431 3738 2576 3796 Cum
2632 3743 2832 3795 autem
2887 3740 2990 3796 flet
3049 3737 3434 3807 exorcismus,
3503 3752 3813 3809 quousque

2166 4091 2299 4130 rum
2313 4078 2554 4141 statum,
2583 4079 2866 4145 tanquam
2894 4072 3278 4145 anticipatam
3300 4071 3619 4143 quamdam
3636 4071 3818 4126 bono-

2167 4157 2300 4200 rum
2323 4146 2603 4217 baptismi
2660 4144 3028 4201 fr’uitionem.
3063 4144 3228 4217 Unde
3278 4149 3390 4199 cat.
3415 4146 3521 4217 _ll,_
3545 4159 3606 4217 n.
3631 4146 3683 4210 9,
3717 4159 3818 4217 eos

2161 4217 2290 4290 jam
2322 4215 2482 4290 nunc
2509 4218 2672 4290 ﬁlios
2704 4219 2805 4273 Dei
2839 4234 2943 4288 per
2965 4216 3346 4290 adOptionem
3371 4215 3525 4290 eflici
3557 4215 3672 4290 ait;
3704 4215 3815 4266 Νῦν

2170 4285 2385 4362 γίνεσθε
2415 4287 2553 4362 υἱοὶ,
2577 4292 2730 4358 Θεοῦ,
2756 4295 2814 4346 et
2839 4285 2954 4344 cat.
2992 4285 3170 4358 18,11.
3199 4291 3288 4356 26,
3324 4289 3388 4343 in
3445 4285 3708 4342 Ecclesia
3737 4300 3824 4338 re-

2168 4361 2482 4433 generatos
2525 4361 2686 4417 dicit.

2093 4422 2136 4488 D
2169 4422 2200 4433 ν
2240 4434 2315 4502 (8)
2346 4435 2422 4488 Ne
2443 4433 3017 4504 quidimperator.Ad
3038 4433 3299 4504 litteram
3330 4429 3682 4504 vertendum
3701 4431 3827 4483 erat

2167 4501 2402 4575 nequid
2432 4501 2550 4578 rex.
2586 4501 2699 4559 Sed
2729 4522 2929 4560 vocem
2961 4501 3234 4578 βασιλεύς,
3259 4519 3378 4573 qua
3406 4501 3682 4575 Cyrillus,
3705 4517 3826 4578 una.

2170 4572 2305 4631 cum
2338 4577 2572 4631 caeteris
2599 4578 2814 4633 Graecis
2846 4572 3210 4640 auctoribus,
3241 4572 3644 4630 Romanorum
3665 4572 3827 4645 prin-

2172 4649 2365 4720 cipem
2396 4648 2700 4720 designate
2734 4650 2905 4708 solet.
2929 4649 3170 4720 proprio
3196 4647 3375 4720 hujus
3405 4645 3692 4720 principis
3712 4661 3826 4720 _vo-

2173 4666 2223 4704 Cl
2272 4665 2365 4702 em
2396 4665 2520 4704 aesn
2566 4665 2700 4705 nate
2734 4665 2905 4708 smet.
2929 4665 3170 4720 proprio
3198 4665 3375 4717 DUJIIS
3405 4665 3692 4717 pI‘lIlCIpIS
3725 4665 3826 4700 v0-

2173 4665 2381 4775 calbulo
2413 4665 2806 4788 redgidimus,
2844 4721 3098 4791 quoties,
3132 4723 3198 4773 ut
3228 4719 3290 4791 in
3320 4719 3432 4774 hoc
3461 4717 3691 4787 loco,de
3711 4718 3827 4791 Ro-

2173 4808 2350 4848 mano
2373 4792 2732 4863 imperatore
2754 4789 2966 4864 agitur.
3005 4791 3066 4844 Id
3099 4789 3286 4864 secuti
3328 4806 3561 4864 sumus
3591 4794 3705 4864 cat.
3739 4789 3826 4864 14,

2172 4879 2337 4918 num.
2378 4858 2532 4918 Ifet
2562 4866 2652 4932 22,
2684 4858 2920 4931 cat.v23,
2951 4879 3118 4918 num.
3160 4863 3211 4931 8,
3247 4867 3306 4916 et
3352 4862 3414 4916 in
3473 4859 3724 4932 epistola
3755 4858 3830 4914 ad

2172 4934 2614 4991 Constantium.

2247 5007 2323 5078 (9)
2379 5005 2487 5070 Qui
2561 5006 2856 5078 securitate
2921 5009 3230 5078 fruuntur,
3262 5076 3270 5078 Α
3304 5002 3435 5064 τοὺς
3482 5000 3731 5078 ἔχοντας,
3769 4999 3831 5078 το

2176 5074 2501 5150 ἀμέριμνον.
2585 5076 2732 5150 Male
2787 5076 3128 5150 Grodeicius,
3160 5076 3272 5150 qui
3309 5079 3454 5133 nulli
3475 5074 3831 5150 meditationi

2175 5145 2394 5221 vacant.
2429 5149 2554 5221 Non
2586 5148 2788 5219 culpat
2811 5149 3066 5220 Cyrillus
3099 5145 3306 5206 fideles
3335 5149 3494 5221 quod
3519 5148 3648 5204 sine
3672 5145 3832 5221 solli-

2178 5219 2442 5292 citudine
2475 5219 2614 5292 sint.
2647 5217 2745 5275 Ait
2777 5217 3026 5289 tantum,
3048 5217 3370 5292 baptisma
3399 5225 3642 5292 accepto
3666 5217 3834 5292 solli-

2178 5291 2446 5365 citudine
2463 5291 2582 5365 illa
2599 5292 2881 5348 liberatos
2905 5289 3197 5365 esse,quaa
3219 5289 3638 5365 baptizandum
3658 5289 3836 5346 sortis

2180 5380 2302 5419 suae
2333 5362 2580 5418 dubium
2605 5381 2879 5421 exercere
2937 5362 3134 5422 debet.
3197 5362 3403 5422 Sic—ait
3427 5364 3630 5430 Basil.,
3661 5365 3720 5418 in
3742 5377 3834 5433 ps.

2179 5451 2332 5518 nix,
2363 5450 2507 5518 pag.
2529 5437 2655 5516 254,
2676 5435 3064 5518 baptismum,
3101 5453 3238 5492 cum
3269 5437 3534 5518 remittat
3571 5438 3834 5518 peccata,

2184 5505 2610 5581 sollicitudinis
2641 5505 3007 5581 vacuitatem
3029 5525 3350 5581 procurare
3367 5509 3457 5581 “iis
3489 5505 3836 5581 quidebitiS

2185 5578 2425 5655 onerati
2448 5583 2619 5655 erant
2651 5595 2674 5655 :_
2694 5575 2918 5655 Ἐπειδή
2951 5577 3013 5634 τὰ
3029 5571 3332 5655 ⁵βῷπτισιακι
3362 5571 3545 5655 ὂξφεσῖν
3578 5571 3696 5655 ἔχει
3726 5577 3834 5626 τῶν

2186 5649 2497 5728 ἁμαρτιῶν,
2527 5647 2620 5705 καὶ
2650 5649 2982 5728 ἀμεριμνίας
3014 5647 3274 5727 πρόξενον
3333 5647 3537 5725 γίνεται
3567 5647 3684 5706 τοῖς
3740 5662 3838 5698 κα·

2186 5721 2468 5798 ταχρέοις.
