4152 6264
342 324 460 418 svi
1392 350 1458 412 s.
1504 322 1826 414 cvalLLi
1864 341 2276 408 HIEROSOL.
2325 319 2690 412 Ananiae.
3639 309 3765 406 ἑτέ

343 493 494 560 estis,
521 493 573 544 et
593 501 691 558 ego
709 486 954 556 reﬁciam
974 500 1084 543 vos.
1103 484 1210 555 Qui
1232 485 1545 558 perniciali
1594 482 1992 541 offensionum
2025 516 2036 549 λ

2152 476 2302 542 ἀντες
2391 481 2443 536 οἱ
2527 483 2826 544 κοπιῶντες
2901 479 2991 536 καὶ
3075 476 3530 558 πεφορτισμένοι,
3609 476 3760 554 κάγὼ

350 579 574 633 amictu
606 577 744 632 tecti
779 575 848 645 99,
882 583 940 632 et
968 581 1346 649 peccatorum
1394 581 1723 630 vestrorum
1772 571 1997 628 catenis

2149 568 2395 624 νάπαύσω
2454 571 2616 642 ὑμᾶς.
2677 570 2745 626 Οἱ
2800 567 2864 624 τὸ
2922 566 3168 645 χαλεπὸν
3224 572 3334 623 τῶν
3401 565 3762 641 πταισμάτων

347 665 653 721 constricti
688 666 828 720 estis
855 668 894 733 ¹,
921 666 1338 737 propheticam
1351 680 1553 720 vocem
1576 664 1871 719 dicentem
1896 676 2001 716 au-

2149 653 2494 734 μφιεσμένοι,
2554 659 2644 713 καὶ
2703 663 2916 735 σειραῖς
2985 663 3093 714 τῶν
3177 656 3398 713 οἰκείων
3477 658 3760 734 ἀμαρτιῶν

349 755 470 810 dite
503 771 516 810 :
549 756 859 823 Laramini,
894 756 1090 810 mundi
1136 756 1444 825 efﬁcimini,
1493 757 1709 822 auferte
1755 751 2000 806 malitias

2149 747 2444 824 τφιγμένοι,
2470 754 2572 818 τῆς
2610 751 2960 825 προφητικῆς
3016 755 3203 828 φωνῆς
3252 747 3519 803 ἀκούσατε
3563 746 3761 822 λεγού-

347 853 559 902 vestras
591 847 659 900 ab
693 845 982 900 animabus
1008 847 1221 907 vestris,
1253 859 1435 900 coram
1479 843 1648 899 oculis
1697 841 1868 897 meis'
1894 861 1908 910 ;
1937 844 2004 894 ut

2149 855 2230 904 ης.
2319 836 2617 908 Λοῦσασθε,
2701 837 2929 912 καθαροὶ
3037 837 3272 912 γίνεσθε·
3362 835 3589 916 ἀφέλετε
3665 836 3762 898 τὰς

358 935 708 1008 angelorum
739 933 902 989 vobis
933 934 1149 990 chorus
1179 933 1499 990 acclamet:
1542 931 1722 997 Beati,
1773 944 2005 1002 quorum

2149 925 2378 999 ονηρίας
2436 927 2590 1000 ὐμῶν
2647 926 2753 982 ἀπὸ
2807 931 2914 982 τῶν
2979 929 3174 1002 ψυχῶν
3237 927 3417 1001 ὑμῶν,
3511 926 3761 982 ἀπέναντι

354 1029 589 1082 remissa:
618 1031 744 1081 sunt
775 1025 1120 1094 iniquitates,
1153 1029 1204 1078 et
1233 1040 1466 1094 quorum
1524 1027 1666 1076 tecta
1710 1026 1836 1074 sunt
1878 1035 2004 1090 pec-

2149 1018 2218 1069 ῶν
2277 1013 2578 1091 ὀφθαλμῶν
2637 1036 2762 1090 μου·
2817 1014 2911 1072 ’ίνα
2994 1013 3284 1093 ἀγγελικὸς
3343 1015 3474 1089 ὑμῖν
3531 1011 3760 1087 ἐπιϐοή-

356 1123 484 1172 cata
511 1115 553 1170 ³.
584 1113 608 1147 ⁴
637 1113 743 1179 Qui
770 1111 906 1168 ﬁdei
935 1111 1241 1184 lampades
1271 1129 1464 1184 nuper
1493 1109 1871 1176 accendistis,
1905 1123 2006 1163 eas

2149 1125 2178 1178 ῃ
2227 1105 2304 1179 (1)
2362 1105 2556 1182 χορός·
2619 1105 2894 1182 Μακάριοι
2945 1106 3018 1160 ὧν
3070 1104 3345 1183 ἀφέθησαν
3399 1105 3454 1159 αἱ
3515 1103 3760 1178 ἀνομίαι,

359 1206 425 1260 in
457 1203 736 1260 manibus
766 1202 1154 1258 inexstinctas
1185 1205 1526 1257 conservate
1553 1217 1567 1267 ;
1608 1205 1674 1254 ut
1704 1199 1753 1252 is
1785 1197 1883 1268 qui
1915 1195 2005 1250 la-

2149 1193 2201 1249 αὶ
2259 1196 2332 1250 ὧν
2396 1195 2848 1271 έπεκαλύφθησαν
2923 1197 2980 1252 αἱ
3048 1195 3331 1274 ἁμαρτίαι.
3392 1196 3460 1254 Οἱ
3515 1197 3609 1258 τὰς
3664 1201 3765 1265 τῆς

357 1292 516 1348 troni
547 1291 887 1362 paradisum
914 1289 1058 1346 olim
1090 1291 1152 1344 in
1211 1289 1322 1344 hoc
1370 1287 1746 1345 sanctissimo
1804 1287 2004 1340 monte

361 1381 656 1454 Golgotha
668 1397 775 1452 per
800 1379 979 1438 ﬁdem
1000 1379 1233 1450 aperuit
1251 1377 1462 1448 ",vobis
1485 1393 1721 1449 quoque
1739 1371 2007 1447 nuptiale

364 1471 663 1527 canticum
695 1468 1010 1525 decantare
1039 1467 1344 1526 concedat.

2113 1284 2347 1347 πίστεως
2409 1281 2704 1358 λαμπάδας
2759 1285 3046 1360 ὶξάψαντες
3104 1285 3328 1362 ἀρτίως,
3373 1281 3669 1350 ἀσϐέστους
3709 1284 3761 1340 ἐν

2119 1374 2275 1451 χερσὶ
2308 1371 2675 1450 διατηρήσατε
2725 1373 2945 1438 ταύτας·
2995 1372 3066 1431 ἵν’
3098 1375 3126 1430 ὁ
3154 1378 3234 1447 τῷ
3281 1371 3457 1450 λῃστῇ
3500 1373 3622 1430 τότε
3672 1376 3765 1430 τὸν

2115 1460 2440 1540 παράδεισον
2471 1463 2522 1519 ἐν
2571 1469 2648 1537 τῷ
2699 1463 2945 1541 παναγίῳ
2999 1466 3177 1538 τούτῳ
3229 1463 3485 1541 Γολγοθᾷ
3532 1462 3622 1520 διὰ
3661 1465 3762 1533 τὴν

2027 1591 2040 1599 -
2085 1553 2297 1609 .πίστιν
2357 1553 2598 1625 ἀνοίξας,
2655 1554 2719 1609 τὸ
2769 1554 3038 1632 νυμφικὸν
3099 1554 3228 1628 ὑμῖν
3304 1555 3424 1627 ᾆσαι
3483 1553 3764 1631 παράσχοι

438 1743 510 1797 ΙΙ.
543 1741 597 1796 Si
621 1739 756 1813 quis
777 1739 872 1795 hic
895 1743 984 1795 est
1026 1738 1252 1812 peccati
1278 1753 1503 1806 servus,
1538 1741 1784 1808 paratus
1807 1734 1882 1790 sit
1911 1750 2017 1806 per

2165 1641 2307 1698 έλος.

2165 1665 2258 1698 εΑο
2297 1687 2307 1697 .

2121 1665 2160 1717 μ
2191 1665 2509 1798 ΒζςΔοῦλος
2539 1731 2593 1788 εἷ’
2615 1733 2697 1796 τίς
2729 1732 2871 1790 ἐστιν
2904 1733 3131 1790 ἐνταῦθα
3157 1740 3257 1804 τῆς
3290 1733 3577 1809 ἀμαρτίας,
3626 1731 3771 1789 ἐτοι-

373 1830 554 1887 ﬁdem
576 1830 651 1887 ad
665 1831 985 1903 ingenuam
1003 1827 1339 1900 adoptionis
1355 1827 1611 1883 filiorum
1626 1823 2021 1898 regeneratio-

2149 1822 2364 1885 ιότατος
2392 1820 2624 1897 γενέσθω
2647 1820 2742 1885 διὰ
2767 1829 2867 1894 τῆς
2896 1824 3153 1894 πίστεως,
3186 1823 3262 1886 είς
3315 1824 3415 1892 τὴν
3463 1821 3766 1899 ἐλευθέριον

375 1937 545 1988 nem;
566 1925 625 1976 et
648 1920 915 1991 deposita
936 1923 1314 1990 peccatorum
1333 1918 1371 1971 Ι
1388 1918 1426 1971 7
1449 1915 1725 1970 servitute
1740 1913 2016 1985 pessima,

375 2027 442 2066 ac
482 2009 890 2065 felicissimam
950 2006 1185 2063 Domini
1243 2005 1584 2061 servitutem
1643 2008 2019 2069 consecutus,

377 2099 542 2171 regni
578 2099 832 2154 caelestis
862 2096 1210 2152 haereditate
1227 2094 1516 2168 potiunda
1536 2093 1749 2167 dignus
1775 2108 2019 2148 censea-

379 2194 496 2244 tur.
530 2189 734 2244 Exuite
766 2204 872 2260 per
929 2185 1364 2242 confessionem
1413 2191 1667 2240 veterem
1716 2183 2021 2238 hominem

380 2279 482 2350 qui
515 2278 915 2349 corrumpitur
944 2274 1274 2332 secundum
1325 2273 1619 2329 desideria
1669 2272 1887 2328 erroris
1915 2287 1927 2325 :
1959 2275 2025 2325 ut

378 2368 642 2424 induatis
673 2384 890 2423 novum
922 2366 1024 2436 qui
1056 2370 1374 2420 renovatur
1405 2363 1731 2419 secundum
1772 2361 2021 2435 agnitio-

381 2447 519 2514 nem
549 2459 680 2530 ejus
708 2457 809 2528 qui
833 2457 1053 2511 creavit
1078 2455 1247 2511 illum
1276 2455 1318 2509 ⁸.
1341 2452 1750 2508 Arrhabonem
1772 2451 2023 2523 Spiritus

383 2547 570 2604 sancti
600 2545 622 2580 ⁷
652 2545 942 2616 acquirite
972 2561 1077 2616 per
1110 2543 1310 2612 ﬁdem,
1341 2549 1408 2598 ut
1427 2542 1666 2614 possitis
1689 2542 1749 2596 in
1772 2546 2026 2596 internas

381 2638 567 2710 recipi
599 2635 944 2692 mansiones
974 2634 1016 2689 ⁸.
1048 2633 1328 2688 Accedite
1359 2632 1432 2688 ad
1464 2631 1780 2705 mysticum
1821 2617 2050 2704 signa--

383 2726 606 2794 culum,
639 2730 704 2786 ut
725 2724 796 2780 ab
827 2723 971 2778 hero
999 2721 1402 2778 favorabiliter
1430 2721 1669 2794 agnosci
1713 2719 1952 2793 possitis
1979 2719 2024 2774 θ.

385 2816 600 2872 Sancto
631 2831 700 2872 ac
728 2813 959 2870 ratione
991 2809 1239 2884 praedito
1270 2809 1484 2866 Christi
1515 2809 1675 2884 gregi
1714 2825 2030 2866 accensea-

385 2905 556 2972 mini,
581 2910 647 2959 ut
675 2903 818 2959 olim
849 2901 925 2958 ad
956 2901 1258 2957 dexteram
1281 2900 1411 2971 ejus
1434 2900 1742 2973 segregati,
1762 2905 2028 2972 paratam

383 2994 549 3052 vobis
573 2994 750 3050 vitam
774 2990 1118 3048 haereditate
1142 2989 1610 3061 consequamini.
1630 2988 1850 3055 Quibus
1869 2988 2030 3044 enim

388 3077 580 3142 adhuc
611 3088 989 3157 peccatorum
1021 3079 1309 3152 asperitas
1341 3078 1425 3149 [in
1451 3078 1671 3134 villosae
1722 3079 1873 3134 cutis
1902 3095 2029 3134 mo-

386 3174 548 3246 dum]
573 3173 944 3239 adhaerescit,
970 3170 1058 3226 illi
1081 3187 1116 3225 a
1135 3168 1392 3225 sinistris
1419 3168 1845 3232 consistent,eo
1869 3166 2028 3240 quod

389 3263 463 3320 ad
493 3263 742 3336 gratiam
774 3261 896 3329 Dei,
931 3277 1061 3331 quaa
1095 3259 1156 3314 in
1189 3257 1404 3315 lavacri
1445 3258 1892 3330 regeneratione
1923 3273 2030 3329 per

390 3353 690 3409 Christum
721 3349 914 3415 datur,
946 3365 1068 3404 non
1097 3348 1477 3404 accesserint.
1503 3347 2030 3420 Regenerationem

389 3458 567 3518 porro
599 3457 718 3496 non
748 3455 1064 3512 corporum
1096 3437 1248 3506 dico,
1281 3437 1384 3493 sed
1443 3437 1769 3508 spiritalem
1818 3436 2032 3492 anima

392 3534 666 3588 iteratam
695 3529 1084 3586 nativitatem.
1121 3528 1379 3600 Corpora
1411 3527 1568 3582 enim
1615 3543 1722 3599 per
1772 3526 2035 3582 visibiles

392 3626 670 3697 parentes
691 3622 1069 3693 generantur,
1097 3617 1310 3673 anima)
1328 3633 1462 3673 vero
1486 3622 1912 3690 regenerantur
1931 3633 2038 3689 per

394 3713 573 3768 ﬁdem
607 3727 622 3778 ;
655 3727 794 3766 nam
827 3709 1070 3780 Spiritus
1099 3708 1194 3762 ubi
1223 3708 1340 3762 vult
1369 3709 1546 3778 spirat
1581 3705 1644 3763 ιο.
1694 3708 1957 3778 Tumque
1989 3707 2037 3762 si

396 3801 612 3875 dignus
649 3799 930 3866 efﬁciare,
976 3796 1182 3853 licebit
1229 3796 1332 3851 tibi
1381 3796 1626 3853 audire:
1676 3797 1840 3864 Bene,
1893 3812 2041 3852 serve

397 3893 534 3948 bone
563 3898 618 3946 et
645 3890 823 3961 ﬁdelis
853 3888 894 3924 “
922 3907 934 3957 ;
969 3905 1103 3944 cum
1133 3887 1408 3943 videlicet
1437 3887 1663 3943 nullam
1695 3886 1921 3942 habens
1978 3887 2040 3941 in

397 3981 767 4039 conscientia
796 3977 1194 4035 simulationis
1248 3977 1651 4049 impuritatem
1698 3976 1882 4031 fueris
1939 3975 2044 4030 de-

399 4071 752 4144 prehensus.

471 4163 570 4218 llI.
604 4161 650 4196 η
682 4161 741 4216 Si
775 4159 935 4216 enim
968 4157 1264 4230 quispiam
1293 4174 1364 4212 ex
1392 4157 1484 4212 his
1517 4157 1617 4229 qui
1648 4155 1882 4225 adsunt,
1911 4173 2046 4231 gra-

405 4255 550 4309 tiam
571 4250 674 4306 Dei
707 4255 936 4304 tentare
969 4264 1030 4302 se
1063 4252 1285 4319 sperat,
1323 4263 1384 4302 se
1416 4248 1540 4319 ipse
1572 4247 1744 4316 fallit,
1778 4253 1836 4303 et
1864 4247 2047 4303 virtu-

405 4349 525 4400 tem
559 4341 802 4414 [rerum]
834 4338 1083 4410 ignorat.
1119 4337 1421 4392 Sinceram
1453 4341 1511 4392 et
1555 4337 1674 4392 fuci
1725 4342 2047 4410 expertem,

405 4450 440 4488 o
471 4433 675 4498 homo,
707 4428 970 4484 animam
1001 4426 1173 4495 habe,
1207 4432 1450 4498 propter
1471 4442 1605 4482 eum
1626 4427 1726 4498 qui
1754 4432 2053 4482 scrutatur

407 4520 589 4577 corda
619 4524 677 4574 et
714 4533 888 4573 renes
922 4517 985 4572 η.
1011 4516 1084 4571 Ut
1113 4515 1273 4570 enim
1304 4514 1343 4568 ii
1374 4515 1474 4586 qui
1505 4515 1727 4570 milites
1780 4516 2050 4572 conscri-

2126 1917 2228 1981 τῆς
2287 1914 2363 1986 (2)
2423 1911 2693 1975 υἱοθεσίας
2753 1911 3118 1987 ἀναγέννησιν·
3175 1911 3266 1968 καὶ
3321 1913 3421 1982 τήν
3506 1913 3601 1987 μὶν
3657 1918 3768 1969 τῶν

2127 2003 2405 2076 ἁμαρτιῶν
2437 2001 2698 2072 κακίστην
2757 1999 3006 2060 δουλείαν
3051 2003 3406 2076 ἀποθέμενος,
3455 2004 3554 2073 τήν
3589 1999 3646 2058 δὲ
3673 2007 3772 2058 τοῦ

2127 2089 2327 2166 Κυρίου
2390 2093 2810 2167 μακαριωτάτην
2892 2089 3139 2148 δουλείαν
3225 2092 3592 2166 κτησάμενος,
3649 2094 3770 2149 κατ’

2128 2181 2417 2252 αξιωθήτω
2442 2183 2541 2250 τήν
2571 2185 2679 2238 τῶν
2713 2181 2955 2256 οὐρανῶν
2986 2179 3407 2257 κληρονομῆσαι
3469 2181 3768 2259 βασιλείαν.

2127 2267 2458 2336 Ἐκδῦσασθε
2485 2271 2577 2326 τὸν
2637 2269 2873 2327 παλαιὸν
2931 2269 3212 2349 ἄνθρωπον
3266 2273 3356 2328 τὸν
3414 2271 3770 2351 φθειρόμενον

2130 2363 2268 2417 κατὰ
2297 2365 2390 2424 τὰς
2434 2360 2724 2435 ἐπιθυμίας
2767 2368 2872 2431 τῆς
2923 2360 3157 2434 ἀπάτης,
3211 2360 3301 2417 διὰ
3347 2369 3450 2432 τῆς
3500 2361 3774 2437 ἐξομολο-

2132 2453 2368 2529 γήσεως,
2400 2453 2551 2514 ὅπως
2581 2448 2873 2522 ἐνδύσησθε
2918 2452 3010 2506 τὸν
3057 2453 3266 2522 καινὸν,
3315 2451 3404 2507 τὸν
3455 2451 3774 2508 ἀνακαινού-

2104 2566 2296 2623 .μενον
2327 2546 2443 2599 κατ’
2481 2543 2763 2620 ἐπίγνωσιν
2827 2546 2902 2619 (3)
2957 2549 3055 2600 τοῦ
3111 2545 3394 2603 κτίσαντος
3441 2544 3624 2604 αὐτόν.
3673 2545 3774 2603 Τὸν

2135 2628 2424 2712 ἀρραϐῶνα
2476 2633 2573 2689 τοῦ
2633 2632 2945 2707 Πνεύματος
3001 2638 3098 2690 τοῦ
3152 2633 3312 2710 ἁγίου
3369 2636 3639 2706 κτήσασθε
3691 2631 3781 2690 διὰ

2133 2726 2230 2794 τῆς
2260 2724 2515 2796 πίστεως,
2547 2722 2694 2786 ὅπως
2752 2721 3019 2795 δυνηθῆτε
3067 2721 3328 2802 δεχθῆναι
3377 2724 3452 2788 είς
3497 2724 3594 2790 τὰς
3643 2724 3780 2779 αἶωο

2134 2812 2292 2878 νίους
2323 2811 2487 2887 μονάς
2513 2815 2604 2881 (4).
2639 2812 2974 2890 Προσέλθετι
3001 2813 3076 2879 εἷς
3124 2816 3224 2886 τὴν
3284 2815 3549 2888 μυστικὴν
3605 2834 3779 2892 σφρα-

2134 2899 2279 2980 γῖδα,
2331 2903 2426 2956 ἳνα
2480 2897 2775 2976 εῦγνωστοι
2831 2903 2931 2972 ἦτε
2975 2907 3057 2976 τῷ
3113 2903 3370 2978 Δεσπότῃο
3454 2923 3778 2980 συγκαταρι-

2135 2993 2386 3065 θμήθητε
2412 2994 2482 3064 τῇ
2509 2990 2633 3068 ἁγίᾳ
2660 2992 2746 3046 καὶ
2782 2989 2980 3068 λογικῇ
3009 2996 3107 3048 τοῦ
3158 2995 3396 3071 Χριστοῦ
3443 2993 3671 3069 ποίμνῃ,
3703 2991 3782 3056 εἷς

2134 3080 2202 3136 τὰ
2232 3077 2378 3152 δεξιὰ
2415 3080 2582 3135 αὐτοῦ
2636 3079 3160 3158 ἀφορισθησόμενοι,
3189 3083 3280 3138 καὶ
3309 3081 3784 3156 κληρονομοῦντες

2136 3171 2234 3240 τὴν
2265 3169 2677 3243 ἡτοιμασμένην
2711 3169 2840 3244 ὑμῖν
2870 3172 3034 3242 ζωήν.
3083 3172 3182 3236 Οἷς
3228 3171 3331 3248 γὰρ
3379 3169 3454 3227 ἔτι
3501 3171 3563 3227 τὸ
3605 3169 3783 3246 τραχῦ

2137 3263 2246 3314 τῶν
2280 3259 2559 3335 ἁμαρτιῶν
2613 3258 2936 3332 περίκειται,
2985 3260 3139 3315 οὗτοι
3193 3259 3248 3316 έν
3305 3265 3422 3326 τοῖς
3479 3256 3782 3336 ἀριστεροῖς

2137 3349 2492 3424 τυγχάνουσι,
2525 3345 2615 3403 διὰ
2633 3348 2695 3403 τὸ
2728 3350 2807 3422 μὴ
2833 3346 3158 3426 προσελθεῖν
3188 3353 3256 3424 τῇ
3286 3355 3383 3406 τοῦ
3413 3353 3548 3406 Θεοῦ
3577 3349 3788 3428 χάριτι,

2141 3441 2208 3513 τῇ
2241 3435 2456 3512 δοθείσῃ
2489 3433 2578 3492 διὰ
2606 3441 2846 3513 Χριστοῦ
2886 3437 2974 3494 ἐπὶ
3025 3442 3094 3513 τῇ
3144 3436 3241 3494 τοῦ
3283 3437 3522 3516 λουτροῦ
3571 3438 3792 3514 ἀναγεν-

2142 3529 2316 3600 νήσει.
2347 3527 2719 3604 ’Λναγέννησιν
2752 3523 2808 3582 δὲ
2838 3526 2900 3583 οὗ
2934 3527 3201 3603 σωμάτων
3256 3526 3428 3606 λέγω,
3483 3525 3630 3584 ἀλλὰ
3680 3531 3792 3602 ψυ-

2146 3623 2256 3692 χῆς
2281 3617 2380 3686 τὴν
2413 3617 2784 3691 πνευματικὴν
2838 3614 3208 3693 άναγέννησιν.
3259 3618 3338 3674 Τὰ
3389 3618 3485 3691 μὶν
3531 3617 3635 3692 γὰρ
3684 3617 3795 3671 σώ-

2152 3725 2295 3781 ματα
2319 3701 2410 3759 διὰ
2436 3708 2545 3759 τῶν
2600 3705 2943 3784 φαινομένων
2999 3706 3204 3782 γονέων
3263 3710 3580 3783 γεννῶνται,
3633 3705 3687 3760 αἱ
3734 3701 3795 3760 δὲ

2149 3792 2322 3871 ψυχαὶ
2355 3789 2446 3848 διὰ
2471 3801 2571 3864 τῆς
2603 3793 2834 3858 πίστεως
2897 3794 3305 3873 ἂναγεννῶνται.
3361 3794 3435 3852 Τὸ
3477 3794 3580 3872 γὰρ
3628 3797 3794 3852 Ηνεῦ-

2155 3908 2229 3961 μα
2259 3887 2397 3940 ὅπου
2461 3884 2604 3950 θέλει
2657 3892 2799 3944 πνεῖ.
2861 3885 2964 3945 Καὶ
3021 3887 3142 3944 τότε
3198 3887 3420 3943 ἀκοῦσαι
3475 3885 3648 3964 ἔχεις,
3709 3885 3799 3943 έᾶν

2153 3977 2298 4048 ἄξιος
2327 3975 2478 4049 γένῃ,
2510 3972 2606 4047 Εὖ,
2638 3971 2801 4030 δοῦλε
2830 3977 2996 4052 ἀγαθὲ
3023 3976 3114 4033 καὶ
3171 3977 3346 4048 πιστὶ,
3397 3974 3524 4032 ὅταν
3577 3975 3802 4054 εὑρεθῇς

2158 4062 2326 4138 μηδὲν
2355 4063 2654 4140 ἀκάθαρτον
2690 4064 3024 4142 ὑποκρίσεως
3056 4061 3199 4143 ἔχων
3234 4065 3286 4122 έν
3316 4063 3642 4139 συνειδήσει.

2226 4154 2301 4212 Γ’.
2334 4152 2398 4211 El
2429 4155 2530 4229 γάρ
2559 4175 2645 4220 τις
2672 4158 2780 4210 τῶν
2815 4153 3038 4221 ἐνταῦθα
3095 4156 3320 4231 νομίζοι
3372 4155 3647 4231 πειράζειν
3699 4157 3798 4225 τήν

2156 4244 2344 4321 χάριν,
2376 4244 2561 4300 ἒαυτὸν
2596 4244 2794 4317 ἀπατᾷ,
2825 4245 2916 4301 καὶ
2967 4246 3064 4316 τήν
3125 4243 3352 4322 δύναμιν
3413 4247 3622 4325 ἀγνοεῖ.
3681 4246 3803 4304 Ἀν-

2158 4333 2450 4410 υπόκριτον
2479 4329 2576 4410 ἔχε
2603 4335 2706 4406 τὴν
2737 4337 2942 4412 ψυχὴν,
2968 4336 3012 4390 ὧ
3034 4334 3306 4406 ἄνθρωπε,
3332 4334 3422 4392 διὰ
3440 4335 3532 4392 τὸν
3554 4333 3807 4407 έτᾶζοντα

2159 4423 2384 4502 καρδίας
2415 4426 2505 4481 καὶ
2539 4425 2790 4504 νεφρούς.
2844 4427 3044 4504 Ὠςπερ
3075 4426 3180 4504 γὰρ
3212 4428 3264 4483 οἱ
3297 4426 3590 4501 μέλλοντες
3635 4447 3804 4504 στρα-

2159 4517 2356 4586 τεύειν,
2413 4513 2670 4592 ἐρευνῶσι
2729 4517 2824 4578 τὰς
2874 4514 3097 4586 ⁴ἡλικίας
3149 4517 3239 4573 καὶ
3294 4516 3362 4574 τὰ
3414 4519 3639 4592 σώματα
3695 4519 3802 4571 τῶν

407 4611 563 4684 pturi
588 4612 748 4677 sunt,
781 4603 1248 4679 adlegendorum
1278 4607 1480 4659 aetates
1522 4604 1634 4676 [vel
1682 4607 1961 4678 staturas]
1994 4613 2036 4661 et

2159 4609 2621 4683 στρατευομένων·
2663 4605 2805 4662 οὕτω
2835 4606 2926 4663 καὶ
2960 4607 2988 4663 ὁ
3019 4607 3221 4684 Κύριος
3275 4605 3658 4686 στρατολογῶν
3705 4603 3802 4665 τὰς

408 4715 657 4772 corpora
689 4697 1034 4770 explorant;
1063 4694 1146 4750 ita
1174 4693 1460 4749 Dominus
1491 4692 1786 4750 delectum
1824 4695 2049 4752 faciens

408 4790 766 4856 animarum,
788 4787 1120 4843 voluntates
1150 4784 1426 4856 inquirit;
1457 4789 1514 4840 et
1530 4784 1578 4839 si
1611 4785 1743 4856 quis
1775 4785 2048 4858 hypocri-

481 4916 528 4952 ⁹⁹
564 4915 692 4970 Vid.
725 4915 942 4968 Procat.
971 4927 1030 4967 ιι.
1065 4913 1119 4980 3,
1151 4917 1202 4966 et
1245 4917 1355 4966 cat.
1417 4913 1502 4978 l5,
1553 4927 1613 4966 n.
1662 4913 1750 4966 25.

409 4990 431 5024 ‘
465 4987 593 5042 Vid.
628 4987 842 5039 Procat.
875 4999 935 5037 ιι.
971 4987 1021 5038 1.
1117 4981 1142 5016 ⁵
1173 4984 1308 5038 Luc.
1342 4999 1504 5051 xxm,
1536 4983 1625 5038 43.

409 5075 520 5121 χνι,
554 5059 605 5111 9.
710 5055 733 5088 υ
771 5057 897 5110 Vid.
929 5061 1037 5110 cat.
1074 5057 1161 5123 15,
1192 5070 1250 5108 ιι.
1288 5055 1376 5110 25.

413 5130 459 5166 ¹³
492 5125 649 5184 Psal.
680 5143 775 5196 v17,
809 5129 895 5181 10.

487 5257 567 5328 (1)
600 5245 927 5324 Ἐπιϐοήσ-ῃ.
971 5250 1162 5333 Codd:
1225 5255 1461 5333 R_oe__et_
1511 5254 1782 5333 Casaub.,
1849 5250 2058 5333 ἐπιφω-

416 5324 576 5400 meo;
608 5343 725 5400 qua
756 5324 1109 5400 voceutitur
1140 5324 1200 5378 in
1235 5324 1415 5400 simili
1447 5325 1576 5382 loco
1608 5328 1826 5400 Procat.
1878 5324 2060 5384 ιι.’15.

495 5391 569 5469 ειξ)
605 5391 698 5457 Εἲς
727 5391 1194 5469 τῂνῌέλευθέριον
1253 5395 1368 5469 τῆς,
1397 5405 1535 5469 _etc.
1597 5398 1776 5455 Codd.
1839 5401 1956 5454 Roe
1993 5406 2069 5469 et

423 5463 694 5536 Casaub.,
728 5463 802 5528 εἷς
836 5463 1164 5535 ἐλευθερίαν,
1225 5467 1312 5520 καὶ
1368 5466 1444 5529 είς
1492 5469 1590 5534 τήν
1645 5471 1742 5536 τῆς
1798 5468 2065 5532 υἱοθεσίας

425 5543 607 5618 ἁναγ.,
640 5545 698 5596 in
732 5541 1040 5618 libertatem
1075 5545 1123 5592 et
1155 5543 1622 5618 regenerationem
1663 5543 1995 5613 adoptionis,

493 5608 750 5688 ϐήματ’
807 5608 1117 5688 ἐπίγνωσιν.
1180 5608 1245 5688 In
1305 5612 1478 5688 codd.
1538 5616 1655 5668 Rue
1705 5608 2066 5688 et'_Casaub.

419 5681 792 5750 καὶνείκόνα,
848 5681 1141 5755 secundam
1198 5683 1514 5751 imaginem.
1573 5686 1889 5755 Apostolus
1947 5685 2071 5755 ἁνα-

421 5757 784 5835 καινούμενον
840 5753 918 5816 εἷς
976 5752 1291 5827 ἐπίγνωσιν,
1375 5755 1491 5807 κατ’
1568 5752 1749 5810 εἷδὶόνα
1801 5759 1899 5809 τοῦ
1951 5754 2069 5809 κτί-

1483 5053 1529 5092 ¹⁰
1557 5056 1722 5111 Joan.
1760 5053 1842 5124 in,
1873 5055 1926 5112 8.

1855 4909 1875 4944 1

1737 4951 1750 4966 .
1855 4913 1875 4944 ι
1925 4913 2093 4968 Prov.
2142 4931 2195 4981 v,
2249 4917 2340 4969 22.
2440 4914 2462 4949 ²
2513 4915 2640 4971 Vid.
2697 4917 2912 4972 Procat.

1728 4982 1988 5054 6Ephes.
2042 5001 2113 5052 Iv,
2169 4986 2377 5053 22-24;
2431 4986 2656 5044 Coloss.
2707 5004 2787 5051 ιιι,
2843 4990 2929 5044 10.

2033 5059 2078 5093 ¹¹
2109 5057 2308 5112 Matth.
2343 5075 2473 5127 xxv,
2504 5061 2594 5118 21.

2158 4696 2359 4773 ψυχὰς,
2387 4694 2577 4772 ἐρευνᾷ
2629 4698 2724 4761 τὰς
2782 4693 3148 4774 προαιρέσειςο
3207 4699 3304 4755 κᾶν
3367 4699 3462 4773 μὶν
3522 4697 3805 4774 ὑπόκρισιν

2160 4783 2267 4862 ἔχῃ
2294 4807 2377 4850 τις
2408 4790 2484 4861 (5)
2511 4789 2916 4864 κρυπτομένην,
2963 4783 3207 4845 ἀπέϐαλε
3259 4788 3351 4844 τὸν
3403 4788 3692 4865 ἃνθρώπον
3736 4789 3810 4852 ὡς

2440 4914 2462 4949 ²
2513 4915 2640 4971 Vid.
2697 4917 2912 4972 Procat.
2965 4932 3026 4974 ιι.
3085 4918 3174 4973 15.
3278 4914 3486 4973 3Psal.
3545 4933 3704 4984 χχχι,
3762 4919 3812 4972 1ο

2440 4986 2656 5044 Coloss.
2707 5004 2787 5045 ιιι.
2843 4990 2929 5044 10.
3033 4983 3056 5020 ⁷
3099 4987 3150 5042 ΙΙ
3197 4988 3327 5043 Cor.
3372 5004 3424 5045 ν.
3467 4991 3520 5044 5.
3623 4989 3647 5024 ⁸
3679 4989 3812 5045 Luc.

2700 5059 2746 5096 ¹²
2778 5059 2902 5116 Vid.
2935 5061 3154 5116 Procat.
3182 5076 3241 5116 ιι.
3276 5062 3309 5115 2
3337 5066 3390 5116 et
3439 5062 3596 5130 infra
3647 5076 3709 5119 ιι.
3761 5062 3815 5114 3.

2180 5276 2388 5323 σαν-τος,
2421 5263 2576 5314 etc.:
2621 5261 2720 5330 qui
2764 5267 3064 5317 renovatur
3117 5263 3178 5316 in
3221 5262 3580 5331 agnitionem,
3629 5275 3821 5317 secun-

2176 5331 2306 5385 dum
2333 5333 2599 5400 imagines
2629 5334 2747 5402 ejus
2777 5335 2876 5402 qui
2904 5334 3108 5388 creavit
3138 5333 3316 5388 illum.

2249 5401 2872 5474 (ΗΑἱωνίουςίμονᾶς.
2935 5405 3054 5460 Roe
3115 5412 3172 5460 et
3227 5404 3506 5472 Casaub.,
3568 5401 3825 5464 αῗωνίους

2179 5473 2399 5548 σκηνάς,
2432 5482 2499 5548 ut
2529 5476 2589 5529 in
2622 5473 2933 5548 Evangelio
2969 5477 3102 5532 Luc.
3135 5494 3245 5532 χνι.
3283 5479 3335 5534 9.

2248 5549 2320 5615 (5-
2361 5545 2700 5620 'l‘noxgtew_
2734 5543 2837 5620 ἔχῃ
2891 5566 3000 5620 τις,
3057 5550 3294 5620 (ξιοηῐιι
3353 5546 3529 5620 cod_d.
3569 5549 3714 5620 _Roe
3769 5550 3826 5620 ξς

2187 5616 2462 5702 Casaub.,
2493 5616 2600 5702 Κᾷν
2650 5614 3091 5702 μέν”ὗΏπόκρισιν
3148 5619 3278 5702 εὕρῃ
3338 5614 3722 5702 κρυϐομέγηνςη
3765 5617 3827 5673 Si

2179 5689 3343 5784 ιῖοξξέἰειεανζιμείειζνεζιςῖιέεῖίτ.ζιιιιοοονίεῖτιι·
3370 5689 3462 5784 ita
3490 5689 3645 5784 λέβίι.
3682 5691 3827 5747 δνο-

2180 5759 2404 5830 decius,
2459 5763 2559 5834 qui
2595 5759 2904 5836 praeterea
2958 5759 3172 5835 legisse
3230 5763 3480 5837 videtur,
3544 5759 3831 5839 ὗπόκρισιν
