4152 6276
419 386 541 464 3'13

1849 387 2336 456 CATECHESIS
2380 386 2430 450 Ι.

3723 393 3846 458 3η

417 523 523 588 τῆς
551 514 796 590 ἀληθοῦς
824 519 1104 590 στρατείας
1160 515 1556 592 ἀνεπιτήδειον·
1591 522 1638 576 εἱ
1669 518 1728 577 δὲ
1777 518 1923 592 ἄξιον
1971 540 2069 574 κα-

2188 519 2302 576 sim
2330 519 2592 576 abditam
2622 523 2806 593 gerat,
2829 519 2992 575 hunc
3018 519 3198 576 veluti
3229 520 3306 577 ad
3333 537 3531 580 veram
3561 523 3840 586 militiam

419 602 663 684 ταλάϐῃ,
692 607 874 682 τούτῳ
905 603 1127 664 δίδωσιν
1156 607 1394 685 ετοίμως
1424 611 1522 680 τὴν
1556 610 1739 687 χάριν.
1769 610 1850 670 Οὔ
1883 605 2077 664 δίδωσι

415 697 485 754 τὰ
509 694 640 774 ἅγια
667 703 785 761 τοῖς
814 696 986 753 κυσίν·
1022 694 1149 754 ἀλλ’
1179 696 1318 755 ὅπου
1355 698 1543 776 βλέπει
1574 702 1674 771 τὴν
1706 700 1911 777 ἀγαθήν
1955 719 2078 754 συν-

419 783 622 856 είδησιν
657 789 758 862 (1),
818 785 931 842 ἐκεῖ
986 787 1088 857 τὴν
1141 787 1471 865 σωτηριώδη
1533 787 1726 845 δίδωσι
1781 786 2074 866 σφραγῖδα,

419 877 520 946 τὴν
549 877 877 950 θαυμασίαν,
908 878 976 948 ἢν
1015 877 1279 954 τρέμουσι
1335 876 1591 953 δαίμονες
1632 879 1724 934 καὶ
1770 878 2080 954 γινώσκου-

422 987 504 1022 σιν
536 964 900 1042 ἃγγελοι,ἳνα
948 967 999 1022 οἱ
1060 967 1158 1040 μὲν
1210 966 1452 1044 φύγωσιν
1509 967 1847 1038 ἐλασθὲντες,
1906 967 1957 1022 οἱ
2017 965 2076 1021 δὲ

418 1054 757 1130 περιέπωσιν
788 1054 862 1120 ὡς
893 1054 1095 1112 οἰκεῖον
1130 1059 1229 1131 (2).
1263 1058 1394 1120 Τοῖς
1443 1057 1533 1113 οὖν
1584 1052 1930 1132 λαμϐάνουσι
1979 1055 2080 1124 τήν

415 1148 787 1220 πνευματικὴν
815 1144 1018 1219 ταύτην
1071 1143 1344 1225 σφραγῖδα
1398 1149 1487 1204 καὶ
1551 1149 1850 1222 σωτήριον,
1913 1145 2076 1222 χρεία

418 1234 650 1306 καὶτῆς
708 1235 910 1302 οἰκείας
969 1237 1361 1313 προαιρέσεως·
1427 1235 1610 1314 ὥσπερ
1667 1236 1771 1314 γὰρ
1827 1233 2082 1308 κάλαμος

415 1325 684 1402 γραφικὸς
714 1321 752 1396 ἤ
781 1323 872 1380 καὶ
907 1324 1070 1402 βέλος
1099 1325 1290 1402 χρείαν
1341 1321 1460 1404 ἔχει
1516 1331 1614 1382 τοῦ
1666 1329 2078 1402 συνεργοῦντος,

411 1411 557 1470 οὕτω
583 1415 673 1470 καὶ
707 1416 743 1485 ἡ
777 1413 942 1491 χάρις
973 1415 1166 1491 χρείαν
1198 1409 1318 1490 ἔχει
1347 1419 1460 1472 τῶν
1491 1416 1884 1474 πιπευόντῶν.

486 1680 798 1742 Δ“.“Οπλον
859 1679 1162 1758 λαμϐάνεις
1217 1684 1280 1741 οὐ
1332 1686 1592 1764 φθαρτὸν,
1639 1680 1785 1739 ἀλλὰ
1840 1702 2079 1757 πνευμα.

411 1773 588 1829 τικόν.
625 1771 975 1850 Καταφυτεῦῃ
1033 1771 1230 1830 λοιπὸν
1291 1773 1367 1837 εἷς
1413 1775 1506 1831 τὸν
1575 1774 1770 1845 νοητὸν
1819 1769 2082 1848 παράδει-

2186 611 2457 682 ineptum
2487 610 2720 682 rejicit;
2757 609 2804 664 si
2858 626 2994 665 vero
3054 608 3300 684 dignum
3353 611 3839 687 deprehenderit,

2187 701 2326 756 huic
2365 701 2812 773 promptissime
2870 700 3101 756 confert
3154 701 3404 774 gratiam
3437 704 3500 759 ίδ.
3556 707 3682 762 Νοιι
3738 708 3842 764 dat

2187 796 2393 847 sancta
2419 791 2663 848 canibus
2693 790 2739 827 ¹⁵
2770 807 2784 846 :
2820 790 2924 847 sed
2953 790 3054 848 ubi
3103 792 3353 864 probam
3405 795 3838 854 conscientiam

2186 880 2362 950 videt,
2395 881 2520 936 illic
2550 881 2808 937 salutare
2840 887 2899 938 et
2928 881 3281 938 admirabile
3312 882 3579 956 sigillum
3607 886 3838 942 confert

2186 971 2286 1043 (4),
2342 969 2364 1003 ⁸
2395 970 2551 1042 quod
2581 971 3054 1028 contremiscunt
3090 971 3393 1028 daemones
3425 979 3484 1029 et
3507 981 3841 1047 agnoscunt

2188 1059 2382 1132 angeli
2409 1077 2423 1126 ;
2457 1059 2540 1115 ita
2569 1065 2635 1116 ut
2665 1060 2753 1115 illi
2784 1060 3026 1133 quidem
3057 1061 3311 1136 fugitent
3339 1061 3554 1132 abacti,
3587 1063 3648 1119 hi
3700 1081 3836 1122 vero

2187 1153 2254 1204 ut
2277 1153 2593 1221 cognatum
2625 1155 2684 1205 et
2709 1148 3068 1206 familiarem
3099 1150 3693 1223 circumplectantur.
3733 1153 3835 1210 His

2190 1254 2325 1310 ergo
2355 1238 2456 1310 qui
2487 1238 2754 1310 spiritale
2786 1238 2938 1295 illud
2969 1257 3036 1296 ac
3069 1239 3328 1296 salutare
3361 1240 3625 1314 sigillum
3648 1243 3839 1300 susci-

2187 1327 2379 1400 piunt,
2415 1343 2565 1399 Opus
2596 1333 2685 1383 est
2705 1332 2769 1383 ut
2789 1330 3094 1402 pr0prium
3121 1346 3358 1402 quoque
3385 1330 3649 1388 studium
3671 1332 3841 1388 adhi-

2186 1415 2389 1472 beant.
2423 1417 2496 1472 Ut
2525 1417 2687 1472 enim
2713 1417 2941 1474 calamo
2973 1418 3286 1491 scriptorio
3315 1419 3408 1475 vel
3438 1419 3579 1490 telo,
3631 1437 3843 1478 neces-

2190 1505 2346 1561 saria
2373 1506 2598 1562 utentis
2630 1523 2809 1579 opera
2839 1511 2950 1576 est,
2984 1507 3067 1564 ita
3109 1512 3168 1564 et
3215 1509 3406 1581 gratia
3456 1509 3840 1568 credentibus

2192 1612 2340 1669 opus
2369 1596 2569 1653 habet.

2257 1688 2350 1742 ιν·
2375 1689 2502 1744 Νοιι
2525 1689 3044 1762 corruptibile,sed
3065 1689 3330 1762 spiritale
3354 1690 3575 1763 accipis
3606 1691 3706 1748 18
3739 1709 3837 1750 ar-

2189 1792 2421 1833 morum
2454 1794 2640 1850 genus
2671 1779 2768 1850 (5).
2801 1780 2866 1833 In
2899 1778 3337 1850 intelligibilem
3367 1779 3652 1852 deinceps
3672 1797 3840 1853 para-

415 1881 526 1918 σον·
560 1856 865 1935 λαμϐάνεις
917 1858 1092 1938 ὄνομα
1137 1862 1349 1935 καινὸν,
1381 1864 1411 1919 ὅ
1439 1863 1706 1940 πρότερον
1760 1861 1859 1918 οὐκ
1905 1863 2069 1938 εἶχες.

2190 1866 2389 1922 disum
2423 1865 2468 1904 ¹⁷
2497 1868 2819 1937 insereris;
2853 1885 3074 1925 nomen
3112 1885 3330 1926 novum
3364 1870 3406 1906 ¹⁸
3437 1870 3658 1943 accipis
3688 1887 3836 1942 quos

416 1952 531 2028 Πρὸ
557 1953 760 2008 τούτου
790 1953 1212 2030 κατηχούμενος
1242 1955 1333 2028 ἧς,
1363 1959 1456 2010 νῦν
1488 1952 1544 2010 δὲ
1572 1953 1764 2016 πιστὸς
1785 1953 2067 2027 κληθήσῃ.

413 2041 771 2121 Μεταφυτεύῃ
804 2041 1004 2098 λοιπὸν
1065 2043 1140 2107 εἲς
1195 2045 1294 2106 τὰς
1348 2042 1532 2106 ἐλαίας
1587 2044 1684 2106 τὰς
1742 2042 1963 2112 νοητὰς,
2022 2040 2072 2114 ἐξ

416 2131 740 2208 ἀγριελαίου
771 2132 846 2196 εἷς
877 2130 1238 2190 καλλιέλαιον
1271 2133 1772 2210 ἐγκεντριζόμενος·
1806 2131 1858 2202 ἐξ
1896 2133 2074 2205 ἁμαρ-

411 2225 546 2278 τιῶν
573 2220 652 2283 εἰς
678 2218 1120 2293 δικαιοσύνην,ἐκ
1146 2222 1448 2296 μολυσμῶν
1476 2220 1550 2285 εἷς
1567 2221 1934 2295 καθαρότητα.
1953 2219 2080 2294 Γίνῃ

411 2311 680 2373 κοινωνὸς
709 2316 812 2380 τῆς
841 2309 994 2385 ἁγίας
1019 2310 1291 2384 ἀμπέλου.
1321 2310 1472 2368 Ἀλλ’
1503 2309 1590 2366 ἐὰν
1645 2310 1742 2384 μὲν
1789 2306 2074 2382 ἐπιμείνῃς

415 2402 486 2474 τῇ
519 2396 776 2473 ἀμπέλῳ,
809 2396 941 2471 αὔξῃ
994 2399 1069 2463 ὡς
1119 2397 1315 2474 κλῆμα
1361 2398 1734 2476 καρποφόρον·
1787 2395 1873 2453 ἐὰν
1908 2395 1964 2452 ὃὶ
1997 2397 2074 2470 μὴ

415 2487 722 2566 ἐπιμείνῃς,
759 2489 864 2546 ὑπὸ
892 2494 989 2546 τοῦ
1018 2490 1191 2566 πυρὸς
1239 2488 1698 2566 καταναλωθήσῃ.
1779 2491 2080 2567 Καρποφο-

421 2581 681 2655 ρήσωμεν
711 2578 888 2635 τοίνυν
919 2579 1102 2654 ἀξίως·
1159 2581 1236 2655 μὴ
1287 2579 1504 2658 γὲνοιτο
1551 2578 1651 2656 γὰρ
1696 2579 1788 2633 ἳνα
1835 2576 1888 2633 ἐν
1930 2579 2068 2650 ἡμῖν

412 2668 639 2744 γενηται
697 2667 760 2722 τὸ
813 2670 946 2724 κατᾶ
999 2669 1100 2738 τὴν
1160 2669 1400 2745 ἄκαρπον
1459 2667 1669 2738 ἐκείνην
1742 2673 1930 2736 συκῆν,
1992 2667 2070 2740 μή

414 2777 552 2812 ποτε
580 2755 753 2821 ἐλθὼν
783 2758 811 2813 ὁ
841 2759 1055 2829 Ἰησοῦς
1104 2757 1196 2814 καὶ
1252 2762 1344 2814 νῦν
1403 2756 1773 2834 καταράσηται
1833 2753 1925 2811 διὰ
1975 2757 2080 2826 τὴν

419 2846 714 2922 ἀκαρπίαν·
747 2844 876 2902 ἀλλ’
915 2845 1000 2918 εἴη
1059 2847 1265 2911 πάντας
1322 2848 1492 2904 ἐκεῖνο
1549 2845 1749 2921 λέγειν·
1811 2844 1956 2922 Ἐγὼ
2017 2842 2076 2900 δὲ

416 2935 546 2990 ὡσεὶ
576 2933 732 2991 ἐλαία
761 2934 1106 3013 κατάκαρπος
1156 2937 1208 2993 ἂν
1266 2941 1346 3010 τῷ
1405 2935 1543 3011 οἴκῳ
1591 2939 1691 2992 τοῦ
1747 2938 1901 3004 Θεοῦ,
1959 2933 2065 3006 ἢλ-

412 3044 547 3079 πισα
602 3028 680 3099 (3)
740 3024 829 3080 ἰπὶ
887 3025 950 3081 τὸ
1007 3023 1161 3091 ἔλεος
1217 3030 1314 3082 τοῦ
1371 3029 1506 3082 Θεοῦ
1563 3025 1640 3088 εἰς
1711 3023 1803 3079 τὸν
1881 3022 2052 3077 αἰῶνα

382 3112 578 3172 Ἐλαία
629 3113 735 3170 οὐκ
778 3113 1040 3187 αἰσθητὴ,
1073 3115 1222 3172 ἀλλὰ
1251 3116 1452 3188 νοητὴ,
1502 3115 1849 3195 φωτοφόρος.
1901 3111 2078 3168 Λῦτοε·

2183 1956 2350 2029 prius
2412 1974 2532 2013 non
2591 1957 2874 2014 habebas.
2931 1962 3123 2016 Antea
3207 1961 3624 2017 catechumenus
3681 1977 3836 2027 eras,

2184 2062 2346 2102 nunc
2381 2048 2560 2118 ﬁdelis
2606 2047 2890 2104 vocabere
2926 2049 2990 2106 ιο.
3025 2049 3504 2121 Transplantaris
3555 2049 3838 2122 deinceps

2185 2135 2247 2191 in
2279 2135 2718 2192 intellectuales
2750 2137 2932 2205 oleas,
2967 2154 3038 2193 ex
3079 2137 3336 2194 oleastro
3386 2139 3448 2193 in
3494 2137 3838 2212 frugiferam

2186 2225 2380 2281 oleam
2413 2225 2675 2282 insertus
2708 2225 2788 2294 2°;
2823 2244 2893 2282 ex
2923 2227 3182 2300 peccatis
3206 2228 3267 2283 in
3282 2227 3601 2300 justitiam,
3631 2244 3700 2282 ex
3720 2243 3841 2284 sor-

2187 2311 2360 2367 dibus
2390 2313 2452 2367 in
2474 2313 2817 2384 puritatem.
2848 2314 3074 2370 Sanctae
3095 2315 3229 2369 vitis
3251 2315 3292 2349 ²¹
3318 2315 3614 2387 particeps
3639 2314 3838 2370 efﬁce-

2185 2403 2268 2456 ris
2297 2419 2311 2467 ;
2345 2407 2405 2457 at
2433 2403 2481 2456 si
2514 2418 2912 2474 permanseris
2944 2405 3005 2458 in
3026 2403 3162 2471 vite,
3185 2404 3270 2459 uti
3293 2403 3521 2476 palmes
3547 2403 3834 2475 fructifer,

2186 2503 2451 2544 cresces:
2489 2489 2538 2544 si
2571 2506 2706 2545 vero
2738 2506 2858 2545 non
2881 2491 3456 2564 permanseris,igne
3479 2491 3833 2549 absumeris.

2185 2578 2464 2633 Fructum
2492 2579 2670 2652 igitur
2697 2579 2871 2653 digne
2892 2580 3154 2637 feramus
3178 2597 3191 2636 :
3224 2580 3379 2637 absit
3410 2582 3570 2637 enim
3591 2587 3657 2637 ut
3675 2581 3835 2637 idem

2187 2665 2360 2721 nobis
2391 2666 2698 2740 contingat
2724 2666 2883 2739 quod
2914 2667 3298 2724 infructuosae
3321 2668 3409 2723 illi
3429 2669 3606 2737 fleui;
3639 2684 3716 2725 ne
3737 2685 3836 2724 ve-

2187 2756 2360 2811 niens
2389 2757 2556 2812 Jesus
2574 2757 2902 2814 etiamnum
2925 2757 3242 2815 maledicat
3263 2758 3336 2814 ob
3360 2759 3735 2815 sterilitatem
3762 2758 3833 2818 ⁸³.

2191 2843 2303 2899 Sed
2330 2844 2419 2900 fas
2451 2845 2528 2900 sit
2549 2846 2826 2902 omnibus
2852 2848 3008 2902 hanc
3029 2847 3386 2904 sententiam
3409 2849 3830 2921 pronuntiare:

2196 2937 2309 3003 Ego
2331 2941 2514 2991 autem
2539 2938 2682 2991 sicut
2727 2937 2878 2992 oliva
2917 2940 3214 3006 fructifera
3262 2939 3321 2992 in
3370 2939 3528 2994 domo
3571 2940 3668 2994 Dei
3711 2955 3834 3008 spe-

2192 3026 2315 3080 ravi
2343 3027 2401 3078 in
2429 3025 2860 3080 misericordiam
2889 3027 2988 3081 Dei
3016 3026 3076 3081 in
3128 3034 3391 3082 aeternum
3415 3027 3484 3082 ’3.
3518 3027 3680 3082 Oliva
3714 3043 3836 3083 non

2195 3113 2515 3182 sensibilis,
2548 3113 2651 3170 sed
2682 3114 3098 3188 intelligibilis,
3145 3115 3338 3170 lucem
3386 3115 3604 3172 ferens.
3653 3116 3839 3189 Igitur

385 3201 482 3278 μὶν
516 3202 610 3258 οὗν
661 3201 776 3260 ἐστι
804 3204 868 3259 τὸ
896 3207 1292 3284 καταφυτεῦσαι
1342 3209 1432 3260 καὶ
1483 3202 1726 3276 ποτίσαι,
1775 3205 1870 3258 σὸν
1922 3198 1980 3256 δὲ
2008 3201 2069 3256 τὸ

2186 3204 2313 3274 ejus
2334 3203 2577 3275 quidem
2605 3211 2696 3261 est
2714 3204 2984 3277 plantare
3006 3206 3078 3277 (6)
3101 3210 3159 3261 et
3177 3203 3370 3278 rigare
3392 3204 3460 3274 2‘,
3493 3211 3664 3261 tuum
3688 3187 3830 3261 vero

488 3329 537 3368 ¹⁴
569 3331 696 3387 Vid.
730 3338 839 3388 cat.
873 3334 929 3400 3,
977 3349 1038 3388 ιι.
1093 3336 1142 3389 1.
1250 3332 1294 3369 ¹⁸
1341 3332 1542 3388 Matth.
1594 3347 1691 3398 vn,
1748 3332 1801 3386 6.

389 3400 436 3437 ¹⁹
491 3403 561 3461 V.
593 3404 815 3461 Procat.
850 3421 910 3460 ιι.
943 3407 996 3468 4,
1027 3410 1135 3461 cat.
1168 3407 1221 3473 5,
1253 3421 1314 3461 ιι.
1360 3409 1412 3460 1.
1515 3402 1563 3438 ²⁰
1591 3405 1760 3460 Rom.
1794 3419 1871 3471 xi,
1904 3403 1994 3456 24.

384 3476 494 3544 10,
533 3489 651 3530 sec.
686 3475 856 3548 Vulg.
890 3481 948 3531 et
977 3477 1032 3545 8,
1065 3493 1182 3535 sec.
1214 3478 1306 3532 Cr.
1385 3476 1480 3530 "1
1510 3475 1641 3533 Cor.
1675 3491 1762 3545 ιιι,
1795 3475 1850 3530 6.

385 3596 533 3678 εὕρῃ
564 3599 707 3678 τιν-ά.
738 3605 891 3678 Mox,
925 3621 1030 3677 pro
1062 3597 1305 3678 ἀπέϐαλε
1332 3603 1716 3678 Casaubonus
1743 3599 2064 3674 legendum

389 3671 601 3749 putat,
636 3671 968 3749 dnoﬁ‘a’inei,
1003 3682 1061 3733 et
1089 3676 1332 3749 quidem
1362 3674 1757 3731 emendatius.

476 3746 578 3819 (1)_
607 3742 962 3817 Συνεῖδηετιν,⁷
985 3742 1394 3819 conscientiam.
1441 3749 1509 3803 In
1551 3749 1670 3802 Roe
1702 3750 1761 3819 et
1788 3742 2060 3819 Casaub.,

407 3815 751 3901 προαίρεσιν,
800 3815 1177 3876 inductionem
1232 3818 1410 3875 animi
1436 3835 1454 3874 :
1511 3835 1690 3890 quam
1748 3818 2065 3873 lectionem

407 3889 697 3943 Millesius
723 3892 1035 3943 meliorem
1061 3897 1390 3943 nutat-cum
1417 3907 1598 3943 supra
1620 3897 1678 3943 et
1699 3889 1852 3943 infra
1868 3886 2064 3943 προαί-

407 3889 697 3946 Millesius
723 3892 1035 3948 meliorem
1061 3897 1390 3964 putat,cum
1417 3889 1598 3963 supra
1620 3897 1678 3945 et
1699 3889 1852 3944 infra
1868 3889 2062 3963 προαί-

409 3979 554 4044 ρεσιν
587 3979 742 4035 saepe
773 3969 959 4044 ponat
987 3970 1211 4020 auctor.
1246 3965 1320 4019 At
1379 3963 1558 4018 etiam
1607 3956 1910 4030 συνείδησιν
1958 3977 2062 4032 po-

415 4039 536 4089 suit
556 4050 685 4107 sup.
721 4051 782 4090 n.
816 4039 871 4090 2.

485 4107 562 4176 (2)
578 4105 668 4168 Ὦς
697 4104 919 4163 οξκεῖον.
955 4108 1041 4164 Ita
1073 4106 1252 4163 editio
1294 4106 1435 4162 anni
1483 4108 1657 4174 1608;
1714 4104 1775 4161 in
1808 4121 2061 4176 sequen-

1907 3327 1952 3364 ⁴⁶
2006 3327 2131 3385 Vid.
2179 3335 2289 3384 cat.
2344 3333 2428 3397 l7,
2479 3345 2538 3385 ιι.
2595 3333 2684 3386 36.

2096 3399 2138 3436 ²¹
2169 3401 2335 3458 Joan.
2368 3418 2459 3467 xv,
2493 3403 2546 3471 1,
2576 3404 2631 3472 4,
2664 3405 2716 3460 5.

3425 3331 3468 3369 ³⁸
3524 3329 3666 3387 ibid.
3730 3334 3819 3390 17.

2791 3330 2835 3367 ³⁷
2895 3331 3074 3402 Apoc.
3134 3347 3230 3398 xu,
3265 3335 3318 3385 7.
3425 3331 3468 3369 1⁸
3524 3330 3666 3387 ibid.
3730 3334 3796 3386 17

2821 3403 2869 3437 ²²
2898 3403 3100 3459 Matth.
3135 3420 3250 3461 xxi.
3285 3403 3372 3461 10.
3474 3401 3522 3438 ³³
3559 3403 3717 3461 Psal.
3749 3421 3800 3460 LI

2821 3403 2869 3437 ²²
2898 3403 3100 3459 Matth.
3135 3420 3250 3474 xxi,
3285 3403 3372 3462 10.

2173 3601 2492 3682 gnaculum
2506 3617 2923 3682 conservamus
2938 3600 3318 3682 impollutum
3339 3606 3397 3682 e_t
3412 3603 3824 3682 reprehensio-

2174 3673 2267 3744 nis
2299 3689 2528 3744 expers,
2562 3672 2621 3728 id
2653 3673 2813 3743 quod
2843 3674 2988 3731 dicit
3017 3672 3088 3730 de
3136 3674 3287 3732 sacri
3339 3672 3679 3733 chrismatis
3736 3677 3820 3733 si-

2173 3743 2314 3816 gillo
2346 3743 2459 3800 cat.
2488 3748 2575 3811 21,
2610 3761 2670 3799 ιι.
2705 3749 2757 3801 7.

2246 3817 2322 3888 (5)
2345 3819 2410 3872 1η
2448 3817 2773 3887 paradisum
2801 3816 3210 3889 intelligibilem
3240 3817 3492 3888 deinceps
3521 3821 3814 3875 insereris:

2172 3903 2367 3943 nomen
2396 3889 2856 3960 novumiaccipis.
2881 3889 2985 3960 Vix
3011 3889 3156 3944 mihi
3206 3894 3474 3960 tempero
3510 3891 3657 3960 quin
3706 3890 3825 3946 exi-

2175 3960 2413 4016 stimem
2445 3960 2541 4014 hic
2572 3959 2756 4033 alludi
2789 3958 3040 4033 addqu
3071 3960 3203 4033 loca
3249 3958 3638 4033 ApOcalypsigs
3671 3977 3721 4017 c.
3757 3978 3820 4030 ιι,

2174 4048 2225 4086 ν.
2260 4035 2290 4086 7
2317 4048 2330 4087 :
2369 4033 2624 4088 Vincenti
2651 4031 2794 4086 dabo
2823 4031 2978 4086 edere
3003 4030 3070 4085 de
3100 4031 3253 4100 ligno
3285 4032 3434 4094 vita,
3465 4030 3614 4102 quod
3642 4039 3720 4088 est
3765 4035 3826 4088 in

2168 4105 2436 4174 paradiso
2489 4104 2588 4157 Dei
2632 4104 2782 4166 mei;
2837 4108 2895 4157 et
2939 4120 2989 4155 v.
3016 4105 3149 4174 7177:
3207 4103 3462 4157 Vincenti
3514 4104 3656 4158 dabo
3712 4105 3825 4158 cal-

411 4173 572 4250 tib‘ujs
597 4178 887 4250 scriptum
919 4185 1026 4246 est,
1061 4177 1279 4246 οἰκεῖοι,
1309 4185 1571 4248 tanquam
1617 4173 1926 4248 familiares
1956 4195 1978 4242 ;
2009 4180 2068 4230 et
2170 4173 2360 4230 culum
2393 4174 2710 4250 candidum,
2743 4179 2798 4250 et
2833 4175 2893 4229 in
2936 4173 3154 4250 calculo
3198 4189 3396 4250 nomen
3432 4189 3637 4250 novum
3666 4178 3827 4250 scri-

411 4245 755 4323 italegerat
784 4251 984 4320 Grod.,
1016 4245 1120 4306 Sed
1170 4245 1435 4323 verbum,
1486 4245 1810 4323 περιὲπωσι,
1862 4263 2066 4323 casum
2168 4253 2350 4316 ptum.
2375 4246 2665 4323 Quamvns
2706 4245 3178 4323 enim_Cyril_|_us
3230 4245 3620 4319 Apocalypsis
3665 4245 3821 4323 libro

414 4320 528 4395 sibi
562 4316 900 4395 subjectum
932 4316 1234 4395 postulare
1265 4316 1517 4395 videtur.
1550 4316 1617 4377 In
1649 4321 1777 4377 cod.
1799 4316 1802 4317 ⁷
1822 4324 1940 4377 Roe
1972 4319 2066 4395 l_e_-
2177 4334 2298 4395 non
2326 4321 2663 4395 utatur-pro
2692 4316 2998 4395 canonico.
3031 4317 3235 4395 aliqua
3262 4316 3563 4395 tamenne}:
3586 4334 3652 4372 eo
3685 4317 3828 4372 sub-

413 4391 572 4466 gitur
601 4387 827 4447 οἰιῐείαν.
865 4387 1169 4460 Quomodo
1198 4393 1513 4449 familiaris
1547 4398 1606 4448 et
1633 4401 1810 4448 notus
1839 4391 2067 4465 angelis
2178 4389 2316 4443 inde
2373 4387 2759 4444 concionibus
2805 4387 2927 4444 suis
2972 4388 3243 4514 aspersit.
3290 4388 3642 4444 Paradisum
3679 4405 3820 4461 ape-

413 4465 494 4514 sit
525 4465 586 4514 in
618 4465 891 4514 doctrina
918 4466 1119 4514 Cvrilli
1147 4465 1521 4514 hantismalis
1552 4463 2066 4514 character.exnli-
2097 4458 2145 4514 D
2176 4461 2279 4514 riri
2313 4460 2394 4514 ait
2425 4460 2797 4514 baptizando.
2857 4466 2968 4514 cat.
3007 4463 3029 4514 1
3080 4503 3092 4514 .
3125 4476 3186 4514 ιι.
3235 4462 3266 4514 9
3293 4477 3305 4514 :
3352 4477 3487 4514 cum
3539 4463 3672 4514 post
3719 4460 3820 4514 ab-

413 4458 494 4519 sit
525 4458 1120 4537 inrdoctrinaCyrilli
1147 4465 1521 4537 baptismalis
1552 4458 2066 4537 character,eipli-
2096 4458 2145 4524 D
2176 4461 2279 4515 riri
2313 4460 2797 4537 ait_ba_ptizando,
2857 4466 2968 4537 cat.
3007 4463 3029 4514 1

411 4553 546 4592 care
579 4536 826 4594 difficile
854 4535 976 4593 non
1008 4545 1136 4594 est:
1168 4535 1386 4608 nempe
1418 4537 1559 4608 quia
1614 4552 1711 4591 res
1761 4535 1975 4608 divina
2012 4540 2070 4589 et

411 4607 670 4664 cmlestis
703 4615 954 4692 est,‘_cat.
992 4613 1076 4692 1A7,
1107 4625 1167 4692 ιι.
1203 4606 1384 4692 ἷξξξηει
1410 4606 1452 4664 δξ
1474 4613 1677 4664 sancto
1711 4607 1934 4680 Spiritu
1963 4606 2070 4661 im-

412 4696 639 4753 pressa,
673 4687 785 4738 cat.
820 4683 872 4749 3,
907 4698 965 4737 ιι.
1001 4683 1055 4750 3,
1089 4686 1147 4736 et
1175 4681 1342 4737 alibi.

412 4823 453 4834 ﬁ
487 4750 563 4834 (3)
577 4750 1008 4834 ςξΗλπισαηθιο.
1046 4755 1221 4834 D_eest
1250 4753 1364 4834 hoc
1380 4755 1763 4834 postremum
1795 4748 2069 4834 versiculi

412 4821 677 4880 Davidici
709 4824 1045 4882 membrum
1079 4825 1140 4881 in
1172 4824 1342 4881 codd.
1375 4821 1578 4894 Coisl.,
1628 4827 1767 4893 Roe,
1820 4822 2066 4880 Casaub.

416 4899 474 4950 et
502 4911 655 4952 vers.
692 4897 864 4953 Grod.

489 4967 569 5039 (4)
602 4968 950 5025 Admirabile
977 4969 1225 5040 sigillum
1255 4970 1488 5038 confert.
1540 4966 2067 5040 Baptismiichara;

415 5035 641 5114 (ἕξει-ειη
676 5041 951 5114 superius
982 5035 1365 5114 comparavit.
1409 5056 1478 5114 n._
1520 5043 1574 5108 2,
1623 5035 1950 5114 pecudibus
1995 5035 2069 5114 ad

416 5109 870 5196 distinguen'dos
895 5109 1139 5196 gregum
1161 5113 1434 5196 dominos
1464 5109 1790 5194 impressae.
1825 5112 1929 5196 Hic
1954 5109 2069 5196 lmi-

412 5180 573 5258 l_itari
592 5180 789 5258 sigillo
806 5180 967 5258 quod
985 5180 1275 5241 c'andente
1300 5180 2065 5258 ferromanuiinurebatur.

413 5254 780 5326 Frequentes
811 5254 872 5313 in
909 5256 1078 5312 libris
1107 5258 1347 5311 Patrum
1379 5254 1723 5326 hujusmodi
1756 5269 2066 5324 compara-

418 5326 609 5382 tiones
639 5346 652 5389 :
685 5328 800 5385 vid.
838 5327 994 5384 Basil
1047 5328 1288 5383 Exhort.
1324 5328 1398 5381 ad
1428 5327 1682 5396 baptism.
1734 5327 1836 5379 413
1865 5343 1878 5390 ;
1936 5327 2066 5380 Naz.

419 5405 566 5471 orat.
599 5401 689 5467 40,
725 5418 786 5456 ιι.
826 5402 911 5466 14,
943 5417 1002 5471 p.
1033 5401 1171 5466 646;
1205 5397 1597 5471 Augustinum
1630 5414 1722 5470 ep.
1766 5399 1882 5457 173,
1918 5414 1973 5471 τι.
2015 5398 2068 5459 3,

421 5474 479 5541 et
503 5469 610 5525 lib.
644 5489 696 5527 v1
729 5475 805 5527 De
837 5468 989 5541 bapt.
1033 5478 1171 5526 cont.
1226 5468 1420 5526 Donat.
1479 5486 1607 5540 cap.
1646 5468 1692 5524 il.
1727 5485 1783 5523 ιι.
1824 5472 1870 5522 1.
1924 5468 2068 5522 Cum

419 5540 517 5596 hic
547 5542 857 5600 character
887 5540 1226 5597 indelebilis
1259 5541 1353 5606 sit,
1388 5543 1606 5596 Procat.
1667 5558 1724 5596 ιι.
1761 5543 1822 5594 16
1872 5545 1931 5595 et
1981 5542 2066 5604 17,

422 5615 1010 5688 etconsequenterin
1033 5615 1224 5688 pravis
1246 5618 1423 5688 atque
1442 5611 2071 5688 etiam_apostatis_pero

419 5682 996 5758 maneam—mirabile
1024 5682 1206 5742 videri
1238 5682 1446 5758 possit,
1476 5682 1637 5758 quod
1671 5682 1740 5758 eo
1770 5699 1880 5739 nos
1914 5682 2070 5758 dicat

420 5757 536 5815 Deo
551 5758 961 5831 favorabiliter
981 5762 1173 5831 notos,
1192 5753 1420 5831 angelis
1433 5753 1674 5831 charos,
1699 5753 2069 5831 daemonibus

421 5830 746 5891 terribiles.
781 5829 1063 5904 Sequitur
1089 5825 1168 5886 de
1193 5846 1262 5887 eo
1275 5825 1453 5901 'quod
1473 5825 1689 5897 evenit,
1708 5826 1973 5901 quandiu
1997 5826 2070 5882 si-

3125 4476 3186 4517 n.
3235 4462 3305 4527 9;
3352 4477 3487 4515 cum
3538 4463 3672 4532 post
3719 4460 3827 4516 ab-

2177 4533 2654 4588 renuntiationes
2685 4532 2757 4587 ab
2789 4532 3162 4588 occidentem
3211 4531 3566 4602 respiciente
3615 4531 3824 4601 factas,

2177 4621 2496 4660 conversus
2530 4603 2603 4658 ad
2635 4605 2928 4659 orientem
2956 4609 3192 4660 nactum
3225 4602 3337 4656 init
3384 4618 3520 4656 cum
3568 4602 3821 4659 Christo.

2177 4678 2325 4732 Eum
2355 4682 2553 4732 autem
2584 4676 2646 4730 in
2678 4691 2878 4730 veram
2906 4674 3099 4730 oleam
3130 4674 3429 4728 Christum
3460 4674 3662 4739 inseri,
3690 4691 3827 4732 cum

2177 4748 2308 4804 oleo
2340 4749 2664 4804 exorcizato
2697 4752 2834 4818 ante
2890 4746 3256 4818 baptismum
3307 4746 3676 4818 perungitur,
3710 4753 3825 4804 cat.

2176 4823 2265 4888 20,
2300 4836 2360 4875 ιι.
2395 4822 2446 4876 3.
2495 4821 2562 4874 In
2611 4817 2910 4874 Christum
2967 4817 3208 4872 demum
3259 4817 3543 4887 tanquam
3593 4818 3826 4874 vineam

2175 4908 2286 4946 nos
2314 4891 2521 4958 inseri,
2553 4890 2696 4945 dum
2748 4905 2854 4961 per
2900 4889 3264 4961 baptismum
3326 4888 3454 4961 ejus
3512 4889 3710 4958 morti,
3756 4906 3825 4946 ac

2178 4963 2498 5034 sepulturae
2530 4962 2670 5034 (qua
2707 4958 2845 5015 vera
2891 4959 3025 5034 vitis
3074 4958 3136 5014 in
3187 4958 3663 5034 terra‘plantata
3711 4967 3824 5032 est,

2177 5031 2272 5090 cat
2332 5035 2414 5091 14.
2443 5050 2503 5090 ιι.
2538 5031 2649 5101 11),
2681 5031 3216 5098 communicamus,
3249 5035 3363 5086 cat.
3397 5031 3483 5099 19,
3516 5049 3577 5089 ιι.
3610 5036 3663 5089 7.

2247 5107 2325 5176 (6)
2354 5107 2490 5175 Ejus
2520 5105 2740 5176 quidem
2782 5109 2859 5157 est
2902 5103 3212 5176 plantare.)
3265 5103 3494 5176 Alludit
3546 5104 3696 5159 forte
3747 5103 3822 5160 ad

2176 5174 2373 5257 locum
2398 5174 2700 5257 apostoli;
2731 5176 2868 5257 Ego,
2893 5175 3172 5257 plantavi,
3202 5174 3405 5257 Apollo
3433 5178 3661 5257 rigauit.
3687 5181 3825 5240 εἰσ..

2178 5249 2280 5304 sed
2311 5245 2488 5302 verba
2535 5246 2606 5302 de
2664 5245 2960 5302 industria
3017 5245 3362 5306 commutat.
3410 5245 3594 5303 ut'ad
3649 5263 3823 5302 suum

2176 5320 2546 5392 propositum
2579 5318 2840 5392 adaptet.
2873 5320 2952 5392 Ne
2983 5317 3117 5389 quis
3149 5324 3346 5392 autem
3397 5336 3468 5392 ex
3515 5319 3610 5374 his
3641 5325 3699 5374 et
3728 5335 3823 5374 se-

2178 5389 2499 5463 que‘nlibus
2529 5389 2721 5463 verbis
2753 5389 3052 5463 existimet.
3080 5390 3386 5463 Cyrillum_
3416 5391 3574 5447 bona
3620 5407 3820 5462 Opera,

2178 5461 2394 5535 quibus
2425 5462 2673 5533 gratiam
2707 5461 2962 5535 primum
2999 5462 3196 5516 datam
3222 5461 3572 5535 e_xculimus.
3598 5461 3820 5535 etperf

2178 5532 2568 5591 s'everantiam
2599 5549 2789 5603 usque
2823 5534 2883 5587 in
2917 5533 3118 5596 ﬁnem.
3153 5532 3328 5588 nudis
3362 5533 3532 5589 liberi
3591 5532 3821 5589 arbitrii

2176 5606 2398 5683 viribus
2421 5607 2717 5683 tribuere;
2749 5604 3015 5683 advertat
3035 5605 3313 5683 degratia
3338 5603 3613 5683 baptismi
3649 5611 3818 5683 etre-

2177 5679 2464 5752 missione
2490 5682 2868 5752 peccatorum
2908 5677 3006 5733 hic
3029 5674 3314 5752 agiiquae
3333 5674 3534 5732 revera
3564 5674 3812 5738 homini,

2179 5750 2280 5826 sed
2307 5767 2412 5824 per
2431 5746 2681 5826 gratiam
2700 5748 2944 5826 alterius
2969 5746 3446 5826 generisadjuto,
3475 5757 3823 5826 conservari:-

2177 5823 2252 5880 da
2283 5810 2341 5879 εἰ
2371 5810 2695 5880 excolenda
2747 5810 3130 5892 relinquitur.
3182 5810 3401 5869 Eodem
3434 5810 3625 5869 'modo
3671 5810 3820 5865 dixit
