4152 6276
334 394 453 459 378

1385 397 1450 459 S.
1494 397 1820 462 CYRILLI
1860 395 2273 459 HIEROSOL.
2320 393 2690 457 ARCHIEP.

3635 387 3757 449 3'16

339 530 598 585 fructum
619 527 795 585 ferre.
821 530 925 585 Dei
951 534 1040 586 est
1062 532 1310 602 gratiam
1340 532 1638 600 conferre;
1664 537 1831 588 tuum
1853 549 1990 587 vero

2140 535 2550 606 ιαρποφορῆσαι.
2583 528 2718 582 Θεοῦ
2746 523 2809 580 τὸ
2840 523 3186 600 χαρίσασθαι,
3220 526 3309 581 σὸν
3344 522 3402 581 δὶ
3456 524 3541 606 τὸ,
3567 518 3755 581 λαϐεῖν

343 617 613 690 accipere
648 623 707 673 et
734 618 1054 675 custodire.
1089 622 1216 676 Non
1264 621 1398 677 ideo
1454 637 1701 693 spernas
1748 622 1998 694 gratiam

346 708 487 779 quia
514 707 695 777 gratis
727 706 938 777 datur;
974 708 1076 764 sed
1107 709 1383 783 religiose
1414 709 1631 782 potius,
1666 726 1800 766 cum
1833 725 1995 766 acce-

345 797 526 868 peris,
557 796 872 853 custodito.

421 887 483 940 ν’
519 887 775 959 Tempus
828 904 1096 959 praesens
1156 894 1246 943 est
1302 894 1536 961 tempus
1589 887 2000 954 confessionis,

350 976 650 1031 Conﬁtere
683 993 815 1047 quas
872 979 1228 1049 perpetrasti
1284 980 1385 1051 (1),
1445 978 1565 1033 sive
1622 977 1821 1046 verbo,
1883 978 2004 1032 sive

353 1082 574 1137 opere;
608 1065 727 1121 sive
759 1070 958 1135 nocte,
988 1067 1107 1122 sive
1139 1067 1255 1123 die.
1288 1068 1583 1124 Conﬁtere
1629 1069 1690 1122 in
1742 1073 2006 1139 tempore

356 1154 732 1227 acceptabili,
766 1161 825 1211 et
859 1156 921 1211 in
952 1156 1046 1211 die
1094 1157 1304 1213 salutis
1330 1156 1378 1192 ²⁸
1423 1157 1658 1228 suscipe
1708 1156 2008 1212 ccrlestem

358 1244 709 1301 thesaurum
739 1244 810 1301 '6.
844 1246 910 1300 In
937 1246 1302 1302 exorcismos
1335 1245 1597 1301 studiose
1627 1262 1785 1301 vaca.
1843 1246 2011 1301 Cate—

2106 618 2197 672 καὶ
2229 604 2580 692 διατηρῆσαι.
2615 616 2708 685 Μὴ
2744 612 2833 670 διὰ
2864 615 2926 669 τὸ
2958 612 3161 690 δωρεὰν
3222 611 3472 669 δίδοσθαι
3520 604 3618 681 rip:
3652 613 3755 686 χάο

2110 726 2217 781 ριν,
2247 707 2591 784 καταφρόνει·
2644 704 2791 760 ἀλλὰ
2845 699 3029 760 λαϐὼν
3090 705 3431 779 συντήρησον
3485 697 3754 763 εὐλαϐῶς.

2186 890 2259 944 E‘.
2294 885 2497 960 Καιρὸς
2549 884 3002 961 ἐξομολογήσεως
3032 884 3060 939 ὁ
3113 884 3324 958 παρών.
3385 880 3763 957 Ἐξομολόγη-

2117 995 2202 1029 σαι
2231 976 2300 1030 τὰ
2328 976 2701 1049 πεπραγμένα,
2731 975 2801 1029 τὰ
2858 974 2910 1029 ἐν
2944 973 3117 1049 λόγῳ,
3165 975 3233 1028 τὰ
3286 972 3339 1027 ἐν
3384 968 3550 1048 ἔργῳ·
3598 973 3666 1026 τὰ
3709 970 3761 1026 ἐν

2115 1063 2291 1133 νυκτὶ,
2321 1064 2388 1119 τὰ
2416 1063 2467 1117 ἐν
2533 1065 2732 1138 ἡμέρᾳ.
2796 1063 3227 1140 Ἐξομολόγησαι
3258 1061 3313 1117 ἐν
3343 1066 3519 1135 καιρῷ
3568 1057 3758 1132 δεκτῷ,

2116 1154 2207 1209 καὶ
2239 1153 2290 1207 ἐν
2323 1153 2504 1229 ἡμέρᾳ
2530 1152 2803 1229 σωτηρίας
2845 1151 2989 1224 δέξαι
3042 1154 3133 1208 τὸν
3189 1152 3509 1225 ἐπουράνιον
3560 1152 3764 1220 θησαυ-

2122 1243 2238 1316 ρόν.
2279 1242 2569 1317 ΣχόΑασον
2602 1241 2677 1304 εἷς
2714 1240 2843 1305 τοὺς
2891 1241 3267 1318 ἐπορκισμούς
3322 1242 3419 1314 (3)·
3470 1236 3768 1316 παρέδρευε

362 1334 640 1390 chesibus
674 1334 948 1391 assiduus
983 1340 1129 1403 esto,
1165 1340 1223 1389 et
1253 1351 1383 1406 quas
1426 1334 1510 1389 ibi
1564 1334 1837 1389 dicentur
1886 1352 2013 1390 me-

2140 1337 2240 1394 ταῖς
2280 1333 2646 1405 κατηχήσεσι,
2705 1332 2794 1385 καὶ
2852 1332 3101 1405 μέμνησο
3153 1335 3260 1386 τῶν
3313 1328 3764 1405 λεχθησομένων.

366 1424 572 1480 morias
604 1424 804 1497 inﬁge.
836 1425 1124 1479 Dicuntur
1155 1425 1312 1479 enim
1334 1441 1454 1479 non
1485 1424 1773 1481 utaudias
1797 1425 2012 1494 solum,

368 1513 474 1570 sed
507 1518 573 1569 ut
603 1514 807 1569 audita
836 1531 944 1584 per
974 1514 1152 1569 ﬁdem
1201 1514 1477 1587 obsignes
1509 1514 1575 1568 ετ.
1609 1515 1855 1570 Omnem
1904 1514 2012 1569 hu-

365 1618 605 1658 manam
638 1602 1107 1659 sollicitudinem
1140 1620 1210 1659 ex
1239 1604 1594 1676 cogitatione
1637 1609 1737 1659 tua
1776 1603 2013 1671 deleas;

366 1707 507 1747 nam
541 1691 649 1746 tibi
680 1691 752 1747 de
784 1693 984 1748 anima
1016 1693 1060 1728 ²⁸
1086 1710 1297 1748 cursus
1334 1698 1644 1764 susceptus
1693 1698 1800 1748 est.
1849 1693 2016 1757 Quae-

369 1797 606 1853 cunque
629 1781 836 1836 mundi
863 1787 1002 1837 sunt
1032 1799 1273 1854 prorsus
1302 1783 1613 1852 relinquis.
1637 1782 1858 1852 Exigua
1888 1782 2017 1854 qui-

2126 1422 2348 1494 Λέγεται
2379 1421 2503 1496 γὰρ,
2539 1420 2645 1496 οὐχ
2669 1417 2761 1474 ’ἕνα
2796 1420 2957 1493 μόνον
2990 1420 3247 1493 ἀκούσῃς,
3279 1416 3408 1475 ἀλλ’
3433 1418 3523 1473 ἳνα
3556 1416 3647 1472 διὰ
3665 1419 3766 1482 τῆς

2124 1509 2357 1571 πίστεως
2390 1507 2783 1584 ἐπισφραγίοῃς
2813 1509 2880 1564 τὰ
2928 1508 3219 1585 λεγόμενα.
3267 1513 3443 1563 Πᾶσαν
3502 1507 3769 1579 μέριμναν

2127 1597 2476 1674 ἀνθρωπίνην
2534 1596 2815 1672 ἐξάλειψον
2900 1599 3006 1654 ἀπὸ
3063 1602 3178 1653 σοῦ·
3238 1598 3360 1672 περὶ
3427 1600 3615 1672 ψυχῆς
3666 1595 3771 1670 γὰρ

2126 1689 2362 1764 τρέχεις.
2421 1690 2504 1745 Τὰ
2553 1692 2651 1744 τοῦ
2711 1689 2923 1762 κόσμου
2997 1687 3212 1750 πάντως

2132 1777 2301 1852 μικρὰ
2330 1778 2394 1832 τὰ
2432 1776 2974 1851 καταλιμπανόμενα,
3030 1776 3247 1853 μὲγάλα
3286 1774 3343 1831 δὲ
3370 1776 3438 1831 τὰ
3484 1773 3630 1852 ποιρᾶ
3676 1776 3773 1828 τοῦ

3322 1684 3517 1742 καταλι
3528 1685 3772 1758 μπάνεις·

374 1870 511 1925 dem
544 1870 650 1925 illa
679 1887 693 1938 ;
725 1887 939 1943 magna
967 1887 1101 1927 vero
1135 1889 1266 1942 quas
1312 1871 1655 1925 tribuuntur
1683 1888 1716 1925 a
1746 1871 2017 1925 Domino.

2140 1869 2334 1944 Κυρίου
2381 1864 2724 1942 δωρούμενα.
2786 1866 3095 1924 Κατάλειπε
3140 1868 3207 1922 τὰ
3243 1865 3505 1941 παρόντα,
3553 1863 3644 1919 καὶ
3692 1861 3776 1917 πῖ-

377 1959 670 2031 Relinque
698 1962 1021 2032 praesentia
1052 1967 1111 2016 et
1141 1961 1203 2015 in
1233 1960 1431 2015 futura
1464 1961 1644 2015 fidem
1702 1960 1873 2015 habe.
1920 1961 2027 2014 Tot

378 2065 673 2105 annorum
698 2050 951 2105 circulos
974 2050 1198 2105 mundo
1217 2050 1518 2105 incassum
1531 2049 1810 2104 laborans
1834 2055 2025 2104 trans-

382 2140 580 2213 egisti:
606 2156 717 2195 nec
738 2141 1130 2213 quadraginta
1145 2142 1246 2196 l9
1259 2140 1469 2196 diebus
1485 2139 2027 2212 vacabisforationi]

354 2246 489 2301 -pro
512 2229 713 2284 anima
742 2234 843 2285 tua
863 2230 891 2284 ?
926 2232 1147 2296 Vacate,
1180 2236 1234 2284 et
1282 2229 1592 2299 cognoscite
1631 2231 1893 2299 quoniam
1932 2246 2028 2299 ego

377 2336 495 2375 sum
515 2320 672 2382 Deus,
702 2320 900 2391 inquit
945 2319 1249 2392 Scriptura
1269 2319 1334 2373 ’9.
1365 2320 1579 2375 Omitte
1599 2319 1771 2390 plura
1795 2319 2032 2375 inutilia

372 2409 570 2481 ‘loqui,
600 2427 795 2482 neque
826 2415 888 2464 tu
922 2408 1189 2473 detrahe,
1240 2425 1459 2480 neque,
1518 2408 1926 2463 detrahentem
1957 2408 2033 2462 li-

376 2497 589 2553 benter
618 2498 755 2553 audi
795 2498 886 2552 ³⁰;
936 2497 1042 2552 sed
1089 2498 1288 2568 potius
1337 2497 1411 2552 ad
1470 2514 1677 2569 preces
1722 2503 2032 2568 promptus

375 2592 738 2659 paratusque
766 2585 1181 2641 esto.Monstra
1192 2603 1300 2657 per
1321 2587 1806 2642 exercitationem
1832 2588 1905 2657 (2)
1927 2602 2035 2641 au-

448 2710 497 2746 ²⁵
525 2712 577 2766 II
603 2710 735 2767 Cor.
764 2727 840 2778 vi,
874 2713 927 2766 2.
1004 2709 1049 2745 "
1086 2708 1211 2764 Vid.
1245 2711 1457 2765 Procat.
1489 2725 1550 2764 ιι.
1585 2711 1671 2763 19.

324 2786 331 2793 “
378 2799 507 2849 nv,
542 2786 627 2837 11.
703 2782 750 2818 ⁸ο
786 2782 912 2838 Vid.
945 2783 1163 2837 Procat.
1200 2782 1286 2834 16.

383 2908 552 2979 Greg.
587 2908 716 2962 Naz.
750 2910 898 2963 orat.
930 2908 1021 2973 40,
1053 2923 1111 2977 p.
1144 2908 1246 2979 663
1274 2922 1287 2960 :
1340 2909 1513 2979 Quam
1559 2907 1736 2976 gratis
1782 2922 2033 2961 consecu-

385 2984 472 3034 tus
501 2977 553 3033 es
606 2980 996 3039 remissionem,
1041 2977 1227 3033 studio
1275 2994 1338 3033 ac
1385 2977 1680 3047 diligentia
1730 2994 1986 3033 conserva
2011 2995 2030 3032 :

384 3058 445 3106 ut
475 3067 509 3105 a
538 3052 649 3105 Deo
678 3050 897 3120 quidem
929 3051 1022 3116 sit,
1054 3047 1205 3119 quod
1234 3049 1334 3102 tibi
1362 3051 1585 3103 remissa
1613 3055 1738 3104 sunt
1764 3055 1989 3118 peccata
2009 3066 2032 3114 ;

385 3122 533 3191 quod
583 3128 765 3176 autem
822 3122 1171 3183 conserveris,
1231 3122 1395 3174 etiam
1445 3137 1497 3191 αν
1523 3126 1574 3173 te
1625 3123 2027 3189 proﬁciscatur.

387 3190 606 3261 Nempe
641 3191 990 3262 baptismus,
1021 3191 1162 3245 licet
1190 3190 1652 3261 praeparationes
1685 3191 1904 3245 multas
1934 3208 2034 3262 po-

387 3262 655 3333 stularet,
683 3277 832 3333 pura
856 3268 1054 3333 tamen
1085 3263 1273 3333 gratia
1320 3262 1436 3316 dici
1485 3268 1890 3333 consueverat,
1927 3279 2031 3317 seu

386 3332 464 3386 ob
505 3332 819 3405 largiorem
874 3332 1305 3405 indulgentiam
1349 3349 1466 3403 qua
1515 3332 1694 3386 simul
1754 3338 1811 3386 et
1860 3350 2036 3404 paana

388 3403 584 3459 omnis
603 3402 675 3458 ὀι
703 3404 879 3475 culpa
907 3402 1201 3475 donatur;
1236 3420 1336 3460 seu
1368 3402 1815 3475 comparatione
1844 3402 2036 3475 poeni-

385 3475 609 3556 tentia),
634 3491 767 3556 quae
789 3474 1154 3556 longioribus
1175 3474 1485 3556 laboribus
1506 3474 1666 3530 velut
1686 3474 2037 3556 redimenda

389 3552 553 3602 erat:
586 3545 721 3619 cum
753 3545 1033 3619 baptismi
1063 3547 1251 3619 gratia
1280 3547 1557 3619 omnibus
1608 3547 1774 3602 nullo
1825 3548 2034 3603 discri-

386 3616 1253 3690 minealeviori‘quadraginta
1302 3618 1535 3674 dierum
1578 3619 2033 3690 praeparatione,

390 3687 828 3761 concederetur.
866 3687 977 3761 Sed
1000 3689 1130 3761 ejus
1154 3687 1662 3761 conservationem
1684 3687 1806 3746 non
1838 3707 1908 3745 ex
1940 3708 2032 3746 so-

388 3761 445 3816 lo
476 3760 649 3814 liberi
682 3760 909 3833 arbitrii
942 3760 1092 3815 nutu
1122 3760 1433 3833 suspendit
1462 3768 1687 3829 auctor,
1716 3763 1815 3833 qui
1840 3779 2035 3833 perse-

384 3833 710 3887 verantiam
738 3832 799 3888 in
832 3831 947 3887 fide
978 3838 1038 3887 et
1066 3831 1344 3904 operibus
1372 3833 1545 3888 bonis
1575 3849 1607 3888 a
1639 3831 1776 3899 Deo,
1812 3831 1873 3887 in
1905 3850 2034 3889 om-

389 3904 558 3960 nium
592 3919 744 3975 pene
774 3904 1163 3977 catecheseon
1196 3905 1337 3973 ﬁne,
1371 3904 1495 3960 suis
1526 3904 1898 3959 auditoribus
1929 3922 2030 3977 ap-

386 3982 681 4058 precatur.
710 3975 1014 4058 Quomodo
1035 3983 1278 4058 accepta
1298 3977 1907 4058 gratiaconser‘vctur,
1932 3975 2033 4058 ei}:

431 4048 569 4103 licat
594 4053 705 4103 cat.
734 4050 817 4113 l7,
854 4064 912 4102 n.
949 4050 1036 4110 37,
1069 4046 1210 4103 dum
1244 4046 1472 4102 scilicet
1492 4048 1667 4101 homo
1699 4046 1896 4102 datam
1921 4047 2033 4101 sibi

432 4065 569 4103 ucat
594 4065 705 4103 cat.
734 4065 817 4113 ιι,
854 4065 912 4102 n.
949 4065 1036 4110 dt,
1069 4065 1210 4103 dum
1244 4065 1472 4102 εοιιιοθι
1492 4065 1667 4101 nomo
1699 4065 1896 4102 datam
1921 4065 2032 4101 sxm

386 4065 640 4192 gpiritus
670 4121 919 4192 gratiam
952 4135 1074 4192 non
1105 4119 1328 4192 abjicit,
1362 4118 1463 4173 sed
1492 4118 1683 4192 eidem
1734 4134 1796 4192 se
1854 4118 2032 4192 docili

385 4189 892 4271 gbtemperatione
910 4190 1156 4271 tradens
1178 4189 1250 4271 ab
1278 4206 1348 4271 eo
1374 4207 1434 4271 se
1452 4189 1766 4271 gubernari
1790 4190 2030 4271 patitur.

385 4260 693 4332 Deumque
726 4265 929 4315 exorat
958 4276 1019 4332 n.
1055 4260 1142 4330 38,
1191 4267 1261 4313 ut
1317 4260 1596 4331 Spiritum
1650 4260 1921 4317 sanctum
1969 4262 2032 4316 in

382 4350 494 4389 nos
525 4331 805 4389 emittens
836 4347 941 4403 per
971 4331 1130 4403 hunc
1160 4347 1270 4385 nos
1302 4338 1628 4401 conservet,
1651 4333 2032 4388 utbonorum

384 4421 633 4478 Operum
667 4402 895 4459 fructus
924 4402 1190 4457 edamus.

452 4479 528 4549 (1)
586 4478 851 4549 Conﬁtere
908 4490 1031 4546 quae
1079 4476 1454 4549 perpetrasti,_
1503 4479 1611 4529 etc.
1682 4475 1907 4549 Sonant
1964 4491 2034 4531 ea

380 4544 562 4604 verba
587 4544 1021 4604 confessionem
1049 4562 1168 4600 non
1194 4544 1519 4617 generatim
1542 4550 1768 4601 tantum
1791 4548 2029 4611 factam,

383 4620 488 4691 sed
528 4620 838 4675 articulate
870 4623 1113 4691 peccata
1141 4616 1363 4691 omnia,
1396 4618 1575 4691 etiam
1602 4624 1875 4691 _secreta,
1931 4635 2033 4691 ex-

426 4690 741 4746 rimentem
766 4708 780 4759 ;
813 4687 1065 4762 qumque
1098 4705 1218 4762 non
1251 4688 1313 4742 ln
1360 4689 1536 4762 corde
1584 4687 1873 4762 duntaxat
1902 4690 2027 4762 s_o_lo

426 4707 741 4746 rimentem
766 4708 780 4759 ;
813 4707 1065 4762 qumque
1098 4707 1218 4743 non
1251 4707 1313 4742 ιιι
1360 4707 1536 4742 corae
1584 4707 1873 4743 duntaxat.
1902 4707 2025 4744 sono

383 4707 504 4817 Beo
527 4767 674 4817 teste
698 4763 885 4827 ﬁeret,
916 4761 1018 4817 sed
1042 4760 1220 4816 etiam
1246 4775 1442 4815 coram
1467 4759 1810 4814 hominibus
1833 4760 2025 4831 publi-

384 4839 637 4890 caretur.
671 4834 821 4899 Quid
851 4835 1013 4889 enim
1045 4832 1209 4889 aliud
1250 4831 1565 4905 significat.
1618 4831 1775 4901 quod
1825 4848 2022 4905 supra,

383 4922 445 4976 _n.
468 4909 522 4976 2,
555 4910 811 4960 veterem
839 4905 1143 4961 hominem
1174 4920 1280 4976 per
1300 4902 1731 4976 confessionem
1768 4903 1901 4976 exui
1926 4904 2024 4974 ju-

381 4974 530 5030 bet?
558 4976 860 5032 Catechesi
893 4976 1151 5031 secunda
1177 4973 1453 5047 pluribus
1485 4973 1558 5030 ad
1580 4973 2026 5047 confessionem

380 5047 673 5119 hortatur,
697 5053 881 5119 atque
914 5048 1071 5102 inter
1100 5046 1312 5119 caetera
1341 5046 2024 5119 proponitn._12,exem-

378 5118 548 5245 ﬁlum
577 5116 807 5199 Davidis
850 5119 1026 5198 regis,
1077 5117 1234 5199 quod
1281 5116 1546 5200 privatus
1600 5117 1786 5172 multo
1839 5118 2026 5190 magis

424 5188 625 5245 eberet
650 5193 889 5243 imitari.
921 5192 1096 5245 Atqui
1127 5206 1229 5243 rex
1278 5190 1379 5244 ille
1427 5206 1529 5245 ore
1578 5191 1888 5245 confessus
1938 5195 2026 5244 est

424 5188 625 5245 eberet
650 5187 889 5243 imitari.
921 5187 1229 5260 Atqui'rex
1278 5187 1379 5244 ille
1427 5206 1529 5245 ore
1578 5191 1888 5245 confessus
1938 5187 2028 5244 est

375 5266 684 5333 peccatum
711 5276 905 5333 suum,
936 5266 1002 5315 ut
1025 5267 1366 5316 narraverat
1394 5267 1600 5317 auctor
1646 5278 1891 5333 numero
1926 5277 2023 5315 su-

375 5332 631 5405 periore.
663 5332 773 5387 Sed
807 5346 1090 5402 quorsum
1120 5348 1423 5405 moramur
1452 5334 1512 5387 in
1546 5350 1609 5387 re
1639 5332 1889 5404 aperta?
1918 5334 2027 5387 Ca-

377 5404 767 5461 techumenos
794 5409 1037 5475 peccata
1069 5420 1193 5475 sua.
1229 5404 1439 5459 saltem
1465 5405 1871 5460 sacerdotibus
1894 5420 2028 5458 con-

373 5478 567 5533 fessos
590 5476 718 5546 jam
750 5474 954 5530 multis
983 5474 1309 5546 probarunt
1337 5476 1437 5530 alii
1465 5478 1704 5531 Patrum
1756 5476 2026 5530 testimo-

374 5547 738 5620 niis,quibus
761 5546 938 5620 etiam
961 5547 1133 5620 plura
1156 5546 1479 5620 adiungere
1510 5547 1737 5603 liceret.
1772 5549 1851 5620 Ea
1880 5563 2022 5620 con-

370 5617 563 5677 fessio
593 5619 663 5700 de
691 5635 817 5700 qua
837 5617 1101 5700 loquitur
1128 5617 1400 5700 erillu's,
1435 5624 1727 5700 non‘erat
1773 5618 2027 5700 simplex

370 5690 693 5759 accusatio,
710 5689 820 5748 sed
844 5706 977 5746 cum
998 5689 1307 5745 laboribus
1329 5694 1395 5761 et
1410 5690 1772 5761 paenitentiae
1798 5689 2025 5761 exerci-

370 5767 471 5823 tiis
491 5763 836 5838 conjuncta,
853 5761 916 5838 l_d
938 5768 1102 5836 patet
1121 5778 1192 5818 ex
1219 5760 1445 5838 catech.
1473 5765 1534 5838 2,
1560 5761 1625 5815 in
1651 5777 1769 5832 qua
1800 5760 2026 5838 confes-

370 5828 624 5910 sionem,
653 5828 1078 5915 ἐξομολόγήσιν,
1112 5840 1172 5894 et
1225 5828 1687 5910 pmnitentiam;
1709 5828 2018 5908 μετάνοιαν.

1772 2709 1817 2744 υ
1842 2710 1926 2765 Id.
1955 2712 2109 2779 infra

2136 1976 2286 2011 στευε
2316 1956 2392 2018 εἷς
2420 1956 2488 2011 τὰ
2522 1955 2817 2029 μέλλοντα.
2862 1960 3170 2015 Τοσουτους
3229 1954 3465 2017 κύκλους
3519 1953 3777 2009 ἐνιαυτῶν

2136 2043 2382 2115 διῆλθες,
2416 2045 2538 2120 περὶ
2569 2045 2659 2100 τὸν
2692 2048 2897 2119 κόσμον
2960 2046 3134 2119 μάτην
3195 2042 3632 2120 ἀσχολούμενος,
3689 2042 3781 2096 καὶ

2132 2139 2533 2210 τεσσαράκοντα
2562 2136 2773 2211 ἡμέρας
2803 2135 2865 2190 οὐ
2895 2133 3192 2209 σχολάζεις
3226 2136 3314 2208 [τῇ
3345 2136 3650 2209 προσευχῇ]
3685 2134 3778 2204 (4),

2139 2223 2229 2280 διὰ
2255 2226 2355 2293 τὴν
2390 2228 2587 2279 σαυτοῦ
2627 2227 2855 2300 ψυχήνς
2918 2221 3264 2300 Σχολάσατε,
3314 2223 3402 2279 καὶ
3452 2227 3646 2299 γνῶτε,
3699 2220 3784 2276 ὅτι

2140 2314 2250 2389 ἐγώ
2282 2312 2395 2387 εἶμι
2428 2315 2456 2368 ὁ
2488 2314 2640 2383 Θεὸς,
2703 2317 2866 2389 φησὶν
2898 2315 2932 2383 ἡ
2965 2315 3175 2392 Γραφή,
3223 2313 3301 2370 Τὸ
3350 2310 3543 2368 λαλεῖν
3596 2308 3785 2365 πολλᾶ

2139 2404 2276 2478 ἀργὰ
2301 2402 2657 2477 παραίτησαι*
2696 2403 2834 2475 μήτε
2861 2399 3181 2473 καταλάλει,
3226 2402 3363 2474 μήτε
3396 2398 3576 2471 ἡδέως
3622 2396 3785 2453 ἄκουε

2139 2490 2606 2553 καταλαλοῦντος·
2643 2491 2789 2547 ἀλλὰ
2822 2490 3035 2566 μᾶλλον
3072 2490 3149 2554 εἷς
3202 2492 3513 2566 προσευχὰς
3559 2486 3785 2562 ἕτοιμος

2141 2577 2253 2638 ἔσο.
2288 2581 2469 2652 Δεῖξον
2503 2580 2557 2637 ὲν
2588 2580 2835 2651 ἀσκήσει,
2861 2587 2962 2651 τῆς
3008 2578 3233 2657 καρδίας
3277 2602 3372 2636 σου
3419 2581 3483 2636 τὸ
3531 2598 3789 2654 νενευρω-

2137 2727 2198 2767 n.
2232 2711 2289 2780 6,
2319 2715 2371 2764 et
2403 2710 2622 2764 Procat.
2659 2725 2719 2765 n.
2758 2712 2843 2763 17.
2946 2706 2995 2743 2⁸
3025 2709 3193 2764 Prov.
3225 2723 3322 2778 vn,
3355 2709 3444 2762 23.
3550 2706 3596 2742 ²⁰
3624 2704 3781 2762 Psal.

2139 2903 2475 2977 promiscue
2506 2911 2774 2976 usurpat,
2807 2910 2867 2960 et
2896 2905 2988 2959 his
3020 2906 3080 2960 in
3111 2905 3319 2976 primis
3378 2903 3570 2960 verbis
3603 2916 3782 2977 gnum.

2142 2974 2228 3043 12,
2260 2976 2360 3030 ubi
2392 2974 2858 3033 commemorata
2887 2974 3144 3045 Davidis,
3177 2976 3373 3031 cubile
3396 2992 3570 3031 suum
3603 2974 3790 3045 lacry-

2141 3049 2253 3104 mis
2287 3047 2559 3120 lat/antis.
2593 3048 2651 3120 it,
2669 3055 2823 3103 totos
2855 3048 2979 3104 dies
3006 3055 3233 3120 septem
3258 3047 3568 3119 injejunio
3596 3063 3790 3120 perse-

2140 3119 2422 3185 verantis,
2450 3118 2795 3187 afflictione,
2830 3121 2914 3175 sic
2944 3120 3029 3175 ait
3054 3118 3153 3175 {Si
3172 3136 3271 3174 rem
3301 3118 3381 3173 ita
3403 3119 3785 3188 conﬁtebatur,

2145 3199 2206 3246 tu
2235 3192 2333 3260 qui
2358 3193 2615 3259 privatus
2664 3207 2716 3247 es
2753 3208 2865 3246 non
2921 3193 3077 3246 debes
3132 3190 3431 3260 conﬁteri?
3486 3190 3779 3244 Caeterum

2144 3262 2580 3318 confessionem
2603 3263 2756 3336 hanc
2779 3262 3252 3336 Quadragesimae
3279 3262 3448 3316 initio
3465 3261 3678 3336 factam
3702 3276 3792 3336 ar»

2143 3338 2423 3405 gumento
2455 3340 2545 3388 est
2574 3335 2731 3405 quod
2762 3335 2844 3389 ait
2891 3334 3105 3404 tempus
3152 3350 3395 3406 praesens
3439 3334 3790 3406 confessionis

2146 3404 2357 3475 tempus
2387 3421 2512 3459 esse.
2546 3404 2627 3461 Ea
2656 3406 3000 3462 exorcismis
3026 3404 3348 3476 aliquando
3372 3404 3792 3477 praetermitte-

2144 3477 2337 3542 batur,
2369 3483 2435 3531 ut
2466 3494 2536 3531 ex
2568 3484 2805 3533 auctore
2843 3479 2984 3533 Vitae
3002 3478 3060 3533 S.
3089 3478 3346 3547 Pelagia.
3374 3492 3500 3547 cap.
3527 3479 3577 3528 7.
3604 3479 3786 3546 patet.

2144 3548 2405 3603 Primum
2436 3565 2570 3604 vero
2604 3550 3001 3605 exorcismum
3050 3549 3179 3621 jam
3225 3548 3429 3620 Cyrilli
3483 3547 3789 3603 auditores

2145 3625 2547 3690 susceperant.
2577 3622 2794 3677 Procat.
2829 3637 2888 3675 n.
2922 3624 2973 3675 9.

2215 3694 2290 3761 (2)
2320 3687 2705 3763 Monstraper
2735 3694 3184 3747 exercitationem
3243 3697 3379 3761 etc.,
3439 3687 3490 3743 ἐν
3542 3688 3790 3763 ἀσκήσει,

2142 3762 2410 3835 meum
2445 3761 2906 3835 apud—auctores
2938 3763 3373 3819 ecclesiasticos
3400 3762 3658 3819 sumitur
3679 3762 3792 3835 du—

2143 3834 2386 3906 pliciter
2414 3850 2425 3889 :
2460 3834 2550 3888 vel
2580 3851 2686 3905 pro
2720 3835 3016 3890 exercitiis
3048 3835 3311 3890 animam
3342 3839 3402 3889 et
3457 3850 3672 3906 corpus
3702 3834 3792 3889 af-

2144 3904 2508 3976 lligentibus,
2534 3904 2736 3975 qualia
2768 3913 2907 3961 sunt
2936 3923 3204 3962 secessus
3233 3924 3267 3961 a
3294 3905 3534 3972 saeculo,
3559 3904 3794 3977 Separa-

2144 3977 2222 4049 tio
2250 3993 2285 4030 a
2315 3977 2611 4049 coniugio.
2644 3978 2756 4048 βίω
2788 3977 3789 4049 lectiones,jejunia,abstinentiaa

2142 4046 2695 4120 lautioiribus‘cibi's,
2729 4050 3027 4106 orationes
3048 4046 3289 4109 crebras.
3322 4048 3556 4120 vigilias.
3589 4048 3786 4103 humi-

2142 4118 2490 4195 cub_ationes
2544 4120 2789 4195 vestitus
2820 4121 3011 4195 vilior,
3043 4121 3340 4195 lacrym‘m,
3373 4118 3691 4176 assiduitas
3722 4120 3786 4173 in

2142 4190 2415 4263 ecclesia,
2444 4192 2883 4248 commiseratio
2917 4198 2975 4248 et
3031 4190 3382 4263 obsequium
3430 4207 3788 4263 pauperum,

2144 4268 2280 4325 etc.,
2312 4262 2401 4335 vel
2434 4278 2540 4333 pro
2571 4269 2731 4319 certo
2763 4270 2918 4319 statu
2950 4270 3007 4319 et
3032 4262 3401 4335 professione
3430 4262 3562 4318 vitea
3593 4263 3785 4317 homi-

2143 4350 2284 4388 num
2317 4333 2410 4388 his
2442 4351 2505 4390 se
2536 4335 2833 4390 exercitiis
2880 4333 3292 4391 devoventium
3327 4352 3340 4389 :
3390 4335 3479 4390 uti
3532 4335 3791 4389 sumitur

2144 4404 2216 4479 ab
2248 4405 2651 4479 Origeneglib.
2685 4424 2719 4479 γ
2748 4415 2892 4463 cont.
2953 4407 3085 4463 Cels.
3142 4423 3273 4479 pag.
3331 4409 3484 4479 264;
3534 4405 3788 4461 Eusebio

2141 4477 2370 4531 Cresar.’
2390 4477 2563 4532 variis
2592 4477 2762 4547 locis,
2796 4485 2855 4534 et
2882 4480 2947 4534 de
2994 4477 3328 4548 martyribus
3376 4478 3598 4534 Pala’st.
3656 4493 3787 4549 cap.

2146 4552 2209 4622 10
2241 4552 2413 4622 et“,
2448 4549 2720 4621 aliisque.
2778 4551 3047 4606 Secunda
3091 4550 3203 4606 hac
3241 4549 3677 4622 significatione
3707 4549 3791 4604 ait

2141 4620 2395 4693 _Cyrillus
2426 4627 2536 4693 cat.
2574 4620 2628 4686 3⁷,
2661 4637 2829 4677 num.
2860 4625 2913 4691 6,
2945 4624 3233 4678 Joannem
3266 4620 3589 4693 B'aptistam
3632 4620 3693 4675 in
3723 4635 3786 4675 se

2140 4691 2266 4761 ipso
2298 4692 2566 4747 asceticaa
2622 4693 2753 4747 vitae
2812 4694 3116 4765 exemplar
3172 4691 3635 4759 demonstrasse,
3681 4697 3785 4759 τῆς

2139 4761 2419 4822 ἀσκήσεως
2448 4761 2617 4816 τύπον
2651 4770 2763 4819 cat.
2800 4767 2888 4822 10.
2921 4782 2980 4820 n.
3018 4769 3103 4822 19.
3165 4766 3399 4822 Annam
3447 4764 3785 4822 nronhetis-

2139 4782 2419 4831 ασκησεως
2448 4782 2617 4816 τυπον
2651 4782 2763 4819 cat.
2800 4782 2888 4833 1U,
2921 4782 2980 4820 n.
3018 4782 3103 4832 19,
3165 4782 3399 4822 annam
3447 4782 3786 4837 propneus-

2136 4850 2262 4888 sam
2294 4840 2474 4917 νοοίη-
2516 4832 2830 4917 ἀσκήτριαν.
2869 4837 3117 4917 I_)_e_mum
3139 4841 3280 4917 deat.
3314 4840 3367 4903 4,
3400 4854 3461 4917 n.
3496 4840 3586 4905 27,
3619 4835 3786 4891 aiens

2135 4907 2426 4987 quosdam
2457 4906 2815 4987 lautioribus
2847 4908 3348 4987 cibis_abs_tinere_,
3381 4909 3596 4987 ai_t__eos
3626 4923 3789 4987 asce-

2135 4977 2263 5052 tica}
2296 4978 2426 5032 vitm
2454 4978 2725 5052 instituta
2769 4980 2959 5050 sequi,
2988 4977 3212 5033 ἀσκοῦσι
3263 4978 3380 5052 μὲν.
3432 4980 3536 5052 Hic
3584 4985 3787 5034 autem

2135 5047 2377 5123 verbum
2404 5050 2598 5123 prima
2620 5047 3052 5123 significatiOne
3074 5047 3345 5123 usurpat
3364 5051 3584 5108 Eadem
3605 5067 3785 5123 porro

2136 5120 2423 5197 exercitia
2441 5120 2808 5197 baptizandis
2839 5120 3240 5194 praescribunt
3259 5122 3430 5197 vulgo
3463 5120 3784 5197 Patres,uti

2134 5191 2536 5267 Tertullianus
2571 5191 2941 5267 Debaptismo
2973 5212 3101 5267 cap.
3138 5198 3240 5264 10;
3275 5191 3404 5250 Nai.
3439 5200 3587 5252 orat.
3614 5196 3757 5265 40.p

2135 5265 2275 5339 660_;_
2309 5266 2453 5339 .Aug.
2486 5265 2563 5317 De
2589 5265 2695 5339 ﬁde
2725 5273 2775 5320 et
2796 5265 3079 5339 omnibus,
3100 5283 3242 5339 cap.
3275 5269 3329 5335 6,
3359 5284 3421 5323 n.
3448 5268 3505 5325 8.

2205 5322 2282 5404 (3)
2313 5322 2738 5406 Ἑπᾌρκισιίιούς.
2793 5322 3417 5395 ΒόεῐῖιιιὶίἸθοῖἱοηέῐιι
3475 5322 3511 5395 a
3566 5338 3780 5393 Prevo-

2135 5405 2216 5459 tio
2248 5406 2501 5479 positam
2534 5405 2594 5461 in
2629 5407 2889 5479 editione
2919 5425 3014 5464 an.
3052 5412 3211 5479 1608,
3237 5410 3332 5467 cui
3393 5411 3782 5467 substitutum

2135 5482 2227 5554 est
2284 5477 2344 5531 in
2403 5479 2795 5554 sequentibus
2847 5477 3220 5554 ἐξοᾷρκισμούς.
3243 5550 3255 5554 Α
3277 5482 3417 5539 Cod.
3452 5484 3571 5554 Roe
3603 5481 3787 5554 habet

2134 5544 2522 5637 gCEVOIPXZQEOéé.
2556 5550 2734 5637 Eoisl.
2794 5557 2854 5637 e‘t
2884 5544 3181 5637 vCasaubn
3214 5550 3617 5637 ηέξορκισμοξς.
3667 5552 3782 5609 Sed

2134 5567 2522 5675 εςὶορκισμους.
2556 5567 2734 5607 uoxsr.
2794 5567 2854 5607 et
2908 5567 3181 5624 uasaub.,
3239 5567 3617 5637 εξορκισμοῡς-
3667 5567 3780 5609 sed

2134 5635 2195 5702 ρ.
2218 5636 2354 5692 ique
2384 5619 2687 5702 énopxiCew
2718 5623 2964 5680 verbum
2993 5631 3155 5682 amat
3209 5626 3487 5699 Cyrillus,
3539 5625 3661 5681 fere
3708 5640 3780 5682 ex

2133 5692 2372 5765 illorum
2404 5698 2741 5765 temporum
2771 5712 2956 5752 more.

2202 5763 2280 5835 (4)
2307 5763 2722 5840 Τῇμπροσευχῇ.
2786 5768 2905 5824 Vox
2953 5770 3083 5840 huic
3138 5769 3437 5827 omittitur
3486 5770 3550 5827 in
3601 5767 3775 5826 codd.

2133 5835 2253 5893 Roe
2286 5839 2344 5893 et
2370 5835 2722 5896 Casaubi'ac
2749 5854 2899 5897 vers.
2934 5839 3108 5900 Grod.
3139 5842 3223 5901 Ea
3260 5857 3606 5919 suppressa,
3654 5840 3780 5905 ανί-
