4152 6264
432 464 547 524 377

1335 455 1865 520 CATHECHESIS
1910 456 1989 518 II.
2036 456 2138 517 DE
2180 455 2732 518 PCENITENTIA.
2781 455 2948 516 ETG.

3723 455 3845 516 378

442 615 602 668 μενον
771 590 1070 666 Καθάρισόν
1106 609 1203 644 σου
1231 590 1294 645 τὸ
1337 587 1522 665 ἄγγος,
1573 588 1659 644 ἷ¹να
1714 586 1944 644 πλείονα
1998 585 2083 642 δέ-

2206 591 2471 645 sterioris
2502 592 2659 662 vitae]
2689 589 2871 645 animi
2905 589 2989 643 tui
3020 588 3203 644 robur
3232 594 3290 645 et
3339 607 3571 648 nervos.
3627 592 3845 647 Munda

440 685 502 758 ξῃ
531 684 631 752 τήν
666 683 851 758 χάριν.
886 681 946 736 Ἦ
1005 680 1100 754 μὲν
1159 681 1261 755 γὰρ
1313 677 1498 758 ἄφεσις
1542 683 1648 734 τῶν
1710 679 1989 752 ἁμαρτιῶν
2041 675 2090 749 ἐξ

440 773 562 830 ἷ¹σου
596 772 806 830 δίδοται
854 778 972 834 τοῖς
1031 778 1208 827 πᾶσιν·
1263 773 1298 840 ἡ
1359 770 1416 826 δὲ
1465 775 1562 826 τοῦ
1627 769 1939 844 Πνεύματος
1996 771 2092 822 τοῦ

447 864 603 941 ἁγίου
633 863 914 933 κοινωνία,
945 862 1082 917 κατὰ
1126 860 1415 936 ἀναλογίαν
1465 857 1771 932 δεδώρηται
1819 866 1921 928 τῆς
1968 858 2095 912 ἑκά-

441 975 570 1010 στου
602 953 863 1015 πίστεως.
916 953 1038 1009 Ἐάν
1089 949 1250 1026 ὀλίγα
1305 953 1513 1024 κάμῃς,
1558 948 1723 1024 ὀλίγα
1768 943 2089 1020 λαμϐάνεις·

431 1042 524 1099 ἐὰν
559 1040 618 1098 δὲ
649 1042 854 1118 ἐργάσῃ
901 1040 1109 1111 πολλὰ,
1159 1039 1338 1103 πολὺς
1369 1041 1397 1095 ὁ
1433 1039 1642 1113 μισθός.
1695 1041 1916 1110 Σεαυτῷ
1972 1035 2092 1113 τρέ-

435 1152 588 1210 χεις,
617 1132 682 1188 τὸ
712 1125 986 1210 συμφέρον
1015 1129 1227 1186 σκόπει.

519 1319 584 1381 ζ’.
620 1309 767 1368 Εῗτι
797 1312 937 1366 κατά
995 1331 1144 1372 τινος
1203 1304 1370 1384 ἔχεις,
1431 1306 1575 1386 ἄφες.
1639 1307 1931 1382 Προσέρχῃ
1993 1303 2090 1359 λα-

439 1398 554 1457 ϐεῖν
606 1403 794 1475 ἄφεσιν
844 1401 1152 1475 ἁμαρτιῶν,
1212 1397 1415 1472 ἀνάγκη
1471 1397 1562 1451 καὶ
1620 1417 1677 1451 σε
1737 1399 2094 1470 συγχωρῆσαι

437 1495 520 1563 τῷ
547 1489 922 1564 ἡμαρτηκότισ
953 1487 1070 1543 ἐπεέ
1116 1487 1263 1560 ποίῳ
1306 1487 1590 1558 προσώπῳ
1633 1489 1712 1557 τῷ
1763 1485 1951 1558 Κυρίῳ
2005 1481 2098 1536 λέ-

451 1583 576 1652 ξεις,
607 1585 770 1652 ’Ἄφες
805 1599 899 1649 μοι
929 1578 1027 1640 τὰς
1068 1575 1283 1637 πολλάς
1345 1597 1450 1649 μου
1501 1574 1790 1650 ἁμαρτίας,
1840 1573 2002 1632 αὐτὸς
2033 1569 2094 1623 σὺ

457 1666 596 1742 μηδὲ
623 1667 714 1729 τὰς
742 1667 932 1742 ὀλίγας
959 1671 1040 1738 τῷ
1070 1663 1358 1737 συνδούλῳ
1401 1667 1769 1740 συγχωρήσας
1793 1682 1806 1731 ;
1863 1660 1956 1722 Εἰς
2004 1660 2099 1723 τὰς

450 1757 684 1828 συνάξεις
713 1755 804 1812 ἔσο
840 1761 1156 1824 σπουῦαἶος,
1210 1756 1286 1829 μή
1337 1755 1498 1830 μόνον
1547 1759 1658 1824 νῦν,
1717 1752 1806 1807 ὅτε
1853 1750 1942 1806 καὶ
1995 1751 2096 1805 ὑπὸ

445 1848 552 1903 τῶν
585 1846 868 1922 κληρικῶν
927 1848 1024 1915 τήν
1068 1843 1307 1915 σπουδὴν
1358 1847 1584 1918 ἀπαιτῇ,
1633 1843 1778 1898 ἀλλά
1824 1841 1914 1896 καὶ
1964 1841 2100 1912 μετᾶ

443 1938 506 1992 τὸ
537 1931 728 1992 λαϐεῖν
759 1938 862 2006 τήν
900 1937 1084 2012 χάριν.
1121 1933 1185 1992 Et
1240 1935 1341 2010 γὰρ
1398 1934 1524 2007 πρὶν
1577 1927 1770 2038 λάϐῃς,
1818 1929 1987 2042 καλὸν
2038 1929 2097 2042 1‘3:
2129 1977 2176 2042 B

445 2025 754 2100 γινόμενον,
793 2026 894 2100 ἆρα
949 2023 1081 2099 οὐχὶ
1113 2022 1203 2077 καὶ
1266 2023 1400 2096 μετᾶ
1448 2024 1548 2092 τήν
1593 2019 1740 2077 δόσιν
1779 2019 1986 2088 καλὸν;
2035 2019 2097 2076 Ei

449 2114 573 2189 πρὶν
603 2113 1008 2190 ἐγχεντρισθῇς,
1039 2110 1275 2190 ἀσφαλὲς
1322 2113 1384 2167 τὸ
1431 2113 1742 2180 ποτίζεσθαι
1787 2109 1876 2164 καὶ
1922 2129 2098 2184 γεωρ-

442 2209 675 2278 γεῖσθαι·
717 2202 853 2276 μετᾶ
880 2203 981 2270 τήν
1009 2200 1230 2279 φυτείαν
1262 2203 1346 2276 ἆρ’
1376 2201 1506 2278 οὐχὶ
1539 2199 1683 2255 πολὺ
1714 2201 1946 2254 κάλλιον
2083 2219 2098 2261 ;

445 2293 741 2368 ’Δγώνισαι
774 2290 899 2368 περὶ
930 2297 1030 2360 τῆς
1078 2294 1276 2346 σαυτοῦ
1323 2293 1532 2364 ψυχῆς,
1589 2289 1824 2364 μάλιστα
1875 2287 1927 2343 ἐν
1981 2309 2096 2342 τοι-

445 2380 633 2443 «om;
664 2381 922 2457 ἡμέραις.
955 2379 1160 2454 Θρέψον
1201 2382 1282 2454 (3)
1333 2400 1428 2434 σου
1471 2380 1570 2448 τὴν
1618 2379 1802 2454 ψυχήν
1865 2377 2099 2453 ἀναγνώ-

451 2490 564 2525 σεσι
623 2469 814 2533 θείαις·
861 2469 1131 2543 ἡτοίμασε
1184 2469 1284 2544 γάρ
1346 2490 1431 2523 σοι
1487 2469 1752 2544 τράπεξαν
1809 2487 2100 2540 πνευματι-

448 2559 607 2626 κήνὸ
637 2557 858 2633 Κύριος·
919 2557 1036 2613 είπέ
1081 2559 1171 2613 καὶ
1220 2557 1384 2622 αὐτὸς
1432 2557 1569 2612 κατὰ
1619 2557 1711 2611 τὸν
1772 2552 2095 2629 ψαλμῳδόν.

455 2646 658 2722 Κύριος
703 2648 980 2720 ποιμαίνει
1037 2669 1127 2721 με,
1184 2647 1273 2702 καὶ
1333 2644 1485 2701 οὐδέν
1549 2666 1616 2719 με
1677 2647 1976 2721 ὑστερήσειο
2021 2643 2096 2707 εἷς

454 2736 624 2792 τόπον
678 2735 858 2814 χλόης
941 2736 1053 2792 ἐκεῖ
1134 2758 1201 2813 με
1276 2738 1705 2807 κατεσκήνωσεν,
1765 2734 1850 2790 ἐπὶ
1906 2731 2099 2796 ὕδατος

449 2825 801 2889 ἀναπαύσεως
861 2825 1107 2903 ἐξέθρεψέ
1195 2845 1280 2901 με’
1364 2828 1463 2896 τήν
1550 2826 1738 2900 ψυχήν
1821 2845 1926 2897 μου
2011 2823 2100 2879 έπ-

453 2913 813 2990 στρεψεν·⁹ίνα
868 2917 958 2970 καὶ
1004 2913 1234 2991 ἄγγελοι
1289 2919 1744 2994 συνευφρανθῶσι,
1795 2912 1883 2969 καί
1936 2913 2098 2975 αὐτὸς

452 3005 480 3058 ὁ
514 3005 735 3078 Χριστὸς
785 3005 813 3058 ὁ
850 3006 1013 3079 μέγας
1070 3005 1380 3080 ἀρχιερεὺς,
1435 3006 1536 3074 τὴν
1598 3003 1858 3079 ὑμετέραν
1905 3002 2096 3076 προαί-

450 3113 593 3168 ρεσιν
619 3091 1044 3167 ἀποδεξάμενος,
1103 3094 1428 3172 προσφέρων
1477 3094 1617 3166 ὑμᾶς
1660 3092 1914 3161 ἃπαντας,
1969 3090 2094 3167 εἶ’-πῃ

449 3186 529 3253 τῷ
560 3182 748 3257 Πατρίο
787 3181 926 3239 Ἰδοὺ
986 3181 1092 3258 ἐγὼ
1150 3182 1240 3238 καὶ
1293 3183 1360 3237 τά
1416 3180 1628 3251 παιδία,
1681 3181 1714 3236 ἅ
1758 3203 1850 3254 μοι
1897 3178 2094 3236 ἔδωκεν

447 3272 475 3325 ὁ
513 3271 663 3334 Θεὸς·
712 3271 772 3333 ὅς
805 3271 1008 3334 πάντας
1059 3271 1198 3346 ὑμᾶς
1251 3273 1664 3348 εὐαρεστοῦντας
1706 3271 1852 3344 αὐτῷ
1899 3291 2092 3340 συντη-

2200 697 2299 734 vas
2332 685 2497 734 tuum
2531 681 2599 746 εί,
2628 686 2694 734 ut
2747 680 2993 752 gratiam
3053 680 3245 751 capiat
3300 680 3799 738 abundantiorem
3829 698 3843 749 ;

2202 769 2476 823 remissio
2509 770 2667 824 enim
2695 775 3072 840 peccatorum
3107 786 3176 824 ex
3210 786 3378 840 aequo
3428 770 3601 825 datur
3648 771 3845 827 omni-

2203 859 2349 918 bus:
2379 860 2839 916 communicatio
2884 877 3018 915 vero
3067 860 3319 932 Spiritus
3368 862 3556 916 sancti
3603 863 3700 933 (5),
3754 879 3849 917 se-

2203 950 2463 1004 cundum
2495 951 2940 1021 proportionem
2971 950 3443 1022 uniuscujusque
3478 950 3616 1005 fidei
3645 967 3848 1006 conce-

2203 1040 2364 1094 ditur
2391 1039 2460 1094 ³².
2495 1040 2551 1094 Si
2583 1056 2794 1110 parum
2825 1039 3204 1106 laboraveris,
3236 1057 3448 1112 parum
3479 1040 3736 1112 accipies
3765 1057 3778 1094 :
3803 1041 3852 1095 si

2202 1145 2338 1183 vero
2369 1129 2559 1184 multa
2597 1135 2874 1201 operatus
2921 1129 3126 1196 fueris,
3185 1131 3375 1186 multa
3433 1130 3546 1186 erit
3597 1147 3850 1188 merces.

2203 1218 2328 1273 Tibi
2361 1219 2472 1290 ipsi
2505 1219 2716 1287 curris,
2752 1219 2854 1273 tibi
2887 1220 3301 1274 convenientia
3340 1220 3633 1292 prospice.

2277 1309 2366 1364 VI.
2403 1309 2457 1363 Si
2490 1309 2632 1379 quid
2664 1314 2870 1364 contra
2918 1325 3281 1381 quemquam
3331 1310 3539 1379 habes,
3593 1312 3852 1368 remitte.

2204 1398 2451 1453 Accedis
2481 1403 2547 1452 ut
2576 1398 2806 1453 veniam
2839 1405 3218 1469 peccatorum
3250 1400 3507 1472 accipias
3535 1417 3548 1455 :
3609 1417 3851 1456 necesse

2207 1493 2295 1542 est
2327 1493 2386 1543 et
2417 1493 2470 1544 te
2501 1489 2553 1542 ei
2589 1489 2690 1559 qui
2723 1489 2984 1559 peccavit
3013 1489 3371 1546 condonare.
3425 1491 3684 1562 Alioqui,
3735 1508 3852 1563 qua

2205 1578 2400 1632 fronte
2433 1577 2592 1632 (lices
2638 1579 2926 1634 Domino:
2981 1579 3237 1634 Remitte
3286 1579 3432 1633 mihi
3487 1581 3676 1636 multa
3716 1598 3851 1636 mea

2207 1673 2449 1738 peccata
2474 1684 2488 1732 ;
2513 1684 2647 1721 cum
2672 1673 2733 1722 tu
2765 1685 2957 1738 neque
2993 1685 3181 1738 pauca
3209 1685 3490 1723 conservo
3525 1675 3623 1724 tuo
3667 1671 3852 1724 remi-

2209 1758 2358 1813 seris
2376 1757 2422 1792 ³³
2443 1758 2470 1813 ?
2497 1758 2822 1830 Synaxibus
2847 1761 2973 1828 (seu
3000 1760 3182 1814 sacris
3203 1759 3611 1826 conventibus)
3627 1761 3852 1815 studio-

2209 1865 2310 1902 sus
2341 1848 2622 1915 intersis;
2660 1865 2779 1902 non
2812 1848 3006 1903 solum
3038 1865 3219 1913 nunc,
3254 1865 3390 1904 cum
3423 1865 3552 1904 eam
3584 1864 3618 1903 a
3649 1854 3703 1903 te
3727 1849 3856 1903 dili-

2207 1938 2466 2009 gentiam
2486 1937 2725 2010 exigunt
2745 1937 3173 2005 clerici,verum
3199 1937 3378 1993 etiam
3400 1943 3530 2010 post
3553 1944 3853 2010 acceptam

2209 2026 2455 2098 gratiam
2483 2044 2493 2080 :
2531 2027 2580 2081 si
2613 2027 2772 2082 enim
2802 2033 3125 2098 antequam
3154 2028 3330 2099 (eam)
3365 2026 3686 2100 acciperes,
3746 2027 3853 2083 bo-

2209 2133 2352 2170 num
2383 2121 2442 2170 et
2471 2116 2834 2171 laudandum
2867 2117 2926 2170 id
2963 2123 3125 2185 erat;
3181 2134 3336 2172 anne
3367 2123 3683 2188 postquam
3717 2117 3854 2173 data

2210 2211 2298 2260 est
2319 2206 2539 2260 bonum
2564 2223 2692 2261 esse
2717 2205 2983 2261 desinit?
3004 2207 3056 2260 Si
3101 2208 3449 2278 priusquam
3480 2207 3850 2276 iuserereris,

2206 2293 2382 2365 rigari
2418 2300 2475 2348 et
2506 2294 2694 2349 excoli
2729 2299 2920 2348 tutum
2953 2300 3112 2350 erat:
3148 2311 3346 2349 nonne
3379 2301 3513 2367 post
3542 2295 3856 2367 plantatio-

2208 2400 2345 2438 nem
2378 2401 2471 2438 res
2505 2383 2689 2438 multo
2738 2383 2950 2438 melior
2979 2384 3068 2438 3‘?
3111 2385 3422 2440 Certamen
3469 2385 3696 2440 sustine
3744 2401 3850 2456 pro

2208 2479 2309 2528 tua
2339 2473 2528 2544 ipsius
2560 2473 2780 2541 anima,
2834 2472 2925 2526 his
2968 2473 3302 2544 praesertim
3349 2473 3576 2529 diebus.
3629 2474 3852 2529 Divinis

2207 2561 2563 2617 lectionibus
2596 2560 2859 2616 animam
2892 2566 3053 2616 tuam
3103 2579 3313 2634 pasce;
3367 2579 3638 2618 mensam
3691 2562 3852 2618 enim

2208 2649 2536 2723 spiritalem
2569 2651 2800 2723 paravit
2830 2651 2935 2705 tibi
2969 2651 3289 2719 Dominus;
3334 2652 3428 2707 dic
3476 2657 3535 2707 et
3577 2657 3641 2708 tu
3681 2654 3855 2724 juxta

2207 2739 2660 2797 Psalmicinem:
2722 2742 2977 2796 Dominus
3028 2742 3211 2812 pascit
3261 2757 3366 2809 me,
3410 2747 3461 2796 et
3520 2742 3664 2796 nihil
3717 2741 3857 2818 mihi

2207 2832 2418 2887 deerit:
2453 2833 2513 2886 in
2545 2831 2722 2886 locum
2743 2848 2988 2902 pascua’,
3041 2832 3119 2886 ibi
3163 2849 3248 2887 me
3296 2835 3354 2886 in
3394 2834 3630 2887 tentorio
3679 2831 3856 2887 collo-

2207 2921 2352 2976 cavit
2378 2939 2391 2988 ;
2425 2938 2589 2991 super
2610 2937 2808 2991 aquam
2858 2919 3119 2991 requietis
3149 2923 3414 2976 enutrivit
3444 2939 3565 2987 me;
3614 2924 3857 2975 animam

2207 3028 2380 3066 meam
2409 3013 2676 3066 convertit
2705 3009 2771 3074 ³⁸,
2803 3014 2870 3064 ut
2901 3015 2957 3064 et
2987 3011 3181 3081 angeli
3227 3010 3406 3065 simul
3450 3011 3766 3082 gaudeant,
3800 3014 3859 3064 et

2208 3100 2335 3172 ipse
2362 3100 2632 3154 Christus
2679 3115 2929 3170 magnus
2974 3099 3347 3154 sacerdotum
3400 3099 3697 3171 princeps,
3753 3115 3861 3153 vo-

2208 3189 2456 3243 luutatis
2487 3193 2698 3243 vestrm
2727 3187 3098 3260 propositum
3131 3194 3325 3244 ratum
3357 3188 3604 3256 habens,
3647 3195 3707 3243 et
3756 3205 3856 3242 vos

2213 3294 2422 3333 omnes
2453 3278 2732 3340 offerens,
2784 3277 2941 3331 Patri
2989 3277 3182 3332 dicat:
3242 3280 3384 3332 Lcce
3432 3294 3532 3346 ego
3575 3284 3627 3331 et
3666 3278 3852 3347 pueri,

447 3363 678 3434 ρήσειεν·
714 3362 760 3435 ᾦ
793 3363 828 3432 ἡ
865 3359 992 3435 δόξα
1024 3367 1094 3434 (4)
1126 3363 1214 3416 καὶ
1244 3363 1306 3417 τὸ
1337 3363 1532 3437 κράτος
1565 3361 1639 3424 εἰς
1697 3361 1824 3424 τοὺς
1876 3359 2097 3416 ἀτελευ-

2213 3384 2344 3439 quos
2375 3367 2524 3421 dedit
2553 3367 2690 3421 mihi
2732 3369 2872 3422 Deus
2900 3365 2966 3428 ³⁸.
3011 3367 3110 3438 qui
3162 3383 3262 3422 vos
3311 3383 3521 3421 omnes
3564 3366 3677 3421 sibi
3726 3365 3858 3437 pla-

445 3452 646 3521 τήτους
678 3451 876 3515 αἰῶνας
904 3455 1012 3507 τῶν
1042 3451 1276 3509 αἰώνων.
1311 3451 1506 3525 Ἀμήν.

522 3668 564 3703 ³¹
599 3669 800 3725 Matth.
835 3684 998 3736 nm,
1031 3671 1118 3725 26.
1196 3668 1243 3702 ³²
1274 3670 1442 3725 Rom.
1474 3685 1574 3735 xu,
1607 3671 1657 3722 6.

452 3739 608 3795 Psal.
637 3756 738 3802 xu,
773 3744 822 3808 1,
856 3743 908 3808 2,
939 3743 989 3796 3.
1066 3740 1112 3776 ³⁸
1140 3741 1253 3811 Isa,
1285 3758 1406 3810 VIII,
1450 3745 1513 3796 18
1544 3746 1603 3795 et
1633 3739 1804 3796 Hebr.
1838 3758 1898 3810 ιι,
1930 3743 2015 3796 13.

443 3866 678 3922 dentior
705 3873 795 3922 est
826 3867 1118 3939 oppositio
1146 3869 1302 3924 inter
1325 3865 1741 3938 ἀσχολούμενος
1763 3866 2086 3939 superioris

443 3939 721 4013 membri,
755 3946 814 3994 et
841 3938 1131 4013 σχολάζεις
1162 3941 1355 3995 istius.
1377 3940 1486 3995 Illa
1506 3947 1664 3996 certe
1695 3938 2087 4013 occupatiogigu

445 4027 588 4083 cura
617 4011 854 4078 animae,
878 4011 1007 4067 non
1040 4029 1247 4083 preces
1281 4013 1494 4078 solum,
1531 4013 1634 4068 sed
1665 4019 1724 4067 et
1754 4012 1946 4068 multa
1969 4011 2087 4066 alia

440 4082 536 4137 hic
572 4090 919 4139 enumerata
947 4082 1382 4154 complectitur.

508 4155 583 4224 (1)
611 4153 682 4205 Τὸ
726 4153 1388 4228 νετευρωμένὸνηῌξιῐιο
1432 4155 1912 4228 emendationem
1971 4153 2085 4208 loci

440 4225 738 4299 depravati
759 4225 1046 4282 debemus
1075 4227 1260 4282 codici
1293 4227 1534 4282 Coislin.
1565 4228 1626 4281 in
1651 4227 1824 4282 editis
1848 4228 2083 4299 legitur,

438 4294 532 4349 τὸν
563 4294 1023 4370 ἐντεουρωμένον,
1055 4316 1176 4354 eum
1208 4303 1302 4369 qui
1335 4299 1577 4353 occlusus
1603 4305 1720 4362 est;
1751 4294 2084 4370 quodvcum

437 4386 542 4439 per
564 4386 626 4423 se
657 4369 980 4426 absurdum
1015 4376 1193 4435 esset,
1227 4370 1561 4425 vertebatur
1586 4371 1732 4439 quod
1755 4369 1875 4425 erat
1905 4370 2087 4425 occlu-

439 4456 575 4498 sum.
612 4441 799 4496 nihilo
831 4442 1095 4498 feliciore
1135 4441 1334 4496 sensu.
1386 4441 1472 4495 Ad
1519 4458 1714 4496 veram
1767 4443 2086 4496 lectionem

436 4513 679 4634 propius
707 4514 933 4569 accedit
965 4517 1082 4570 Boe
1105 4520 1163 4568 et
1192 4512 1442 4568 Casaub.
1469 4511 1641 4567 codd.
1667 4513 1971 4602 Scriptura
1993 4511 2086 4565 τὸν

466 4583 824 4634 οευνώμενον-
884 4585 1043 4634 mmd
1105 4585 1267 4634 tenui
1321 4585 1420 4634 illo
1470 4583 1650 4634 distat
1706 4601 1856 4634 ατον
1906 4603 2079 4634 νενευ-

466 4583 826 4656 ρευνώμενον,
884 4585 1044 4656 quod
1105 4585 1267 4640 tenui
1321 4585 1420 4639 illo
1470 4583 1650 4638 distat
1706 4583 1856 4639 ατὸν
1906 4603 2079 4656 νενευ-

441 4651 702 4726 ρ-ωμένον.
767 4651 1106 4724 Lucutione,
1191 4658 1412 4723 νευροῦν
1497 4656 1706 4728 ψυχήν,
1792 4656 1882 4711 vel
1967 4651 2086 4728 διά-

443 4745 610 4793 νοιαν,
641 4729 827 4784 utitur
857 4732 1077 4785 Procat.
1111 4745 1171 4785 n.
1226 4732 1311 4795 l7,
1346 4733 1404 4782 et
1440 4733 1553 4783 cat.
1578 4727 1582 4728 “
1608 4730 1692 4797 18,
1739 4745 1795 4783 ιι.
1855 4733 1903 4784 1.
1956 4727 2082 4784 Vid.

445 4804 552 4854 cat.
586 4803 636 4864 2,
675 4817 733 4854 ιι.
772 4804 821 4856 1.

511 4873 582 4944 (2)
638 4868 788 4924 Πολὺ
847 4869 1098 4926 κάλλιον.
1156 4873 1243 4926 Ita
1315 4871 1613 4927 malumus
1652 4870 1881 4944 ilegere
1923 4888 2083 4944 cum

441 4942 611 5066 codd.
645 4945 765 4999 Roe
796 4950 855 4998 et
883 4944 1129 4999 Casaub.
1177 4959 1353 5014 quam
1402 4961 1536 4999 cum
1597 4939 1792 5011 editis,
1850 4939 2081 4996 κάλλιον

441 5032 508 5066 πο
553 5035 603 5066 υ.

438 5032 603 5069 ποΑυ.

508 5088 585 5156 (3ὶ
617 5087 849 5158 Θρέψον.
882 5086 1272 5142 Emendatum
1297 5087 1357 5142 in
1382 5087 1470 5143 ed.
1489 5086 1838 5158 Oxon.quod
1860 5092 1995 5142 ante
2019 5086 2082 5140 in

438 5155 747 5232 impressis
771 5159 1063 5232 scriptum
1090 5165 1240 5232 erat,
1290 5160 1510 5232 τρέψον.
1562 5161 1628 5232 Ιιι
1674 5155 2080 5232 sequentibus,

436 5226 544 5299 pro
571 5229 707 5283 κατᾶ
730 5229 824 5283 τὸν
874 5226 1426 5302 ᾧαλμῳδόνχιίυξτῑὰ
1475 5226 1844 5301 psalmistam.
1891 5230 2083 5284 Habe-

1753 3667 1800 3704 ³³
1829 3670 2028 3724 Matth.
2063 3686 2220 3738 xvm,
2251 3671 2443 3724 23-35.

2210 3462 2412 3511 centes
2444 3453 2880 3526 custodiat.Ipsi
2902 3454 3090 3527 gloria
3112 3460 3171 3510 et
3194 3454 3512 3526 imperium
3536 3454 3596 3510 in
3618 3453 3857 3510 inﬁnita

2209 3544 2429 3600 saecula
2459 3543 2836 3599 saeculorum.
2870 3546 3079 3599 Amen.

2539 3667 2586 3703 34
2613 3669 2697 3723 Id.
2731 3669 2891 3725 habet
2921 3671 3140 3728 Procat.
3182 3686 3244 3725 ιι.
3279 3673 3344 3724 17
3373 3677 3426 3726 et
3455 3670 3553 3728 sub
3584 3687 3644 3727 ιι.
3677 3672 3732 3726 5.
3807 3667 3858 3704 ³⁵

2201 3867 2389 3940 ιιιιχὶιι
2421 3867 2588 3923 codd.
2626 3869 2765 3936 Roe,
2796 3867 3043 3923 Casaub.
3079 3873 3136 3923 et
3171 3867 3370 3933 Grod.,
3406 3866 3542 3938 μετᾶ
3569 3870 3665 3920 τοῦ
3703 3863 3850 3940 ψαλ-

2201 3935 2412 4010 μῳδοῦ,
2445 3957 2566 3995 cum
2589 3942 2898 4010 psalmista.
2939 3941 3196 4010 Utroque
3227 3935 3460 3994 dicendi
3493 3935 3848 4010 genere'Cyo

2199 4012 2368 4066 rillus
2399 4011 2483 4066 uti
2517 4011 2684 4065 solet.
2725 4012 2783 4064 V.
2819 4018 2930 4066 cat.
2964 4015 3020 4074 2,
3063 4027 3248 4081 Anum.
3298 4013 3350 4068 6.
3406 4012 3517 4065 Pro
3571 4011 3658 4081 μέ,
3709 4017 3848 4066 ante

2195 4083 2498 4153 ὑστερήσει.
2531 4083 2707 4153 Coisl.
2742 4082 2940 4146 habet,
2977 4079 3091 4153 μοί.

2265 4103 2317 4136 τε
2357 4103 2498 4150 ησει.
2531 4103 2707 4138 υοιδι.
2743 4103 2940 4146 Πὶιυθι,
2977 4103 3091 4153 μοι.

2265 4103 2351 4225 (4ς
2374 4155 2440 4231 is;
2466 4155 2499 4220 ἡ
2536 4149 2682 4223 δόξα,
2719 4160 2827 4231 etc.
2865 4155 3088 4231 Desunt
3116 4154 3176 4231 in
3203 4152 3387 4231 codd.
3440 4151 3643 4231 _Coisl.,
3695 4155 3836 4231 Roe,

2195 4223 2442 4280 Casaub.
2476 4242 2670 4290 voces,
2717 4224 2778 4277 τὸ
2827 4224 3042 4294 κράτος,
3093 4230 3152 4281 et
3193 4223 3604 4294 ἀτελευτήτους,
3651 4231 3708 4279 et
3752 4225 3836 4280 ita

2198 4242 2442 4280 uasaun.
2476 4242 2670 4290 voces,
2717 4244 2778 4277 το
2827 4245 2856 4278 κ
2897 4244 3042 4293 ατος,
3093 4242 3152 4281 et
3193 4242 3604 4294 ατεΛευτητους,
3651 4242 3708 4279 et
3752 4242 3836 4280 Ita

2198 4297 2402 4352 ﬁnitur
2457 4297 2688 4352 oratio:
2747 4296 2793 4367 ᾧ
2848 4242 2996 4366 ἕόξα,
3054 4296 3148 4350 καὶ
3205 4300 3317 4364 νῦν,
3392 4297 3481 4351 καὶ
3556 4297 3634 4357 εἷς
3706 4295 3838 4358 τοὺς

2196 4367 2416 4495 ῗιῖὦνας,
2451 4375 2585 4437 etc.,
2617 4369 2713 4424 cui
2738 4369 2927 4440 gloria
2953 4375 3010 4425 et
3039 4387 3198 4426 nunc
3226 4375 3284 4424 et
3309 4369 3371 4424 in
3401 4369 3620 4425 saecula
3650 4385 3840 4425 saecu-

2221 4458 2412 4495 orum.
2448 4447 2557 4495 etc.

2221 4458 2412 4497 orum.
2448 4447 2557 4497 etc.

2267 4483 3072 4594 tgﬁioaimuuicatioSpiritus
3101 4513 3437 4594 sancti..etc.
3463 4513 3527 4566 Id
3555 4510 3840 4594 intelligi-

2195 4590 2292 4638 tur
2313 4592 2435 4639 tum
2468 4584 2540 4638 de
2573 4584 2685 4656 illo
2703 4585 3024 4656 gratiarum
3056 4584 3380 4656 auctuario,
3415 4600 3482 4638 ac
3510 4584 3840 4656 praesertim

2195 4656 2563 4728 proiectione
2594 4655 2847 4728 Spiritus
2878 4657 3063 4710 sancti
3097 4672 3164 4710 ac
3194 4655 3427 4728 virtute.
3461 4655 3534 4710 ad
3555 4657 3839 4712 resisten-

2194 4725 2334 4783 dum
2360 4727 2569 4784 salutis
2591 4725 3063 4794 hostibus,atque
3077 4728 3255 4782 etiam
3273 4725 3347 4780 ad
3360 4728 3839 4784 annuntiandum

2194 4800 2576 4873 Evangelium
2595 4800 2936 4873 data,quam
2952 4797 3235 4873 describit
3254 4803 3366 4873 cat.
3399 4802 3484 4873 t7,
3505 4817 3564 4854 ιι.
3588 4803 3656 4873 36
3679 4801 3836 4873 et37,

2196 4878 2254 4926 et
2284 4868 2395 4927 cat.
2431 4873 2483 4939 3,
2511 4888 2675 4925 num.
2715 4868 2798 4935 l3,
2834 4876 2959 4923 tum
2993 4871 3170 4924 etiam
3203 4869 3274 4923 de
3306 4868 3478 4924 donis
3523 4868 3838 4927 miraculo-

2194 4961 2324 4998 rum
2349 4949 2406 4998 et
2427 4941 2773 5013 prophetiae,
2799 4957 2929 5011 quae
2953 4940 3073 4995 illis
3093 4941 3458 5013 temporibus
3487 4941 3546 4996 in
3580 4943 3842 4999 Ecclesia

2195 5013 2732 5096 Inlierosoolymita‘na
2755 5029 2874 5066 non
2906 5013 3549 5096 raronperbaptism-um
3573 5031 3678 5070 seu
3704 5031 3844 5096 cgn-

2193 5086 2592 5140 ﬁrmationem
2618 5084 2755 5138 data
2786 5100 2915 5156 esse
2949 5084 3114 5140 testis
3146 5084 3411 5141 non’uno
3444 5085 3572 5142 loco
3606 5093 3696 5142 est
3731 5088 3838 5156 Cy-

2191 5157 2383 5212 rillus.
2427 5156 2568 5209 Vide
2617 5156 2678 5209 in
2727 5155 2933 5222 primis
2966 5162 3077 5212 cat.
3114 5160 3199 5222 l7,
3233 5174 3290 5212 ιι.
3326 5159 3412 5222 37,
3448 5164 3507 5212 et
3544 5163 3656 5212 cat.
3775 5155 3835 5210 ιι.

2192 5173 2383 5212 ιτιιιιιε.
2434 5173 2568 5209 Viae
2617 5173 2678 5209 ιιι
2768 5173 2933 5209 ιίιιιιδ
2966 5173 3077 5212 cat.
3114 5173 3135 5210 ι
3160 5173 3199 5222 ι,
3233 5174 3290 5212 ιι.
3326 5173 3412 5222 δι,
3448 5173 3507 5212 et
3544 5173 3656 5212 cat.
3687 5179 3740 5218 ο,
3775 5173 3835 5210 ιι.

2192 5231 2223 5283 9
2256 5234 2313 5282 et
2347 5232 2401 5281 Η
2438 5243 2450 5282 :
2487 5227 2701 5297 quibus
2727 5173 2886 5281 ﬁocis
2920 5228 3205 5300 optabilia
3234 5229 3317 5284 ait
3348 5245 3475 5284 esse
3508 5229 3633 5284 haec
3665 5229 3837 5284 dona.
