4152 6264
298 370 418 433 379
1347 371 1407 432 Β.
1457 369 1776 436 CYRILLI
1818 370 2239 439 HIEROSOL.
2287 373 2662 440 ARCHIEP.
3593 369 3717 434 380

1261 793 2041 892 CATECHESIS
2111 797 2525 895 SECUN
2533 798 2737 893 DA.

1028 1041 1132 1102 DE
1173 1039 1704 1106 ΡίΕΝῙΤΕΝΤῙΑ
1750 1045 1853 1106 ET
1899 1045 2372 1108 REMISSIONE
2419 1045 2668 1107 PECCA

1341 1041 1704 1106 UTENTIA
1750 1045 1853 1106 ET
1899 1045 2372 1108 REMISSIONE
2419 1043 2981 1107 PECCATORUM.

1645 1440 2353 1532 ADMONITIO.

381 1681 483 1738 20
513 1673 560 1733 Ι.
596 1671 666 1733 In
697 1669 810 1734 hac
837 1672 1104 1734 oratione
1137 1672 1409 1754 Cyrillus
1437 1673 1512 1736 ab
1538 1673 1950 1755 paenitentiam
1981 1683 2039 1736 et
2066 1671 2521 1753 confessionem,
2552 1691 2654 1754 spe
2681 1670 3050 1734 remissionis
3103 1679 3478 1754 peccatorum
3512 1671 3716 1754 bapti-

303 1760 524 1844 {andos
552 1760 904 1834 adhortans,
932 1763 1170 1844 peccati
1192 1763 1589 1844 granditatem
1625 1769 1686 1825 1ο
1716 1773 2104 1845 repraesentat
2131 1764 2332 1844 (num.
2395 1762 2497 1843 1);
2551 1770 2678 1822 tum
2733 1762 2864 1841 ejus
2917 1762 3229 1842 originem,
3290 1780 3366 1823 ex
3417 1760 3717 1825 voluntate

306 1849 568 1912 hominis
599 1849 804 1926 libera,
839 1861 896 1913 et
925 1851 1156 1914 diaboli
1176 1854 1565 1933 suggestione,
1596 1872 1730 1936 quce
1761 1863 1955 1915 tamen
1987 1851 2242 1935 impellit
2272 1861 2525 1925 tantum,
2557 1849 2661 1912 sed
2687 1850 2974 1912 volentem
3002 1871 3120 1913 non
3149 1852 3312 1932 cogit
3355 1850 3557 1932 (num.
3591 1855 3629 1913 2
3657 1859 3720 1914 et

304 1942 394 2022 3).
428 1939 726 2002 Paratum
757 1940 891 2002 dein
920 1940 1120 2023 (num.
1155 1943 1220 2022 5)
1249 1942 1613 2004 demonstrat
1640 1947 1701 2003 in
1727 1943 2075 2024 poenitentia
2109 1941 2370 2003 hominis
2399 1951 2456 2002 et
2487 1939 2548 2000 in
2579 1939 2783 2002 divina
2833 1939 3100 2002 bonitate
3145 1939 3501 2002 remedium.
3553 1940 3724 2018 Quod

306 2039 370 2090 ut
398 2028 705 2109 efﬁcacius
727 2041 986 2112 prxstet,
1020 2030 1207 2092 multa
1236 2036 1497 2094 cumulat
1526 2051 1600 2094 ex
1627 2033 1814 2094 sacris
1841 2031 2184 2112 Scripturis
2213 2041 2336 2092 tum
2366 2029 2589 2091 divinae
2611 2028 2954 2112 patientiae,
2987 2035 3111 2092 tum
3137 2040 3508 2112 peccantium
3526 2029 3720 2092 homi-

305 2138 466 2191 unm,
498 2138 608 2199 per
629 2118 1049 2200 paenitentiam
1074 2121 1344 2197 salutem,
1378 2130 1484 2182 aut
1513 2123 1766 2196 veniam,
1799 2131 1902 2184 aut
1933 2118 2366 2200 indulgentiam
2397 2118 2667 2200 aliquam
2697 2119 3046 2200 adeptorum
3077 2120 3371 2196 exempla.
3395 2123 3722 2194 Memoras,

312 2207 426 2269 bile
456 2211 518 2268 in
543 2208 762 2289 primis
789 2230 850 2270 η.
887 2212 986 2272 10.
1019 2217 1178 2291 quod
1205 2208 1269 2270 in
1298 2209 1384 2271 eis
1410 2210 1648 2291 angelos
1677 2220 1951 2274 recenset.
1987 2209 2079 2274 Ab
2107 2209 2346 2274 Adamo
2378 2209 2692 2272 exordium
2720 2209 2896 2288 facit,
2929 2219 2987 2271 et
3040 2207 3313 2290 singulas
3360 2209 3574 2271 mundi
3618 2210 3725 2272 ed-

310 2315 552 2358 currens
582 2306 806 2372 aetates,
841 2297 904 2358 in
933 2297 1119 2361 Petro
1146 2299 1547 2382 apostolorum
1573 2302 1850 2383 principe
1880 2300 2122 2362 desinit.

390 2387 466 2448 ΙΙ.
501 2385 860 2449 lnscribitur
886 2389 976 2451 De
1006 2389 1373 2468 poenitentia
1404 2398 1464 2452 et
1492 2391 1856 2453 remissione
1889 2399 2314 2472 peccatorum,
2339 2395 2399 2450 et
2423 2389 2501 2450 de
2527 2387 2912 2462 adversario,
2936 2406 3138 2469 nempe
3159 2386 3427 2450 diabolo.
3455 2386 3581 2450 Sed
3599 2386 3724 2451 hoec

315 2475 477 2536 tituli
495 2495 642 2556 pars
669 2488 968 2558 postrema
999 2479 1061 2540 in
1090 2478 1397 2540 nonnullis
1425 2500 1559 2542 mss.
1596 2479 1772 2542 libris
1801 2480 2188 2542 desideratur
2213 2495 2226 2538 :
2251 2497 2321 2540 ac
2345 2497 2553 2540 revera
2591 2475 2946 2560 paenitentia
2971 2487 3031 2539 et
3058 2479 3324 2540 remissio
3344 2487 3721 2562 peccatorum

313 2573 489 2626 totum
509 2575 592 2626 est
614 2564 796 2643 huius
815 2565 1127 2629 catechesis
1143 2578 1580 2647 argumentum,
1609 2589 1670 2630 tn
1698 2589 1819 2651 qua
1849 2569 1919 2630 de
1947 2565 2190 2631 diabolo
2220 2567 2460 2628 nonnisi
2486 2587 2560 2629 ex
2587 2565 2886 2628 occasione
2909 2565 2972 2626 in
3003 2567 3128 2648 ipso
3155 2568 3324 2627 initio
3355 2567 3724 2649 disputatur-

317 2653 456 2715 dum
488 2654 822 2736 inquiritur
851 2657 912 2715 in
941 2655 1090 2717 mali
1115 2657 1427 2736 originem.
1455 2655 1680 2739 Nempe
1702 2661 2073 2741 propositum
2103 2666 2184 2719 est
2215 2656 2458 2718 auctori
2479 2654 2782 2736 explicare
2810 2653 2983 2717 verba
3002 2655 3421 2717 articulinoni
3439 2655 3718 2738 symboli,

315 2742 530 2824 quibus
551 2763 732 2806 unum
751 2743 980 2806 dicitur
997 2764 1114 2806 esse
1135 2745 1424 2827 baptisma
1446 2747 1828 2825 poenitentiae
1852 2748 1914 2808 in
1939 2746 2364 2810 remissionem
2385 2750 2805 2826 peccatorum.
2828 2742 3080 2825 Pugnat
3099 2753 3306 2806 contra
3327 2743 3717 2821 Manichaeos,

316 2839 372 2893 et
389 2851 601 2908 omnes,
633 2836 754 2894 sive
766 2852 1059 2916 paganos,
1092 2834 1212 2896 siue
1239 2834 1563 2910 haereticos,
1594 2837 1706 2919 qui
1725 2847 2030 2919 peccatum
2062 2837 2124 2897 in
2152 2835 2338 2910 nobis,
2369 2835 2464 2897 vel
2477 2831 2780 2908 naturale,
2803 2833 2897 2896 vel
2920 2831 3297 2914 quovismodo
3322 2835 3718 2896 necessarium

313 2919 597 2996 docentes,
616 2924 982 3002 paenitentiae
1010 2925 1129 2984 vim
1156 2933 1212 2986 et
1231 2925 1499 3005 fructum
1518 2945 1708 3005 pravo
1731 2925 1836 2988 illo
1867 2924 2205 2988 documento
2219 2925 2454 3007 penitus
2474 2921 3238 3004 au/erebant.Novatianos
3259 2923 3351 2986 hic
3371 2922 3590 3006 respici
3607 2944 3726 2985 non

311 3021 539 3094 putem.
574 3013 711 3074 licet
736 3013 1040 3075 nonnullis
1062 3017 1146 3076 ita
1173 3014 1392 3077 visum.
1416 3014 1601 3091 Nam,
1625 3027 1692 3077 ut
1722 3016 1844 3099 ipse
1875 3015 2150 3098 Cyrillus
2181 3023 2434 3077 testatur
2461 3022 2580 3076 cat.
2618 3015 2715 3088 18,
2748 3032 2811 3074 n.
2845 3017 2942 3086 22,
2989 3011 3086 3073 hic
3114 3014 3247 3093 agit
3274 3013 3344 3074 de
3374 3015 3726 3094 poenitentia

315 3110 448 3164 ante
478 3101 856 3184 baptismum,
889 3123 1069 3186 quam
1091 3103 1190 3165 illi
1206 3107 1326 3166 suis
1345 3103 1560 3186 dogma
1571 3105 1724 3168 tibus
1750 3125 2063 3189 nunquam
2079 3105 2318 3168 lcesero:
2355 3105 2469 3165 imo
2495 3104 2579 3165 ita
2588 3100 3031 3186 prxdzcabant,
3055 3112 3123 3163 ut
3142 3101 3306 3163 nulli
3328 3102 3510 3164 alteri
3539 3102 3725 3163 locum

312 3189 757 3273 relinquerent;
789 3212 935 3274 quos
955 3195 1042 3256 ita
1060 3193 1295 3275 refellit
1314 3192 1706 3276 Epiphanius
1727 3194 1933 3258 haeres.
1967 3213 2085 3259 ως.
2109 3216 2171 3258 n.
2208 3199 2264 3269 1,
2298 3203 2361 3256 ut
2393 3213 2571 3255 unam
2601 3211 2810 3254 revera
2842 3189 2970 3252 illis
2997 3191 3278 3254 concedat
3304 3211 3421 3254 esse
3435 3195 3729 3274 poeniten-

315 3277 485 3359 tiam,
512 3287 817 3360 μετάνοιαν,
849 3300 983 3364 qua:
1015 3280 1300 3364 baptismi
1321 3302 1506 3345 comes
1535 3293 1640 3359 est,
1673 3286 1912 3364 solaque
1948 3287 2227 3369 per/ecta
2265 3283 2654 3366 paenitentia;
2699 3280 3068 3364 paenitentiae
3101 3291 3470 3344 sacramento
3517 3301 3728 3344 nomen

319 3374 706 3448 μεταμελείας,
740 3389 846 3432 seu
875 3371 1282 3452 pcenitudinis
1310 3391 1380 3434 ac
1408 3373 1854 3453 resipiscentiaa
1883 3375 2231 3437 attribuens.
2267 3373 2386 3436 Sed
2411 3373 2611 3434 omnia
2643 3369 2882 3455 Cyrilli
2937 3372 3286 3446 ratiocinia,
3316 3382 3374 3434 et
3424 3372 3485 3433 in
3513 3372 3729 3446 primis

317 3455 482 3539 quod
503 3457 611 3519 sub
636 3458 817 3541 ﬁnem
847 3460 916 3521 de
942 3464 1131 3537 sancti
1163 3460 1336 3523 Petri
1349 3463 1701 3543 paenitentia
1729 3463 1986 3544 disserit,
2020 3464 2217 3525 utilem
2247 3464 2426 3525 etiam
2448 3473 2586 3544 post
2615 3459 2906 3542 baptisma
2931 3461 3345 3542 paenitentiam
3369 3460 3656 3543 probant.

400 3547 500 3608 Ill.
524 3549 827 3610 Perorata
845 3559 925 3611 est
935 3553 1122 3629 paulo
1133 3558 1269 3632 post
1295 3552 1659 3632 superiorem
1690 3551 1816 3614 hxc
1835 3555 2050 3628 oratio,
2075 3562 2143 3614 ut
2157 3552 2340 3634 ﬁdem
2368 3552 2606 3631 faciunt
2627 3559 2747 3611 tum
2767 3558 3067 3632 sequentes
3085 3549 3649 3632 catecheses,quibus
3664 3569 3728 3610 se

323 3634 502 3724 initio
533 3636 1347 3724 Quadragesimxsermonem
1370 3639 1588 3702 habere
1605 3643 1934 3724 siguiﬁcat,
1961 3656 2081 3704 tum
2111 3645 2288 3705 etiam
2313 3643 2437 3704 haec
2458 3639 2638 3724 verba
2657 3659 2718 3701 n.
2747 3641 2804 3714 7,
2829 3638 3043 3719 quibus
3061 3639 3362 3724 auditores
3379 3658 3512 3724 suos
3530 3658 3736 3701 recens

325 3715 408 3778 ad
433 3715 1107 3782 catechesim'accessisse
1133 3723 1254 3784 ait:
1291 3725 1366 3781 Σὺ
1400 3725 1428 3780 ὁ
1455 3715 1965 3804 νεωστὶέἰς”κατήχ

2116 3725 2428 3798 ἐληλυθώς,
2459 3723 2581 3782 nisi
2621 3715 2973 3782 tamen—eos
3009 3719 3304 3802 privatim
3359 3719 3731 3802 alloquatur,

324 3806 435 3886 qui
457 3825 575 3868 non
604 3805 777 3889 longe
802 3818 1114 3889 antequam
1145 3810 1384 3870 nomina
1413 3807 1729 3880 dedissent,
1761 3830 1821 3872 se
1849 3809 2396 3874 catechumenorum
2426 3809 2614 3872 statui
2635 3807 3022 3872 addixerunt.

406 3896 508 3959 ιν.
539 3897 1007 3980 Recognovimus
1031 3901 1186 3962 hanc
1213 3896 1553 3961 catechesim
1581 3898 1666 3960 ad
1691 3899 1912 3962 codices
1943 3919 2079 3962 mss.
2108 3901 2298 3964 Coisl.
2323 3903 2470 3974 Roe,
2497 3897 2758 3964 Casaub.
2775 3908 2832 3961 et
2858 3897 3280 3961 Ottobonianos
3302 3908 3446 3974 tres,
3477 3919 3740 3982 quorum

323 3986 557 4066 primus
583 3995 666 4048 est
694 3990 1000 4064 vetustior,
1032 3987 1316 4050 secundus
1343 3988 1659 4063 recentior,
1696 3989 1902 4050 tertius
1925 3990 2186 4051 continet
2203 4000 2432 4050 tantum
2453 3991 2890 4069 fragmentum.
2914 3987 3032 4049 Sed
3050 3987 3288 4070 primus
3311 3988 3742 4052 Ottobonianus

330 4075 576 4136 mutilus
601 4085 704 4150 est,
740 4076 971 4160 aliquot
993 4078 1161 4158 [aliis
1186 4076 1431 4144 avulsis.
1463 4088 1833 4160 quapropter
1861 4081 1924 4139 in
1952 4098 2017 4140 eo
2049 4077 2420 4140 desideratur
2441 4089 2738 4160 postrema
2768 4095 2910 4157 pars
2942 4076 3124 4158 hujus
3151 4079 3488 4153 catechesis,
3520 4078 3736 4141 videli-

329 4171 416 4224 cet
443 4163 519 4224 ab
548 4164 636 4226 his
667 4168 880 4241 verbis,
915 4173 1073 4228 ὁστέα
1106 4172 1166 4228 ἐκ
1193 4177 1302 4228 τῶν
1332 4172 1542 4249 τάφων,
1579 4167 1749 4228 initio
1777 4187 1941 4229 num.

2107 4177 2160 4229 et
2194 4177 2316 4230 tota
2345 4167 2656 4229 catechesis
2683 4170 2744 4246 3,
2776 4186 2892 4248 quo
2921 4170 3154 4245 factum
3182 4182 3288 4244 est,
3323 4179 3386 4230 ut
3417 4170 3482 4231 in
3517 4187 3583 4231 eo
3612 4169 3734 4250 ipso

331 4252 646 4314 catechesis
674 4253 856 4334 hujus
887 4253 1011 4316 loco
1040 4274 1156 4336 quo
1185 4257 1444 4316 maxime
1470 4255 1600 4336 ejus
1628 4257 2051 4319 auctoritatem
2081 4256 2550 4339 requirebamus,
2581 4275 2651 4318 ea
2681 4255 2848 4317 nobis
2888 4255 3054 4319 desit.

412 4341 486 4402 V.
519 4340 805 4405 Mirabile
832 4355 918 4405 est
935 4353 1218 4424 quantum
1249 4343 1309 4404 in
1333 4343 1449 4405 hac
1465 4344 1818 4408 excribenda
1839 4344 2125 4408 catechesi
2138 4344 2361 4407 codices
2388 4366 2522 4407 mss.
2551 4356 2670 4407 tum
2692 4343 2771 4405 ab
2790 4342 2988 4419 editis,
3013 4354 3136 4408 tum
3155 4365 3194 4409 a
3211 4367 3272 4409 se
3291 4347 3542 4410 invicem
3565 4346 3743 4410 dissi-

333 4427 530 4492 deant.
567 4429 726 4494 Nam
742 4446 970 4514 praeter
983 4452 1312 4495 communes
1331 4442 1389 4494 et
1402 4444 1596 4495 suetas
1617 4435 1932 4497 varietates
1954 4434 2240 4508 codicum,
2265 4435 2404 4498 alios
2432 4445 2571 4496 sunt
2594 4444 2821 4497 tantum
2849 4433 2921 4496 ab
2947 4434 3103 4498 edita
3137 4439 3440 4519 scriptura
3469 4437 3736 4509 diversae,

335 4528 403 4580 ut
428 4539 504 4583 ex
533 4522 607 4583 iis
633 4522 757 4585 alia
786 4522 1056 4605 quaedam
1086 4521 1345 4602 ejusdem
1375 4526 1721 4602 argumenti
1744 4526 2072 4604 informari
2089 4526 2274 4606 possit
2301 4528 2532 4601 oratio;
2565 4525 2710 4586 adeo
2740 4542 2857 4584 non
2913 4523 3109 4585 verbis
3144 4525 3356 4601 solum,
3395 4525 3498 4589 sed
3521 4536 3580 4587 et
3609 4526 3740 4585 totis

335 4611 637 4674 sententiis
663 4613 1065 4677 disconvenire
1093 4612 1389 4675 videntur.
1423 4611 1634 4694 Neque
1663 4623 1850 4675 tamen
1881 4613 2064 4675 ullum
2095 4616 2352 4677 codicem
2384 4614 2638 4676 vidimus
2661 4613 2721 4673 in
2740 4631 2858 4694 quo
2889 4612 2997 4675 illa
3026 4623 3200 4676 tanta
3229 4617 3488 4678 varietas
3509 4635 3622 4698 per
3647 4622 3738 4676 to-

337 4709 458 4762 tam
488 4701 830 4766 catechesim
861 4708 1132 4767 continue
1158 4705 1295 4785 fusa
1321 4703 1437 4778 sit;
1466 4702 1570 4764 sed
1595 4702 1710 4764 alii
1725 4703 2037 4786 principio
2065 4713 2122 4766 et
2149 4704 2270 4785 ﬁne
2297 4724 2427 4766 cum
2457 4704 2628 4765 editis
2657 4701 3174 4778 disconvenientes,
3201 4705 3392 4767 medio
3419 4724 3555 4766 cum
3605 4703 3744 4787 ipsis

337 4791 718 4869 consentiunt,
758 4804 828 4857 ut
853 4794 1021 4857 codd.
1057 4793 1180 4857 Roe
1209 4803 1262 4854 et
1297 4790 1586 4867 Casaub.,
1621 4791 1743 4854 alii
1765 4794 1937 4854 initio
1967 4802 2023 4855 et
2054 4794 2176 4876 ﬁne
2223 4795 2656 4866 consentientes,
2710 4790 2916 4852 mediis
2964 4791 3323 4876 discrepant,
3374 4803 3444 4855 ut
3471 4793 3658 4859 Coisl.
3690 4802 3748 4854 et

341 4881 533 4944 Ottob.
559 4885 792 4964 primus
816 4906 832 4962 ;
867 4904 1204 4967 quanquam
1237 4883 1299 4944 in
1328 4882 1434 4944 hoc
1455 4892 1753 4966 postremo
1783 4882 1854 4944 de
1881 4883 2000 4965 ﬁne
2026 4885 2262 4945 omnino
2291 4884 2609 4966 a/ﬁrmari
2630 4900 2749 4942 non
2773 4881 2978 4961 possit,
3013 4901 3145 4944 cum
3174 4903 3359 4944 unum
3385 4882 3604 4963 folium
3646 4882 3748 4945 de-

333 4976 437 5033 sit.
471 4970 900 5035 Ottobonianus
929 4985 1117 5036 tamen
1147 4993 1263 5034 non
1295 4983 1416 5036 tam
1444 4972 1521 5034 ab
1551 4973 1732 5036 editis
1761 4972 2019 5036 diversus
2047 4983 2132 5036 est
2157 4993 2335 5056 quam
2371 4973 2815 5044 Cotslinianus;
2849 4968 2953 5031 sed
2980 4969 3191 5032 horum
3221 4971 3530 5035 amborum
3551 4972 3750 5035 varie-

346 5068 498 5122 tates
528 5060 630 5121 vix
658 5063 920 5123 auctoris
947 5082 1176 5124 sensum
1204 5062 1490 5143 afﬁciunt
1509 5085 1530 5122 :
1561 5072 1771 5125 contra
1800 5062 2058 5125 duorum
2083 5069 2360 5144 priorum
2393 5064 2646 5124 diversae
2676 5059 3004 5141 aliquando
3031 5064 3357 5124 sententiae.

416 5150 518 5212 VI.
534 5151 826 5216 Quoniam
843 5171 980 5213 vero
997 5171 1092 5215 eas
1103 5171 1293 5213 omnes
1307 5152 1839 5235 dwersstates,quoe
1853 5173 1966 5214 non
1985 5162 2124 5214 sunt
2136 5171 2242 5214 con
2250 5150 2686 5226 temnendx,ad
2695 5149 2873 5210 imam
2883 5152 3250 5232 paginarum
3268 5171 3436 5216 oram
3453 5171 3751 5235 opponere

339 5241 748 5314 importunum
767 5242 1001 5322 fuisset,
1036 5243 1154 5302 imo
1176 5248 1285 5302 vix
1304 5261 1402 5301 eas
1416 5241 1648 5322 pagina
1668 5262 1795 5302 cum
1821 5241 2044 5304 Latina
2062 5262 2170 5304 sua
2192 5242 2785 5324 interpretatione,ac
2801 5240 3144 5302 necessariis
3155 5239 3637 5303 adnotationibus
3650 5260 3750 5302 ca-

338 5349 480 5414 pere
499 5330 1000 5412 potuisset,visum
1023 5340 1102 5392 est
1124 5329 1243 5391 duo
1264 5330 1446 5411 hujus
1466 5332 1772 5393 catechesis
1793 5331 2064 5413 exempla
2088 5331 2303 5394 lectori
2311 5352 2644 5414 proponere
2665 5349 2678 5392 :
2704 5326 2866 5411 quod
2891 5330 2966 5394 ab
2987 5331 3126 5392 aliis
3146 5329 3561 5407 editoribus,in
3571 5330 3760 5392 simili

341 5417 770 5499 exemplarium
795 5421 1079 5482 varietate
1089 5439 1217 5480 cum
1239 5419 1294 5480 la
1303 5419 1412 5480 ude
1427 5433 1777 5502 usurpatum
1801 5421 2436 5503 reperimusJ’rimum
2457 5427 2790 5506 exemplum
2805 5425 2896 5483 2|
2931 5422 3188 5483 continet
3207 5421 3551 5484 catechesim
3570 5422 3750 5500 juxta

342 5509 615 5590 vulgatas
621 5509 850 5590 pridem
873 5508 1311 5581 editiones,cum
1333 5509 1711 5571 variantibus
1733 5511 2079 5573 lectionibus
2100 5514 2363 5582 codicum
2385 5514 2594 5574 eisdem
2610 5513 3382 5594 consentientiuvn,quorum
3395 5513 3753 5572 auctoritate

342 5598 631 5662 nonnulla
650 5601 1016 5662 correximus
1041 5619 1055 5671 ;
1080 5597 1353 5661 adhibita
1372 5599 1553 5661 etiam
1575 5600 2038 5663 discordantium
2059 5621 2188 5683 ape,
2205 5604 2264 5664 in
2289 5605 2373 5664 eis
2394 5603 2648 5684 vulgatx
2668 5605 2950 5667 editionis
2970 5603 3274 5684 locis,qux
3293 5601 3752 5666 emendationem

337 5687 766 5774 requirebant.
809 5688 849 5754 1
859 5710 957 5753 um
1000 5687 1258 5753 collectis
1286 5690 1555 5750 omnibus
1584 5689 1713 5751 illis
1741 5691 2130 5753 varietatibus
2161 5692 2621 5774 insignioribus,
2664 5715 2799 5774 quae
2857 5695 2920 5756 in
2958 5692 3255 5755 codicibus
3293 5689 3754 5756 discordantibu
