4152 6276
426 334 546 412 881
1362 332 1887 417 CATHEGHESIS
1916 332 2005 409 Il.
2052 334 2159 400 Di
2196 335 2731 405 PCENITENTIA
2772 341 2947 409 ETG.
3728 343 3848 408 388

422 478 663 557 partim
694 468 1274 563 reperiebantur,ex
1303 471 1426 535 illis
1456 473 1712 537 alterum
1739 472 1970 553 confeci
1996 472 2177 547 hujus
2206 478 2500 541 orationis
2515 479 2875 563 exemplum,
2896 476 3061 561 quod
3077 474 3423 561 appendicis
3452 478 3581 539 loco
3610 475 3693 540 ad
3717 479 3851 561 ejus

432 565 651 627 calcem
684 562 968 645 appinxi.

512 654 652 714 VII.
694 650 906 713 Multis
933 651 1006 712 de
1034 652 1233 714 causis
1263 650 1350 741 Iw
1380 652 1693 713 varietates
1722 672 1843 714 non
1874 652 2241 733 negligenda?
2267 662 2539 733 fuerunt.
2568 659 2869 739 Primum,
2898 658 3283 741 reperiuntur
3314 656 3375 717 in
3398 655 3717 731 codicibus,
3742 658 3852 739 qui

425 744 604 807 editis
631 742 996 823 antiquitate
1023 750 1085 803 et
1108 740 1463 809 auctoritate
1490 762 1609 803 non
1638 741 1877 805 cedunt.
1938 743 2170 804 Deinde
2219 748 2537 810 concilium
2594 749 2903 812 Nicmnum
2943 740 3001 809 II
3039 746 3452 810 acumenicum
3496 745 3631 819 VII,
3668 746 3848 828 hujus

424 829 740 895 catechesis
772 832 1169 893 testimonium
1198 842 1451 893 recitans
1479 833 1639 912 quod
1654 839 1824 903 jacet
1850 852 2013 893 num.
2076 836 2175 905 17,
2236 835 2394 898 illud
2448 842 2640 917 refert
2688 859 2812 900 non
2842 837 2933 899 uti
2963 837 3218 900 habetur
3246 840 3307 896 in
3336 834 3529 907 editis,
3563 835 3664 894 sed
3692 838 3783 895 uti
3811 855 3849 898 a

428 922 596 985 nobis
629 923 691 983 in
718 920 971 985 secundo
1001 920 1269 1000 exemplo
1298 940 1373 982 ea:
1401 919 1573 983 codd.
1611 920 1731 983 [tae
1758 930 1817 982 et
1850 921 2097 985 Casaub.
2131 926 2493 1007 exscriptum
2523 939 2629 990 est.
2671 929 2871 990 Tertio
2905 946 3193 989 summam
3240 924 3663 1007 antiquitatem
3691 927 3851 1006 sapit

424 1010 529 1075 ille
558 1011 894 1075 earumdem
924 1010 1191 1072 codicum
1224 1010 1381 1072 locus
1407 1030 1571 1071 num.
1608 1014 1681 1073 19
1710 1029 1723 1071 :
1758 1011 1823 1073 Si
1853 1013 1991 1091 quis
2020 1012 2124 1073 hic
2155 1014 2332 1076 adest
2361 1034 2436 1077 ex
2467 1017 2647 1080 vobis
2696 1018 2774 1080 de
2819 1018 3151 1097 gentilium
3180 1033 3468 1090 numero,
3502 1013 3609 1095 qui
3640 1019 3751 1076 aut
3779 1015 3843 1076 in

428 1101 825 1166 Christianos
855 1099 1197 1180 aliquando
1226 1100 1577 1163 convicium
1603 1100 1852 1180 dixerit,
1883 1106 1991 1163 aut
2021 1104 2525 1181 persecutionum
2584 1113 2864 1187 tempore
2918 1108 3151 1169 sanctis
3192 1104 3485 1168 Ecclesiis
3512 1104 3845 1166 insidiatus

430 1191 535 1266 sit,
573 1198 690 1255 etc.
729 1192 867 1266 Quae
896 1191 1157 1254 maxime
1183 1189 1449 1272 ﬁnitima
1474 1200 1622 1252 sunt
1650 1190 1832 1252 alteri
1853 1193 2148 1253 sententiae
2175 1202 2288 1255 cat.
2340 1199 2399 1269 3,
2450 1216 2518 1257 n.
2572 1200 2670 1259 15.
2706 1196 3103 1272 Quamobrem
3132 1196 3196 1257 si
3217 1195 3352 1278 quis
3378 1213 3483 1256 nos
3510 1202 3681 1275 roget
3703 1202 3846 1256 utra

426 1279 606 1342 lectio
629 1282 822 1362 primi
845 1298 926 1343 an
954 1278 1199 1342 secundi
1226 1278 1486 1360 exempli
1506 1278 1889 1357 pra/erenda
1916 1278 2020 1354 sit,
2052 1280 2291 1361 diﬁcile
2341 1284 2687 1347 sententiam
2734 1285 2932 1348 dicere
2960 1284 3317 1362 audeamus;
3350 1283 3583 1346 brevior
3611 1292 3675 1345 ut
3697 1281 3842 1365 plu-

423 1373 655 1433 rimum
683 1380 740 1432 et
765 1371 963 1449 magis
993 1369 1225 1432 concisa
1252 1367 1501 1432 secundi
1521 1367 1777 1450 exempli
1805 1368 2013 1441 dictio,
2045 1375 2239 1432 minus
2262 1372 2455 1453 polita
2478 1383 2533 1435 et
2556 1384 2709 1436 tersa
2736 1394 2915 1456 quam
2940 1376 3152 1457 primi.
3182 1373 3378 1437 Lectio
3405 1371 3747 1454 Scriptura
3774 1378 3842 1434 in

420 1462 622 1540 primo
650 1461 924 1543 exemplo
951 1462 1127 1522 etiam
1155 1458 1470 1542 proposito
1498 1457 1958 1521 convenientior.

503 1551 669 1612 VIII.
709 1550 859 1613 Tam
890 1550 1198 1612 variarum
1232 1550 1549 1610 lectionum
1580 1566 1822 1611 causam
1853 1550 2165 1627 assignare
2195 1551 2260 1611 in
2285 1562 2569 1633 promptu
2592 1573 2707 1614 non
2736 1566 2841 1615 est.
2888 1552 3001 1615 Via:
3019 1574 3057 1616 a
3076 1553 3207 1616 sola
3238 1552 3635 1615 librariorum
3666 1549 3844 1614 licen-

423 1638 513 1700 tia
541 1649 753 1703 natam
783 1639 1163 1712 crediderim,
1196 1658 1541 1721 quanquam
1570 1638 1799 1700 similia
1827 1639 2102 1719 exempla
2130 1659 2251 1700 non
2280 1640 2509 1703 desunt.
2541 1649 2641 1706 An
2669 1644 2832 1723 forte
2864 1643 3128 1725 Cyrillus
3157 1642 3448 1704 distinctis
3477 1642 3650 1703 annis
3678 1660 3838 1702 eam-

424 1728 555 1790 dem
585 1728 931 1792 catechesim
959 1731 1353 1811 pronuntians
1384 1728 1707 1790 identidem
1759 1747 1957 1807 pauca
2012 1733 2415 1805 commutarit,
2477 1734 2800 1813 amputatis
2828 1733 2999 1794 verbi
3018 1731 3247 1814 gratia,
3280 1749 3412 1814 qua:
3440 1735 3694 1811 tempori
3723 1748 3838 1809 quo

421 1817 670 1895 dicebat,
704 1838 823 1879 non
852 1818 1114 1899 amplius
1142 1820 1563 1897 convenirent;
1597 1828 1662 1878 ut
1686 1817 1840 1878 illud
1867 1818 1936 1879 de
1961 1821 2433 1900 persecutionum
2465 1830 2723 1900 tempore
2742 1821 2927 1904 paulo
2956 1831 3095 1884 ante
3122 1830 3504 1882 memoratum
3529 1817 3560 1877 ?
3587 1826 3690 1879 aut
3717 1820 3841 1898 ipse

422 1906 586 1989 quod
611 1927 687 1970 ea:
718 1918 975 1987 ternpore
1000 1910 1454 1990 pronuntiarat,
1486 1918 1541 1970 et
1570 1927 1609 1969 a
1637 1908 1893 1968 notariis
1919 1907 2134 1985 festiue
2180 1920 2422 1990 raptum
2480 1921 2631 1983 erat,
2663 1912 2902 1993 scriptis
2930 1909 3143 1972 deinde
3170 1908 3520 1990 consignans
3546 1916 3600 1969 et
3623 1925 3839 1989 perpo-

426 1997 593 2069 liens,
626 1996 750 2059 duo
778 2007 885 2059 aut
908 1996 1089 2060 etiam
1115 1998 1308 2079 plura
1339 2008 1405 2058 ut
1432 1996 1777 2059 haberemus
1804 1997 2060 2076 ejusdem
2092 2004 2383 2061 orationis
2410 2001 2701 2081 exemIIIa,
2733 2002 2990 2081 e/[ecerit
3013 1999 3045 2059 7
3076 1998 3390 2081 Suspicari
3430 2002 3612 2060 etiam
3638 2015 3835 2077 posse-

428 2105 575 2159 mus,
598 2106 743 2149 num
768 2095 929 2162 [orte
956 2085 1198 2167 aliquis,
1239 2085 1666 2168 Hierosolymis
1694 2096 1801 2147 aut
1830 2084 2000 2165 alibi,
2047 2089 2477 2151 catechumenis
2534 2090 2908 2152 instituendis
2930 2093 3276 2173 praefectus,
3312 2087 3547 2169 Cyrilli
3569 2086 3839 2147 oratione

426 2195 571 2237 usus
588 2186 667 2238 sit
690 2195 705 2251 ;
732 2188 788 2237 et
814 2196 887 2237 ne
920 2176 1043 2258 ipse
1067 2175 1374 2237 serviliter
1401 2176 1651 2238 alterius
1680 2176 1871 2237 verbis
1928 2177 2288 2258 loqueretur,
2348 2179 2620 2261 quaedam
2674 2181 3075 2242 commutarit.
3112 2177 3273 2241 Illud
3303 2188 3499 2239 tamen
3528 2174 3843 2254 diligenter

429 2263 856 2327 observandum
883 2264 1145 2328 eamdem
1176 2267 1238 2327 in
1270 2275 1522 2347 utroque
1576 2265 1838 2347 exemplo
1898 2265 2252 2342 doctrinam,
2313 2269 2575 2331 eumdem
2630 2272 2778 2346 fere,
2810 2272 2867 2331 si
2888 2270 3069 2348 ﬁnem
3105 2268 3389 2345 excipias,
3420 2268 3839 2327 sententiarum

422 2373 737 2417 numerum
765 2357 1078 2435 reperiri;
1111 2375 1255 2437 quae.
1278 2365 1515 2417 mutata.
1533 2366 1692 2426 sunt,
1726 2355 1808 2417 ad
1833 2354 2067 2416 dicendi
2098 2365 2325 2419 tantum
2354 2361 2645 2420 rationem
2695 2370 3002 2440 spectare;
3048 2376 3178 2440 qua:
3206 2359 3453 2436 refecta,
3485 2355 3632 2437 quia
3659 2351 3848 2440 alteri

425 2444 679 2526 tempori
708 2464 824 2505 non
851 2446 1230 2507 convenirent
1254 2444 1490 2507 sublata
1519 2444 1716 2506 videri
1739 2461 1754 2517 ;
1792 2454 1859 2505 ut
1883 2465 2067 2507 unum
2096 2445 2203 2508 Izoc
2230 2458 2576 2528 argumento
2608 2439 2732 2509 esse
2750 2450 2951 2529 possit,
2984 2439 3165 2510 etiam
3194 2446 3519 2508 maximam
3547 2439 3843 2523 exempla-

428 2532 594 2593 rium
623 2534 1036 2610 diversitatem,
1068 2536 1431 2617 scriptorum
1461 2534 1815 2596 auctoritati
1843 2544 1900 2597 et
1931 2536 2190 2597 utilitati
2216 2539 2435 2617 fraudi
2456 2540 2731 2599 continuo
2758 2558 2880 2601 esse
2909 2557 3027 2599 non
3057 2536 3284 2599 debere.

1152 2778 1873 2875 ΚΑΤΗΧΗΣΙΣ
1961 2780 2059 2873 B’
2144 2778 3112 2878 ΦΩΤΙΖΟΜΕΝΩΝ.

437 2955 525 3010 Ἐν
554 2950 961 3031 Ἰεροσοὶέῦ-μοις
990 2948 1553 3031 σχςεδιασθεῖσαλΠερΑὶ
1587 2951 2016 3031 μεγαν-οἶαςηκαὶ
2045 2951 2286 3031 detersa);
2319 2953 2744 3031 dua_p'.:t€bv,_xa_i
2774 2955 2897 3031 περὶ
2927 2953 3341 3031 ςΑντιριε-ιμένου
3371 2950 3843 3031 (1)]ᾼκαίιάχᾶγνω-

508 3044 588 3099 αις
618 3018 677 3099 in
702 3018 1119 3099 TOB_iIEC§Kt;S‘).'
1157 3018 1481 3099 Δικαιοοίῷνη
1503 3018 1713 3099 ’διὲαίῳ
1746 3024 1827 3080 ἐπ’
1855 3018 2191 3099 attactam
2223 3028 2323 3099 (2),
2356 3018 2445 3079 uati
2476 3018 2675 3098 ἀνομίία
2703 3018 2894 3098 ἀνόμὶρ
2925 3025 3007 3083 ἐπ’
3039 3018 3196 3079 αὐτὸν
3237 3018 3539 3081 ἔσταί.’Καὶ
3572 3022 3599 3075 ὁ
3632 3018 3836 3092 ἄνομος

502 3094 588 3150 ἐὰν
616 3096 911 3171 ἐπιστρέψῃ
940 3096 999 3150 ἐκ
1026 3094 1211 3152 πασῶν
1237 3100 1347 3152 τῶν
1376 3094 1617 3171 ἀνομιῶν
1645 3094 1831 3169 αὐτοῦ,
1863 3096 1952 3152 καὶ
1977 3097 2043 3153 τὰ
2074 3096 2215 3168 ἑξῆς.

1152 3363 1833 3451 CATECHESIS
1894 3364 1973 3449 II
2028 3362 3124 3452 ILLUMINANDOBUM-

432 3516 984 3599 Hierosolymisex
1019 3521 1297 3599 tempore
1325 3516 1563 3591 habits,
1592 3520 1683 3578 De
1707 3517 2078 3595 paenitentia,
2111 3527 2167 3578 et
2197 3517 2537 3578 remissione
2588 3527 2997 3599 peccatorum,
3053 3526 3112 3578 et
3138 3514 3601 3599 deadversario.
3634 3510 3845 3599 Lectio

514 3616 591 3659 ex
622 3594 944 3681 Ezechiele
969 3614 983 3658 :
1006 3594 1260 3681 justitia
1288 3599 1449 3681 justo
1477 3594 1876 3681 super-apsum
1907 3600 2041 3672 erit,
2076 3608 2134 3659 et
2161 3599 2435 3681 impietas
2466 3594 2648 3680 impio
2676 3618 2855 3681 super
2893 3600 3089 3679 ipsum
3136 3598 3270 3671 erit,
3305 3605 3359 3657 et
3387 3596 3601 3675 impius
3629 3594 3687 3654 si
3709 3611 3845 3653 con-

416 3728 421 3731 .
514 3695 715 3739 versus
731 3679 925 3759 fuerit
951 3677 1027 3740 ab
1056 3676 1328 3739 omnibus
1357 3676 1755 3760 impietatibus
1781 3684 1905 3739 suis
1940 3685 2007 3752 73,
2042 3685 2102 3740 et
2132 3676 2394 3757 reliqua.

510 3950 593 4003 A‘.
622 3946 803 4002 Δεινὸν
835 3948 870 4016 ἡ
906 3944 1162 4023 ἁμαρτία,
1222 3946 1313 4001 καὶ
1372 3944 1533 4011 νόσος
1588 3944 1955 4021 χαλεπωτάτη
1987 3949 2088 4020 ψυ-

2270 3949 2313 4003 Ι.
2350 3949 2490 4004 Dira
2516 3964 2611 4003 res
2633 3952 2723 4002 est
2743 3951 3075 4019 peccatum,
3100 3942 3419 4000 etmorbus
3448 3940 3663 3998 animos
3689 3954 3850 3996 acer-

437 4040 551 4110 χῆς
579 4036 615 4104 ἡ
646 4036 983 4109 παρανομία-
1022 4034 1397 4108 ὑποτὲμνουσα
1457 4036 1550 4108 μὲν
1612 4034 1780 4106 αὐτῆς
1810 4036 1878 4091 τὰ
1905 4040 2088 4111 νεῦρα,

2206 4037 2503 4106 bissimus,
2538 4037 2859 4108 iniquitas:
2892 4052 3024 4106 quae
3082 4033 3322 4106 quidem
3353 4036 3414 4087 et
3441 4047 3654 4088 nervos
3684 4029 3848 4085 illius

433 4124 529 4179 καὶ
556 4124 730 4199 πυρὸς
787 4122 1013 4179 αῗωνίου
1074 4127 1149 4198 (3)
1200 4126 1495 4201 γιγνομένη
1557 4124 1863 4201 παραίτιος.
1913 4125 2089 4182 Κακὸν

2206 4127 2471 4194 ειιοοιᾶίῐ,
2498 4132 2557 4181 et
2584 4126 2781 4199 ignem
2804 4130 3092 4181 aeternum
3120 4123 3210 4178 illi
3232 4125 3520 4196 praeterea
3548 4118 3848 4176 conciliat.

437 4212 804 4287 αὐτεξούσιον,
854 4211 1154 4290 βλάστημα
1200 4212 1592 4291 προαιρέσεως
1624 4215 1713 4269 καὶ
1750 4213 1835 4269 ὅτι
1865 4234 1929 4290 γε
1959 4215 2088 4271 αὐτὸ

2206 4217 2416 4273 Malum
2440 4233 2510 4272 ex
2531 4215 2720 4271 libero
2743 4214 2977 4271 delectu
2994 4214 3091 4288 (4),
3109 4211 3454 4269 voluntarias
3478 4207 3662 4265 animi
3682 4204 3853 4262 indu-

509 4337 556 4376 ⁸⁷
586 4338 793 4395 Ezech.
825 4354 984 4407 xvm,
1014 4339 1105 4394 20.

510 4466 587 4539 (1)
621 4465 723 4522 Καὶ
755 4463 881 4539 περὶ
942 4463 1367 4539 Ἀντικιιμὲνου.
1431 4467 1607 4522 Deest
1661 4466 1788 4539 hmo
1843 4484 1979 4539 pars
2010 4468 2091 4522 ti-

439 4538 553 4593 tuli
585 4539 645 4593 in
679 4538 850 4594 codd.
885 4540 1029 4607 Roe,
1059 4538 1313 4595 Casaub.
1383 4543 1441 4594 et
1499 4538 1768 4593 trauslat.
1803 4538 2091 4595 Grodecii.

442 4610 508 4666 V.
530 4609 833 4665 Admonit.
864 4627 925 4666 ιι.
950 4614 1002 4666 2.
1029 4611 1177 4666 Loco
1200 4612 1378 4682 hujus
1400 4610 1678 4666 lectionis
1709 4626 1781 4665 ex
1810 4614 2091 4682 crp.xvin,

441 4698 493 4735 ν.
528 4684 617 4749 20,
650 4682 768 4738 alia
798 4683 861 4738 in
908 4683 1171 4739 secundo
1214 4681 1393 4753 hujus
1442 4681 1768 4738 catechesis
1799 4681 2093 4755 exemplo,

444 4769 516 4827 ex
547 4769 676 4825 cap.
708 4770 905 4827 χχχιιι,
935 4771 985 4809 v.
1024 4758 1075 4823 1,
1134 4755 1491 4827 assignatur,
1524 4771 1655 4825 quae
1687 4754 2093 4825 praesentiin-

444 4825 651 4880 stituto
686 4826 872 4897 magis
903 4825 1287 4882 accommoda
1314 4826 1602 4881 videatur.

2206 4484 2312 4549 ηεξ
2337 4488 2350 4535 ς
2385 4467 2680 4550 multique
2703 4466 3085 4550 oppugnandi
3108 4464 3430 4550 adversus
3453 4461 3553 4544 (ιιιί
3574 4458 3852 4550 ,βάρὲἐὲξῐη

2205 4532 2435 4617 animos
2465 4541 2526 4595 in
2548 4532 2846 4617 contraria
2866 4532 3301 4617 distrahebant.
3330 4532 3628 4617 Principio
3659 4536 3851 4617 astro:

2206 4611 2343 4694 ἐρεῖ»
2374 4612 2502 4694 sies
2533 4611 2712 4694 ρμδίο
2729 4612 2968 4694 Pegasi.»
2995 4611 3359 4694 (ειυβυτιιέειπι
3382 4604 3553 4694 ωηιιὶ
3575 4604 3849 4694 ιηφιῑεῖὲῖξί

2206 4680 2300 4737 his
2331 4683 2686 4740 vanitatibus
2726 4680 2950 4755 infecti)
3004 4680 3109 4755 qui
3164 4680 3459 4755 siderum_
3482 4680 3853 4755 necessitati-

2205 4755 2316 4809 bus
2372 4756 2646 4811 homines
2694 4755 2778 4827 ad
2807 4747 3052 4827 peccata
3098 4752 3314 4807 invitos
3351 4749 3506 4805 trahi
3536 4747 3851 4827 docebant,

2207 4831 2318 4882 cat.
2350 4829 2404 4893 4,
2439 4844 2499 4883 ιι.
2527 4829 2612 4881 18.
2636 4826 2751 4882 Alii
2783 4819 3049 4882 animam
3080 4828 3216 4895 ante
3247 4837 3546 4895 peccasse,
3579 4819 3853 4895 qu_am_in

516 4896 834 4969 (2)7"Ecnai.
866 4898 1213 4969 Prophetici
1264 4898 1586 4969 testimonii
1636 4898 1836 4969 citatio
1876 4896 2097 4953 desinit

441 4968 503 5023 in
524 4965 712 5023 editis
743 4968 816 5024 ad
842 4965 1034 5037 voces,
1068 4965 1281 5040 δικαίῳ,
1317 4968 1399 5024 ἐπ’
1448 4969 1608 5023 αὐτὸν
1637 4967 1804 5023 ἔσται·
1840 4987 1949 5026 nos
1982 4986 2097 5025 cae-

442 5046 570 5096 tera
601 5040 941 5113 addidimus
972 5058 1043 5096 ex
1074 5042 1242 5097 codd.
1278 5045 1396 5097 Roe
1428 5048 1487 5096 et
1516 5042 1766 5097 Casaub.
1800 5042 1907 5097 Ubi
1957 5041 2096 5113 legi-

439 5128 603 5186 mus,
629 5110 957 5186 ἐπιστρέψῃ,
989 5130 1276 5186 conversus
1328 5116 1522 5186 fuerit,
1553 5113 1806 5168 habetur
1835 5114 1898 5168 in
1927 5110 2094 5183 LXX,

440 5131 596 5179 mus,
629 5131 784 5168 επιστ
828 5131 957 5186 εψῃ.
989 5131 1276 5170 conversus
1357 5131 1522 5177 uerti,
1556 5131 1806 5168 nanetur
1835 5131 1898 5168 ιιι

440 5184 720 5259 omnium
748 5131 1079 5259 editionum
1104 5131 1444 5259 ᾀποᾳτρζψῃ,
1477 5200 1695 5259 aversus
1723 5187 1913 5259 fuerit.

515 5258 588 5326 t3)
623 5254 725 5312 Καὶ
755 5257 927 5326 πυρὸς
958 5253 1014 5310 δὲ
1067 5250 1316 5325 αἰωνίοιι,
1359 5250 1486 5313 ’ἑῐιλ
1526 5250 1878 5312 Particulam
1912 5250 1969 5307 δὲ
1999 5255 2096 5310 hic

440 5328 725 5384 omittunt
753 5329 923 5386 codd.
957 5330 1075 5385 Boe
1104 5336 1163 5385 et
1192 5328 1438 5385 Casaub.
1488 5328 1593 5384 sed
1628 5329 1721 5398 μὲν
1753 5326 2098 5399 praecedens

444 5417 574 5456 eam
605 5403 907 5472 postulare
938 5401 1194 5457 videtur.
1236 5401 1455 5456 Eodem
1491 5400 1663 5457 modo
1694 5400 1960 5471 loquitur
1988 5400 2095 5470 Cy-

440 5472 639 5539 rillus,
670 5480 783 5531 cat.
818 5475 905 5534 16.
940 5491 999 5528 ιι.
1035 5474 1087 5535 ‘3,
1119 5476 1172 5535 6.
1198 5481 1257 5528 et
1285 5472 1447 5528 alibi.

517 5546 591 5613 (4)
622 5546 829 5601 Malum
858 5562 928 5600 ex
976 5545 1146 5600 libero
1193 5545 1422 5609 delectu,
1458 5550 1565 5599 etc.
1604 5544 1881 5601 Pluribus
1908 5541 2004 5597 hic
2036 5546 2094 5596 et
2123 5547 2169 5610 Β
2201 5548 2239 5597 t.
2273 5544 2365 5609 IV,

2207 4888 2420 4973 corpus
2452 4898 2849 4973 delaberetur,
2883 4888 3280 4973 somniabant',
3327 4892 3568 4949 ibidem.
3597 4888 3719 4945 λιιι
3748 4888 3853 4973 du-

2205 4961 2421 5041 plicem
2443 4971 2779 5026 animarum
2801 4968 3072 5024 ordinem
3094 4966 3696 5041 d_istinxere,quarum
3718 4961 3852 5018 alia)

2207 5039 2408 5097 essent
2436 5048 2650 5097 natura
2674 5039 3192 5112 peccatrices,a1iaa
3214 5044 3428 5112 natura
3456 5039 3681 5093 bonum
3710 5049 3853 5112 age:

2206 5118 2360 5188 rent,
2394 5113 2616 5188 ibidem
2649 5108 2709 5167 ιι.
2744 5115 2832 5178 20,
2860 5117 2920 5188 e_t
2948 5115 3061 5167 cat.
3085 5114 3139 5177 7,
3163 5127 3223 5166 ιι.
3250 5112 3336 5165 12.
3357 5111 3500 5188 Tum
3522 5124 3659 5163 vero
3683 5108 3855 5188 erant

2208 5184 2308 5254 qui
2343 5185 2402 5239 in
2435 5185 2620 5239 Deum
2678 5184 3017 5255 quemdam,
3044 5188 3290 5255 natura
3342 5181 3592 5255 malum.
3625 5181 3852 5255 peccati

2208 5248 2449 5333 causam
2478 5248 2886 5333 refunderent,
2906 5248 3182 5333 videlicet
3201 5253 3558 5333 Marcionita;
3590 5248 3648 5306 et
3675 5248 3857 5333 Mani-

2208 5327 2377 5394 chmi,
2411 5333 2525 5383 cat.
2559 5331 2611 5391 6,
2644 5344 2703 5384 ιι.
2740 5329 2825 5389 16,
2859 5333 2994 5395 etc.,
3016 5343 3084 5383 ac
3109 5326 3414 5383 Manichaei
3440 5324 3660 5380 idcirco
3690 5324 3855 5377 insa-

2208 5399 2433 5454 nabilia
2462 5415 2591 5455 esse
2623 5400 2934 5455 hominum
2994 5405 3235 5471 peccata
3285 5396 3852 5471 dicebau_t_auctore

2208 5471 2333 5525 Tito
2364 5472 2662 5526 Bostrensi
2695 5471 2796 5526 lib.
2829 5489 2867 5537 1,
2902 5463 3045 5527 con't.
3080 5471 3302 5527 Mante);
3332 5514 3348 5539 ,
3380 5467 3503 5523 Bib.
3527 5467 3637 5522 PP.
3672 5463 3850 5539 Lugd.

2397 5561 2455 5615 p.
2488 5545 2629 5608 444;
2663 5543 2879 5615 S.7Nilo
2910 5543 3013 5599 lib.
3046 5538 3340 5615 u._epist.;
3368 5542 3491 5605 317,
3527 5543 3638 5595 etc.
3666 5538 3853 5601 Quam

446 5615 589 5672 alibi
616 5622 1047 5689 auctornoster
1066 5617 1427 5689 principium
1450 5616 1599 5672 illud
1621 5616 1929 5672 catholica)
1951 5613 2089 5689 ﬁdei
2200 5630 2335 5670 vero
2365 5612 2538 5689 affert
2562 5614 2815 5689 Cyrillus
2845 5614 3069 5687 peccati
3097 5612 3534 5689 deﬁnitionem,
3562 5624 3693 5689 eam
3714 5622 3854 5675 pec-

448 5688 807 5761 urget,quod
828 5688 1014 5745 libere
1037 5677 1096 5744 et
1124 5677 1290 5745 nullo
1320 5695 1564 5761 cogente
1594 5691 2004 5761 peccemus,ut
2023 5684 2093 5761 id
2203 5691 2333 5743 cato
2354 5677 2624 5761 originis
2640 5704 2762 5745 non
2793 5677 3235 5744 in'commodare
3267 5681 3587 5756 probamus
3626 5677 3854 5747 Disser-

448 5757 704 5832 graviter
717 5761 1073 5833 copioseque
1094 5757 1424 5834 prasstaret',
1442 5757 1643 5817 multis
1666 5760 1719 5816 ei
1739 5759 1904 5815 fuere
1928 5757 2096 5815 ratio-

2203 5763 2307 5815 tat.
2341 5760 2393 5817 3.
