4152 6276
345 337 471 400 883

1399 328 1468 391 S.
1513 327 1821 390 CYRILLI
1859 325 2281 396 HIEBOSOL.
2325 337 2694 400 ARCHIEP.

3643 324 3767 400 384

355 469 570 527 ctionis
591 467 854 542 germen.
878 468 1023 522 Nam
1044 463 1146 522 22
1167 464 1328 536 quod
1349 463 1591 537 propria
1610 468 1822 536 sponte
1841 463 2002 520 arbi-

2136 469 2454 544 ιροαιρέτως
2499 469 2901 548 ἁμαρτάνομεν,
2953 455 3101 546 λέγει
3153 489 3263 524 που
3317 471 3504 543 σαφῶς
3553 468 3582 522 ὃ
3625 488 3774 544 προ-

358 559 593 630 trioque
613 555 1152 630 peccemus,palam
1172 555 1388 610 alicubi
1407 555 1852 626 dicitprOpheta
1867 571 1879 607 :
1895 556 2007 623 Ego

350 649 612 718 plantavi
637 654 686 701 te
714 649 931 701 vineam
958 647 1311 713 fructiferam
1358 660 1568 699 omnem
1616 660 1798 699 veram
1816 661 1838 705 ;
1869 659 2007 713 quo-

355 738 513 794 modo
557 751 815 792 conversa
863 750 915 789 es
962 736 1023 788 in
1070 734 1515 798 amaritudinem,
1547 736 1674 788 citis
1702 734 1886 788 aliena
1908 731 1956 767 ³⁸
1983 735 2008 785 .9

363 827 659 883 Plantatio
689 825 866 886 bona,
895 823 1123 879 fructus
1143 823 1336 879 malus
1359 841 1374 891 ;
1403 840 1474 878 ex
1493 822 1683 879 libera
1707 822 2006 877 voluntate

358 916 584 972 malum
611 932 624 970 :
658 915 708 968 is
740 913 838 984 qui
873 912 1163 984 plantavit
1191 912 1380 984 culpa
1413 928 1641 983 expers,
1675 911 1846 966 vinea
1869 927 2006 965 vero

357 1006 494 1077 igne
527 1008 842 1059 exuretur:
891 1002 1175 1073 quoniam
1231 1002 1292 1056 in
1348 1001 1570 1055 bonum
1627 1001 1912 1072 plan'tata,
1945 1002 2009 1055 in

355 1095 586 1151 malum
619 1110 690 1149 ex
717 1091 906 1147 libero
927 1092 1160 1148 delectu
1181 1091 1484 1147 fructifera
1502 1090 1633 1145 fuit.
1655 1093 1809 1146 Fecit
1837 1106 2010 1146 nam-

355 1199 476 1256 que
502 1185 639 1239 Deus
669 1183 953 1238 hominum
1004 1187 1234 1246 rectum,
1260 1180 1432 1252 juxta
1486 1179 1924 1246 Ecclesiasten;
1957 1185 2011 1234 et

356 1275 473 1344 ipsi
499 1273 701 1328 multas
729 1275 1030 1343 quaesivere
1075 1270 1530 1326 ratiocinationes
1559 1271 1625 1323 3°.
1657 1272 1836 1339 Ipsius
1864 1268 2010 1324 enim

363 1378 548 1417 sumus
573 1366 814 1431 factura,
845 1363 1019 1416 creati
1045 1361 1119 1415 ad
1146 1377 1312 1430 opera
1342 1361 1502 1426 bona,
1533 1360 1730 1430 inquit
1757 1361 2010 1430 Aposto-

364 1451 460 1506 lus
489 1452 554 1506 ‘°.
588 1453 829 1506 Creator
858 1450 1055 1521 itaque
1087 1466 1223 1505 cum
1254 1449 1331 1504 sit
1360 1449 1573 1518 bonus,
1596 1449 1670 1504 ad
1696 1449 1838 1503 bona
1867 1465 2010 1503 crea-

362 1543 444 1595 vit
473 1557 640 1611 opera
664 1556 682 1593 :
713 1544 910 1595 creata
937 1555 1073 1594 vero
1104 1556 1200 1594 res
1247 1554 1318 1592 ex
1360 1538 1598 1609 proprio
1628 1538 1918 1594 arbitratu
1949 1538 2011 1592 in

364 1629 654 1685 malitiam
685 1645 972 1684 conversa
1003 1633 1110 1684 est.
1135 1629 1318 1684 Grave
1341 1628 1518 1700 igitur
1549 1627 1794 1695 malum,
1824 1633 1891 1682 ut
1919 1626 2011 1681 di-

361 1724 524 1775 ctum
557 1724 665 1784 est,
693 1723 1003 1790 peccatum
1027 1735 1040 1785 ;
1067 1716 1171 1773 sed
1193 1734 1313 1772 non
1336 1717 1777 1773 immedicabile
1803 1733 1815 1770 :
1839 1732 2010 1788 grave

2113 558 2314 633 φήτης·
2374 559 2516 633 Ἐγώ
2576 582 2632 616 σε
2689 560 2953 638 ἐφύτευσα
3009 563 3084 632 (1)
3167 555 3416 632 ἄμπελον
3475 558 3769 636 καρποφό-

2113 665 2204 719 ρον
2257 654 2430 702 πᾶσαν
2487 648 2782 720 ἀληθινήνο
2869 653 2987 710 πῶς
3070 646 3341 726 ἐστράφης
3411 647 3487 709 εἷς
3542 648 3764 722 πικρίαν

2111 737 2145 803 ἡ
2180 736 2425 807 ἄμπελος
2456 741 2491 807 ἡ
2534 737 2842 814 ἀλλοτρίας
2899 739 2963 794 Ἦ
3017 738 3204 811 φυτεία
3261 737 3431 807 καλὴ,
3478 737 3507 792 ὁ
3555 738 3766 812 καρπὸς

2111 824 2296 886 κακός’
2327 825 2386 881 ἐκ
2413 828 2781 902 προαιρέσεως
2829 828 2892 882 τὸ
2941 827 3130 882 κακόν⁶
3182 828 3212 882 ὁ
3260 825 3568 902 φυτουργὸς
3615 826 3770 881 ἀναί-

2109 934 2254 982 τιος,
2286 917 2321 984 ἡ
2356 913 2413 970 δὲ
2441 912 2690 989 ἄμπελος
2746 918 3212 987 κατακαυθήσεται
3269 916 3424 989 πυρὶ⁶
3467 913 3652 985 ἐπειδή
3688 917 3769 981 εἷς

2114 1003 2310 1076 ἀγαθὸν
2364 1002 2650 1080 ἐφυτεύθη,
2708 1006 2799 1061 καὶ
2858 1006 2934 1068 εἷς
2995 1007 3158 1061 κακὸν
3220 1005 3658 1083 ἐκαρποφόρησεν
3702 1003 3766 1062 ἐκ

2113 1092 2500 1167 προαιρέσεως,
2558 1096 2823 1166 Ἐποίησε
2895 1095 2998 1172 γὰρ
3053 1097 3081 1150 ὁ
3138 1096 3268 1158 Θεὸς
3325 1097 3417 1150 τὸν
3483 1097 3761 1167 ἅντρωπον

2115 1179 2270 1245 εὐθὺν
2327 1186 2424 1255 (2),
2481 1185 2620 1240 κατᾶ
2674 1183 2766 1239 τὸν
2825 1184 3279 1256 Ἐκκλησιαστὴν⁹
3312 1183 3403 1239 καὶ
3453 1183 3770 1254 αύτοὶέζή-

2112 1290 2282 1340 τησαν
2369 1270 2670 1346 λογισμοὺς
2779 1270 3052 1335 πολλούς.
3163 1272 3342 1328 Αύτοῦ
3419 1273 3522 1348 γὰρ
3606 1272 3768 1345 ἐσμεν

2115 1359 2353 1433 ποίημα,
2413 1364 2716 1425 κτισθέντες
2773 1360 2863 1417 ἐπὶ
2919 1361 3103 1437 ἔργοις
3167 1363 3390 1438 ἀγαθοῖς
3445 1364 3546 1434 (3),
3606 1360 3774 1438 φησὶν

2118 1451 2145 1503 ὁ
2177 1449 2542 1513 Ἀπόστολος.
2567 1453 2630 1508 Ὁ
2664 1453 2759 1524 μὲν
2794 1452 2886 1506 οὗν
2916 1452 3170 1522 κτίστης,
3203 1451 3402 1526 ἀγαθὸς
3439 1450 3512 1505 ὥν
3545 1451 3648 1522 (4),
3679 1448 3770 1504 ἐπὶ

2116 1533 2297 1614 ἔργοις
2357 1541 2580 1614 ἀγαθοῖς
2637 1537 2864 1596 ἔκτισεν
2913 1541 2976 1596 τὸ
3051 1537 3109 1595 δὲ
3167 1541 3400 1610 κτισθὲν,
3457 1537 3510 1610 ἐξ
3567 1536 3774 1600 οἰκείας

2116 1629 2484 1702 προαιρέσεως
2537 1628 2614 1691 εἷς
2669 1629 2940 1706 πονηρίαν
3001 1627 3232 1706 ἐτράπη.
3292 1633 3474 1684 Δεινὸν
3528 1627 3628 1682 πὶν
3679 1625 3775 1681 οὗν

2117 1717 2307 1788 κακὸν,
2340 1719 2414 1780 ὡς
2447 1716 2686 1793 εἷ’ρηται,
2741 1722 2776 1788 ἡ
2835 1717 3095 1794 ἁμαρτία⁹
3154 1717 3281 1773 ἀλλ’
3341 1716 3442 1772 οὐκ
3477 1715 3779 1790 ἀθεράπευ-

362 1809 454 1864 illi
482 1809 581 1880 qui
612 1809 850 1876 retinet,
884 1808 987 1863 sed
1017 1813 1224 1863 curatu
1255 1807 1428 1862 facile
1461 1808 1514 1861 ei
1546 1807 1646 1877 qui
1688 1823 1793 1877 per
1821 1806 2011 1878 paeni-

2136 1825 2234 1861 εον·
2269 1805 2442 1863 δεινὸν
2491 1813 2573 1880 τῷ
2625 1809 2942 1883 κατέχοντι,
3002 1804 3212 1863 εὐΐατον
3269 1804 3328 1862 δὲ
3378 1811 3460 1878 τῷ
3491 1803 3579 1860 διὰ
3609 1825 3780 1878 μετα-

368 1897 615 1953 tentiam
637 1898 900 1968 deponit.
925 1898 1234 1970 Supponas
1254 1896 1428 1950 velim
1452 1896 1714 1966 aliquem
1745 1895 1806 1949 in
1835 1911 2014 1950 manu

367 1989 566 2060 ignem
590 1993 851 2054 teneret;
881 1987 1147 2058 quandiu
1170 1986 1411 2058 quidem
1435 1986 1652 2040 retinet
1670 1985 2015 2055 carbonem,

364 2077 575 2149 procul
599 2077 779 2132 dubio
803 2077 1027 2132 uritur:
1053 2076 1102 2130 si
1127 2092 1262 2130 vero
1285 2074 1606 2131 carbonem
1629 2073 2019 2146 abjiciat,una

367 2167 429 2221 id
462 2166 618 2237 quod
647 2166 853 2221 urebat
875 2165 1153 2221 excussit.
1177 2165 1344 2229 Quod
1371 2165 1419 2220 si
1447 2165 1581 2236 quis
1602 2164 1902 2236 peccando
1924 2161 2018 2217 uri

366 2271 430 2311 se
490 2272 612 2311 non
671 2256 991 2322 existimet,
1035 2254 1174 2309 huic
1228 2253 1375 2308 dicit
1429 2255 1767 2326 Scriptura:
1800 2253 2020 2322 Ligabit

366 2345 573 2414 aliquis
602 2347 784 2415 ignem
831 2347 892 2399 in
937 2344 1085 2413 sinu,
1134 2361 1232 2399 nec
1279 2343 1600 2400 vestimenta
1629 2345 1904 2399 comburet
1926 2343 2021 2397 3'?

368 2434 491 2490 urit
520 2434 683 2490 enim
711 2439 1024 2506 peccatum
1055 2451 1266 2490 nervos
1295 2434 1530 2490 animae.

441 2613 512 2669 Il.
547 2611 660 2667 Sed
690 2611 848 2667 dicet
872 2610 1111 2682 aliquis,
1137 2612 1279 2682 quid
1300 2612 1540 2668 tandem
1563 2616 1652 2667 est
1669 2616 1976 2683 peccatum
1997 2612 2025 2667 ?

2121 1895 2272 1958 νοίας
2328 1896 2726 1970 ἀποτιθεμένῳ·
2805 1893 3036 1952 ’Υπὸθου
3093 1895 3195 1972 γὰρ
3260 1917 3354 1970 μοι
3409 1895 3664 1969 κατέχειν
3723 1892 3777 1948 ἐν

2123 1985 2273 2060 χειρί
2299 2007 2418 2041 τινα
2470 1987 2537 2042 τὸ
2595 1991 2724 2064 πῦρ·
2779 1985 2885 2048 ἕως
2941 1987 3070 2042 ὃτου
3126 1985 3350 2061 καθέχει
3388 1985 3482 2040 τὸν
3513 1982 3781 2058 ἄνθρακα,

2122 2074 2332 2130 καίεται
2364 2075 2598 2138 πάντως·
2657 2075 2702 2130 εἰ
2761 2073 2818 2130 δὲ
2875 2076 3136 2132 ἀπόθοιτο
3164 2076 3256 2131 τὸν
3288 2075 3548 2151 ἄνθρακα,
3581 2091 3786 2128 συναπ-

2125 2161 2316 2219 ἐλαυνε
2451 2165 2541 2219 καὶ
2571 2167 2636 2220 τὸ
2667 2163 2890 2243 φλέγον.
2924 2165 2990 2222 Εἰ
3040 2163 3098 2220 δὶ
3141 2185 3224 2227 τις
3253 2162 3462 2238 νομίζει
3497 2164 3574 2237 μή
3609 2181 3788 2218 κατα-

2125 2254 2368 2316 καίεσθαι
2426 2255 2775 2328 ἁμαρτάνων,
2832 2254 3012 2328 τούτῳ
3070 2255 3214 2329 λέγει
3270 2256 3306 2323 ἡ
3366 2253 3578 2331 Γραφή’
3612 2252 3790 2310 'Ano-

2127 2339 2279 2413 δήσει
2331 2363 2417 2405 τις
2469 2347 2576 2416 πῦρ
2635 2341 2688 2398 ἐν
2747 2342 2966 2417 κόλπῳ,
3021 2344 3092 2398 τὰ
3149 2340 3208 2397 δὲ
3265 2339 3459 2416 ἱμάτια
3507 2340 3568 2396 οὐ
3613 2360 3789 2397 γατα-

2124 2430 2350 2502 καύσεις
2408 2430 2546 2486 καίει
2603 2430 2711 2508 γὰρ
2763 2433 2799 2503 ἡ
2859 2430 3099 2508 ἁμαρτία
3167 2433 3234 2486 τὰ
3294 2435 3458 2507 νεῦρα
3511 2437 3615 2500 τῆς
3682 2434 3788 2504 ψοα

2130 2527 2242 2595 χῆς
2273 2523 2369 2595 (6)-

2199 2610 2276 2667 B'.
2305 2608 2464 2666 Ἀλλ’
2494 2611 2606 2686 ἐρεῖ
2654 2630 2756 2674 τιςο
2810 2613 2880 2668 Τι
2936 2631 3070 2666 ποτε
3117 2607 3221 2685 ἄρα
3265 2608 3467 2680 ἐστὶνὴ
3499 2609 3785 2686 ἁμαρτίας

372 2700 675 2755 animalne
706 2705 816 2768 est,
840 2717 916 2755 an
947 2699 1216 2772 angelus,
1246 2701 1336 2754 vel
1363 2701 1594 2754 dwmon
1613 2700 1640 2754 ?
1663 2703 1800 2765 Quae
1818 2717 1913 2755 res
1937 2705 2022 2755 est

2136 2699 2270 2766 ζῶόν
2329 2698 2511 2770 ἐστιν;
2565 2699 2798 2776 ἄγγελός
2872 2699 3023 2770 ἐστι;
3085 2697 3297 2773 δαίμων
3354 2699 3504 2767 ἐστί;
3560 2697 3613 2754 τί
3671 2699 3784 2754 ἐστι

370 2789 552 2860 hujus
584 2790 851 2844 effectrix
879 2789 925 2823 ⁴²
946 2789 974 2843 ?
1005 2790 1130 2854 Non
1162 2795 1251 2845 est
1292 2790 1502 2856 hostis,
1536 2806 1568 2844 ο
1602 2789 1798 2856 homo,
1835 2789 1936 2860 qui
1969 2794 2022 2843 te

2136 2789 2294 2841 τοῦτο
2345 2789 2408 2842 τὸ
2467 2787 2752 2864 ἐνεργοῦν;
2811 2787 2927 2846 Οὐκ
2981 2782 3123 2844 ἔστιν
3179 2788 3375 2864 ἐχθρὸς
3433 2784 3646 2858 ἔξωθεν,
3691 2785 3788 2841 ἅν-

370 2879 632 2934 exterius
662 2880 937 2948 invadat;
1001 2878 1104 2935 sed
1161 2885 1251 2935 est
1291 2880 1448 2935 mala
1478 2880 1712 2935 soboles
1745 2897 1780 2935 δ,
1810 2886 1864 2934 te
1896 2880 2022 2951 ipso

2136 2886 2338 2949 θρωπε,
2369 2879 2876 2952 καταγωνιζόμενος
2925 2880 3023 2951 (7)·
3074 2875 3223 2932 ἀλλὰ
3282 2875 3577 2951 βλάστημα
3612 2875 3782 2931 κακὸν

370 2987 778 3043 procrescens.
812 2973 990 3026 Rectis
1018 2971 1141 3026 vide
1181 2971 1350 3026 oculis
1401 2971 1509 3024 tuis
1537 2970 1602 3038 ⁸⁸,
1659 2975 1716 3026 et
1761 2986 1882 3025 non
1917 2969 2022 3023 erit

2136 2964 2358 3037 αὐξάνον
2393 2966 2497 3020 ἀπὸ
2529 2969 2645 3020 σοῦ.
2680 2967 2898 3040 Ὀρθοῖς
2936 2963 3106 3042 βλέπε
3137 2968 3213 3039 (8)
3241 2971 3358 3028 τοῖς
3415 2966 3626 3039 δμμασί
3664 2985 3783 3035 σου,

367 3060 576 3115 libido.
611 3062 732 3116 Tua
761 3060 977 3125 retine,
1009 3077 1119 3115 nec
1158 3059 1355 3115 aliena
1401 3060 1599 3130 rapias
1630 3065 1688 3115 et
1708 3059 1870 3132 jacet
1920 3075 2022 3114 ra-

2136 3054 2224 3109 καὶ
2281 3054 2380 3110 οόκ
2430 3053 2570 3110 ἔστιν
2631 3054 2910 3129 ἐπιθυμία.
2972 3054 3184 3131 Κάτεχε
3215 3057 3282 3110 τὰ
3311 3055 3398 3124 σὰ,
3429 3056 3520 3111 καὶ
3555 3056 3631 3128 μή
3668 3054 3786 3128 αἶρε

371 3150 556 3220 pina;
586 3150 932 3205 memineris
954 3149 1203 3221 judicii;
1233 3157 1359 3204 tum
1383 3165 1576 3219 neque
1609 3149 2022 3215 scortatio,ne-

2136 3144 2200 3200 τὰ
2251 3142 2539 3219 ἀλλότρια·
2618 3145 2707 3199 καὶ
2795 3147 3010 3222 ἁρπαγὴ
3070 3146 3416 3219 κεκοίμηται⁸
3476 3143 3786 3218 μνημόνευε

375 3255 491 3309 que
521 3239 902 3306 adulterium,
934 3256 1127 3310 neque
1170 3239 1573 3303 homicidium,
1607 3255 1800 3310 neque
1830 3239 2021 3294 ullum

2136 3239 2231 3303 τῆς
2261 3231 2514 3307 κρίσεως,
2572 3232 2660 3287 καὶ
2721 3229 2843 3288 οὔτε
2901 3234 3150 3309 πορνεία,
3205 3230 3329 3289 οὕτε
3383 3233 3626 3309 μοιχεία,
3663 3230 3788 3288 οὔτε

375 3344 622 3398 prorsus
653 3327 959 3398 illegitime
990 3329 1211 3384 factum
1240 3329 1396 3400 apud
1422 3334 1478 3384 te
1508 3328 1847 3384 invalescet.
1881 3330 2024 3382 Cum

376 3433 513 3471 vero
547 3415 912 3472 Oblivisceris
937 3416 1061 3482 Dei,
1088 3425 1227 3472 tunc
1254 3419 1494 3474 demum
1516 3417 1732 3489 incipis
1763 3422 1822 3472 et
1849 3433 2026 3488 prava

376 3505 656 3578 cogitare,
691 3511 750 3561 et
777 3505 988 3562 illicita
1017 3508 1323 3579 perﬁcere.

2134 3322 2317 3400 φόνος,
2351 3319 2474 3376 οὐδὲ
2502 3343 2554 3376 τι
2587 3326 2695 3377 τῶν
2754 3325 3240 3397 παρανομημάτων
3292 3327 3364 3397 (9)
3397 3322 3610 3399 ἰσχύσει
3638 3323 3790 3397 παρὰ

2135 3412 2244 3467 σοί.
2277 3414 2444 3468 ’Όταν
2477 3408 2533 3466 δὲ
2565 3409 2799 3486 ἐπιλάθῃ
2828 3415 2924 3466 τοῦ
2949 3416 3108 3481 Θεοῦ,
3132 3413 3256 3467 τότε
3278 3411 3473 3468 λοιπὸν
3507 3410 3659 3488 ἄρχῃ
3695 3411 3788 3468 λο-

2131 3502 2374 3578 γίζεσθαι
2399 3502 2637 3575 πονηρά,
2666 3500 2756 3556 καὶ
2789 3499 3061 3557 συντελεῖν
3093 3501 3405 3579 παράνομα.

449 3654 502 3690 ³⁸
528 3656 740 3714 Jerem.
771 3675 837 3726 ιι,
866 3659 955 3715 21.
985 3657 1032 3695 ³⁰
1061 3659 1251 3715 Eccle.
1283 3642 1504 3726 vn,'30.
1535 3657 1584 3693 ⁴⁰
1612 3658 1826 3731 Ephes.
1857 3674 1938 3724 ιιι,
2000 3660 2022 3710 1

2145 3655 2187 3689 δι
2247 3655 2413 3709 Prov.
2472 3669 2548 3722 γι,
2605 3653 2696 3708 27.
2754 3653 2800 3688 “
2863 3654 2989 3710 Vid.
3045 3663 3155 3710 cat.
3213 3655 3272 3722 4,
3326 3671 3382 3710 n.
3417 3655 3786 3716 2i.“Prov.

380 3744 454 3797 ιγ,
486 3731 575 3782 25.

452 3879 529 3957 (l)
564 3879 705 3954 Ἐγώ
763 3900 820 3934 σε
869 3877 1159 3957 ἐφύτευσα.
1220 3883 1402 3957 Codd.
1463 3881 1664 3957 Coisl.,
1723 3882 2032 3957 Roe_,__Ca_-

382 3950 562 4029 saub._
584 3950 649 4006 ut
679 3969 846 4029 sacer
866 3950 1099 4028 Textus,
1125 3962 1183 4012 et
1203 3956 1456 4029 Cyrillus
1479 3961 1590 4010 cat.
1623 3955 1675 4021 4,
1702 3970 1761 4008 n.
1798 3951 2030 4027 13,Ἑγὼ

384 4021 442 4076 δὲ
470 4020 728 4081 ἐφύτευσά
760 4046 839 4081 σε.

453 4094 527 4166 (2)
561 4094 752 4151 Εὖθύν.
787 4098 965 4153 Codd.
1018 4101 1219 4166 Coisl.,
1278 4102 1419 4165 Roe,
1477 4095 1746 4162 Casaub.,
1789 4094 2030 4163 habent,

382 4163 534 4235 εύθῆ,
567 4173 634 4240 ut
657 4169 814 4240 apud
845 4170 1004 4240 LXX.
1040 4163 1372 4227 Notandum
1406 4163 1598 4225 omitti
1630 4185 1664 4222 a
1692 4167 1910 4240 Cyrillo
1940 4183 2034 4240 vo-

383 4254 510 4315 cem
544 4238 638 4290 σύν
673 4238 808 4294 ante
840 4239 1273 4315 tovavbpwnov,
1310 4259 1441 4315 qum
1483 4242 1545 4294 in
1577 4238 2032 4315 nqstris__Bibl.iis

381 4309 618 4384 legitur,
654 4327 724 4384 ex
754 4312 948 4366 servili
978 4309 1113 4368 libri
1144 4309 1690 4384 hujus—interpretis
1724 4311 2029 4384 religione,

382 4381 863 4455 quillebraicam
921 4381 1275 4455 particulam
1327 4395 1413 4442 nu
1471 4381 1926 4454 praetermittere
1956 4382 2032 4434 ti-

382 4453 553 4509 muit.

456 4527 533 4594 (3)
592 4522 901 4588 Κτισθὲντες
957 4524 1046 4580 ἐπὶ
1103 4521 1280 4599 ἔργοις
1337 4525 1583 4598 ἀγαθοῖς.
1643 4523 1874 4579 Omittit
1929 4524 2034 4647 Εἴ·
2070 4521 2112 4586 D

465 4598 558 4648 lus
611 4599 807 4648 verba-
869 4597 920 4648 ἐν
978 4602 1059 4648 τῶ
1116 4597 1348 4648 Χοιστῶ’
1411 4599 1596 4648 Ιησοῦ.
1628 4595 1700 4648 ab
1751 4598 2032 4648 Anostoo

384 4597 558 4677 rillus
611 4599 807 4677 verba,
869 4597 920 4652 ἐν
978 4602 1059 4677 τῷ
1114 4595 1348 4671 Χριστῷ’
1385 4595 1596 4677 Ἰησοῦ,
1628 4595 1970 4677 abmAposto

385 4673 521 4738 post
548 4670 852 4733 κτισθέντες
874 4667 1098 4744 posita;
1135 4667 1265 4741 quaa
1297 4668 1662 4725 creationem
1693 4667 1882 4727 illam,
1913 4682 2033 4720 non

387 4736 709 4815 adnostrzn
741 4744 1183 4799 constitutionis
1227 4739 1572 4815 primordia,
1607 4743 1672 4792 ut
1701 4737 2032 4815 intelligere

386 4809 620 4886 videtur
645 4815 872 4882 Noster,
903 4817 1005 4871 sed
1032 4816 1105 4872 ad
1133 4809 1570 4886 reparationem
1593 4816 1652 4864 et
1676 4810 2037 4880 redemptio-

388 4897 531 4960 nem
555 4885 692 4960 J_esu
721 4886 936 4960 Christi
968 4884 1659 4960 pertinerersignificant.

460 4953 538 5030 (ξι)
571 4953 802 5030 ’ἐγαθὸς
861 4952 986 5014 ὤν.’
1023 4952 1400 5030 Participium
1457 4952 1531 5030 ὢν
1591 4953 1920 5030 adjecimus
1966 4969 2036 5030 ex

387 5022 560 5095 codd.
595 5022 733 5091 Rue,
766 5034 825 5081 et
852 5030 1098 5087 Casaub.
1161 5022 1252 5086 et-
1274 5047 1424 5085 vers.
1459 5026 1628 5083 Grod.
1665 5022 1851 5080 Paulo
1879 5029 2032 5095 post,

387 5093 698 5169 legebatur
727 5096 785 5152 in
817 5100 1010 5163 editis,
1070 5100 1147 5161 εἷς
1188 5101 1431 5169 πικρίαν,
1464 5102 1523 5154 in
1563 5093 2032 5153 amaritudinem.-

388 5165 515 5242 qu'o_
537 5165 674 5242 loco
697 5172 966 5242 exicodd.
1000 5175 1119 5229 Roe
1153 5180 1211 5227 et
1239 5165 1486 5229 casaub.
1531 5171 1899 5242 scripsimus,
1931 5185 2035 5220 no—

385 5235 602 5316 νηρίαν.
637 5240 812 5316 Coisl.
848 5242 1046 5311 habet,
1077 5243 1339 5316 πονηρόν.

456 5309 536 5380 (5)
568 5309 966 5370 Συναπὲλαυνε.
1001 5309 1351 5372 Oxoniensis
1410 5315 1687 5371 editionis
1720 5317 1925 5368 auctor
1952 5310 2035 5364 ita

388 5383 742 5452 emendavit,
779 5387 959 5461 quod,
997 5390 1492 5461 typographorum
1522 5393 1664 5459 puto
1695 5385 1854 5452 vitio,
1887 5384 2033 5437 irre-

384 5462 602 5527 pserat,
637 5455 988 5514 συναπέλαυε.

457 5530 535 5599 (θ)
566 5530 685 5604 Τῆς
718 5530 928 5604 ψΨΧῆςο
987 5529 1233 5604 Addit!”
1288 5531 1350 5604 in
1408 5530 1626 5604 conddi
1655 5527 1856 5604 ῼΟῘΒΙἏ
1887 5528 2032 5604 βοὲι

383 5594 661 5671 Casaub.,
689 5594 1086 5675 καῖ’ἇυντρίϐει
1116 5603 1184 5656 τὰ
1210 5603 1462 5674 νοήματα
1510 5601 1736 5669 (Coisl.,
1780 5598 1848 5652 τὰ
1879 5596 2012 5651 ὀστᾶ

383 5678 489 5742 τῆς
540 5669 806 5742 διανοίας,
839 5682 894 5734 et
940 5677 1176 5732 conterit
1226 5676 1583 5742 cogitationes
1631 5670 1859 5742 (Coisl.,
1896 5600 2036 5742 ossa)

361 5678 489 5750 -τῆς
540 5669 806 5750 διανοίας,
839 5682 894 5734 et
940 5669 1176 5732 conterit
1226 5669 1583 5750 cogitationes
1631 5670 1859 5745 (Coisl.,
1896 5685 2016 5725 ossa

2140 3879 2369 3951 mentis;
2405 3874 2620 3951 quibus
2653 3875 2828 3931 etiam
2853 3876 2920 3951 id
2969 3877 3028 3951 in
3064 3877 3188 3933 solo
3219 3877 3394 3935 Coisl.
3430 3878 3791 3951 subjicitur:

2141 3946 2495 4023 ἐπικαλύπτει
2525 3947 2587 3999 τὸ
2646 3947 2905 4023 φωτεινρν
2959 3950 3060 4023 τῆς
3118 3952 3325 4023 ψυχῆς,
3355 3946 3583 4023 animi:
3614 3952 3795 4008 lucem

2140 4021 2398 4089 contegit.
2435 4020 2568 4074 Haec
2598 4020 2802 4075 omnia
2856 4020 3004 4089 legis
3043 4020 3237 4078 (Στισὸίίζ⁷
3255 4027 3321 4076 ut
3349 4021 3411 4076 in
3443 4023 3574 4080 cod.
3608 4024 3794 4080 Coisl.

2212 4095 2288 4162 (7)
2312 4089 2854 4163 ,Καταγωγιζόμενοα
2899 4089 3241 4163 depugnans.
3288 4093 3495 4149 Melius
3534 4095 3595 4149 in
3629 4095 3797 4150 Cois-

2142 4160 2274 4227 lin.,
2307 4160 2745 4236 ἐπεισαγόμενος,
2778 4160 3002 4236 aliunde
3031 4160 3290 4236 adscitus.
3323 4165 3450 4220 Lin.
3493 4167 3797 4236 sequenti,

2143 4242 2280 4324 ante
2311 4232 2530 4324 αὐξάνον
2567 4234 2817 4324 habetur
2847 4235 2908 4289 in
2939 4235 3109 4324 codd.
3144 4239 3262 4292 Roe
3295 4242 3352 4324 et
3379 4232 3629 4324 Casaub.
3661 4232 3796 4324 vox,

2143 4305 2534 4379 ἀπροαιρέτως·
2593 4306 2947 4379 legendum,
2988 4305 3485 4379 αὐτοπροαιρέτως,
3538 4305 3800 4366 volunta-

2140 4377 2242 4444 rte,
2275 4377 2459 4433 ut'est
2488 4378 2549 4431 in
2581 4378 2772 4432 Ottob.
2807 4380 2861 4444 2,
2893 4377 2954 4432 id
2996 4378 3137 4451 legit
3167 4377 3342 4444 Grod,
3377 4380 3543 4445 Quod
3573 4381 3796 4437 deinde

2141 4451 2428 4533 quaeritur
2455 4455 2656 4504 utrum
2687 4454 3013 4533 peccatum.
3052 4451 3130 4505 sit
3185 4451 3524 4533 animallid
3549 4454 3801 4533 respicit

2146 4522 2489 4603 opinionem
2521 4521 2951 4603 quorumdam,
3003 4526 3146 4577 teste
3205 4523 3332 4577 Nilo
3385 4523 3486 4579 lib.
3521 4540 3579 4592 ιι,
3616 4521 3791 4594 epist.

2145 4597 2268 4662 309,
2302 4599 2361 4648 et
2390 4592 2491 4647 ιώ.
2525 4595 2577 4656 3,
2612 4598 2782 4663 epist.
2817 4595 2903 4657 22,
2937 4593 3085 4648 illud
3117 4595 3530 4650 asserentium.
3556 4593 3795 4650 Animal

2143 4671 2342 4720 autem
2374 4669 2650 4719 censetur
2681 4664 2971 4734 quidquid
2998 4671 3087 4719 est
3104 4667 3294 4721 vivum
3320 4667 3555 4722 tametsi
3579 4684 3791 4734 corpo-

2144 4737 2226 4791 ris
2255 4752 2482 4808 expers.
2520 4735 2610 4808 Sic
2641 4736 2838 4808 cat._{i,
2874 4753 2932 4790 ιι.
2972 4739 3057 4804 18,
3091 4737 3346 4808 Cyrillus
3390 4739 3654 4794 animam
3689 4735 3796 4794 lio-

2145 4805 2583 4862 minis’animal
2615 4806 2899 4906 appellat.

2218 4881 2292 4906 IO\
2326 4877 2534 4906 ’n-n..':.
2577 4875 2635 4906 οδ
2680 4897 2741 4906 ..ι-
2820 4885 2899 4906 ,ιιι-ι

2216 4881 2292 4946 (8)
2326 4877 2537 4949 Ὀρθοῖς
2577 4875 2764 4949 βλιτξε,
2818 4885 2929 4933 etc.
2993 4881 3058 4934 In
3114 4880 3291 4935 Coisl.
3343 4881 3472 4936 cod.
3510 4887 3570 4935 et
3598 4881 3793 4938 Ottob.

2145 4953 2199 5014 3,
2230 4945 2396 5018 Ὀρθᾶ
2430 4945 2786 5024 βλέπεηειε..
2821 4952 2988 5024 Recta
3036 4953 3199 5024 uide:
3244 4953 3431 5024 magis
3463 4954 3692 5008 accedit
3719 4951 3794 5024 ad

2146 5024 2354 5095 locum
2374 5020 2818 5095 proverbiorum
2848 5022 2944 5095 hic
2976 5038 3010 5076 a
3039 5023 3280 5095 Cyrillo‘
3299 5020 3658 5095 respectum.
3689 5023 3790 5095 qui

2146 5095 2231 5149 sic
2261 5091 2440 5147 habet
2464 5091 2579 5168 :7Q't
2609 5091 2888 5168 ὀφθαλμοί
2909 5112 3016 5168 *σου
3066 5091 3199 5164 ἆρθὰ
3231 5091 3599 5168 βλᾼεπέτωσαν·
3632 5091 3792 5168 Oculi

2146 5167 2229 5240 tui
2259 5172 2412 5240 recta
2439 5163 2682 5240 uideant.
2745 5165 3019 5240 Inferius.
3071 5163 3177 5236 pro
3232 5163 3444 5240 Κάτεχε
3484 5167 3552 5240 τὰ
3582 5167 3668 5231 σὰ,
3697 5163 3788 5240 καὶ

2149 5237 2223 5308 μή
2257 5238 2376 5307 αἶρε
2403 5234 2470 5288 τὰ
2498 5231 2722 5310 ante,
2754 5231 3140 5310 codd._Roe._
3181 5242 3240 5292 et
3291 5231 3538 5295 Casaub.
3573 5238 3793 5310 simpli-

2144 5301 2270 5365 cius
2303 5301 2517 5382 terunt,
2551 5306 2641 5382 Μῇ
2675 5301 2879 5382 ἅρπαζε
2905 5305 3291 5382 τᾶμάλλότρια,
3317 5315 3391 5367 Ne
3420 5328 3556 5382 rape
3585 5301 3786 5367 αιὶεἳια.

2143 5384 2231 5436 Ita
2259 5397 2456 5450 quque
2484 5377 2713 5433 ferebat
2740 5379 2925 5434 codex
2955 5377 3244 5437 Grodecii.

2216 5447 2292 5520 (9)
2323 5447 2467 5507 Οὐδὲ
2515 5469 2569 5502 τι
2624 5453 2732 5523 τῷν
2794 5451 3302 5523 παρανομημάτων.
3352 5455 3465 5509 Eas
3496 5470 3665 5509 voces
3691 5465 3790 5504 re-

2143 5525 2455 5596 posuimus
2477 5539 2556 5596 _ex
2577 5521 2755 5596 codd.
2789 5521 3018 5596 Ofttob.‘
3043 5521 3105 5578 2(
3133 5526 3272 5591 Roe,
3306 5527 3554 5582 Casaub.
3587 5531 3644 5582 et
3669 5537 3787 5596 ver-

2145 5591 2311 5652 sione
2342 5593 2636 5661 Grodecii,
2670 5610 2802 5664 quin
2833 5595 2894 5649 in
2927 5595 3291 5653 editionibus
3339 5591 3776 5654 Gnaeo-Latinis

2147 5673 2375 5725 servata
2401 5671 2514 5738 est,
2545 5665 2687 5721 licet
2714 5665 2992 5724 abessent
3021 5668 3239 5726 Graeca.
