4152 6264
393 174 510 236 391

1443 174 1505 235 S.
1554 173 1866 235 GYRILLI
1910 167 2324 234 HIEROSOL.
2369 169 2740 233 ARCHIEP.

3687 181 3812 244 392

467 312 582 366 VII.
623 309 817 365 Vin'tu
845 309 947 380 qui
977 324 1185 364 recens
1214 307 1288 364 ad
1319 309 1677 364 catechesim
1722 305 2018 363 accessisti

2130 365 2132 371 _
2233 301 2497 366 Ζ’.Θέλεις
2558 299 2688 358 ἰδεῖν
2747 307 2879 358 Θεοῦ
2937 299 3368 384 φιλανθρωπίαν,
3427 305 3491 362 σὺ
3543 308 3570 364 ὁ
3621 314 3825 370 νεωστὶ

393 401 495 458 Dei
528 400 966 458 humanitatem
993 398 1194 454 videre
1220 399 1247 454 ‘I
1293 399 1416 454 Vin‘
1459 399 1890 472 benignitatem
1931 395 2057 472 Dei,

389 497 448 548 et
477 490 779 564 patientiae
829 489 958 560 ejus
999 488 1446 544 multitudinem
1479 470 1869 560 perspicere?
1915 470 2055 542 audi

391 582 464 637 de
491 581 739 636 Adamo.
764 581 1133 649 Praeceptum
1156 577 1394 634 violavit
1420 577 1605 633 Adam
1631 577 1857 648 primus
1885 593 1919 631 a
1937 577 2053 630 Deo

389 670 670 728 conditus
701 669 877 723 homo
905 685 918 722 :
953 684 1072 722 non
1105 669 1298 739 potuit
1349 668 1548 722 statim
1573 668 1634 722 in
1659 667 1830 722 illum
1863 670 2051 720 morte

388 759 861 817 animadvertere
881 757 908 812 ?
929 758 1032 812 sed
1050 757 1178 811 vide
1202 756 1346 829 quid
1360 763 1494 827 agat
1513 757 1827 810 hominum
1854 771 2054 810 aman-

389 850 656 905 tissimus
684 848 992 902 Dominus.
1026 847 1199 916 Ejicit
1223 846 1395 902 illum
1429 863 1499 901 ex
1530 845 1807 917 paradiso
1832 847 2049 915 (neque

391 941 552 996 enim
581 938 745 993 illius
775 937 887 992 loci
917 936 1217 991 domicilio
1240 936 1452 1008 dignus
1485 941 1610 991 erat
1641 941 1884 1008 propter
1915 950 2048 1005 pec.

389 1030 650 1101 catum):
692 1044 826 1082 eum
857 1044 992 1081 vero
1026 1043 1056 1080 e
1107 1025 1345 1098 regione
1391 1024 1651 1098 paradisi
1679 1025 1835 1079 locat
1853 1023 1924 1086 59,
1974 1028 2042 1078 ut

383 1121 589 1177 videns
621 1117 778 1174 unde
811 1115 1120 1182 cediderit,
1155 1120 1212 1170 et
1244 1132 1313 1170 ex
1346 1116 1560 1186 quibus
1592 1115 1654 1169 in
1687 1131 1817 1185 quae
1845 1113 2042 1184 dejec-

381 1218 476 1267 tus
508 1211 604 1275 sit,
638 1206 918 1277 deinceps
949 1221 1054 1277 per
1085 1205 1495 1276 paenitentiam
1530 1203 1782 1258 salutem
1830 1219 2044 1257 conse-

382 1305 616 1374 quatur.
651 1297 815 1364 Cain,
849 1294 1074 1366 primus
1108 1300 1280 1366 partu
1305 1293 1498 1348 editus
1522 1291 2046 1359 homo,fratricida

381 1393 572 1448 factus
593 1393 722 1452 est;
778 1387 1048 1441 inventor
1096 1384 1411 1453 malorum,
1446 1388 1652 1437 auctor
1693 1387 1751 1436 et
1781 1382 1899 1436 dux
1929 1399 2042 1436 cae-

384 1481 564 1544 dium,
594 1475 945 1546 invidusque
971 1474 1200 1546 primus
1225 1472 1357 1527 :sed
1380 1477 1768 1544 posteaquam
1792 1488 1822 1526 e
1847 1471 2039 1526 medio

381 1569 623 1628 sustulit
649 1566 918 1633 fratrem,
961 1581 1078 1636 qua
1118 1580 1291 1635 poena
1322 1562 1686 1618 damnatur?
1735 1563 1960 1618 Gemens
1986 1569 2037 1616 et

2170 393 2245 456 εἷς
2274 395 2372 464 τὴν
2401 395 2707 468 κατήχησιν
2765 392 3052 463 ἐληλυθώς
3087 415 3101 464 ;
3136 394 3312 457 θέλεις
3370 393 3504 452 ἰδεῖν
3566 403 3700 455 Θεοῦ
3734 423 3820 480 φιτ

2161 481 2532 561 λανθρωπίαν,
2565 484 2652 540 καὶ
2684 491 2784 553 τῆς
2844 487 3228 559 μακροθυμίας
3259 487 3322 542 τὸ
3353 487 3571 558 πλῆθος
3606 517 3621 558 ;
3653 492 3820 548 ἄκου-

2158 595 2250 629 σον
2297 574 2422 648 περὶ
2479 579 2577 629 τοῦ
2631 571 2823 646 Ἄδαμ·
2884 576 3232 645 Παρήκουσεν
3293 575 3498 652 Ἀδὰμ,
3536 581 3564 634 ὁ
3599 584 3817 654 πρωτό-

2159 662 2400 725 πλαστος
2428 667 2523 718 τοῦ
2553 663 2706 718 Θεοῦ·
2742 665 2825 737 ἆρ’
2882 662 2981 718 οὐκ
3037 661 3258 720 ἐδύνατο
3312 667 3404 721 τὸν
3461 669 3689 724 θάνατον
3725 673 3816 727 εὖ·

2158 753 2250 815 θὺς
2279 753 2559 828 ἐπαγαγεῖν
2598 772 2610 820 ;
2644 751 2770 807 ἀλλ’
2810 747 2909 826 ὅρα
2964 752 3017 808 τί
3048 760 3199 808 ποιεῖ
3229 755 3257 810 ὁ
3290 753 3814 833 φιλανθρωπότατος

2157 841 2377 916 Κύριος.
2412 836 2704 896 Ἐκϐἀλλει
2735 841 2832 914 μὲν
2877 841 3034 896 αὐτὸν
3065 847 3163 898 τοῦ
3194 841 3524 915 παραδείσου
3558 849 3678 920 (τῆς
3710 851 3812 926 γὰρ

2155 929 2266 984 ἐκεῖ
2313 935 2390 1004 (1)
2449 925 2733 1003 διατριϐῆς
2793 930 3006 1000 ἀνάξιος
3066 932 3132 1000 ἦν
3195 928 3285 986 διὰ
3340 934 3439 1003 τὴν
3494 925 3810 1014 ἁμαρτίαν),

2152 1022 2446 1089 κατοικίζει
2481 1017 2536 1074 δὲ
2592 1017 2689 1073 τοῦ
2748 1015 3076 1093 παραδείσου
3107 1021 3411 1078 κατέναντι·
3440 1022 3533 1079 ’ίνα
3587 1026 3806 1101 βλέπων

2152 1110 2273 1174 ὅθεν
2306 1111 2534 1182 ἐξέπεσε,
2568 1110 2656 1165 καὶ
2689 1109 2740 1180 ἐξ
2772 1107 2904 1164 ο’ίων
2967 1111 3042 1173 εἷς
3103 1113 3193 1166 οἷα
3245 1115 3583 1187 κατηνέχθη,
3613 1115 3804 1174 λοιπὸν

2150 1199 2210 1254 ἐκ
2268 1200 2554 1273 μετανοίας
2614 1203 2785 1273 σωθῇ.
2847 1199 3420 1276 Κάϊνὸπρωτότοκος
3486 1202 3800 1276 ἄνθρωπος,

2150 1286 2544 1367 ἀδελφοκτόνος
2599 1287 2836 1364 γέγονεν·
2897 1289 3120 1363 εὑρετὴς
3175 1294 3283 1345 τῶν
3341 1297 3545 1361 κακῶν,
3577 1297 3664 1349 καὶ
3701 1297 3800 1371 ἀρ-

2147 1379 2327 1454 χηγὸς
2382 1383 2487 1432 τῶν
2543 1379 2746 1456 φόνων,
2802 1379 2889 1432 καὶ
2953 1379 3219 1454 βάσκανος
3276 1385 3514 1454 πρῶτος·
3549 1381 3799 1441 ἀλλ’ἀν-

2147 1467 2286 1523 ελὼν
2345 1469 2435 1523 τὸν
2495 1465 2732 1546 ἀδελφὸν
2768 1511 2782 1537 ,
2843 1468 2893 1522 τί
2953 1469 3382 1544 κατακρίνεται;
3438 1472 3648 1526 Στένων
3706 1474 3798 1528 καὶ

2142 1556 2357 1630 τρέμων
2391 1551 2485 1630 ἔσῃ
2516 1555 2602 1610 ἐπὶ
2641 1559 2740 1625 τῆς
2763 1561 2886 1632 γῆς.
2944 1557 3102 1631 Μέγα
3155 1560 3218 1612 τὸ
3273 1559 3595 1635 ἁμάρτημα,
3629 1565 3801 1637 μικρὰ

377 1668 604 1716 tremens
635 1657 740 1712 eris
767 1671 932 1726 super
976 1661 1176 1708 terram
1205 1655 1272 1706 ⁶¹.
1308 1655 1623 1709 Peccatum
1673 1652 1916 1724 grande,
1949 1652 2018 1706 le-

2143 1657 2178 1726 ἡ
2208 1653 2498 1726 καταδίκη.

375 1749 461 1804 vis
495 1744 931 1803 animadversio
945 1784 958 1800 .

450 1838 566 1892 VII.
599 1838 670 1890 Et
698 1836 825 1890 haec
855 1833 1096 1904 quidem
1113 1849 1246 1888 vere
1279 1833 1379 1887 Dei
1412 1831 1731 1888 clementia
1760 1831 1907 1897 fuit;
1933 1831 2037 1886 sed

376 1927 572 1982 adhuc
604 1941 780 1997 parva
811 1927 1086 1995 respectu
1117 1938 1324 1977 eorum
1375 1939 1506 1992 qua,
1539 1926 1892 1992 sequuntur.
1925 1921 2034 1974 Co-

375 2017 494 2090 gita
525 2016 685 2070 enim
719 2031 850 2085 quae
882 2018 1149 2085 tempore
1170 2013 1286 2067 Noe
1319 2011 1714 2080 contigerunt.
1750 2013 2037 2066 Peccave-

374 2110 518 2160 runt
568 2105 860 2178 gigantes,
894 2109 952 2158 et
981 2101 1268 2174 iniquitas
1300 2101 1361 2155 in
1393 2106 1551 2155 terra
1597 2100 1858 2172 plurima
1906 2105 2030 2155 tum

371 2195 587 2251 diffusa
617 2197 708 2248 est
726 2194 792 2261 δ’,
826 2198 885 2248 et
912 2197 1155 2264 propter
1185 2193 1336 2246 hanc
1361 2191 1765 2245 inducendum
1789 2195 1915 2248 erat
1936 2191 2028 2246 di-

378 2283 602 2340 luvium
629 2299 641 2337 :
665 2300 730 2338 ac
755 2281 1232 2354 quingentesimo
1255 2279 1498 2351 quidem
1521 2296 1678 2335 anno
1702 2281 2029 2336 commina-

375 2374 600 2429 tionem
631 2373 856 2445 profert
915 2373 1066 2426 Deus
1090 2369 1175 2438 63;
1233 2371 1663 2425 sexcentesimo
1705 2387 1840 2424 vero
1874 2371 2026 2425 dilu-

372 2464 533 2518 vium
564 2478 743 2534 super
779 2467 992 2516 terram
1025 2460 1271 2516 adduxit
1288 2459 1354 2514 ⁶⁴.
1389 2461 1592 2515 Cernis
1641 2459 2025 2533 benignitatis

365 2554 468 2608 Dei
501 2553 561 2608 in
595 2558 834 2608 centum
869 2567 1056 2605 annos
1092 2556 1388 2620 protensze
1419 2550 1796 2606 latitudinem
1819 2552 1846 2606 ‘?
1868 2569 2021 2606 nun-

365 2643 508 2712 quid
541 2642 721 2708 enim,
756 2639 914 2711 quod
947 2645 1186 2694 centum
1235 2645 1368 2710 post
1397 2655 1587 2694 annos
1636 2640 1794 2706 fecit,
1859 2641 2019 2696 illico

364 2733 560 2788 facere
583 2747 701 2784 non
723 2727 1001 2801 poterat?
1022 2727 1126 2782 sed
1148 2727 1284 2782 data
1317 2744 1496 2799 opera
1516 2727 1845 2798 protelavit,
1870 2729 2018 2785 dans

358 2818 733 2893 penitentiam
766 2817 983 2872 locum.
1019 2815 1222 2871 Viden’
1248 2816 1348 2870 Dei
1377 2816 1705 2871 bonitatem
1732 2816 1758 2870 ?
1787 2834 1896 2872 nec
1928 2818 2016 2873 illi

360 2914 526 2965 certe
557 2908 852 2972 homines,
892 2906 940 2961 si
973 2910 1097 2961 tum
1153 2905 1564 2977 resipuissent,
1599 2905 1861 2962 divinam
1901 2907 2014 2963 sibi

360 2998 742 3053 clementiam
773 2995 984 3051 deesse
1023 2995 1371 3051 sensissent.
2036 3038 2082 3108 C

428 3089 506 3108 τιν
553 3089 866 3108 11_,-'_‘___A
901 3104 1056 3108 _____
1099 3092 1146 3108 Δι
1178 3085 1243 3108 ,Δ
1273 3086 1416 3108 -13-..
1472 3087 1561 3108 ._-_2
1595 3103 1697 3108 _.-_
1725 3087 1974 3108 A___SA__

428 3089 526 3145 IX.
553 3089 870 3144 Veniamus
901 3104 1061 3142 nunc
1093 3092 1152 3141 et
1175 3085 1248 3142 ad
1269 3086 1442 3155 alios,
1466 3087 1565 3158 qui
1595 3103 1699 3158 per
1723 3087 2005 3159 pmniten-

356 3179 500 3234 tiam
534 3177 677 3234 salvi
707 3177 846 3232 facti
878 3182 1034 3231 sunt.
1063 3175 1187 3230 Erit
1215 3175 1363 3230 forte
1391 3175 1451 3229 in
1498 3176 1845 3232 mulieribus
1874 3195 2004 3248 quas

357 3267 551 3322 dicat:
581 3267 846 3321 Scortata
876 3281 1006 3319 sum
1042 3305 1056 3332 ,
1091 3263 1360 3318 adultera
1388 3265 1471 3320 fui
1507 3307 1521 3331 ,
1562 3265 1725 3319 omni
1757 3265 2003 3321 luxuriae

337 3373 568 3431 .genere
601 3373 813 3428 corpus
846 3354 1185 3425 inquinavi;
1217 3370 1371 3409 anne
1407 3359 1494 3409 est
1526 3355 1685 3410 salus
1707 3354 2000 3427 ?Inspice,

353 3464 387 3501 ο
419 3445 655 3512 mulier,
686 3445 746 3500 in
770 3443 990 3508 Rabab,
1021 3448 1081 3498 et
1101 3443 1349 3498 salutem
1366 3449 1427 3499 tu
1443 3461 1676 3516 quoque
1704 3451 2000 3516 exspecta.

354 3540 499 3592 Nam
526 3537 574 3592 si
608 3552 678 3591 ea
699 3553 829 3607 quas
849 3536 1044 3608 palam
1075 3535 1430 3606 publiceque
1462 3537 1883 3592 scortationem
1911 3554 2004 3593 ex-

357 3624 616 3691 ercebat,
670 3641 776 3696 per
822 3623 1232 3696 pmnitentiam
1255 3624 1507 3678 salutem
1529 3624 1744 3696 adepta
1765 3631 1891 3680 est:
1923 3643 2000 3682 an

353 3730 423 3769 ea
449 3731 579 3785 qua:
609 3712 793 3768 semel
823 3713 1146 3785 aliquando
1174 3717 1311 3769 ante
1351 3714 1600 3785 gratiam
1649 3715 1999 3786 [acceplam]

349 3819 564 3874 corpus
594 3801 846 3868 violavit,
883 3819 986 3874 per
1014 3803 1421 3874 pmnitentiam
1455 3807 1512 3856 et
1533 3802 1836 3873 jejunium
1879 3821 1998 3858 non

349 3891 678 3948 servabitur
699 3892 726 3947 ?
755 3891 1058 3956 Qnomodo
1092 3891 1249 3946 salva
1270 3891 1424 3947 facta
1455 3891 1530 3946 sit
1561 3891 1686 3954 illa,
1712 3893 1954 3963 exquire
1981 3910 1994 3948 :

348 3981 459 4036 hoc
491 3997 676 4036 unum
700 3979 877 4035 dixit:
900 3979 1043 4044 Quia
1066 3985 1204 4036 Deus
1229 3987 1400 4035 vester
1418 3983 1475 4033 in
1496 3981 1627 4034 calo
1649 3986 1699 4034 et
1735 3983 1794 4034 in
1826 3987 1994 4034 terra.

342 4072 480 4126 Deus
507 4076 678 4126 vester
701 4069 770 4135 ⁸⁵,
804 4069 1034 4140 inquit;
1069 4085 1242 4124 suum
1266 4069 1447 4137 enim,
1473 4074 1715 4141 propter
1737 4069 1995 4140 impudi-

343 4160 544 4217 citiam
574 4160 769 4215 dicere
801 4176 920 4214 non
977 4159 1250 4214 audebat.
1285 4159 1452 4225 Quod
1502 4160 1554 4214 si
1584 4160 1995 4232 consignatum

342 4251 404 4306 in
435 4249 742 4323 scripturis
774 4249 845 4304 de
877 4251 1005 4322 ejus
1036 4249 1225 4304 salute
1267 4251 1674 4306 testimonium
1726 4252 1992 4324 accipere

345 4357 499 4402 aves.
523 4341 706 4397 habes
729 4341 1015 4413 scriptum
1039 4339 1100 4394 in
1128 4339 1379 4395 Psalmis
1405 4356 1417 4394 :
1444 4343 1653 4396 Memor
1681 4358 1772 4396 ero
1801 4342 1992 4396 Ruhab

2213 1831 2700 1909 Η“Φιλανθρωπια
2747 1835 2840 1908 μὸν
2901 1834 2993 1890 οὗν
3025 1833 3246 1906 διληθῶς
3301 1834 3396 1890 καὶ
3452 1837 3586 1908 αὕτη
3639 1841 3793 1911 Θεοῦ,

2137 1922 2264 1979 ἀλλ’
2302 1921 2382 1979 ἔτι
2445 1924 2614 1998 μικρὰ
2667 1924 2805 1998 πρὸς
2855 1922 2926 1978 τὰ
2981 1922 3366 2002 ἐπιφερόμενα.
3425 1925 3791 2005 Λόγισαιγὶρ

2139 2013 2329 2087 μοιτὰ
2359 2014 2443 2068 ἐπὶ
2495 2017 2638 2070 Νῶε.
2685 2015 2969 2088 ’Ἥμαρτον
3023 2014 3075 2068 οἱ
3123 2013 3401 2089 γίγαντες,
3433 2015 3521 2070 καὶ
3557 2037 3795 2090 παρανο-

2137 2101 2236 2176 μία
2262 2100 2450 2172 πολλή
2501 2101 2623 2157 τότε
2677 2109 2782 2171 τῆσ
2837 2105 2938 2178 γῆς
2996 2101 3298 2178 κατεχύθη,
3337 2105 3425 2158 καὶ
3457 2101 3547 2159 διὰ
3576 2106 3777 2178 ταύτην

2131 2191 2513 2266 κατακλυσμὸς
2570 2189 2797 2264 ἔμελλεν
2858 2191 3200 2267 ἐπέρχεσθαι³
3259 2192 3470 2266 καὶτῷ
3517 2215 3783 2251 πεντακο-

2131 2288 2332 2356 σιοστῷ
2365 2284 2459 2356 μὲν
2522 2281 2626 2338 ἔτει
2683 2284 2784 2352 τὴν
2838 2280 3069 2352 ἀπειλὴν
3131 2282 3343 2361 ἐκφέρει
3373 2286 3401 2339 ὁ
3433 2287 3582 2353 Θεὸς,
3611 2292 3692 2360 τῷ
3724 2286 3780 2343 δὲ

2129 2372 2489 2443 ἑξακοσιοστῷ
2522 2414 2536 2440 ,
2594 2372 2685 2427 τὸν
2747 2371 3124 2446 κατακλυσμὸν
3183 2371 3452 2450 ἐπήγαγεν
3511 2373 3597 2430 ἐπὶ
3676 2378 3778 2446 τὴν

2124 2468 2246 2536 γῆν.
2283 2460 2510 2525 Βλέπεις
2558 2460 2972 2538 φιλανθρωπίας
3028 2466 3162 2517 Θεοῦ
3221 2461 3452 2527 πλάτος,
3481 2463 3558 2526 είς
3589 2465 3777 2521 ἑκατὸν

2123 2551 2591 2624 παρατεινομένης
2653 2551 2936 2624 χρόνους;
2993 2551 3134 2625 ἄρα,
3191 2550 3323 2626 ὅπερ
3377 2549 3600 2622 ἐποίησε
3655 2555 3778 2609 τότε

2128 2639 2262 2712 μετά
2318 2640 2415 2708 τὴν
2477 2637 2922 2708 ἓκατονταετίαν,
2983 2646 3327 2714 παραχρῆμα
3383 2641 3483 2695 οὑκ
3540 2639 3776 2710 ἠδύνατο

2121 2735 2397 2798 ποιῆσαις
2460 2727 2586 2784 ἀλλ’
2637 2724 2891 2797 ἐπίτηδες
2949 2728 3280 2802 παρέτεινεν,
3329 2727 3536 2784 ἔνδοσιν
3586 2728 3776 2794 διδοὺς

2123 2816 2428 2890 μετανοίας.
2489 2815 2714 2879 Βλέπεις
2775 2819 2910 2871 Θεοῦ
2969 2817 3322 2892 ἀγαθότητας
3377 2818 3468 2873 καὶ
3499 2816 3554 2874 εἷ’
3576 2840 3638 2894 γε
3671 2841 3772 2893 με-

2119 2905 2346 2977 ενόησαν
2381 2907 2434 2961 οἱ
2475 2905 2620 2973 τότε,
2675 2905 2776 2960 οὐκ
2805 2905 2863 2959 ἂν
2897 2905 3170 2982 ἀπέτυχον
3200 2913 3300 2977 τῆς
3353 2911 3451 2962 τοῦ
3500 2913 3634 2963 Θεοῦ
3683 2931 3777 2988 φι-

2117 2993 2466 3070 λανθρωπίας

2189 3085 2261 3140 Θ’.
2294 3083 2454 3141 Ἐλθέ
2489 3106 2586 3158 μοι
2629 3083 2827 3140 λοιπὸν
2877 3094 2967 3140 καί
3021 3083 3109 3140 ἐπὶ
3166 3085 3293 3150 τοὺς
3321 3085 3524 3150 ἄλλους
3554 3089 3690 3150 τοὺς
3712 3086 3772 3143 ἐκ

2119 3172 2403 3246 μετανοίας
2437 3175 2725 3239 σωθέντας.
2760 3171 2919 3230 Ἀλλ’
2962 3172 3093 3239 ἴσως
3123 3176 3215 3230 καὶ
3277 3175 3328 3231 ἐν
3385 3178 3619 3250 γυναιξὶν
3657 3176 3771 3252 ἐρεῖ

2112 3280 2218 3324 τιςο
2274 3263 2626 3338 Ἐπόρνευσα,
2680 3263 3000 3338 ἐμοιχευσα,
3059 3261 3304 3336 ἐμόλυνα
3331 3269 3395 3320 τὸ
3425 3269 3586 3338 σῶμα
3641 3286 3773 3320 παν-

2111 3351 2287 3414 τοίαις
2333 3351 2670 3415 ἀκολασίαις·
2731 3353 2816 3427 ἆρ’
2872 3350 2984 3408 ἔστι
3043 3354 3336 3430 σωτηρίας
3396 3351 3768 3428 ’Δπόϐλεῴοη

2113 3442 2357 3518 ὧγῦναι,
2405 3442 2480 3504 εἷς
2529 3443 2628 3511 τὴν
2686 3437 2873 3514 Ῥαὰϐ,
2933 3443 3022 3497 καὶ
3079 3440 3362 3518 προσδόκα
3419 3445 3512 3500 καὶ
3571 3444 3634 3499 σὺ
3665 3447 3765 3514 τὴν

2111 3531 2403 3606 σωτηρίαν’
2437 3531 2482 3586 εί
2537 3533 2637 3607 γὰρ
2696 3535 2730 3602 ἡ
2790 3536 3033 3608 φανερῶς
3092 3533 3183 3588 καὶ
3243 3531 3488 3607 δημοσίᾳ
3539 3535 3768 3612 πορνεόο

2111 3642 2263 3684 σασα,
2299 3620 2386 3677 διὰ
2447 3621 2730 3695 μετανοίας
2789 3622 2990 3693 ἐσώθη·
3051 3625 3218 3700 ἂραὴ
3251 3623 3389 3695 ἅπαξ
3447 3627 3580 3680 ποτὶ
3638 3646 3770 3700 πορ-

2108 3712 2336 3766 νεύσασα
2374 3712 2480 3786 πρὸ
2508 3719 2609 3780 τῆς
2658 3712 2908 3788 χάριτος,
2943 3710 3034 3768 διὰ
3066 3713 3348 3784 μετανοίας
3391 3713 3480 3768 καί
3510 3715 3763 3783 νηστείας

2110 3802 2175 3856 οὐ
2216 3802 2442 3870 σώζεται
2477 3820 2491 3869 ;
2543 3804 2666 3863 Πῶς
2699 3801 2802 3876 γὰρ
2837 3801 3012 3871 ἐσώθη
3046 3801 3244 3871 ἐκείνη,
3280 3804 3540 3873 ζήτησον·
3600 3808 3764 3859 τοῦτο

2113 3886 2275 3962 μόνον
2336 3892 2504 3944 εἶπεν*
2564 3892 2685 3946 ’Ὁτι
2745 3891 2774 3945 ὁ
2832 3891 2962 3954 Θεὸς
3019 3889 3170 3962 ὑμῶν
3223 3892 3298 3962 (3)
3328 3888 3380 3945 ἐν
3413 3891 3493 3962 τῷ
3553 3890 3770 3964 οὐρανῷ

2107 3981 2196 4034 καὶ
2227 3977 2312 4034 ἐπὶ
2359 3984 2460 4047 τῆς
2512 3984 2638 4053 γῆς.
2696 3978 2758 4035 Ὁ
2816 3979 2946 4043 Θεὸς
3001 3980 3174 4052 ὑμῶν·
3233 3979 3430 4050 ἑαυτῆς
3485 3979 3612 4058 γὰρ,
3671 3981 3768 4037 οὔκ

2107 4067 2409 4141 ἐτόλμησεν
2463 4067 2636 4122 εἰπεῖν
2699 4065 2790 4122 διὰ
2842 4069 2942 4136 τήν
3003 4066 3309 4144 ἀσέλγειαν.
3364 4069 3462 4127 Καὶ
3494 4070 3540 4126 εί
3595 4071 3765 4147 θέλῃς

2107 4155 2354 4228 δέξασθαι
2403 4161 2500 4211 τοῦ
2563 4163 2805 4225 σωθῆναι
2860 4156 3060 4228 ταύτην
3125 4158 3423 4233 μαρτυρίαν
3459 4157 3761 4239 ἔγγραφον,

2104 4241 2252 4322 ἔχεις
2329 4244 2668 4321 ἀνάγραπτον
2748 4247 2822 4318 (4)
2875 4243 2926 4300 ἐν
2989 4246 3250 4320 Ψαλμοῖς
3286 4267 3297 4280 ο
3359 4252 3758 4322 Μνησοήσομαι

2105 4331 2271 4392 Ῥαὰϐ
2329 4335 2417 4390 καὶ
2473 4329 2801 4397 Βαϐυλῶνος
2855 4340 2970 4398 τοῖς
3029 4337 3363 4410 γινώσκουσί
3425 4360 3512 4411 με.
3563 4341 3628 4394 Ὠ
3661 4361 3758 4412 με·

344 4439 395 4486 et
427 4431 726 4501 Babylonis
748 4429 1196 4500 cognoscentibus
1215 4445 1298 4484 me
1317 4429 1382 4483 ⁵⁸.
1407 4430 1449 4484 Ο
1475 4445 1749 4501 magnam
1773 4430 1873 4484 Dei
1898 4430 1991 4484 be-

2130 4425 2274 4496 νεὶλης
2302 4426 2398 4480 τοῦ
2450 4429 2584 4480 Θεοῦ
2640 4422 3077 4498 φιλανθρωπίας,
3139 4426 3230 4480 καὶ
3285 4432 3499 4498 πορνῶν
3535 4449 3751 4500 μνημοο

342 4521 853 4593 nignitatem,qua3
871 4520 1047 4575 etiam
1071 4519 1449 4574 meretricum
1467 4518 1527 4572 in
1543 4519 1860 4590 Scripturis
1875 4537 1993 4574 me-

339 4607 738 4680 minit.Neque
762 4609 1115 4681 simpliciter
1134 4607 1302 4678 dixit,
1322 4607 1422 4663 26
1443 4610 1648 4663 Memor
1679 4625 1769 4662 ero
1801 4608 1989 4663 Rahab

406 4781 451 4816 ⁸⁸
481 4783 623 4839 Gen.
652 4797 738 4848 ιιι,
771 4783 858 4835 24.

341 4848 389 4884 ⁸⁵
416 4853 590 4908 Josue
619 4870 678 4920 ιι,
714 4856 798 4906 11.

957 4780 1005 4816 ⁶⁰
1044 4781 1112 4834 V.
1142 4785 1254 4836 cat.
1309 4782 1396 4848 12,
1427 4795 1485 4833 η.
1520 4781 1571 4832 7.

903 4851 948 4886 ⁶⁶
975 4853 1129 4908 Psal.
1160 4868 1387 4917 Lxxxv1,
1421 4854 1473 4905 4.

338 5091 378 5145 C
409 5018 682 5146 (Ub'lixzi.
716 5020 927 5074 Vocem
977 5020 1130 5076 hanc
1185 5019 1385 5076 addidi
1445 5037 1517 5076 ex
1575 5017 1744 5076 codd.
1779 5020 1898 5075 Roe
1932 5023 1988 5074 et

383 5107 485 5146 asu
537 5131 549 5144 .

383 5107 549 5146 85110.

411 5163 486 5233 (2)
519 5163 632 5229 Τῆς
660 5163 757 5233 τοῦ
789 5162 925 5214 Θεοῦ
976 5161 1411 5232 φιλανθρωπίας.
1463 5162 1760 5219 Articulos
1798 5167 1899 5232 τῆς
1930 5169 1988 5218 et

334 5235 434 5286 τοῦ
462 5232 840 5304 reposuimus
870 5249 942 5290 ex
967 5233 1137 5291 codd.
1171 5236 1289 5290 Roe
1323 5240 1379 5290 et
1409 5234 1650 5290 Crsaub.

411 5306 486 5376 (3)
515 5303 576 5362 Ὀ
609 5303 738 5387 Θεὸς
772 5305 950 5387 ὑμῶν,
970 5310 1092 5387 _etc.
1127 5306 1192 5360 In
1224 5305 1356 5387 eod;
1388 5308 1505 5387 Hoc
1536 5305 1982 5387 Ιεεὶῐιιιρᾒμῷν,

337 5377 476 5448 Deus
533 5383 715 5448 noster
749 5417 761 5431 .
810 5377 912 5448 llic
967 5376 1132 5448 locus
1193 5378 1293 5448 sic,
1342 5377 1556 5448 legitur
1603 5376 1670 5433 in
1717 5377 1980 5448 __Bibliis;

335 5447 459 5522 ’ξΟτι
491 5447 693 5522 Κύριος
726 5448 752 5501 ὁ
785 5447 914 5522 Θεὸς
961 5447 1113 5522 ὸμῶν
1147 5489 1161 5514 ,
1209 5447 1337 5522 Θεὸς
1367 5444 1429 5499 ἐν
1452 5446 1663 5521 οὐρανῷ
1711 5445 1821 5501 ἄνω
1847 5491 1862 5517 ,
1892 5447 1982 5502 καὶ

339 5516 427 5574 ἐπὶ
474 5516 702 5593 τῆς-γῆς
731 5521 899 5574 κάτω’
959 5516 1238 5586 Dominus,
1299 5521 1438 5577 Deus
1479 5516 1656 5578 vester
1710 5516 1854 5576 Deus
1905 5527 1985 5576 est

1675 4778 1718 4812 ⁶¹
1751 4779 1894 4833 Gen.
1929 4795 2001 4849 ιν,
2034 4782 2116 4833 12.

2098 4515 2360 4586 νευούσης
2392 4513 2442 4569 ἐν
2492 4519 2747 4590 Γραφαῖς·
2810 4513 2937 4569 ἀλλ’
2993 4513 3101 4590 οὐχ
3158 4515 3367 4585 ἁπλῶς,
3417 4517 3745 4586 Μνησθήσο⁴

2103 4627 2198 4679 μαι
2255 4600 2418 4659 Ῥαὰϐ
2475 4603 2564 4659 καὶ
2625 4600 2977 4671 Βαϐυλῶνος,
3035 4601 3218 4661 Ἀλλᾶ
3286 4605 3419 4678 μετὰ
3463 4607 3581 4672 τοῦ,
3632 4603 3748 4667 τοὶς

2220 4776 2268 4812 θ’
2311 4776 2444 4832 Ose.
2487 4793 2564 4844 ιν,
2596 4781 2648 4832 2.
2752 4778 2800 4814 ⁸³
2831 4778 2974 4834 Gen.
3008 4794 3081 4845 vr,
3119 4781 3206 4833 13.
3282 4779 3330 4813 ⁶⁴
3356 4779 3498 4836 Gen.
3529 4795 3629 4849 vn,
3663 4783 3751 4834 11.

2096 5019 2155 5073 ἰη
2187 5018 2317 5073 ceeto
2345 5033 2584 5080 sursum.
2632 5025 2683 5073 et
2713 5020 2773 5073 in
2816 5025 2965 5074 terra
3015 5019 3285 5073 deorsum.
3320 5017 3489 5083 Quod
3519 5019 3753 5074 Prevol-

2097 5091 2214 5145 tius
2243 5091 2306 5145 in
2327 5106 2444 5170 sua
2473 5090 2960 5170 interpretatione
2983 5090 3198 5162 posuit,
3233 5089 3374 5144 licet
3402 5091 3601 5145 Graeca
3633 5091 3751 5146 dis-

2096 5161 2403 5218 crepantia
2427 5160 2698 5216 ediderit.

2167 5179 2192 5217 ε
2240 5179 2403 5217 anua
2427 5179 2698 5216 eaiaeru.

2167 5179 2246 5306 (Σ)
2277 5232 2670 5306 Ἀνάγραπτον.
2717 5232 2809 5287 Sic
2841 5231 3157 5306 scribimus
3203 5245 3274 5285 ex
3322 5231 3495 5287 codd.
3545 5233 3747 5306 Coisl.,

2096 5301 2235 5370 Ro'e,
2269 5301 2474 5360 Casau.
2519 5303 2746 5361 Habent
2805 5303 2970 5362 editi.
3027 5301 3415 5374 ἀνέγγραπτον,
3448 5305 3744 5359 contrario

2095 5373 2697 5503 sgnsu.2’§véygamoc
2727 5391 2836 5430 vox
2877 5375 3096 5448 Cyrillo
3135 5373 3300 5446 ’saape
3333 5375 3584 5446 repetita
3628 5382 3742 5432 cat.

2171 5493 2185 5504 .
2217 5465 2277 5504 n.
2389 5491 2400 5503 .

2171 5493 2185 5518 ,
2218 5489 2277 5504 με
2314 5489 2400 5503 -νο
