4152 6264
389 307 511 369 ωε

1449 307 1515 366 S.
1561 305 1877 368 CYRILLI
1921 302 2332 368 HIEROSOL.
2381 307 2755 369 ARCHIEP.

3689 304 3813 365 ιοιι

393 461 428 500 a
457 443 610 497 lecto
645 440 706 496 in
738 439 949 496 cmlum
984 438 1306 498 intendens
1327 441 1543 514 (neque
1572 444 1731 498 enim
1753 442 2046 514 parietum

2191 439 2240 505 ίς
2267 441 2356 497 τὸν
2385 448 2601 518 τοῖχον,
2633 443 2722 498 καὶ
2752 461 2930 504 τεινας
2960 440 3058 511 τὴν
3092 438 3332 496 οιάνοιαν
3364 439 3471 494 ἀπὸ
3499 444 3606 508 τῆς
3635 459 3812 513 στρω-

393 529 723 585 crassitudo
754 546 959 601 preces
991 529 1198 587 devota
1255 538 1452 587 mente
1503 550 1738 588 sursum
1797 532 2045 588 emissas

395 621 704 690 moratur),
736 621 819 674 ait
847 621 1093 683 Domine,
1128 629 1396 676 memento
1426 622 1532 677 mei
1552 622 1597 658 95
1629 639 1641 676 :
1694 623 1796 677 30
1829 622 2050 677 sufﬁcit

400 708 561 763 enim
593 707 666 764 ad
699 709 1013 763 sanitatem
1045 709 1216 775 mihi,
1241 710 1286 764 si
1315 715 1374 764 tu
1399 711 1513 765 mei
1538 711 1904 776 memineris,
1928 727 2046 764 non

405 797 771 870 temporibus
804 797 1094 870 subjaces,
1127 797 1231 853 sed
1287 799 1413 870 ipse
1472 817 1532 856 es
1563 802 1692 855 vitae
1723 799 2047 873 legislator,

403 904 598 959 neque
621 886 782 942 enim
815 887 1141 943 secundum
1188 889 1521 960 genituram
1555 894 1729 961 atque
1786 889 2049 944 siderum

407 977 900 1049 complexionem,
933 983 998 1032 ut
1026 979 1303 1034 nonnulli
1336 979 1594 1034 delirant
1624 1020 1639 1049 ,
1667 980 1797 1034 vitae
1829 984 2048 1034 nostrae

405 1073 522 1124 stat
545 1068 696 1124 ratio
717 1089 731 1135 ;
766 1068 870 1123 sed
897 1073 958 1123 tu
979 1073 1038 1124 et
1059 1069 1257 1136 vitam,
1278 1076 1336 1124 et
1353 1075 1588 1140 tempus
1609 1071 1738 1124 vitae
1765 1075 2050 1139 tanquam

397 1158 704 1231 legislator
733 1175 839 1230 pro
898 1158 1197 1214 voluntate
1230 1160 1578 1216 moderaris.
1611 1160 1792 1233 Cujus
1850 1160 2049 1230 itaque

400 1253 644 1322 propter
671 1249 974 1320 prophetas
1006 1249 1542 1315 denuntiationem,
1575 1249 1886 1321 desperata
1932 1249 2055 1303 vita

399 1343 569 1405 erat;
603 1337 693 1393 illi
726 1355 1018 1394 annorum
1079 1337 1425 1409 quindecim
1485 1344 1717 1410 tempus
1747 1338 1821 1394 ad
1874 1339 2051 1393 vitam

395 1434 808 1501 prorogatum,
840 1429 964 1484 sole
997 1430 1146 1502 signi
1177 1430 1364 1501 gratia
1420 1435 1784 1502 retrogresso
1830 1428 1898 1485 96.
1929 1430 2057 1484 Jam

403 1533 539 1572 vero
571 1517 656 1572 sol
690 1523 932 1588 propter
959 1518 1266 1574 Ezechiam
1297 1520 1618 1574 remeavit:
1644 1525 1705 1574 at
1732 1519 1890 1574 idem
1922 1535 2060 1590 pro-

410 1612 542 1679 pter
569 1607 868 1661 Christum
903 1606 1137 1675 defecit,
1189 1625 1310 1662 non
1361 1608 1742 1664 retrocedens
1775 1609 1875 1664 sed
1911 1606 2057 1663 deli-

417 1696 622 1768 quium
655 1711 864 1768 passus
885 1695 950 1765 97,
985 1711 1054 1752 ea
1086 1714 1147 1752 re
1197 1697 1338 1768 quid
1371 1698 1527 1753 inter
1553 1703 1894 1769 utrumque,
1926 1699 2066 1752 Eze-

2162 538 2301 604 μνῆς
2353 531 2430 594 εἴς
2461 533 2552 586 τὸν
2615 531 2839 604 οὐρανὸν
2896 530 3006 604 (ὁύ
3059 529 3162 606 γὰρ
3222 525 3506 602 ἐμποδίζει
3559 527 3817 602 παχύτης

2154 624 2261 675 τῶν
2320 621 2527 696 τοίχων
2588 627 2923 698 προσευχαῖς
2985 620 3101 694 μετ’
3162 613 3452 680 εὐλαϐείας
3499 618 3821 690 ἀναπεμπο-

2161 711 2434 783 μέναις),
2495 711 2673 785 φησί·
2728 711 2890 785 Κύριε
2953 708 3226 783 μνήσθητί
3287 730 3393 782 μου
3623 707 3813 782 αὕταρο

2156 821 2245 861 χες
2308 800 2408 875 γὰρ
2454 799 2529 863 εἰς
2588 800 2822 876 ἰατρείαν
2875 801 2938 854 τὸ
2999 801 3056 855 σὶ
3117 798 3422 873 μνησθῆναί
3483 816 3632 871 μου⁶
3707 797 3816 873 οὐχ

2162 884 2537 961 ὑποϐέϐλησαι
2567 891 2810 966 χρόνοις,
2842 889 2969 946 ἀλλ’
3000 890 3164 952 αὐτὸς
3195 891 3244 944 εἶ
3268 895 3369 958 τῆς
3406 893 3550 958 ζωῆς
3583 889 3611 944 ὁ
3634 908 3814 960 νομο-

2161 978 2338 1049 Θέτης.
2373 978 2451 1036 Οὐ
2476 979 2575 1056 γὰρ
2605 981 2741 1034 κατὰ
2771 981 2975 1055 γένεσιν
3016 1025 3030 1052 ,
3060 977 3149 1034 καὶ
3208 976 3426 1048 πλοκὴν
3455 978 3661 1054 ἄστρων
3689 1020 3703 1044 ,
3739 977 3820 1041 ὥς

2159 1089 2300 1130 τινες
2348 1067 2829 1144 ματαιολογοῦσιν,
2867 1073 3042 1142 ζῶμεν
3072 1071 3170 1142 (3)·
3230 1065 3356 1123 ἁλλ’
3408 1066 3567 1130 αὐτὸς
3598 1066 3689 1122 καὶ
3718 1071 3819 1120 τοῦ

2165 1162 2284 1228 ζῆν,
2317 1159 2406 1213 καὶ
2440 1159 2529 1213 ὅτε
2559 1155 2642 1213 δεῖ
2673 1162 2790 1232 ζῇν,
2825 1159 2900 1221 ὡς
2937 1157 3132 1233 βούλει
3170 1156 3473 1231 νομοθέτης
3505 1158 3817 1232 τυγχάνεις·

2162 1245 2251 1302 καὶ
2359 1247 2421 1302 τὸ
2455 1252 2548 1322 ζῇν
2583 1247 2908 1303 ἀνέλπιστον
2960 1245 3051 1302 διὰ
3079 1247 3179 1317 τὴν
3226 1247 3578 1326 προφητικήν
3607 1246 3820 1324 ἀπόφα-

2167 1358 2248 1392 σιν
2287 1381 2300 1407 ,
2356 1335 2534 1409 τούτῳ
2590 1335 3102 1406 πεντεκαιδεκαετὴς
3163 1337 3512 1412 προσετίθετο
3567 1335 3812 1412 χρόνος,

2166 1426 2330 1495 ἡλίου
2369 1423 2768 1501 παλίνδρομον,
2802 1424 2892 1481 διὰ
2919 1426 2982 1481 τὸ
3014 1433 3265 1499 σημεῖον,
3299 1424 3670 1499 ποιησαμένου
3717 1426 3818 1495 τὴν

2169 1517 2413 1595 πορείαν.
2466 1518 2617 1590 Εἶτα,
2671 1516 2758 1572 διὰ
2792 1518 2886 1592 μὲν
2935 1519 3025 1573 τὸν
3087 1519 3333 1594 Ἐζεχίαν
3365 1516 3528 1587 ἥλιος
3564 1514 3827 1592 ὑπέστρε-

2170 1611 2264 1682 ψεν
2299 1612 2395 1680 (4),
2431 1605 2518 1662 διὰ
2549 1605 2607 1662 δὲ
2634 1609 2725 1662 τὸν
2757 1609 2986 1683 Χριστὸν
3047 1607 3209 1677 ἥλιος
3242 1606 3482 1680 ἐξέλιπεν
3517 1627 3530 1640 ·
3567 1606 3665 1662 οὐκ
3694 1605 3823 1661 ἁνα-

2171 1693 2397 1758 ποδίσας
2431 1694 2558 1752 ἀλλ’
2587 1694 2854 1751 ἐλλείπων
2891 1741 2905 1766 ,
2932 1697 3019 1751 καὶ
3065 1695 3152 1751 διὰ
3181 1700 3341 1752 τοῦτο
3375 1693 3546 1766 δείξας
3577 1697 3678 1765 τὴν
3710 1693 3830 1751 δια-

415 1785 612 1842 chiam
643 1785 774 1841 dico
806 1790 866 1840 et
890 1787 1089 1842 Jesum
1146 1787 1480 1855 interesset,
1527 1787 1963 1843 demonstrans.
1997 1788 2067 1840 Et

2190 1786 2348 1862 φορὰν
2410 1785 2694 1859 ἑκατέρων,
2757 1785 3009 1861 Ἐζεχίου
3063 1783 3207 1861 λέγω
3259 1784 3351 1840 καὶ
3411 1787 3614 1856 Ἰησοῦ.
3668 1783 3832 1839 Καὶὸ

415 1876 518 1932 ille
550 1876 791 1948 quidem
821 1877 1012 1948 potuit
1041 1877 1143 1932 Dei
1184 1877 1411 1933 solvere
1455 1878 1847 1933 sententiam:
1897 1877 2066 1932 Jesus

397 1970 617 2023 autem
647 1970 1024 2037 peccatorum
1053 1965 1465 2022 dimissionem
1487 1967 1626 2023 dare
1655 1984 1775 2022 non
1805 1964 2067 2038 poterit?

415 2058 714 2123 Avertere,
749 2061 806 2111 et
836 2055 940 2110 tibi
975 2055 1089 2126 ipsi
1131 2057 1454 2128 ingemisce
1481 2056 1528 2092 ⁸⁸
1559 2075 1573 2124 ;
1624 2058 1782 2112 fores
1835 2055 2066 2123 claude,

413 2150 473 2202 et
503 2161 604 2200 ora
624 2149 693 2200 ut
721 2144 826 2199 tibi
856 2145 1196 2200 remittatur
1216 2144 1281 2216 '9,
1306 2152 1371 2201 ut
1391 2151 1633 2202 urentes
1656 2163 1691 2202 a
1718 2151 1775 2200 te
1799 2146 2070 2201 ﬂammas

411 2235 671 2306 disjicia-t
717 2235 898 2306 [Deus
929 2235 1018 2306 ‘j;
1081 2241 1276 2306 potest
1328 2236 1490 2292 enim
1523 2236 1814 2292 confessio
1872 2236 2070 2307 ignem

413 2323 808 2396 exstinguere,
841 2329 1038 2395 potest
1060 2329 1118 2379 et
1147 2324 1351 2381 leones
1383 2327 1650 2382 cicurare
1681 2325 1724 2382 2.

489 2413 635 2470 XVI.
669 2413 837 2478 Quod
869 2413 915 2468 si
951 2431 1072 2470 non
1103 2414 1317 2482 credis,
1354 2416 1616 2488 recogita
1647 2417 1746 2486 qui
1794 2415 2076 2471 acciderit

423 2502 671 2560 Ananiae
704 2507 762 2557 et
809 2503 1018 2568 sociis;
1081 2504 1414 2574 cujusmodi
1447 2505 1784 2560 effuderunt
1827 2505 2020 2560 fontes
2050 2504 2076 2558 ?

427 2599 574 2666 quot
600 2609 769 2665 aquae
801 2593 1040 2648 sextarii
1093 2596 1167 2654 (1)
1197 2594 1503 2650 ﬂammam
1560 2595 1634 2650 ad
1687 2595 2078 2667 quadraginta

427 2700 640 2740 novem
671 2684 902 2740 cubitos
945 2689 1360 2756 exsurgentem
1418 2685 1789 2757 exstinguere
1821 2684 2076 2740 sufﬁcie-

430 2772 623 2829 bant?
647 2774 760 2830 Sed
790 2774 891 2829 ubi
923 2772 1223 2830 modicum
1282 2775 1653 2846 exsuperavit
1707 2775 1966 2845 ﬂamma,
1995 2774 2080 2829 ibi

402 2883 408 2912 :
431 2863 594 2920 ﬂuvii
626 2863 812 2920 instar
840 2864 1029 2918 effusa
1057 2862 1204 2918 ﬁdes
1227 2867 1353 2920 est:
1387 2864 1628 2935 illicque
1657 2880 1764 2936 pro
1785 2864 2080 2920 malorum

429 2952 696 3010 remedio
729 2952 1043 3008 dicebant:
1093 2954 1278 3008 Justus
1334 2969 1406 3021 es,
1461 2953 1710 3021 Domine,
1745 2955 1803 3007 in
1834 2953 2081 3008 omnibus

428 3060 549 3116 qua
578 3043 759 3112 fec-isti
775 3043 932 3098 nobis
953 3060 973 3097 :
994 3044 1340 3112 peccavimus
1364 3045 1508 3099 enim
1525 3050 1578 3098 et
1603 3044 1791 3113 inique
1809 3044 2016 3113 egimus
2037 3042 2077 3095 ⁸.

431 3136 508 3188 Ac
538 3133 888 3205 pmnitentia
917 3132 1190 3187 ﬂammas
1239 3133 1526 3189 dissolvit.
1563 3133 1619 3186 Si
1651 3133 1872 3188 diffidis
1903 3148 2077 3204 posse

427 3221 836 3295 paenitentiam
865 3221 1150 3293 gehennae
1182 3222 1380 3294 ignem
1411 3223 1800 3295 restinguere,
1845 3239 1914 3277 ea
1945 3239 2077 3292 quae

426 3311 672 3368 Ananiaa
731 3315 790 3366 et
842 3310 1019 3366 sociis
1076 3311 1373 3384 contigere
1419 3316 1476 3367 te
1518 3311 1787 3368 doceant.
1827 3311 1938 3366 Sed
1991 3311 2082 3366 di-

401 3513 411 3524 ,
501 3457 548 3494 ⁸⁵
577 3456 689 3512 Isa.
735 3471 972 3521 xxxvm,
1005 3457 1057 3510 3.
1090 3454 1138 3488 9⁸
1180 3455 1324 3513 ibid.
1377 3459 1429 3511 8.

405 3538 410 3548 ‘
453 3525 456 3528 ’
501 3530 525 3566 ³
555 3529 702 3584 Dan.
733 3541 808 3594 VI,
839 3530 926 3582 22.
1005 3525 1028 3560 3
1057 3527 1202 3582 Dan.
1237 3545 1322 3595 ιιι,
1353 3531 1543 3583 27-29.

436 3671 540 3726 lib.
570 3687 603 3724 ν
633 3670 706 3724 De
741 3671 919 3736 Trin.,
953 3685 1117 3724 num.
1143 3671 1248 3738 33;
1283 3671 1576 3742 Ambros,
1608 3673 1666 3726 in
1698 3671 1844 3742 psat.
1896 3687 2084 3738 cxvm,

437 3757 614 3798 serm.
651 3745 739 3811 12,
771 3756 827 3795 n.
865 3742 951 3794 32.

504 3815 585 3886 (1)
617 3814 760 3878 Quot
816 3828 974 3882 aquae
1027 3814 1280 3881 semtarii,
1339 3813 1500 3866 πόσοι
1560 3813 1756 3885 ξέσται.
1812 3814 1961 3880 Quid
2013 3813 2088 3868 sit

438 3883 648 3956 ξέστης,
682 3901 786 3940 seu
844 3886 1138 3952 sextarius,
1193 3886 1474 3941 describit
1522 3883 1728 3957 auctor
1775 3886 1977 3957 scripti
2011 3890 2086 3957 De

398 3988 400 3994 -
437 3955 703 4012 mensuris
733 3962 783 4011 et
804 3957 1160 4030 ponderibus,
1197 3964 1330 4023 etc.,
1358 3975 1424 4012 ex
1449 3960 1585 4030 Reg.
1623 3955 1945 4030 cod.7328?2,
1970 3955 2089 4030 edi-

438 4035 533 4084 tus
554 4045 693 4084 ann.
730 4029 866 4081 1688
898 4043 931 4081 a
962 4033 1165 4083 nostro
1198 4030 1262 4083 D.
1298 4031 1470 4083 Bern.
1505 4028 1576 4082 de
1595 4029 1969 4083 Montfaucon
2001 4028 2089 4080 in-

408 4106 524 4155 -ter
553 4100 814 4156 Analecta
851 4099 1044 4170 Graeca
1075 4117 1132 4170 p.
1166 4101 1294 4169 394,
1325 4101 1492 4156 aiens
1552 4100 1871 4155 sextarium
1929 4101 2088 4154 Grae-

437 4189 570 4228 cum
602 4171 785 4225 libras
833 4169 979 4223 duas
1028 4169 1355 4238 centinere,
1389 4172 1660 4228 Italicum
1704 4189 1840 4227 vero
1873 4171 2085 4226 libram

435 4256 803 4315 unamcum
857 4239 1125 4315 dimidio.
1161 4243 1217 4296 Si
1265 4243 1423 4297 idem
1464 4244 1667 4314 Cyrilli
1721 4243 2086 4315 temporibus

437 4313 677 4372 sextarii
707 4311 872 4367 valor
903 4317 1048 4378 erat,
1081 4312 1314 4369 locutus
1341 4311 1524 4369 fuerit
1550 4315 1622 4370 de
1670 4333 1803 4370 vase
1843 4311 2090 4369 circiter

436 4391 505 4441 24
536 4404 567 4442 e
605 4384 827 4441 nostris
865 4383 1072 4438 uncias
1103 4387 1465 4442 continente.

534 4460 591 4527 2)
641 4454 926 4525 Μνήσθητί
976 4475 1100 4526 μου.
1155 4459 1509 4512 Pronomem
1559 4474 1678 4512 non
1727 4457 1979 4512 habetur
2026 4457 2086 4510 in

1522 3459 1563 3492 ⁰⁷
1594 3457 1774 3513 Eccli.
1816 3473 2005 3525 vanI,
2060 3457 2150 3513 26.

2181 1875 2274 1948 μὲν
2334 1872 2556 1949 ἴσχυσεν
2588 1878 2660 1947 (5)
2692 1875 2960 1952 ἀπόφασιν
3022 1879 3156 1930 Θεοῦ
3213 1872 3395 1929 λῦσαι·
3433 1876 3642 1946 Ἰησοῦς
3675 1871 3733 1928 δὲ
3763 1873 3826 1928 οὗ

2176 1963 2459 2037 χαρίζεται
2489 1962 2672 2041 ἄφεσιν
2705 1966 2987 2037 ἁμαρτιῶν
3024 1985 3037 2033 ;
3071 1965 3444 2039 Ἀπόστρεψον
3481 2009 3494 2034 ,
3526 1963 3618 2019 καὶ
3651 1963 3834 2018 στένα-

2180 2053 2265 2122 ξον
2326 2053 2564 2122 σεαυτὸν,
2623 2053 2948 2109 ἀπόκλεισον
2997 2055 3098 2122 τὴν
3157 2053 3342 2128 θύραν,
3399 2054 3483 2108 καὶ
3546 2052 3841 2129 προσευξαι

2174 2142 2267 2196 ’ίνα
2296 2162 2380 2196 σοι
2412 2143 2608 2218 ἀφεθῇ,
2655 2140 2749 2197 ’ίνα
2804 2163 2902 2197 σου
2931 2141 3157 2218 περιέλῃ
3213 2143 3310 2204 τὰς
3341 2141 3553 2220 φλόγας
3579 2143 3676 2204 τὰς
3706 2163 3842 2197 καυ·

2182 2232 2388 2293 στικάς·
2449 2230 2626 2305 ἰσχύει
2685 2231 2788 2307 γὰρ
2843 2229 3244 2307 ἐξομολόγησις
3299 2227 3488 2287 σϐέσαι
3543 2231 3633 2287 καὶ
3705 2235 3841 2308 πῦρ,

2182 2320 2365 2396 ἶσχύει
2395 2320 2483 2375 καὶ
2516 2319 2739 2382 λέοντας
2776 2323 3085 2397 ἡμερῶσαι.

2255 2410 2344 2479 Ιζ“.
2407 2409 2468 2465 Εἰ
2528 2407 2585 2464 δὲ
2643 2409 2899 2484 ἀπιστῇς,
2956 2408 3213 2480 ἒννόησον
3274 2411 3326 2466 τί
3373 2405 3675 2487 συγκατέϐη
3723 2415 3846 2474 τοῖς

2182 2519 2299 2574 τερι
2351 2499 2444 2554 τὸν
2503 2498 2961 2562 Ἀνανίανοποίας
2991 2499 3205 2575 ἐξέχεαν
3265 2502 3482 2576 πηγάςς
3538 2501 3699 2555 πόσοι
3755 2498 3841 2570 ξέ-

2185 2609 2304 2644 σται
2362 2586 2555 2651 ὕδατος
2589 2631 2604 2659 ,
2659 2610 2757 2658 την
2811 2587 2900 2644 ἐπὶ
2975 2596 3372 2666 τεσσαράκοντα
3427 2589 3576 2645 ἐννέα
3632 2591 3839 2663 πήχεις

2186 2677 2562 2753 ἀνερχομένην
2595 2681 2669 2752 (6)
2723 2677 2900 2756 φλόγα
2930 2673 3112 2734 σϐέσαι
3141 2677 3406 2750 ἠδύναντο
3442 2699 3456 2748 ς
3511 2677 3670 2736 Ἀλλ’
3700 2678 3842 2733 ὅπου

2191 2767 2380 2843 όλιγον
2442 2763 2744 2842 ὑπερανέϐη
2777 2771 2811 2838 ἡ
2845 2767 3003 2846 φλὸξ,
3060 2767 3174 2824 ἐκεῖ
3227 2766 3548 2843 ποταμηδὸν
3603 2766 3835 2843 ἐξεχύθη

2189 2861 2224 2928 ἡ
2251 2857 2455 2927 πίστις,
2487 2859 2576 2912 καὶ
2634 2855 2746 2912 ἐκεῖ
2803 2854 2999 2933 ἔλεγον
3055 2858 3116 2912 τὸ
3171 2859 3578 2933 ἀντιφάρμακον
3607 2861 3711 2911 τῶν
3743 2876 3846 2911 κα-

2189 2950 2298 3005 κῶν
2335 2968 2347 2980 '
2404 2947 2618 3009 Δίκαιος
2673 2948 2717 3002 εἰ
2751 2994 2766 3020 ,
2827 2947 3026 3024 Κύριε,
3081 2946 3169 3002 ἐπὶ
3226 2955 3386 3003 πᾶσιν
3446 2949 3524 3010 οἷς
3579 2946 3843 3017 ἐποίησας

2190 3042 2326 3113 ἡμῖν
2385 3042 2484 3111 (7)·
2541 3037 2865 3111 ἡμάρτομεν
2922 3039 3024 3114 γὰρ
3080 3039 3169 3093 καὶ
3219 3039 3594 3110 ἠνομήσαμεν.
3646 3036 3749 3092 Καὶ
3801 3036 3837 3104 ἠ

2197 3129 2451 3202 μετάνοια
2504 3123 2663 3182 ἔλυσε
2718 3127 2813 3188 τὰς
2871 3125 3096 3204 φλόγας.
3146 3126 3215 3183 Ei’
3266 3127 3526 3196 ἀπιστεῖς,
3560 3123 3643 3180 ὅτι
3679 3121 3839 3179 δύνα-

2191 3239 2278 3273 ται
2311 3211 2496 3272 σϐέσαι
2549 3218 2612 3270 τὸ
2663 3221 2764 3286 τῆς
2805 3215 3024 3292 γεέννης
3081 3221 3188 3292 πῦρ
3246 3217 3280 3286 ἠ
3339 3217 3616 3288 μετάνοια,
3649 3213 3710 3269 έκ
3735 3217 3845 3269 τῶν

2193 3305 2316 3383 περὶ
2348 3306 2438 3360 τὸν
2489 3303 2738 3361 Ἀνανίαν
2792 3307 3172 3381 γεγενημένων
3229 3304 3382 3380 μάθε.
3443 3303 3597 3362 Ἀλλ’
3631 3304 3740 3380 ἐρεῖ
3769 3324 3852 3366 τις

2249 3453 2436 3509 9315a.
2489 3470 2622 3520 xxx,
2657 3453 2742 3509 15.
2838 3453 2883 3488 '9
2913 3436 3114 3508 Matth.
3159 3471 3234 3523 γι,
3267 3457 3318 3507 6.
3420 3452 3438 3487 ί
3470 3454 3618 3508 Dan.
3654 3469 3738 3520 III,
3766 3421 3854 3506 50.

2196 3669 2413 3741 legitur
2441 3667 2504 3741 in
2533 3667 2703 3741 codd.
2736 3669 2855 3723 Roe
2889 3672 2947 3723 et
2977 3666 3286 3741 Casaub._:_
3311 3665 3409 3718 Καὶ
3458 3663 3700 3741 Ἐζεκίας
3726 3664 3852 3741 __p.‘av

2196 3734 2420 3816 ἴσχυσεν
2463 3737 2742 3816 *ᾇπόφασιν
2799 3734 3398 3816 θανατ-ηφόρρνλῦσαι·
3455 3734 3850 3816 Ἰησοῦςλῡθ-

2197 3799 2296 3868 θεῖ
2317 3813 2519 3898 Ἰησοῦς
2552 3799 2614 3866 iri
2645 3799 2916 3898 Casa‘u‘b‘.)
2946 3799 3046 3898 ett
3077 3799 3206 3898 οὐχὶ
3237 3806 3420 3898 ἱκανός
3453 3799 3640 3898 ἅφὲσίν
3671 3799 3853 3898 ἆμαρ-

2194 3887 2325 3936 τιῶν
2360 3881 2615 3971 παρέχειν
2648 3879 2915 3971 ;’Ἀλλὰζ
2943 3879 3340 3971 ἀπρστράιξητιΙ
3378 3879 3514 3971 (leg;
3573 3879 3846 3970 da‘oatpé'z-

2196 3956 2352 4030 φηθι)
2394 3949 2764 4030 παῖστέναξον
2825 3952 2917 4030 ιιλαῖ
2972 3949 3158 4030 αὐτός.
3199 3949 3566 4030 Ἂπόζιλεςσον
3595 3952 3695 4030 τῂν
3753 3949 3848 4016 δυ-

2197 4023 2436 4106 ραν,;ξιαὶ
2468 4024 2754 4106 πρόσευξαι
2799 4028 2878 4097 τῷ
2901 4025 2994 4106 ,τὰ
3023 4023 3224 4106 κρύῗια
3277 4024 3606 4106 καθορῷντι,
3633 4023 3721 4077 ἳνα
3752 4043 3847 4078 σου

2195 4093 2420 4179 περιέλῃ
2449 4093 3011 4179 τὰς-ετοίμ-αζοίιὲνας
3060 4093 3161 4179 τοῦ
3208 4095 3378 4179 πυρὸς
3415 4093 3738 4179 μάστιγαςι(
3765 4105 3849 4179 βο

2201 4193 2221 4219 α
2249 4168 2441 4241 potuit
2461 4169 2704 4240 quidem
2730 4170 3004 4224 Ezechias
3027 4169 3389 4224 sententiam
3413 4168 3665 4241 mortem
3695 4168 3852 4223 infe-

2198 4266 2223 4292 ‹‹
2250 4239 2858 4296 Ῠεηιοιιιίάἱεειοινειοι
2892 4242 3059 4296 Jesus
3092 4246 3287 4295 autem
3308 4257 3430 4294 non
3457 4240 3570 4296 erit
3602 4239 3850 4296 idoneus

2199 4335 2227 4364 «
2259 4313 2354 4383 qui
2408 4313 2825 4368 remissionem
2862 4318 3242 4384 peccatorum
3273 4312 3606 4384 largiatur?
3636 4313 3850 4384 Verum

2197 4408 2225 4435 α
2252 4391 2514 4458 avertere
2536 4390 2592 4439 et
2622 4383 2942 4458 ingemisce
2967 4390 3028 4438 tu
3051 4400 3311 4458 quoque,
3329 4383 3847 4458 januampcclude

2203 4480 2223 4505 .‹
2262 4457 2483 4528 (Matth.
2529 4472 2602 4524 vx,
2638 4453 2730 4527 6)‘:
2768 4461 2825 4510 et
2845 4472 2980 4510 eum
3003 4453 3102 4528 qui
3135 4453 3664 4528 abscondit—avida
3683 4469 3847 4506 com-

407 4543 416 4572 κ
440 4525 667 4589 Bibliis.
700 4532 830 4583 orat
861 4528 1014 4582 enim
1041 4529 1315 4584 Ezechias
1345 4530 1531 4584 Deum
1553 4535 1619 4583 ut
1643 4545 1884 4584 suorum
1907 4528 2090 4582 bene-
2121 4532 2165 4596 1)
2199 4551 2227 4578 «
2259 4525 2523 4610 precare,
2557 4533 2622 4581 ut
2646 4525 2855 4653 garata
2885 4527 2990 4581 tibi
3022 4525 3175 4599 ignis
3207 4527 3438 4600 ﬂagella
3465 4525 3782 4579 dimovent.
3812 4543 3842 4571 ››

437 4602 730 4653 factorum
759 4600 1125 4653 recordetur.
1158 4603 1221 4653 Id
1273 4602 1474 4653 itaque
1520 4617 1589 4653 ex
1619 4617 1797 4653 sensu
1839 4607 1896 4653 et
1926 4616 2088 4653 com-
2202 4605 2261 4653 In
2291 4600 2500 4653 iisdem
2532 4599 2640 4653 cod
2688 4641 2700 4653 .
2767 4598 2983 4653 desunt
3038 4599 3234 4653 verba.
3270 4595 3442 4653 ἷσγύει
3499 4593 3590 4648 καὶ
3621 4590 3842 4653 λέοντας

437 4602 730 4656 factorum
759 4600 1125 4655 recordetur.
1158 4603 1221 4657 Id
1273 4602 1474 4672 itaque
1520 4617 1589 4655 ex
1619 4617 1797 4656 sensu
1839 4607 1896 4654 et
1926 4616 2088 4655 com-

437 4673 638 4745 pendii
671 4689 849 4728 causa
880 4672 1174 4745 supplevit
1201 4673 1475 4745 Cyrillus.

505 4745 583 4817 (3)
611 4744 822 4816 Ζῶμεν.
855 4745 915 4817 ld
948 4743 1211 4810 verbum,
1240 4743 1314 4800 ne
1346 4761 1634 4816 suspensa
1659 4745 1882 4799 haereat
1910 4743 2091 4817 phra-

435 4815 537 4882 sis,
568 4815 999 4882 necessarium,
1028 4817 1353 4888 adjecimus
1376 4815 1608 4873 ex’mss.
1634 4819 1772 4883 Roe,
1807 4815 2080 4888 Casa_uh_.,

435 4888 610 4962 Coisl_.
645 4888 825 4962 Paulo
855 4895 1007 4956 post,
1042 4886 1141 4942 ubi
1174 4891 1387 4962 legitur
1417 4888 1463 4959 ᾧ
1492 4888 1554 4942 τὸ
1587 4890 1704 4959 ζῇν,
1749 4886 2082 4942 emendatio

437 4963 527 5032 est
554 4957 626 5011 ab
657 4957 1091 5032 editipneanni
1128 4957 1259 5018 163Ῑ
1292 4957 1572 5032 profecta,
1608 4957 1784 5030 quam
1812 4974 2086 5027 compro—

437 5028 583 5103 bant
613 5045 756 5103 ms_s.
789 5029 989 5103 Coisls,
1025 5033 1244 5103 Ottob.,
1269 5028 1408 5102 Hoe,
1441 5033 1568 5087 Cas.
1603 5028 1927 5102 Scripserat
1946 5032 2084 5082 Pre-

414 5099 652 5171 ‘votius.
685 5099 780 5164 ὡς,
815 5117 920 5169 pro
951 5101 1018 5171 ᾧ.

511 5169 988 5244 (4)Ὑπέστρεψενξ
1049 5175 1144 5230 Sic
1201 5175 1586 5230 emendamus
1632 5192 1701 5230 ex
1740 5173 1908 5228 codd.
1943 5174 2082 5239 Roe,

439 5241 630 5298 Ottob.
665 5247 719 5319 2,
756 5241 1029 5308 caseus,
1066 5247 1306 5319 Coislin,
1341 5254 1398 5302 et
1427 5247 1642 5319 Cyrillo
1695 5248 1823 5319 ipso
1855 5246 2083 5319 cat.‘i2,

439 5329 624 5390 num._
656 5317 744 5390 22,
772 5385 784 5390 _
807 5321 1062 5390 σημεῖον,
1100 5316 1204 5390 Δτὸ,
1259 5318 1414 5386 ἣλιον
1472 5315 1833 5390 ὖποστρέῷαι.)
1877 5318 1940 5369 In
1972 5315 2083 5368 im-

480 5385 658 5440 ressis
693 5385 959 5454 habetur,
1023 5385 1306 5458 ἐπέτρεψεν
1365 5385 1667 5448 mendose.
1698 5385 1945 5444 forsitan
1979 5403 2083 5456 pro

455 5456 1000 5533 insurgentev,_quod
1052 5456 1266 5533 legitur
1311 5462 1405 5516 hic
1454 5463 1520 5515 IV
1560 5464 1695 5533 Reg.
1730 5479 1822 5522 xx,
1857 5463 1910 5526 9,
1965 5475 2084 5512 non

440 5529 511 5584 de
543 5528 690 5603 sole,
723 5529 824 5603 sed
865 5531 936 5585 de
971 5528 1220 5587 umbra:
1249 5533 1352 5586 sed
1412 5533 1596 5587 solem
1647 5528 2083 5603 retrogressum

438 5607 644 5658 narrat
675 5600 854 5656 Isaias
884 5619 1118 5668 xxxvm,
1153 5605 1183 5657 8
1212 5610 1268 5659 et
1297 5610 1503 5659 auctor
1532 5600 1948 5659 Ecclesiastici.
1982 5603 2083 5656 0t-

439 5674 560 5730 tob.
598 5677 620 5727 1
657 5673 853 5747 habet,
899 5671 1212 5747 &V&Tp§q¢11,
1261 5693 1366 5746 pro
1417 5673 1730 5747 ᾀνὲστρεψε,
1780 5691 1928 5745 quos
1957 5688 2083 5726 ver-

439 5747 584 5820 bum
614 5746 850 5820 exhibet
870 5746 1161 5820 Complut.
1195 5747 1286 5802 ed.
1320 5746 1476 5820 [ιΧζ.

512 5819 586 5894 (5)
620 5817 718 5872 Καὶ
749 5817 778 5873 ὁ
838 5819 932 5892 μὲν
984 5814 1227 5894 ἴσχυσεν,
1278 5823 1390 5875 etc.
1421 5818 1604 5874 Totus
1645 5815 1742 5873 hic
1788 5815 1954 5872 locus
2001 5814 2084 5872 ita

2202 4590 2700 4654 ln-iisdem’codd.
2767 4598 2983 4653 desunt
3038 4590 3234 4664 verba,
3270 4590 3442 4668 ἷῖτχύει
3499 4593 3590 4648 καὶ
3621 4590 3845 4668 λέοντας

2198 4673 2502 4743 ἡμερῶσαι.
2536 4670 2936 4743 Desinithic
2991 4687 3207 4743 magna
3264 4665 3563 4743 diversitas
3593 4665 3844 4743 codicis

2199 4737 2890 4814 Coislinianiabieditis:
2923 4737 3132 4814 contra
3177 4742 3476 4814 incipiunt
3503 4737 3675 4795 codd.
3724 4740 3845 4794 Roe

2195 4820 2251 4869 et
2279 4813 2526 4877 Casaub,
2561 4813 2873 4877 insigniter
2901 4813 3114 4869 diversi
3145 4829 3294 4869 esse.

2267 4886 2344 4958 (6)
2397 4882 2804 4958 Ἀνερχομένην
2840 4926 2867 4958 .7
2915 4886 3073 4958 Hanc
3148 4901 3347 4941 vocem
3405 4882 3724 4958 adjicimus
3774 4899 3847 4958 ex

2195 4957 2364 5028 codd.
2399 4955 2608 5012 Itoe'et
2663 4957 2911 5012 Casaub.
2965 4957 3284 5028 Aliquanto
3317 4955 3633 5028 post-"ioco
3663 4955 3846 5028 vocis,

2197 5026 2409 5101 ὀλίγον,
2461 5029 2685 5084 habent
2739 5029 2919 5083 iidem
2977 5025 3230 5095 codices,
3295 5025 3852 5101 ιὶεγάλωςηγιιιεδιο

2195 5095 2370 5155 lectio
2401 5102 2689 5172 majorem
2745 5101 3076 5171 emphasim
3123 5095 3410 5164 continet,
3457 5095 3750 5172 modicam
3783 5113 3852 5153 ac

2196 5173 2420 5228 nullius
2464 5171 2587 5227 fere
2636 5173 2811 5228 pretii
2843 5172 3099 5226 ﬂammae
3158 5172 3231 5227 ad
3281 5175 3348 5226 49
3379 5171 3613 5227 cubitos
3643 5186 3854 5225 ascen-

2196 5245 2391 5299 dentis
2449 5241 2828 5299 altitudinem
2882 5260 3010 5298 esse
3053 5243 3461 5316 signiﬁcans,
3529 5259 3652 5314 pra)
3711 5241 3851 5296 ﬁdei

2197 5317 2375 5370 trium
2407 5333 2730 5386 puerorum
2761 5315 3192 5386 magnitudine.

2267 5392 2338 5460 (7)
2395 5385 2491 5460 ut:
2547 5385 2809 5453 ἐποίησας
2863 5385 3019 5457 ἦμῖν.
3081 5385 3368 5460 Convenit
3414 5385 3848 5460 Cyrilluscum

2197 5456 2598 5514 Alexandrino
2631 5460 2758 5514 cod.
2795 5456 2961 5528 LXX,
3007 5458 3109 5514 sed
3162 5461 3221 5514 in
3282 5456 3600 5528 impressis
3648 5456 3852 5528 Bibliis

2195 5530 2362 5604 deest
2417 5547 2545 5594 vox,
2593 5532 2734 5604 ἡμῖν
2788 5548 2916 5602 pro,
2951 5525 3296 5604 ’ἡμάρτομεν
3338 5525 3469 5604 γάρ,
3499 5525 3853 5604 ΔΒὶωἱειηδτι

2194 5600 2539 5675 ἡμάρτομεν.
2573 5597 2749 5658 Coisl.
2789 5597 2856 5657 _et
2902 5597 3157 5675 Utitob.'2
3189 5597 3294 5675 pro
3325 5597 3710 5675 ἧνόμήσαμεν,
3731 5597 3852 5675 ‘ha-

2193 5669 2704 5746 ὺὸῐ,’ἠδικήσαμεν.
2759 5676 2825 5730 In
2881 5674 3054 5732 codd.
3093 5669 3212 5731 Roé
3244 5680 3304 5730 et
3331 5669 3600 5730 Cas'aub.'
3631 5670 3851 5743 legitur

2190 5751 2528 5818 utrumque.
