4152 6276
357 337 481 398 40⁵1

1415 338 1482 402 S.
1525 336 1840 401 CYRILLI
1883 330 2296 396 HIEROSOL.
2344 338 2712 402 ARCHIEP.

3662 349 3782 409 408

437 469 629 525 XVIII.
665 467 869 524 Vidisti
902 471 1195 528 scelerum
1229 474 1703 546 magnitudinem
1740 489 1752 526 :
1786 486 2024 527 conver-

2208 469 2316 528 lH'.
2367 468 2526 536 Εἶδες
2579 474 2641 528 τὸ
2700 473 2922 549 μέγεθος
2975 478 3082 529 τῶν
3141 480 3343 532 κακῶν
3402 475 3527 543 ἐλθὲ
3585 477 3780 536 λοιπὸν

367 565 490 614 tere
516 557 732 614 deinde
767 560 841 614 ad
873 561 976 615 Dei
1009 561 1412 618 clementiam.
1448 565 1592 619 Fera
1623 564 1868 618 effectus
1901 565 2022 614 est:

367 648 429 702 in
457 647 778 704 solitudine
804 649 1070 722 degebat,
1096 651 1510 725 flagellabatur
1530 659 1594 708 ut
1612 651 1807 708 salvus
1833 649 2024 704 ﬁeret.

371 736 637 793 Habebat
667 754 900 811 ungues
931 745 996 794 ut
1026 740 1118 796 leo
1146 758 1159 808 ;
1208 747 1411 814 raptor
1469 741 1630 796 enim
1683 744 2026 795 sanctorum

370 826 590 882 fuerat.
625 828 831 883 Crines
867 829 1104 884 leonum
1137 830 1393 886 habebat
1421 850 1434 897 ;
1469 831 1560 886 leo
1595 831 1753 886 enim
1787 833 1913 883 erat
1935 843 2026 881 ra-

371 915 544 986 piens
566 917 1142 988 etrugiens.Fcenum
1167 926 1233 974 ut
1252 919 1358 975 bos
1379 919 1753 985 comedebat;
1780 919 2026 990 jumen-

377 1010 504 1060 tnm
534 1005 692 1060 enim
724 1007 856 1071 fuit,
891 1007 1173 1079 ignorans
1223 1025 1358 1064 eum
1386 1008 1428 1076 9,
1483 1009 1585 1080 qui
1636 1024 1882 1080 regnum
1933 1006 2030 1060 de-

377 1093 564 1150 derat.
601 1097 752 1150 Rore
778 1096 1064 1152 infectum
1096 1103 1185 1153 est
1214 1115 1428 1170 corpus
1461 1099 1629 1169 ejus;
1685 1114 1818 1153 cum
1868 1095 2029 1151 enim

378 1183 737 1239 exstinctum
769 1201 803 1240 a
832 1203 966 1241 rore
998 1186 1244 1242 vidisset
1272 1189 1490 1259 ignem,
1515 1204 1636 1242 non
1667 1185 1937 1241 credidit.
1961 1185 2033 1238 Et

380 1271 522 1342 quid
552 1271 776 1329 factum
809 1275 946 1330 est?
974 1277 1186 1345 Postea,
1222 1278 1435 1349 inquit,
1468 1294 1565 1346 ego
1589 1275 2029 1332 Nabuchodono-

379 1377 471 1417 sor
501 1363 686 1419 oculos
707 1381 848 1421 meos
868 1368 926 1420 in
949 1368 1140 1422 acetum
1164 1367 1360 1436 levavi,
1385 1374 1434 1422 et
1458 1367 1729 1422 Altissimo
1753 1364 2028 1432 benedixi,

381 1458 436 1506 et
464 1452 735 1508 viventem
784 1457 841 1509 in
875 1458 1076 1511 saacula
1135 1457 1361 1512 laudavi
1418 1464 1469 1511 et
1523 1457 1828 1528 gloriﬁcavi
1881 1453 2030 1509 ¹⁰-¹².

383 1541 628 1605 Quando
659 1543 841 1614 igitur
870 1547 1106 1618 agnovit
1131 1546 1527 1615 Altissimum,
1561 1553 1619 1600 et
1647 1545 1795 1619 grati
1845 1543 2032 1600 animi

380 1637 562 1688 testes
592 1633 666 1688 ad
698 1635 884 1690 Deum
917 1639 1118 1693 emisit
1147 1655 1337 1706 voces,
1359 1639 1432 1694 ad
1459 1643 1756 1712 gestorum
1791 1651 2031 1692 suorum

382 1722 796 1793 pcenitentiam
851 1727 1029 1796 venit,
1090 1729 1510 1800 pr0priamque
1562 1727 2033 1782 imbecillitatem

2133 554 2353 627 ἒπὶτήν
2411 566 2507 615 τοῦ
2565 567 2700 617 Θεοῦ
2758 559 3194 639 φιλανθρωπίαν.
3251 568 3671 642 Ἀπεθηριώθη,
3731 570 3784 626 ἐν

2233 647 2428 723 ἐρήμῳ
2477 647 2763 726 διέτριϐεν,
2824 652 3182 730 ἐμαστιγοῦτο
3239 655 3329 711 ’ἕνα
3382 661 3555 732 σωθῇ.
3616 661 3783 736 Εἴχεν

2134 731 2339 811 ὄνυχας
2371 739 2445 801 ὡς
2478 738 2641 795 λέων·
2679 742 3009 816 ἁρπακτικὸς
3037 744 3138 820 γὰρ
3167 747 3234 814 ἦν
3264 750 3374 800 τῶν
3403 731 3594 823 ἁγίων.

2133 824 2330 900 τρίχας
2359 827 2614 883 λεόντων·
2652 829 2791 885 λέων
2820 832 2925 908 γὰρ
2966 833 3032 901 ἦν
3094 835 3348 908 ἁρπάζων
3393 838 3481 892 καὶ
3532 824 3784 913 ὠρυόμε-

2134 935 2247 1003 νος.
2309 917 2520 992 Χόρτον
2579 919 2653 981 ὡς
2716 920 2844 995 βοῦς
2902 923 3056 992 ἥσθε·
3112 929 3313 994 κτῆνος
3366 925 3470 1003 γὰρ
3531 926 3621 996 ἦν,
3683 929 3783 985 οὐκ

2137 1001 2297 1093 εῗδὼς
2325 1005 2418 1060 τὸν
2453 1004 2728 1064 δεδωκότα
2756 1011 2855 1078 τὴν
2892 1009 3194 1086 βασιλείαν.
3254 1001 3461 1093 Ἐϐάφη
3511 1016 3572 1071 τὸ
3620 1021 3782 1090 σῶμα

2138 1092 2303 1148 αὐτοῦ
2357 1093 2462 1150 ἀπὸ
2520 1103 2622 1166 τῆς
2680 1095 2899 1174 δρόσων
2951 1099 3140 1170 ἐπειδὴ
3201 1092 3445 1179 προϊδὼν
3513 1099 3782 1161 κατασϐε-

2138 1181 2258 1236 σθὲν
2297 1184 2400 1238 ὑπὸ
2429 1191 2529 1254 τῆς
2559 1181 2759 1262 δρόσου
2791 1187 2851 1243 τὸ
2907 1192 3038 1266 πῦρ,
3091 1191 3190 1246 οὐκ
3235 1191 3530 1248 ἐπίστευσε.
3584 1188 3682 1249 Καὶ
3726 1195 3779 1250 τί

2138 1271 2383 1346 γίνεται;
2447 1275 2598 1330 Μετὰ
2675 1281 2864 1350 ταῦτα,
2947 1278 3130 1356 φησὶν,
3189 1280 3298 1357 ἐγὼ
3355 1278 3782 1360 Ναϐουχοδονό-

2139 1381 2233 1446 σορ
2289 1362 2415 1425 τοὺς
2473 1363 2793 1442 ὀφθαλμούς
2852 1388 2958 1442 μου
3017 1368 3093 1432 εἰς
3149 1370 3241 1425 τὸν
3302 1371 3529 1446 οὐρανὸν
3593 1371 3781 1430 ἀνέλα-

2139 1445 2258 1522 ϐον,
2317 1453 2408 1507 καὶ
2464 1455 2556 1508 τὸν
2614 1457 2872 1530 Ὕψιστον
2931 1457 3240 1534 ηὗλόγησα,
3327 1461 3418 1516 καὶ
3486 1467 3566 1534 τῷ
3623 1467 3781 1532 ζῶντι

2140 1543 2217 1604 εἰς
2275 1541 2399 1605 τοὺς
2459 1543 2658 1607 αἰῶνας
2717 1542 2898 1620 ᾔνεσα,
2957 1549 3046 1603 καὶ
3102 1547 3346 1622 ἐδόξασα.
3405 1552 3533 1608 Ὀτε
3603 1551 3782 1607 τοίνυν

2142 1630 2343 1705 ἐπέγνω
2371 1632 2463 1687 τὸν
2497 1635 2774 1708 Ὕψιστον,
2806 1636 2894 1690 καὶ
2949 1637 3045 1700 τὰς
3105 1637 3562 1715 εὐχαριστηρίους
3605 1642 3787 1720 φωνάς

2142 1721 2415 1796 ἀνέπεμψε
2451 1727 2532 1796 τῷ
2592 1729 2730 1796 Θεῷ,
2787 1725 2875 1780 καὶ
2931 1726 3097 1795 ἦλθεν
3159 1727 3234 1791 εἰς
3289 1730 3654 1804 μεταμέλειαν
3709 1731 3784 1784 ὧν

384 1812 656 1883 agnovit;
690 1818 830 1870 tunc
863 1814 949 1870 illi
984 1816 1139 1872 Deus
1169 1818 1458 1874 honorem
1488 1817 1656 1890 regni
1689 1816 1968 1872 restituit.

2145 1808 2488 1885 διεπράξατο,
2517 1811 2608 1866 καὶ
2659 1811 2870 1888 ἐπέγνω
2917 1816 3015 1885 τὴν
3067 1815 3267 1872 οἰκείαν
3312 1818 3608 1882 ἀσθένειανο
3662 1819 3787 1875 τότε

459 2080 608 2136 XIX.
641 2081 789 2147 Quid
821 2081 1046 2156 igitur?
1093 2081 1677 2149 Nabuchodonosori,
1725 2083 1825 2153 qui
1869 2086 2035 2137 tanta

387 2174 845 2243 perpetraverat,
878 2171 1188 2226 confitenti
1221 2172 1373 2227 Deus
1405 2172 1634 2227 veniam
1671 2177 1728 2226 et
1782 2186 2031 2243 regnum

385 2257 582 2324 dedit;
616 2259 722 2314 tibi
763 2276 898 2315 vero
953 2260 1266 2332 pwnitenti
1312 2267 1690 2333 peccatorum
1740 2259 2034 2314 dimissio-

384 2363 546 2419 nem,
575 2355 634 2405 et
654 2351 894 2407 cceleste
927 2367 1197 2423 regnum,
1231 2353 1279 2406 si
1313 2357 1368 2406 te
1398 2351 1573 2424 digne
1603 2351 1878 2422 gesseris,
1909 2365 2030 2404 non

384 2439 720 2496 concedet?
743 2441 1043 2513 Benignus
1075 2447 1165 2496 est
1195 2442 1481 2497 Dominus
1513 2447 1571 2496 et
1596 2442 1667 2497 ad
1697 2441 2035 2497 condonan-

382 2527 523 2584 dum
539 2531 1082 2602 promptus,tardus
1101 2536 1298 2586 autem
1322 2531 1396 2586 ad
1409 2532 2029 2586 ulciscendum.Nemo

378 2617 559 2690 igitur
575 2635 742 2674 suam
767 2619 954 2690 ipsius
977 2619 1232 2674 salutem
1253 2620 1529 2691 desperet
1551 2618 1616 2674 13.
1650 2622 1858 2675 Petrus
1889 2635 2032 2691 apo-

387 2708 676 2764 stolorum
708 2724 979 2764 summus
1003 2714 1060 2764 et
1082 2709 1384 2781 princeps,
1403 2724 1602 2764 coram
1627 2709 1726 2763 vili
1747 2709 2033 2764 ancillula

381 2801 474 2850 ter
493 2797 809 2852 Dominum
842 2798 1109 2871 negavit;
1145 2798 1248 2854 sed
1269 2797 1638 2870 paenitudine
1662 2803 1852 2853 tactus
1875 2798 2034 2853 flevit

383 2899 584 2940 amare
601 2883 665 2939 ¹⁴ε
685 2886 785 2956 qui
804 2887 905 2943 82
921 2887 1096 2942 ﬂetus
1110 2887 1381 2944 intimam
1395 2893 1454 2944 et
1466 2905 1535 2943 ex
1547 2887 1723 2944 corde
1737 2888 2031 2960 preniten-

383 2971 528 3030 tiam
556 2973 856 3032 declarat:
890 2981 1068 3048 atque
1098 2976 1319 3032 idcirco
1341 2993 1462 3032 non
1489 2978 1683 3033 solum
1699 2977 2032 3051 negationis

383 3062 561 3136 hujus
593 3067 825 3122 veniam
856 3068 1105 3138 accepit,
1159 3083 1363 3122 verum
1413 3068 1592 3123 etiam
1643 3069 2030 3140 apostolicam

383 3151 731 3222 dignitatem
766 3155 879 3209 sibi
909 3161 1317 3212 conservatam
1346 3156 1615 3212 retinuit.

452 3329 574 3385 XX.
604 3330 902 3386 Habentes
924 3332 1122 3404 igitur,
1154 3333 1387 3403 fratres,
1420 3335 1609 3390 multa
1631 3335 2028 3406 peccantium,

385 3418 486 3490 qui
511 3419 923 3490 pcenitentiam
955 3436 1126 3493 egere
1159 3428 1217 3478 et
1245 3423 1498 3479 salutem
1533 3425 1836 3480 consecuti
1871 3430 2030 3494 sunt,

386 3508 682 3579 exempla,
713 3509 988 3566 alacriter
1019 3515 1076 3566 et
1105 3511 1219 3583 ipsi
1251 3513 1626 3568 conﬁtemini
1669 3515 1937 3583 Domino,
1970 3518 2037 3570 ut

387 3600 447 3650 et
474 3598 942 3668 pracedentium
975 3607 1352 3672 peccatorum
1383 3604 1616 3659 veniam
1649 3604 2039 3676 accipiatis,et

387 3686 613 3742 cmlesti
644 3687 798 3743 dono
827 3689 989 3762 digni
1023 3691 1237 3757 effecti,
1267 3691 1550 3747 caelorum
1570 3709 1816 3765 regnum
1847 3693 2035 3748 haere-

387 3776 570 3833 ditate
596 3779 1047 3850 consequamini
1079 3797 1214 3836 cum
1239 3781 1515 3836 omnibus
1538 3781 1849 3850 sanctis,in
1871 3782 2037 3836 Chri-

389 3872 480 3923 sto
510 3869 667 3938 Jesu,
723 3868 816 3923 cui
876 3873 966 3924 est
1022 3869 1210 3942 gloria
1265 3870 1326 3925 in
1387 3870 1606 3926 saecula
1661 3870 2036 3926 saeculorum.

387 3961 600 4028 Amen,

2143 1900 2170 1954 ὁ
2202 1900 2332 1962 Θεὸς
2364 1897 2697 1957 ἀποδίδωσιν
2755 1903 2905 1976 αὐτῷ
2961 1907 3040 1978 (1)
3095 1906 3195 1974 τήν
3256 1909 3426 1980 τιμήν
3477 1913 3579 1978 τῆς
3641 1908 3790 1983 βασι-

2141 1987 2310 2051 λείας.

2211 2078 2311 2133 ΙΘ’.
2344 2078 2404 2132 Τί
2439 2078 2530 2132 οῦν
2559 2097 2573 2150 ;
2604 2083 2686 2152 τῷ
2720 2080 2814 2152 μὶν
2843 2075 3342 2157 Ναϐουχοδονόσορ
3400 2087 3623 2138 τοιαῦτα
3666 2079 3785 2137 δια-

2139 2166 2488 2242 πραξαμένῳ,
2575 2167 2668 2223 καὶ
2745 2169 3302 2244 ὲξομολογησαμένῳ,
3399 2169 3602 2227 δέδωκε
3681 2171 3782 2240 τὴν

2141 2257 2495 2331 συγχώρησιν
2523 2257 2616 2311 καὶ
2655 2258 2753 2326 τήν
2815 2255 3112 2332 βασιλείαν·
3161 2261 3247 2314 σοὶ
3292 2257 3349 2314 δὲ
3404 2264 3781 2333 μετανοοῦντι,

2141 2344 2202 2399 οὐ
2236 2343 2426 2399 δίδωσι
2480 2352 2582 2415 την
2643 2345 2826 2422 ἄφεσιν
2885 2351 2994 2402 τῶν
3051 2349 3483 2424 ἁμαρτημάτων,
3533 2349 3624 2404 καὶ
3680 2350 3779 2417 τὴν

2136 2439 2246 2490 τῶν
2283 2434 2525 2512 οὐρανῶν
2561 2433 2865 2510 βασιλείαν,
2892 2435 2979 2492 ἐὰν
3014 2437 3246 2510 ὲπαξίως
3273 2436 3609 2513 πολιτεύσῃ;
3643 2436 3782 2492 Φιλ-

2139 2526 2422 2600 άνθρωπος
2483 2526 2511 2580 ὁ
2559 2524 2778 2601 Κύριος,
2831 2525 2922 2580 καὶ
3005 2525 3180 2602 ταχὺς
3248 2527 3324 2590 εἰς
3403 2527 3783 2603 συγχώρησιν,

2144 2610 2342 2690 βραδὺς
2388 2611 2445 2668 δὲ
2502 2611 2578 2676 εἰς
2632 2613 2922 2690 τιμωρίαν.
2982 2612 3196 2684 Μηδεὶς
3253 2616 3344 2671 οῦν
3407 2615 3682 2692 ἀπελπίσῃ
3711 2617 3784 2690 (2)

2137 2711 2236 2774 τῆς
2286 2703 2480 2760 ἑαυτοῦ
2538 2704 2832 2780 σωτηρίας.
2893 2706 3094 2778 Πέτρος
3125 2707 3613 2786 ὁκορυφαιότατος
3693 2707 3783 2762 καὶ

2138 2795 2529 2869 πρωτοστάτης
2556 2799 2664 2849 τῶν
2694 2793 3042 2865 ἀποστόλων,
3100 2793 3187 2851 ἒπὶ
3242 2795 3624 2871 παιδισκαρίου
3681 2799 3786 2872 ἠρ-

2138 2887 2339 2954 νήσατο
2369 2883 2489 2958 τρὶς
2518 2884 2609 2938 τὸν
2641 2882 2864 2959 Κύριον·
2902 2882 3048 2940 ἀλλᾶ
3080 2885 3504 2959 μεταμεληθεὶς,
3561 2884 3788 2941 ἔκλαυσα

2137 2975 2370 3046 πικρῶς.
2405 2972 2484 3030 Τὸ
2517 2968 2573 3025 δὲ
2629 2969 2884 3044 κλαῦσαι,
2943 2974 3041 3041 τὴν
3105 2975 3391 3046 μετάνοιαν
3437 2977 3535 3044 τήν
3590 2974 3790 3052 ἐγκάρ-

2140 3058 2254 3116 διον
2286 3061 2605 3135 παρίστησιο
2641 3060 2729 3116 καὶ
2763 3059 2854 3116 διὰ
2899 3066 3084 3134 τοῦτο,
3134 3063 3197 3118 οὐ
3254 3064 3417 3138 μόνον
3469 3059 3630 3119 ἔλαϐε
3679 3065 3782 3132 τὴν

2143 3150 2327 3228 ἄφεσιν
2360 3151 2448 3206 ἐπὶ
2477 3153 2546 3225 τῇ
2575 3150 2820 3227 ἀρνήσει,
2855 3149 3000 3207 ἀλλὰ
3024 3152 3128 3229 γὰρ
3159 3154 3250 3209 καὶ
3304 3154 3365 3208 τὸ
3410 3151 3778 3208 ἀποστολικὸν

2142 3240 2354 3314 ἀξίωμα
2386 3237 2542 3315 ἔσχεν
2573 3239 2947 3316 ἀναφαίρετον.

2209 3330 2288 3389 K'.
2321 3329 2748 3405 "Exov'cecﬁbv,
2805 3327 3058 3406 ἀδελφοὶ,
3115 3330 3362 3396 πολλοὺς
3417 3331 3621 3394 τόπους
3675 3334 3784 3388 τῶν

2143 3420 2595 3494 ἁμαρτησάντων,
2654 3420 2744 3474 καὶ
2805 3421 3278 3492 μετανοησάντων,
3335 3422 3425 3477 καὶ
3479 3423 3780 3493 σωθέντων,

2142 3508 2442 3583 προθύμως
2460 3509 2550 3564 καὶ
2578 3508 2731 3564 αὐτοὶ
2755 3507 3230 3586 ἐξομολογήσασθε
3249 3515 3328 3584 τῷ
3352 3511 3557 3587 Κυρίῳ·
3582 3512 3674 3566 ἳνα
3694 3509 3784 3567 καὶ

2141 3599 2240 3667 τήν
2275 3599 2627 3674 συγχώρησιν
2666 3592 2874 3668 λάϐητε
2914 3604 3022 3654 τῶν
3076 3599 3560 3677 προγεγενημένων
3606 3599 3787 3676 ἆμαρ-

2143 3686 2428 3761 τημάνων,
2457 3687 2545 3742 καὶ
2597 3693 2697 3757 τῆς
2753 3685 3076 3764 ἐπουρανίου
3135 3685 3340 3764 δωρεᾶς
3395 3691 3471 3763 (3)
3526 3689 3788 3759 καταξιω-

2146 3779 2296 3848 θῆτε,
2327 3777 2418 3832 καὶ
2446 3779 2546 3847 τήν
2609 3775 2927 3852 ἐπουράνιον
2977 3775 3448 3854 κληρονομήσητε
3507 3776 3785 3855 βασιλείαν

2152 3869 2286 3942 μετὰ
2315 3868 2531 3921 πάντων
2562 3870 2669 3919 τῶν
2699 3865 2888 3942 ἁγίων⁶
2946 3866 2998 3920 ἐν
3059 3871 3283 3941 Χριστῷ
3335 3869 3536 3939 Ἰησοῦ,
3569 3868 3614 3940 ᾧ
3647 3865 3788 3924 ἔστιν

2148 3959 2183 4028 ἡ
2217 3955 2346 4027 δόξα
2375 3954 2452 4017 εἰς
2480 3952 2609 4016 τοὺς
2634 3953 2836 4020 αἰῶνας
2862 3977 2969 4011 των
2999 3955 3237 4014 αἰώνων.
3269 3958 3467 4031 Ἀμήν.

455 4083 482 4119 9
509 4085 574 4140 V.
606 4091 715 4141 cat.
749 4087 803 4155 8,
836 4103 896 4142 n.
926 4089 978 4141 5.
1060 4085 1185 4128 ί⁰-¹³
1217 4087 1362 4142 Dan.
1395 4103 1466 4155 IV,
1501 4088 1590 4154 31,
1668 4086 1713 4122 1³
1748 4087 1807 4142 ν.
1848 4094 1958 4144 cat.
1997 4091 2017 4142 l

2145 4106 2176 4142 l.
2210 4088 2263 4140 3.
2341 4081 2388 4118 ¹⁴
2416 4082 2617 4138 Matth.
2650 4099 2798 4154 xxvi,
2831 4084 2922 4153 69,
2954 4085 3042 4140 75.

387 4213 1100 4296 nataiuissecherubim,
1165 4229 1363 4269 arcam
1424 4219 1482 4268 et
1537 4215 2037 4296 prOpitiatorium,
2071 4218 2116 4284 Β
2150 4219 2208 4270 et
2231 4231 2380 4296 vers.
2417 4211 2591 4294 Grod.
2624 4212 2777 4296 Editi
2806 4229 2942 4296 vero
2985 4211 3229 4277 habent,
3287 4210 3581 4296 ἐπιστήσῃ,
3632 4213 3792 4296 quod

383 4285 930 4361 tabulasllapideas,
953 4290 1011 4339 et
1027 4300 1245 4361 urnam
1262 4300 1521 4361 auream.
1539 4285 1817 4361 Denique
1861 4289 2040 4343 Nicae-

384 4376 532 4416 num
563 4355 884 4436 concilium
935 4355 1180 4436 n,_hanc
1207 4355 1628 4436 Cyrilli‘nostri
1678 4355 2038 4436 sententiam

386 4449 509 4488 non
543 4431 736 4487 solum
772 4429 901 4483 sine
933 4426 1059 4481 ulla
1087 4426 1304 4482 erroris
1327 4428 1639 4498 notatione
1677 4430 1898 4498 retulit,
1935 4431 2037 4485 sed

390 4508 448 4558 et
475 4501 756 4568 laudavit,
794 4506 852 4554 et
879 4504 1078 4571 aptam
1098 4498 1184 4571 ad
1201 4497 1592 4571 confutandos
1612 4497 2036 4571 Iconomachos

393 4573 767 4630 existimavit.
804 4568 942 4637 Qua}
975 4569 1215 4637 quidem
1247 4568 1444 4636 retuli,
1473 4586 1594 4624 non
1628 4570 1701 4624 ad
1759 4572 2033 4628 minuen-

394 4645 530 4700 dam
559 4643 921 4701 narrationis
953 4640 1091 4696 libri
1123 4640 1590 4696 Machabaaorum
1617 4641 1816 4711 ﬁdem,
1839 4644 1942 4699 sed
1964 4644 2038 4700 ad

393 4717 650 4772 auctoris
680 4715 867 4771 nostri
899 4714 1362 4770 excusationem.

464 4788 541 4861 (1)
573 4783 1149 4861 Ἀποδίδωσίιν-αρτᾦ,
1183 4791 1294 4840 etc.
1327 4786 1563 4856 Vocem,
1597 4782 1764 4855 αὐτῷ,
1797 4787 2034 4858 supple-

391 4858 581 4917 vimus
613 4877 682 4915 ex
713 4859 841 4914 cod.
871 4858 1047 4914 Coisl.

463 4935 538 5000 (2)
591 4927 926 5002 ’Δπελπίσῃ.
981 4931 1069 4985 Ita
1123 4930 1494 4986 restituimus
1546 4944 1617 4984 ex
1673 4928 1804 4985 cod.
1859 4930 2035 4987 Coisl.

2149 4286 2304 4343 male
2335 4283 2577 4356 omnino
2609 4285 2975 4356 construitur
3005 4301 3139 4339 cum
3168 4285 3423 4353 genitivo
3457 4283 3752 4356 sequenti.

2219 4360 2296 4429 (3)
2323 4355 2436 4422 Τῆς
2496 4353 2819 4429 ἐπουρανίου
2873 4352 3102 4429 δωρεᾶς,
3159 4352 3268 4410 etc.
3329 4359 3396 4429 I_n
3456 4352 3631 4413 edi—tis
3681 4357 3790 4412 ha.-

2147 4423 2339 4501 betu},
2372 4432 2475 4501 τῆς
2502 4423 2830 4501 ἐπουρανίου
2865 4423 3163 4501 βασιλείας,
3216 4433 3299 4501 et_
3321 4427 3427 4484 lin.
3480 4435 3788 4501 sequente,

2145 4501 2244 4589 τὴν
2279 4497 2602 4589 ἐπουράνιον
2633 4499 3104 4589 κληρονομήσητε.
3128 4497 3357 4589 δωρεάν..
3392 4497 3597 4569 Voces,
3632 4500 3788 4581 βασι-

2149 4569 2295 4633 λείας
2325 4578 2383 4628 et
2412 4569 2638 4645 δωρεάν,
2670 4569 3060 4645 transpositas
3083 4569 3503 4645 judicavimus,
3562 4569 3692 4645 cum
3723 4569 3788 4626 in

2147 4645 2339 4716 primo
2371 4643 2638 4716 membro
2669 4643 2949 4716 baptismi
2978 4644 3250 4716 gratiam,
3278 4644 3341 4699 in
3371 4644 3556 4699 altero
3600 4644 3786 4716 hare-

2148 4713 2393 4772 ditatem
2425 4715 2591 4787 regni
2630 4713 2894 4787 ccelestis
2944 4713 3336 4787 auditoribus
3373 4721 3651 4787 exoptare
3703 4713 3791 4769 vi-

2149 4787 2358 4843 deatur
2387 4785 2626 4853 auctor;
2659 4791 2718 4841 et
2746 4785 2921 4842 Coisl.
2957 4785 3175 4842 codicis
3207 4785 3522 4844 lectionem
3555 4787 3652 4842 hic
3698 4787 3790 4841 in-

2148 4874 2466 4914 serulmus.

383 5270 704 5339 EADEM'
733 5266 1294 5333 CATECHESIS
1326 5267 1738 5332 SECUNDA
1781 5267 2072 5332 PROUT
2097 5269 2196 5331 ΙΝ
2222 5269 2312 5330 Dl
2328 5269 2631 5334 VERSIS
2679 5267 3332 5335 MANUSCRIPTIS
3380 5231 3786 5335 LEGITUR.

467 5437 747 5502 Alterum
771 5432 880 5516 hoc
896 5431 1160 5516 secundae
1179 5433 1493 5516 catechesis
1513 5437 1848 5516 exemplum
1871 5434 2100 5516 damus,
2126 5455 2200 5496 ex
2219 5434 2599 5497 varietatibus
2625 5443 2882 5516 quatuor
2897 5438 3232 5515 praesertim
3260 5435 3526 5498 codicum
3553 5454 3567 5496 :
3593 5435 3717 5497 Roe
3735 5442 3792 5496 et

393 5517 790 5599 Casaub.,_qui
812 5514 984 5599 initio
1005 5522 1064 5574 et
1081 5513 1203 5593 ﬁne
1222 5513 1298 5574 ab
1316 5517 1488 5574 editis
1510 5513 1760 5599 multum
1781 5515 2313 5599 discordant,7nedi
2321 5516 2367 5577 is
2387 5513 2757 5599 consentiunt
2771 5535 2794 5599 _;
2821 5513 3098 5578 act‘oisl.
3124 5528 3182 5578 et
3203 5517 3419 5599 Ottob.,
3438 5523 3554 5599 qui
3579 5516 3787 5578 mediis

388 5611 620 5666 tantum
642 5592 1330 5676 disconveniunt,cietena
1351 5614 1479 5655 cum
1501 5595 1676 5655 editis
1694 5615 1840 5676 pene
1860 5597 2306 5659 consentientes:
2326 5598 2472 5658 adeo
2493 5595 2683 5656 utubi
2705 5596 2946 5658 illorum
2969 5599 3237 5659 codicum
3257 5592 3471 5659 desinit
3499 5599 3784 5671 varietas,

391 5683 480 5747 ibi
503 5682 715 5744 horum
737 5677 1071 5761 incipiat,et
1084 5674 1590 5754 vicissim.Sicque
1607 5694 1682 5737 ea:
1696 5674 1962 5737 omnibus
1976 5697 2160 5738 unum
2182 5677 2511 5760 exemplum
2525 5678 2816 5739 diversum
2829 5681 3523 5762 informavi,quanquam
3537 5680 3659 5741 tria
3673 5695 3788 5737 nu-
