4152 6276
365 363 489 424 409
1312 358 1798 424 CATECHESIS
1843 362 1926 422 II.
1973 359 2405 422 EXEMPLAR
2445 361 2852 424 ALTERUM.
3672 358 3793 420 MO

377 498 608 574 merari
631 485 859 574 possint
891 513 905 553 :
940 513 1126 574 unum
1154 493 1473 572 editorum,
1506 492 1758 556 alterum
1796 490 1964 553 codd.
1997 492 2119 554 Roe
2149 501 2205 553 et
2233 492 2490 556 Casaub.
2528 492 2706 554 initio
2735 503 2789 554 et
2833 493 2955 574 ﬁne
2980 493 3059 550 ab
3087 489 3256 551 editis
3307 489 3348 550 d
3357 509 3632 563 aversum,
3665 498 3792 550 ter-

375 575 526 633 tium
559 571 816 634 cois-lin.
849 583 904 634 et
933 573 1126 635 Ottob.
1159 575 1368 635 mediis
1393 571 1624 637 tantum
1656 574 2019 650 discrepans.

460 655 704 718 Codices
740 655 859 734 [foe
886 664 939 714 et
976 655 1419 716 Coislinianum
1452 656 1763 734 exscripsi,
1797 649 2015 713 additis
2045 652 2126 714 ad
2148 653 2410 734 primum
2443 654 2819 714 variantibus
2849 652 2977 714 cod.
3016 650 3489 722 Casauboniani,
3507 661 3564 710 et
3594 649 3672 712 ad
3698 670 3792 711 se-

373 735 628 814 cundum
662 733 1056 796 Ottoboniaui
1091 755 1105 809 ;
1141 747 1204 796 ut
1237 745 1434 797 tamen
1463 755 1538 796 ex
1569 734 1678 795 hoc
1707 744 1978 812 utroque,
2015 744 2077 814 et
2100 733 2448 814 aliquando,
2500 753 2573 794 ex
2601 737 2804 814 editis,
2831 741 3109 814 priorum
3142 736 3349 792 menda
3405 751 3789 792 correxerzm.

383 812 503 876 Ubi
531 814 728 892 defuit
758 821 1108 884 auctoritas,
1143 817 1481 896 conjectura
1514 835 1651 876 usus
1679 835 1830 875 sum.
1865 813 2110 896 Addidi
2140 821 2315 874 etiam
2349 814 2577 874 alicubi
2609 812 2995 876 Ottoboniani
3051 814 3292 873 secundi
3319 821 3372 873 et
3418 818 3606 884 tertii,
3669 831 3796 892 quae

379 914 509 956 cum
540 899 653 954 isto
682 896 952 976 exemplo
983 893 1299 958 convenire
1329 896 1709 969 videbantur,
1742 902 2044 956 variantes
2077 893 2369 955 lectiones.

665 1176 1076 1230 ΚΑΤΙΙΧΗΣΙΣ
1141 1173 1196 1228 8⁸
1230 1174 1742 1241 ΦΩΤΙΖΟΜΕΝΩΝ,

381 1265 477 1336 Ἐν
505 1261 937 1336 Ἰεροσολύμοις,
993 1261 1139 1336 ΠερὶΔ
1190 1262 1480 1336 μετανοίας
1511 1265 1604 1336 ((1),
1652 1260 1744 1315 καὶ
1788 1258 2030 1336 ἀμφέσεως

452 1330 799 1409 ἁμαρτιῶν·’
845 1335 937 1389 καὶ
1024 1330 1146 1409 περὶ
1191 1330 1664 1409 ’Ἀντικειμένουσ
1742 1330 1846 1409 nui:
1905 1330 2030 1409 ἀνᾴ-

446 1399 647 1481 γνωσις
708 1405 775 1482 ἐκ
795 1409 894 1482 τοῦ
940 1399 1239 1482 προφῆτου,
1284 1399 1570 1482 Ἰεζεκιίήλ·
1634 1408 1717 1482 Ζῷ
1762 1403 1888 1482 έγῴ,
1937 1399 2034 1456 λέ-

448 1475 541 1552 γει
595 1483 673 1552 (2)
735 1475 1102 1552 Κύριος,”ρτι
1157 1477 1246 1552 *οὐ
1319 1475 1610 1552 βούλομαι⁸
1652 1475 1749 1552 τὸν
1802 1475 2030 1552 θάνατον

444 1545 543 1624 τοῦ
602 1545 962 1624 ᾇμαρτωλοῦ,
1020 1548 1095 1610 ὡς
1154 1545 1616 1623 ἆπιστρέψαι’καὶ
1689 1551 1783 1621 ζῇν
1846 1545 2031 1614 αὐτὸν,

445 1621 536 1676 καὶ
566 1620 650 1675 τὰή
676 1620 817 1692 ἑξῆς.

445 1711 525 1768 Α’.
561 1710 748 1765 Δεινὸν
781 1711 817 1778 ἡ
850 1708 1110 1784 ἁμαρτία,
1168 1710 1260 1764 καὶ
1289 1707 1452 1774 νόσος
1501 1706 1871 1784 χαλεπωτάτη
1930 1713 2033 1776 τῆς

376 1799 565 1873 ψυχῆς
597 1801 632 1868 ἠ
667 1797 994 1874 παρανομία·
1031 1798 1408 1872 ὑποτέμνουσα
1443 1798 1536 1872 μὶν
1569 1797 1636 1852 τὰ
1690 1801 1851 1871 νεῦρα
1902 1795 2030 1851 ταύ-

372 1909 500 1958 της,
559 1887 652 1944 καὶ
711 1888 880 1961 πυρὸς
937 1886 1162 1943 αἰωνίου
1213 1886 1508 1963 γιγνομένη
1569 1887 1877 1962 παραίτιος’
1933 1906 2032 1940 κα-

375 1977 471 2030 κὸν
506 1973 873 2046 αὐτεξούσιον
931 1976 1020 2030 καὶ
1081 1974 1164 2030 ὅτι
1221 1975 1696 2051 αὖτοπροαιρέτως
1721 1973 2032 2049 ἁμαρτάνο-

381 2086 500 2139 μεν,
534 2061 681 2138 λέγει
715 2085 822 2120 που
853 2069 1040 2139 σαφῶς
1065 2065 1093 2119 ὁ
1119 2067 1429 2143 προφήτης·
1489 2066 1630 2140 Ἐγὼ
1661 2062 1718 2119 δὲ
1771 2063 2031 2141 ἐφύτευσα

380 2175 436 2210 σε
516 2151 765 2227 ἄμπελον
851 2152 1202 2231 καρποφόρον
1279 2157 1450 2208 πᾶσαν
1543 2151 1836 2224 ἀληθινήν·
1909 2157 2028 2215 πῶς

377 2242 650 2320 ἐστράφης
680 2242 757 2305 είς
789 2243 1038 2317 πικρίαν,
1097 2243 1132 2312 ἡ
1192 2241 1440 2315 ἃμπελος
1497 2245 1533 2312 ἡ
1593 2240 1908 2318 ἆλλοτρία;
1962 2241 2027 2296 Ἡ

375 2332 567 2411 φυτεία
596 2331 766 2401 καλὴ,
797 2330 870 2400 ἧς
927 2333 956 2386 6
987 2331 1194 2407 καρπὸς
1217 2334 1292 2405 (3)
1352 2331 1412 2386 ἐκ
1440 2332 1807 2406 προαιρέσεως
1837 2329 2024 2392 κακός·

373 2422 464 2479 καὶ
499 2419 594 2477 διὰ
617 2424 779 2476 τοῦτο
814 2419 842 2474 ό
874 2420 1176 2496 φυτουργὸς
1239 2420 1335 2493 μὶν
1395 2420 1652 2491 ἀναίτιος,
1685 2422 1720 2489 ἡ
1764 2418 1821 2475 δὶ
1851 2416 2028 2492 ἄμπε-

377 2511 482 2574 λος
534 2512 994 2581 κατακαυθήσεται
1055 2509 1207 2586 πυρί·
1271 2507 1459 2579 ἒπειδή
1511 2511 1586 2573 εἷς
1657 2511 1852 2586 ἀγαθὸν
1901 2509 2025 2588 ἔφυ·
2056 2545 2104 2610 Β

379 2600 574 2670 τεῦθη,
599 2600 687 2654 καὶ
730 2601 806 2661 εἱς
852 2601 1015 2655 κακὸν
1077 2600 1546 2677 ἓκαρποφόρησεν·
1607 2600 1869 2670 Ἐποίησε
1924 2602 2024 2676 γὰρ

384 2689 576 2751 ὂΘεὸς
633 2689 722 2743 τὸν
773 2685 1055 2765 ἂνθρωπον
1120 2688 1272 2759 εὐθῆ,
1354 2691 1491 2745 κατᾶ
1537 2689 1628 2745 τὸν
1691 2691 2028 2762 Ἐκκλησια-

380 2781 536 2851 στήν,
614 2779 704 2834 καί
791 2779 945 2836 αὐτοὶ
1030 2780 1298 2852 ἐζήτησαν
1378 2779 1681 2856 λογισμοὺς
1753 2779 2024 2843 πολλούς’

379 2870 522 2925 καὶὸ
553 2869 890 2933 Ἀπόστολος
942 2867 1001 2926 δέ
1059 2891 1247 2949 φησιν’
1281 2870 1461 2927 Αὐτοῦ
1494 2871 1597 2947 γάρ
1647 2870 1804 2943 ἐσμεν
1857 2873 2026 2942 ποίη-

388 2979 484 3033 μα,
513 2960 814 3022 κτισθέντες
891 2959 980 3014 ἐπὶ
1055 2965 1172 3022 τοῖς
1224 2954 1404 3038 ἔργοις
1459 2960 1702 3037 ἀγαθοῖς,
1748 2962 1829 3022 οἷς
1888 2981 2027 3033 προ-

381 3045 676 3121 ητοίμασεν
710 3049 791 3123 (4)
844 3049 873 3103 6
932 3049 1085 3120 θεὸς,
1153 3046 1244 3103 ’ίνα
1301 3048 1356 3104 ἐν
1386 3047 1572 3112 αὐτοῖς
1630 3051 2027 3125 περιπατήσω-

384 3137 596 3210 ne.va
659 3137 756 3211 μὶν
820 3138 910 3192 οὖν
971 3137 1226 3207 Κτίστης,
1275 3135 1478 3212 ἀγαθὸς
1536 3137 1632 3209 ὢν,
1667 3138 1754 3194 ἐπὶ
1809 3139 2029 3216 ἀγαθοῖς

379 3225 609 3282 ἔκτισεν
657 3226 727 3282 τὰ
783 3223 842 3282 δὶ
896 3226 1082 3290 καλῶς
1138 3227 1419 3292 κτισθέντα
1479 3228 1786 3299 ὑπἀὐτοῦ,
1823 3228 1898 3292 εἷς
1928 3250 2028 3284 πο-

375 3315 567 3391 νηρίαν
617 3314 824 3390 ἐτράπη
884 3314 1380 3390 αὖτοποοαιρέτως·
1442 3317 1622 3372 Δεινὸν
1700 3319 1735 3387 ἡ
1769 3317 2029 3392 ἁμαρτία,

377 3402 506 3460 ἀλλ’
561 3405 665 3460 οὐκ
701 3403 1087 3479 ἀθεράπευτον·
1172 3402 1346 3461 δεινὸν
1405 3411 1485 3479 τῷ
1566 3404 1883 3481 κατέχοντι,
1942 3407 2030 3462 εὖ·

382 3491 528 3548 ίατον
557 3497 631 3566 (5)
659 3497 741 3565 τῷ
771 3493 1022 3549 πιστεύον
1035 3516 1104 3551 τι.
1136 3494 1368 3559 Ὑπόθου
1395 3516 1490 3567 μοι
1517 3496 1768 3571 κατέχειν
1798 3494 1851 3550 έν
1879 3516 2028 3572 γειρι

376 3605 499 3638 τινα
526 3583 591 3638 τὸ
621 3587 752 3656 πῦρ·
783 3580 886 3647 ἕως
918 3585 1128 3659 κατέχῃ
1162 3586 1256 3658 (6),
1318 3583 1504 3658 φλέγει
1561 3585 1588 3639 6
1648 3585 1860 3660 ἄνθραξ·
1893 3585 2032 3640 ἀπό-

378 3675 475 3728 θου
532 3673 626 3728 τὸν
687 3669 952 3748 ἄνθρακα,
1023 3675 1324 3738 συναπέθου
1409 3675 1472 3728 τὸ
1549 3673 1768 3752 φλέγον.
1827 3674 1893 3731 Εἰ
1976 3672 2032 3729 δέ

375 3781 458 3823 τις
488 3760 702 3834 νομίζει
766 3761 843 3834 μή
884 3760 1268 3826 κατακαίεσθαι
1327 3763 1676 3837 ἁμαρτάνων,
1725 3761 1904 3834 τούτῳ
1939 3761 2031 3818 λέ-

378 3852 1084 3928 γειήΓραφήοἊποθήσει
1141 3872 1222 3914 τις
1283 3856 1390 3928 πῦρ
1445 3850 1498 3906 ἐν
1553 3851 1770 3926 κόλπῳ,
1826 3855 1896 3908 τὰ
1974 3851 2030 3908 δὶ

378 3913 573 4012 ἱμάτια
591 3913 1022 3994 ὀὐικατακαύσει
1049 3959 1063 4010 ;
1090 3913 1215 3996 Καὶν
1278 3943 1313 4010 ἡ
1362 3913 1610 4016 ’ἁμαρτία
1649 3913 1731 4015 (7)
1757 3913 1841 3997 ’τὰ
1865 3946 2027 4018 νεῦρα
2061 3913 2103 3981 C

377 4030 478 4097 τῆς
506 4027 694 4103 ψυχῆς
729 4029 1110 4103 ὑποτέμνεται,
1163 4025 1438 4106 συντρίϐει
1490 4031 1556 4086 τὰ
1595 4032 1727 4087 ὁστᾶ
1778 4039 1878 4103 τῆς
1910 4031 2025 4088 δια-

379 4120 554 4188 νοίας,
585 4116 942 4174 ἐπικαλύπτει
972 4119 1036 4174 τὸ
1067 4120 1325 4195 φωτεινὸν
1356 4126 1458 4190 τῆς
1498 4123 1707 4197 ψυχῆς.

450 4211 515 4264 Β.
553 4202 712 4262 Ἀλλ’
743 4204 856 4280 ἐρεῖ
891 4223 993 4268 τις·
1027 4207 1091 4264 Τί
1126 4208 1260 4261 ποτέ
1303 4205 1443 4262 ἐστιν
1485 4209 1520 4278 ἡ
1582 4209 1857 4284 ἁμαρτίας
1896 4212 2032 4280 ζῶόν

378 4294 521 4350 ἔστιν
559 4292 824 4371 ;ἂ’γγελός
857 4292 1000 4349 ἐστιν
1037 4314 1051 4364 ;
1087 4292 1298 4369 δαίμων
1332 4294 1442 4350 ἐστί
1477 4315 1489 4365 ;
1522 4296 1574 4351 τί
1603 4296 1714 4354 ἐστι
1762 4299 1826 4354 τὸ
1882 4299 2029 4378 ἐνερ-

375 4388 556 4459 γοῦν;
615 4383 732 4442 Οὐκ
764 4381 906 4439 ἔστιν
966 4383 1165 4460 ἐχθρὸς
1243 4382 1436 4456 ἔξωθεν
1487 4384 1902 4465 ἐπεισαγόμενος
1931 4392 2032 4464 (8),

2059 1174 2109 1240 Α

2358 1177 2788 1234 CATECHESIS
2819 1179 2869 1231 Il
2907 1175 3251 1230 ILLUMINA
3264 1174 3577 1238 NDORUM,

2143 1265 2218 1336 (9)
2251 1265 2678 1337 Hierosolymis
2704 1265 2925 1329 habita,
2961 1265 3032 1318 De
3060 1266 3384 1337 pcenitentia
3410 1269 3459 1317 et
3482 1264 3796 1337 remissione

2211 1333 2582 1404 peccatorum,
2599 1345 2650 1391 et
2680 1339 2746 1392 de
2776 1333 3110 1392 Adversario
3136 1338 3206 1388 Et
3227 1335 3401 1390 lectio
3425 1351 3493 1388 ex
3507 1333 3798 1406 propheta

2217 1409 2522 1462 Ezechiele
2563 1409 2624 1461 ‘5.
2670 1411 2804 1463 Vivo
2862 1424 2982 1478 ego,
3038 1407 3172 1462 dicit
3203 1407 3461 1460 Dominus
3492 1406 3632 1476 (10),
3665 1421 3798 1475 quo-

2217 1481 2367 1533 niam
2408 1481 2534 1533 nolo
2565 1487 2791 1534 mortem
2816 1482 3122 1549 peccatoris
3163 1481 3302 1533 sicut
3333 1481 3513 1547 ipsum
3556 1477 3800 1532 converti

2217 1556 2266 1604 et
2295 1553 2494 1621 vivere,
2529 1556 2589 1606 et
2618 1568 2748 1622 quae
2782 1557 3131 1621 sequuntur.

2214 1711 2252 1763 Ι.
2293 1711 2401 1782 (11)
2433 1711 2571 1766 Dira
2595 1728 2690 1766 res
2723 1716 2812 1766 est
2842 1714 3236 1782 peccatum,et
3284 1707 3524 1762 morbus
3573 1707 3789 1762 animus

2141 1801 2564 1856 acerbissimus
2587 1801 2872 1871 iniquitas
2907 1816 2920 1854 :
2949 1816 3080 1870 quaa
3110 1797 3351 1869 quidem
3395 1813 3606 1851 nervos
3628 1796 3790 1851 illius

2144 1890 2395 1945 succidit
2425 1897 2484 1945 et
2515 1891 2668 1962 ignis
2691 1891 2897 1944 aeterni
2933 1890 3008 1943 sit
3037 1905 3216 1943 causa
3250 1906 3262 1942 :
3292 1887 3516 1943 malum
3552 1891 3789 1958 sponta-

2142 1995 2342 2035 neum.
2379 1979 2543 2045 Quod
2575 1980 2736 2034 enim
2759 1996 2828 2034 ex
2858 1979 3044 2033 libero
3069 1979 3301 2033 delectu
3332 1993 3667 2048 peccemus,
3701 1975 3792 2031 di-

2140 2068 2220 2122 cit
2241 2068 2459 2123 alicubi
2491 2069 2710 2124 diserte
2750 2068 3074 2140 propheta:
3106 2069 3217 2137 Ego
3248 2072 3428 2122 autem
3449 2067 3707 2136 plantavi
3738 2070 3790 2120 te

2139 2160 2354 2212 vineam
2383 2161 2734 2227 fructiferam
2782 2175 2993 2212 omnem
3042 2174 3224 2211 veram
3275 2172 3294 2210 :
3338 2156 3607 2226 quomodo
3654 2170 3788 2210 con-

2138 2264 2291 2301 versa
2322 2263 2372 2301 es
2404 2249 2460 2301 in
2491 2247 3064 2302 amaritudinemvitis
3093 2243 3616 2315 aliena?plantatio
3631 2242 3786 2297 bona

2137 2337 2308 2408 cujus
2341 2336 2570 2392 fructus
2617 2353 2688 2391 ex
2719 2336 2906 2391 libero
2937 2336 3120 2390 animi
3149 2341 3314 2390 motu
3344 2332 3556 2388 malus.
3591 2336 3781 2403 Atque

2137 2424 2357 2480 idcirco
2382 2427 2483 2497 qui
2506 2425 2790 2498 plantavit
2847 2425 3020 2497 culpa
3049 2429 3214 2480 vacat
3247 2441 3259 2478 :
3288 2424 3459 2478 vinea
3493 2439 3626 2477 vero
3659 2421 3780 2494 igni

2137 2515 2500 2570 cremabitur
2522 2533 2534 2583 ;
2560 2517 2844 2586 quoniam
2868 2516 2928 2569 in
2959 2515 3182 2570 bonum
3214 2513 3480 2585 plantata
3504 2517 3612 2578 est,
3633 2516 3690 2565 et
3720 2511 3782 2566 in

2137 2605 2237 2660 38
2263 2604 2486 2660 malum
2505 2604 2948 2660 fructiferafuit.
2983 2603 3135 2659 Fecit
3166 2605 3309 2658 enim
3341 2604 3482 2657 Deus
3510 2602 3782 2655 hominem

2135 2701 2361 2758 rectum,
2389 2695 2559 2766 juxta
2595 2693 3010 2750 Ecclesiastem
3035 2692 3100 2756 ‘5,
3126 2699 3177 2747 et
3228 2694 3334 2762 ipsi
3363 2692 3564 2747 multas
3584 2689 3785 2760 quaesi-

2135 2801 2256 2839 vere
2286 2786 2735 2839 ratiocinationes
2751 2803 2772 2848 ;
2802 2789 2862 2838 et
2917 2782 3234 2853 Apostolus
3265 2781 3348 2836 ait
3379 2797 3393 2835 :
3432 2782 3610 2850 Ipsius
3641 2780 3785 2834 enim

2136 2889 2318 2929 sumus
2346 2876 2587 2941 factura,
2623 2875 2796 2927 creati
2825 2874 2882 2925 in
2923 2888 3089 2940 opera
3120 2872 3280 2937 bona,
3331 2885 3460 2940 quae
3499 2884 3784 2940 praepara-

2136 2965 2214 3018 vit
2236 2965 2375 3017 Deus
2399 2969 2460 3015 ut
2493 2963 2549 3015 in
2575 2963 2643 3015 iis
2693 2961 3028 3016 ambulemus
3059 2958 3121 3012 ‘7.
3151 2960 3391 3013 Creator
3443 2959 3621 3028 igitur
3651 2971 3786 3010 cum

2140 3051 2217 3105 sit
2237 3050 2452 3120 bonus,
2480 3049 2554 3104 ad
2585 3048 2742 3104 bona
2771 3047 2990 3103 creavit
3021 3047 3131 3119 (12)
3163 3063 3176 3099 :
3211 3063 3342 3116 qua:
3373 3062 3506 3100 vero
3529 3044 3681 3100 bene
3712 3044 3785 3099 ab

2141 3156 2208 3195 eo
2239 3145 2436 3195 creata
2460 3139 2715 3207 fuerant,
2748 3138 2810 3193 in
2840 3137 3063 3192 malum
3098 3152 3202 3190 suo
3233 3135 3476 3190 arbitrio
3508 3148 3790 3190 conversa

2141 3234 2298 3290 sunt,
2327 3228 2525 3283 Gravis
2551 3227 2731 3300 igitur
2759 3243 2852 3282 res
2909 3231 3000 3280 est
3028 3229 3335 3296 peccatum
3361 3242 3374 3290 ;
3409 3223 3512 3278 sed
3543 3239 3662 3278 non
3693 3222 3790 3276 in-

2141 3318 2460 3386 sanabilis;
2495 3317 2685 3390 gravis
2706 3316 3010 3381 retinenti,
3043 3319 3252 3370 curatu
3274 3313 3465 3368 facilis
3497 3310 3784 3368 credenti.

2141 3408 2415 3480 Suppone
2449 3407 2608 3478 quod
2654 3405 2869 3476 aliquis
2927 3405 3124 3477 ignem
3166 3407 3368 3458 teneat
3432 3403 3493 3457 in
3554 3415 3784 3457 manu:

2141 3497 2406 3569 quandiu
2429 3494 2815 3562 tenet,adurit
2843 3493 3019 3550 carbo
3046 3514 3060 3560 ;
3093 3493 3412 3548 carbonem
3443 3492 3694 3563 depone,
3729 3491 3789 3544 et

2141 3586 2200 3640 id
2221 3584 2380 3656 quod
2409 3584 2620 3639 urebat
2647 3599 2768 3638 una
2791 3581 3313 3654 deposuisti.Quod
3342 3582 3391 3635 si
3424 3581 3557 3652 quis
3579 3596 3696 3635 non
3723 3595 3786 3634 se

2141 3675 2232 3730 uri
2265 3673 2564 3746 peccando
2598 3678 2788 3743 putat,
2821 3672 2959 3728 huic
3006 3672 3151 3728 dicit
3181 3671 3514 3742 Scriptura:
3546 3673 3787 3741 Reponet

2141 3767 2262 3835 quis
2293 3767 2352 3819 in
2381 3767 2506 3818 sinu
2553 3765 2755 3832 ignem,
2791 3769 2844 3817 et
2870 3765 3195 3818 vestimenta
3243 3778 3352 3816 non
3382 3761 3657 3816 comburet
3688 3757 3736 3794 ¹⁸
3770 3773 3784 3826 ;

2141 3858 2450 3925 peccatum
2480 3851 2778 3924 siquidem
2810 3868 3022 3907 nervos
3053 3852 3267 3906 animae
3283 3848 3788 3913 succidit,mentis

2143 3960 2278 3999 ossa
2301 3942 2806 4015 confringit,quod
2832 3941 3097 3996 lucidum
3128 3945 3217 3996 est
3237 3940 3300 3994 in
3334 3937 3786 4009 animaobtegit.

2213 4215 2280 4269 II.
2308 4212 2420 4268 Sed
2451 4212 2607 4268 dicet
2627 4212 2843 4283 aliquis
2871 4211 3048 4278 :Quid
3070 4209 3310 4266 tandem
3333 4210 3742 4280 estpeccatum
3760 4203 3788 4261 τ

2143 4302 2466 4365 animalne,
2499 4303 2837 4376 angelusve,
2869 4302 2960 4358 vel
2990 4301 3226 4356 daemon
3251 4298 3280 4354 ?
3309 4297 3453 4370 quid
3508 4303 3598 4352 est
3627 4292 3787 4366 quod

2141 4392 2292 4447 illud
2323 4391 2685 4448 efﬁcit?Non
2715 4396 2806 4447 est
2834 4391 3112 4447 inimicus
3139 4388 3378 4445 aliunde
3397 4381 3786 4457 adscitus,sed

451 4539 499 4574 ¹⁵
526 4540 730 4596 Ezech.
765 4554 970 4608 χχχιιι,
1004 4543 1090 4598 11.
1123 4539 1168 4576 ¹⁶
1200 4540 1390 4596 Eccle.
1427 4557 1520 4608 vn,
1548 4543 1637 4597 30.
1673 4541 1718 4578 ‘7
1747 4543 1957 4614 Ephes.
1991 4562 2028 4600 ιι

2157 4590 2172 4604 .
2204 4547 2246 4581 ¹⁸
2277 4547 2445 4602 Prov.
2479 4549 2568 4602 27.

451 4699 526 4768 (1)
553 4691 958 4770 ῌαιὶθιιιχ,καὶ
1016 4695 1138 4770 περὶ
1189 4695 1496 4768 μετανοίας.
1557 4698 1890 4756 Delevimus
1946 4699 2036 4755 καί

381 4768 768 4842 superfluum.

450 4837 532 4912 (2)
561 4839 769 4914 AfyetL
794 4842 904 4894 etc.
947 4837 1050 4914 Ιξι⁸
1085 4839 1224 4894 LXX
1258 4842 1445 4914 _Rom.
1497 4842 1658 4914 hab.,
1738 4839 1863 4896 τάδε
1909 4840 2028 4914 λέγ.

450 4863 532 4912 (Ζ)
561 4863 740 4914 Λεγει,
794 4863 904 4894 θιϋ.
947 4863 1012 4923 l-l’l
1085 4863 1224 4894 LAA
1279 4863 1445 4896 “om.
1499 4863 1658 4911 ΗΕΒ..
1738 4863 1863 4896 ταοε
1910 4863 1971 4898 Αε
2015 4888 2020 4901 ι

378 4912 577 4985 Deest,
599 4909 704 4985 ὅτι.
737 4911 871 4985 Pro_,
897 4929 996 4985 του
1027 4908 1557 4985 ἀμαρτῳλοῦ,(ιῑιοά
1589 4921 1679 4970 est
1707 4915 1769 4971 in
1789 4863 2020 4972 ed.Ald.

377 4990 440 5060 et
468 4983 598 5040 cod.
618 4976 1078 5060 _Alex.,_l;egitur,
1108 4976 1516 5055 ἀσεϐοῦς,Ἰὀοο
1566 4985 1881 5060 ἕπιστρὲψαι
1915 4989 2024 5044 ha-

377 5055 578 5128 betur,
607 5053 964 5128 ἀποστρέψαι.

453 5129 530 5199 (3)
556 5127 656 5199 ᾜς
682 5124 710 5179 6
738 5124 972 5199 καρπός,
1008 5130 1116 5199 etc.
1164 5129 1252 5183 Ita
1279 5128 1430 5199 _cod.
1491 5131 1631 5199 Roe,
1692 5133 1752 5184 at
1809 5129 1871 5184 in
1926 5131 2030 5185 Ca-

381 5194 549 5272 saub.
579 5196 747 5272 deest
772 5194 861 5272 iis,
897 5203 961 5253 et
994 5196 1244 5272 nutante
1275 5194 1366 5252 διὰ
1418 5194 1626 5272 τοῦτο(
1656 5199 1851 5272 Ottob.
1883 5201 2034 5272 2,]11

379 5265 765 5355 φυτείαοκαλή,
827 5265 856 5322 6
884 5338 897 5355 '
940 5269 1150 5344 καρπὸς
1181 5267 1242 5325 ἐκ
1294 5270 1665 5346 προαιρέσεως
1704 5269 1892 5333 κακός⁶
1924 5265 2034 5327 ’διὰ

375 5338 544 5417 ’έοῦψ
565 5338 952 5417 ἑφυτουργός,

470 5415 527 5481 Is)
547 5411 645 5473 Οἷς
673 5411 1104 5486 προητοίμασεν,
1138 5421 1247 5470 etc.
1283 5415 1417 5470 Hinc
1447 5416 1630 5472 verba
1651 5415 1817 5471 Pauli
1849 5416 2028 5472 etiam

375 5485 675 5541 habentur
702 5485 765 5540 in
789 5485 982 5541 Ottob.
1007 5488 1060 5540 2.

447 5558 522 5628 (5)
547 5554 800 5638 Εὐΐατον,
834 5557 1274 5638 etc._UsqueAad
1308 5556 1512 5638 ςιπόθου
1547 5577 1665 5630 μοι,
1746 5559 1886 5614 incl.
1926 5575 2024 5614 eo-

373 5627 512 5684 dem
543 5628 720 5684 modo
754 5628 1050 5684 habentur
1080 5627 1140 5683 in
1173 5629 1365 5686 Ottob.
1394 5631 1448 5686 3.

449 5701 528 5774 (6)
780 5703 832 5767 3,
865 5700 1008 5762 Ἕως
1029 5698 1304 5778 κατέχει,Δ
1319 5699 1502 5778 φλέγει
1637 5698 1854 5776 ἄνθραξ.
1891 5701 2020 5759 Ἀπ-

375 5721 1716 5854 εοὲ3²ὲέξι⁰ἀι¹3ἐρἕέχαῗῖῖιικὲζξὲῗέέοὲιΐέΐἓνλῖγῖέἷ

2217 4702 2293 4775 (7)
2326 4699 2430 4775 Καὶ
2487 4702 2522 4770 ἡ
2568 4700 2823 4775 ἁμαρτία.
2886 4701 2953 4775 In
2992 4699 3184 4775 Ottob.
3228 4703 3251 4752 1
3317 4704 3376 4775 et
3426 4699 3480 4775 Δ3
3546 4697 3784 4775 legitur,

2144 4769 2299 4848 Καίει
2323 4771 2446 4848 γάρ,
2475 4769 2618 4848 δια,
2636 4769 2695 4828 et
2719 4773 2886 4848 deest
2907 4770 3285 4848 ὑποτέμνεται.
3319 4772 3384 4826 In
3416 4769 3788 4848 Ottolﬂquo-

2143 4861 2257 4916 que
2277 4846 2312 4898 2
2337 4838 2477 4916 cum
2506 4838 2617 4916 hac
2637 4845 2919 4899 varietate
2951 4838 3432 4916 hinc'habentur:
3465 4840 3622 4916 Καίει
3653 4838 3778 4916 γὰρ

2141 4905 2178 4984 ἦ
2211 4914 2569 4988 ἁμᾼαρτίαλτὰ
2607 4918 2769 4988 νεῦρα
2813 4920 2914 4988 τῆς
2995 4915 3206 4988 ψυχῆς,
3253 4912 3343 4988 καὶ
3405 4905 3788 4988 συντρίϐειδέά

2140 4982 2435 5112 migra;
2467 4982 2711 5046 διανοίας
2735 4982 3230 5058 ὁστέα,καί⁷σκοτοῖ
3282 4986 3345 5040 τὸ
3375 4982 3637 5064 φωτεινὸν
3680 4983 3783 5052 τῆς

2140 5077 2240 5112 καο
2303 5079 2386 5112 ας.

2137 5078 2386 5119 καροιας.

2210 5077 2570 5214 (ξίῗῖέξωθξν.
2590 5126 3035 5214 ἐπεισαγόμενος.
3071 5131 3205 5186 Haec
3251 5129 3459 5187 eodem
3488 5127 3665 5186 modo
3695 5126 3784 5182 le-

2142 5208 2360 5274 guntur
2389 5201 2452 5256 in
2483 5201 2674 5274 Oittob.
2701 5203 2752 5274 3.

2234 5276 2288 5337 9)
2321 5275 2402 5328 Ex
2432 5272 2602 5328 codd.
2636 5272 2812 5328 Coisl.
2850 5278 2908 5328 et
2936 5273 3129 5331 Ottob.

2234 5276 2288 5337 9)
2321 5275 2402 5328 Ex
2432 5275 2602 5328 codd.
2636 5275 2812 5328 Coisl.
2850 5278 2908 5328 et
2936 5275 3129 5331 Ottob.

2212 5275 2326 5419 (10)
2373 5348 2507 5419 Vivo
2537 5361 2655 5414 ego,
2677 5344 2823 5419 dicit
2854 5347 3134 5419 Dominus.
3170 5347 3348 5419 Magis
3369 5347 3443 5419 ad
3473 5357 3781 5419 argumen-

2139 5415 2266 5489 tum
2299 5417 2478 5489 hujus
2509 5416 2836 5489 catechesis
2867 5417 3143 5473 secundae
3201 5415 3517 5474 convenire
3541 5415 3776 5470 videtur

2138 5487 2264 5544 hinc
2293 5487 2614 5544 Ezechielis
2646 5487 2842 5546 lectio.
2876 5505 3062 5562 quam
3096 5491 3259 5562 prior
3316 5507 3386 5546 ex
3441 5505 3573 5562 cap.
3627 5499 3779 5551 xvm,

2134 5576 2284 5635 vers.
2312 5563 2400 5624 20,
2435 5576 2777 5635 quanquam
2811 5560 2987 5615 etiam
3020 5559 3115 5616 ibi
3149 5561 3221 5616 de
3280 5559 3609 5635 peccatoris
3639 5571 3780 5611 con-

2131 5631 2403 5688 versione
2435 5637 2494 5688 et
2523 5632 2713 5705 salute
2735 5632 3013 5705 loquatur
3039 5631 3350 5705 propheta.

2227 5705 2315 5760 11)
2345 5706 2425 5760 Εχ
2454 5704 2625 5760 codd.
2660 5705 2778 5760 Roe
2803 5710 2860 5760 et
2887 5704 3136 5760 Casaub.

2227 5707 2286 5759 11
2345 5706 2425 5760 Εχ
2454 5705 2625 5760 codd.
2660 5705 2778 5760 Roe
2803 5710 2860 5760 et
2887 5705 3136 5760 Casaub.

2223 5705 2315 5850 12)
2345 5777 2427 5833 Εχ
2455 5775 2627 5834 codd.
2661 5776 2838 5833 Cois].
2866 5781 2932 5832 et
2960 5774 3239 5832 Ottobon.
