4152 6264
350 391 466 453 411
1405 394 1469 452 S.
1516 391 1826 454 CY'PJLLI
1872 394 2019 455 HIEl

2135 393 2291 456 30L.
2339 395 2698 458 AHCHIEP'.
3638 393 3784 454 412·

357 540 600 596 pravum
633 540 874 593 germen
903 539 937 578 a
966 527 1022 578 te
1046 540 1452 595 procrescens.
1487 527 1648 581 Recta
1690 527 1814 582 vide
1831 529 2000 582 oculis

2135 524 2257 582 ιλλὰ
2285 531 2359 599 (1)
2394 527 2689 603 βλάστημα
2716 526 2878 582 κακὸν
2912 525 3136 597 αὖξάνον
3170 525 3277 581 ἀπὸ
3320 528 3438 583 σοῦ.
3471 524 3640 600 Ὀρθὰ
3687 506 3762 595 (2)

353 615 461 668 tuis
478 613 624 680 ‘3',et
645 613 934 686 cupiditas
956 615 1124 668 nulla
1139 621 1240 669 est.
1256 616 1460 670 Retine
1484 622 1664 682 tua,et
1679 617 1873 672 aliena
1889 635 2009 673 non

2135 617 2286 671 Ξλὲπε
2342 621 2458 678 τοῖς
2521 613 2733 689 ὄμμασι
2793 636 2912 684 σου,
2971 615 3061 670 καὶ
3120 613 3219 670 οὐκ
3275 609 3416 669 ἔστιν
3475 611 3760 684 ἐπιθυμία.

349 720 489 774 rape
524 724 538 770 ;
569 710 625 757 et
656 704 904 757 cessavit
952 704 1177 775 rapina.
1219 706 1438 759 Memor
1499 711 1623 760 esto
1648 706 1865 777 judicii
1906 724 1918 772 ;
1955 709 2016 761 et

347 810 541 864 neque
567 793 868 857 scortatio,
897 811 1092 864 neque
1132 794 1515 861 adulterium,
1541 813 1736 866 neque
1761 796 2012 851 homici-

355 882 518 936 dium
550 881 707 953 apud
736 888 791 936 te
824 881 1185 949 invalescet;
1250 901 1382 938 cum
1447 901 1579 939 vero
1638 885 1741 940 Dei
1790 885 2012 942 oblitus

355 970 707 1040 fueris,tunc
738 972 980 1027 demum
1005 972 1298 1028 malorum
1317 973 1580 1030 fontibus
1608 977 1895 1031 scaturire
1928 977 2016 1031 in-

359 1061 526 1132 cipis.

425 1150 521 1205 ΙΙΙ.
565 1153 765 1223 Neque
799 1168 932 1207 vero
962 1157 1023 1207 tu
1075 1153 1238 1208 solus
1287 1153 1449 1208 illius
1503 1154 1588 1209 rei
1629 1160 1879 1224 auctor;
1912 1155 2015 1210 sed

360 1246 447 1294 est
469 1239 620 1295 alius
645 1240 894 1311 quidam
928 1257 1135 1296 suasor
1187 1248 1245 1296 et
1290 1249 1516 1312 auctor,
1579 1244 1872 1300 diabolus.
1909 1245 2014 1300 Ille

359 1330 636 1385 omnibus
668 1331 946 1403 suggerit,
981 1331 1084 1386 sed
1112 1348 1230 1386 non
1261 1333 1313 1386 vi
1347 1340 1587 1404 superat
1618 1353 1718 1390 eos
1745 1336 1845 1405 qui
1901 1335 2014 1406 ipsi

360 1436 587 1474 morem
602 1436 722 1474 non
736 1425 966 1492 gerunt.
979 1422 1225 1492 Propter
1241 1423 1351 1476 hoc
1374 1422 1518 1477 dicit
1535 1422 2015 1480 Ecclesiastes:Si

357 1511 588 1578 Spiritus
632 1517 958 1579 potestatem
1007 1512 1256 1566 habent-is
1286 1513 1591 1568 ascenderit
1641 1531 1803 1584 super
1836 1522 1904 1583 te,
1943 1517 2017 1569 lo'

361 1615 479 1653 cum
503 1605 654 1652 tuum
684 1616 750 1653 ne
771 1600 1041 1655 dimiseris
1075 1601 1136 1656 1'.
1168 1601 1420 1658 Occlude
1452 1603 1632 1671 fores,
1664 1621 1906 1660 remove
1939 1605 2011 1659 il-

361 1688 537 1748 luma
569 1694 644 1756 to,
678 1688 905 1743 etnihil
933 1691 1372 1746 tibinocehit.Si
1407 1710 1540 1748 vero
1557 1695 2011 1765 pravidesiderii

364 1794 568 1834 semen
600 1779 954 1850 susceperis,
987 1781 1299 1848 augebitur
1329 1801 1434 1854 per
1453 1785 1876 1857 cogitationum
1908 1803 2009 1840 re-

2116 704 2323 780 Κάτεχε
2349 707 2418 760 τὰ
2446 705 2532 773 σά,
2563 707 2650 760 καὶ
2687 707 2762 779 μὴ
2795 708 2913 776 αἶρε
2957 704 3020 760 τὰ
3076 703 3365 780 ἀλλότρια·
3417 703 3506 758 καὶ
3542 702 3762 778 ἁρπαγή

2115 797 2469 869 κεκοίμηται.
2503 795 2826 870 Μνημόνευε
2849 801 2951 865 τῆς
3008 794 3262 872 κρίσεως,
3312 795 3404 849 καὶ
3450 792 3573 848 οὕτε
3628 811 3767 868 πορθ

2115 885 2248 954 νεία,
2284 885 2405 941 οὕτε
2439 885 2686 962 μοιχεία,
2720 883 2843 940 οὕτε
2867 887 3031 963 φόνος
3066 885 3252 961 ἱσχύει
3281 885 3429 958 παρὰ
3485 881 3590 938 σοί⁶
3636 881 3764 937 ὅταν

2117 974 2174 1030 δὲ
2205 976 2438 1052 ἐπιλάθῃ
2459 981 2555 1033 τοῦ
2587 981 2742 1048 Θεοῦ,
2767 976 2891 1032 τότε
2950 975 3146 1032 λοιπὸν
3183 976 3328 1052 ἄρχῃ
3360 977 3436 1050 (3)
3496 974 3763 1050 πηγάζειν

2115 1065 2299 1141 πηγὰς
2324 1071 2528 1124 κακῶν.

2189 1157 2260 1213 Γ“.
2294 1158 2373 1214 Οὐ
2409 1155 2573 1229 μόνον
2607 1154 2665 1212 δὲ
2719 1156 2919 1212 τούτου
2951 1154 3014 1210 σὺ
3067 1156 3146 1228 (4)
3200 1154 3449 1230 ἀρχηγὸς
3494 1155 3564 1223 εἴ,
3619 1151 3768 1208 ἀλλὰ

2116 1244 2206 1299 καὶ
2239 1243 2411 1307 ἄλλος
2445 1240 2753 1308 ὐποϐολιὺς
2783 1245 3056 1322 ἀρχηγὸς,
3097 1245 3125 1298 6
3184 1239 3467 1306 διάϐολος.
3494 1237 3772 1297 Ὑποϐἀλ-

2119 1333 2202 1390 λει
2232 1340 2392 1389 πᾶσιν
2426 1333 2654 1407 ἐκεῖνος,
2688 1333 2812 1391 ἀλλ’
2847 1335 2948 1389 οὐκ
2977 1334 3258 1409 ἐπικρατεῖ
3285 1336 3392 1388 τῶν
3459 1332 3535 1405 μὴ
3580 1333 3768 1386 πειθο-

2121 1424 2319 1498 μένων.
2406 1425 2503 1479 Διὰ
2557 1428 2718 1480 τοῦτο
2803 1423 2949 1499 λέγει
3023 1423 3051 1478 6
3111 1421 3571 1492 Ἐκκλησιαστής·
3641 1421 3762 1475 Ἐὰν

2117 1519 2330 1588 πνεῦμα
2395 1518 2492 1569 τοῦ
2542 1512 2946 1586 έξουσιάζοντος
3024 1507 3198 1586 ἀναϐῇ
3283 1511 3366 1566 ἐπὶ
3449 1511 3528 1579 σε,
3599 1509 3768 1566 τόπον

2120 1625 2215 1659 σου
2249 1604 2324 1677 μή
2361 1603 2521 1680 ἀφῇς.
2555 1600 2914 1658 Ἀπόκλεισον
2939 1603 3040 1672 τήν
3101 1600 3288 1675 θύραν,
3337 1601 3425 1654 καὶ
3492 1601 3764 1672 μάκρυνον

2121 1692 2226 1748 ἀπὸ
2304 1696 2424 1761 σοῦ,
2483 1690 2572 1746 καὶ
2632 1690 2694 1746 οὐ
2757 1690 2956 1767 βλάψει
3014 1711 3090 1748 σε.
3132 1689 3254 1744 Ἐὰν
3317 1685 3374 1744 δὲ
3426 1684 3657 1762 δέξῃβ)
3707 1687 3771 1742 τὸ

2119 1780 2334 1857 σπέρμα
2363 1789 2463 1850 τῆς
2499 1780 2810 1854 ἐπιθυμίας,
2833 1780 2978 1853 αὔξει
3038 1778 3124 1834 διὰ
3181 1783 3290 1834 τῶν
3342 1777 3625 1853 λογισμῶν
3661 1777 3761 1850 (6),

365 1868 829 1930 cursus,radices
860 1875 1009 1941 aget,
1045 1877 1305 1926 mentem
1343 1877 1502 1927 tuam
1535 1873 1912 1934 devinciet.et
1944 1876 2004 1930 in

2135 1872 2268 1942 Βίζας
2306 1871 2523 1948 βάλλει,
2557 1869 2809 1944 ἐκδεσμεῖ
2865 1892 2961 1926 σου
3018 1871 3117 1939 τὴν
3153 1867 3414 1937 διάνοιαν,
3458 1867 3533 1929 εἷς
3569 1868 3764 1942 βόθρον

363 1957 659 2012 malorum
698 1957 1058 2028 profundum
1090 1959 1258 2014 feret.
1289 1960 1399 2014 Sed
1432 1961 1782 2032 plerumque
1815 1963 2002 2018 dicis:

364 2047 581 2102 Fidelis
614 2064 901 2110 sum,non
935 2065 1028 2103 me
1062 2049 1364 2120 superabit
1386 2051 1639 2106 daemon.
1675 2055 1748 2106 At
1776 2058 2006 2124 petram

366 2153 522 2207 saepe
553 2135 986 2193 disciditradix
1009 2139 1266 2207 inventa,
1325 2156 1399 2194 ne
1454 2157 1658 2196 semen
1693 2143 2002 2214 suscipias,

366 2225 658 2296 siquidem
692 2233 749 2280 et
771 2227 948 2281 ﬁdem
981 2235 1696 2301 perrumpet;antequam
1720 2231 2006 2300 efﬂoreat,

366 2315 588 2369 malum
622 2315 890 2387 stirpitus
917 2317 1099 2372 evelle
1129 2337 1142 2384 ;
1181 2335 1255 2372 ne
1286 2335 1420 2374 cum
1452 2320 1620 2374 initio
1654 2322 2006 2394 neglexeris,

365 2421 603 2460 secures
639 2405 706 2440 ιθ·
741 2410 798 2459 et
828 2406 1131 2462 ﬂammam
1165 2408 1208 2442 2°
1231 2415 1436 2480 postea
1494 2411 1783 2481 requiras.
1813 2411 2011 2467 Oculis

367 2493 567 2549 dolere
591 2494 732 2548 dum
765 2495 998 2566 incipis,
1031 2497 1262 2552 modico
1292 2504 1554 2570 tempore
1586 2501 1779 2556 curari
1815 2507 1867 2556 te
1897 2502 2010 2572 fac,

362 2599 439 2639 ne
465 2584 796 2640 obcaecatus
828 2589 952 2639 tum
983 2585 1222 2640 demum
1253 2588 1550 2644 medicum
1578 2591 1868 2661 requiras.

437 2763 529 2816 IV.
564 2763 847 2834 Princeps
879 2762 1058 2832 igitur
1082 2770 1172 2819 est
1217 2768 1442 2837 peccati
1473 2767 1765 2837 diabolus,
1825 2771 2011 2826 malo-

367 2867 502 2906 rum
544 2853 1025 2922 pater.Dominus
1045 2855 1212 2909 Jesus
1245 2857 1354 2911 hoc
1386 2855 1677 2918 dicit.non
1711 2875 1854 2932 ego;
1888 2860 2015 2931 ipse

368 2939 442 2995 de
474 2939 579 2994 illo
611 2941 788 2996 dicit:
815 2944 1084 3006 Quoniam
1115 2945 1183 2998 ab
1212 2947 1377 3000 initio
1407 2948 1654 3003 diabolus
1668 2956 1861 3018 peccat
1892 2950 1962 2984 ²⁰⁶
1997 2971 2012 3018 ;

369 3029 536 3101 prius
559 3030 662 3085 illo
686 3033 947 3102 peccavit
977 3049 1178 3089 nemo.
1210 3036 1497 3102 Peccavit,
1532 3054 1654 3094 non
1708 3056 1776 3095 ex
1805 3045 2019 3096 natura

372 3135 612 3173 sumens
643 3121 928 3190 peccandi
961 3124 1399 3193 necessitatem,
1434 3125 1520 3182 sic
1549 3128 1708 3182 enim
1732 3129 1794 3183 in
1823 3135 2017 3185 aucto-

371 3223 498 3260 rem
525 3215 833 3278 peccatum
864 3212 1156 3267 recideret
1179 3214 1312 3269 :sed
1343 3232 1476 3270 cum
1499 3216 1692 3273 bonus
1713 3224 2019 3274 essetcon-

373 3295 552 3364 ditus,
586 3296 858 3354 diabolus
889 3300 1080 3356 factus
1111 3309 1259 3368 est,e
1273 3322 1335 3359 re
1365 3311 1529 3376 gesta
1551 3307 2016 3379 appellationem

375 3385 638 3442 sortitus.
673 3389 1076 3457 Archangelus
1107 3408 1241 3446 cum
1268 3400 1442 3463 esset,
1474 3395 1744 3451 diabolus
1784 3397 1901 3452 sive
1925 3415 2016 3453 ca-

375 3473 677 3530 lumniator
707 3493 742 3531 a
796 3477 1215 3535 calumniando
1273 3482 1463 3538 dictus
1495 3490 1586 3539 est
1617 3503 1630 3540 :
1660 3503 1689 3540 e
1721 3503 1884 3542 servo
1917 3488 2019 3542 Dei

371 3561 552 3632 bono,
585 3566 779 3622 factus
808 3574 898 3623 est
923 3568 1205 3626 Satanas:
1229 3571 1473 3629 Satanas
1505 3575 1663 3630 enim
1682 3576 1841 3632 idem
1863 3577 2022 3648 quod

375 3652 648 3709 diabolus
687 3656 816 3724 [seu
875 3657 1290 3732 calumniator]
1330 3670 1501 3718 sonat
1533 3681 1546 3718 :
1597 3683 1718 3721 non
1771 3672 1861 3721 est
1893 3683 2023 3722 mea

371 3743 502 3798 haec
533 3743 824 3814 doctrina,
859 3746 961 3801 sed
993 3747 1065 3802 ab
1097 3750 1398 3806 Ezechiele
1429 3753 1645 3808 eruditi
1671 3756 2021 3824 sumus;hic

374 3833 538 3888 enim
569 3833 850 3891 adversus
880 3837 1050 3894 illum
1083 3839 1345 3897 lamenta
1401 3844 1713 3900 effundens
1755 3845 1899 3900 dicit
1929 3847 1973 3882 ²¹
2004 3863 2019 3902 :

377 3923 455 4000 Tu
483 3925 826 3993 signaculum
847 3929 1256 4000 similitudinis,
1289 3933 1346 3986 in
1361 3933 1630 4002 paradiso
1677 3937 1779 3990 Dei
1805 3938 2023 4005 genitus

371 4027 442 4066 es.
476 4014 546 4066 Et
582 4020 718 4085 post
745 4033 932 4087 pauca
967 4036 979 4072 :
1027 4020 1252 4076 Genitus
1281 4038 1334 4075 es
1377 4023 1788 4092 irreprehensus
1817 4027 1876 4078 in
1905 4026 2020 4079 die-

378 4101 473 4156 bus
499 4105 627 4172 tuis,
659 4105 827 4160 donec
857 4107 1090 4162 inventae
1120 4116 1247 4164 sunt
1305 4112 1364 4166 in
1423 4118 1475 4166 te
1518 4113 1862 4183 iniquitates.
1897 4116 2024 4171 Non

374 4189 622 4246 aliunde
657 4195 854 4249 ascitas
887 4201 1025 4250 sunt
1059 4213 1072 4251 :
1105 4199 1359 4268 genuisti
1380 4201 1503 4272 ipse
1526 4201 1770 4259 malum.
1802 4207 1874 4259 Et
1886 4221 2025 4276 pro-

367 4286 500 4350 pter
523 4288 753 4350 peccata
785 4289 879 4337 tua
908 4286 1227 4342 vulneratus
1258 4303 1330 4355 es,
1363 4296 1414 4343 et
1448 4289 1508 4345 in
1557 4297 1757 4348 ter-ram
1808 4296 2025 4366 projeci

376 4375 444 4424 te.
481 4371 768 4426 Dominus
789 4389 1028 4429 rursum
1052 4375 1113 4430 in
1136 4377 1468 4451 Evangeliis
1499 4380 1608 4436 ait:
1638 4383 1740 4438 34
1765 4385 2024 4440 Videbam

373 4459 639 4514 Satanam
665 4463 805 4515 sicut
833 4462 1029 4532 fulgur
1056 4465 1122 4519 de
1143 4466 1276 4520 coelo
1303 4467 1581 4524 cadentem
1617 4470 1673 4524 in
1707 4477 1908 4527 terram
1928 4472 2022 4531 ’1'.

2116 1983 2175 2016 σε
2205 1961 2351 2041 φέρει
2385 1966 2460 2034 (7)
2488 1967 2692 2018 κακῶν.
2735 1958 2911 2018 Ἀλλὰ
2962 1959 3235 2021 πολλάκις
3295 1956 3494 2036 λέγεις·
3558 1955 3760 2018 Πιστός

2113 2050 2254 2123 εἶμι,
2281 2051 2372 2105 καὶ
2403 2050 2464 2105 οὐ
2496 2049 2828 2128 περιγίνεταί
2865 2071 2969 2122 μου
3004 2046 3236 2121 δαίμων.
3297 2047 3400 2104 Καὶ
3459 2045 3657 2120 πέτραν
3691 2047 3767 2118 (8)

2113 2139 2330 2217 ἔρρηξεν
2365 2139 2636 2203 πολλάκις
2667 2139 2786 2216 ῥίζα
2817 2137 3105 2215 εὑρεθεῖσα.
3142 2139 3229 2206 Μὴ
3267 2135 3409 2209 δέξαι
3466 2136 3558 2191 τὸν
3621 2133 3764 2189 σπό-

2117 2251 2230 2306 ρον,
2290 2229 2404 2285 ἐπεὶ
2465 2227 2780 2306 διαῤῥησσει
2851 2231 2951 2297 τὴν
3036 2226 3236 2282 πίστιν·
3315 2226 3444 2301 πρὶν
3531 2225 3767 2298 avem,

2113 2319 2408 2396 προρῥίζον
2471 2316 2620 2389 ἔξελε
2695 2318 2758 2373 τὸ
2816 2316 3000 2373 κακόν·
3057 2318 3132 2390 μὴ
3183 2316 3504 2391 ρᾳθυμήσας
3554 2312 3608 2385 ἐξ
3667 2314 3763 2389 ἀρ-

2118 2417 2227 2485 χῆς
2285 2412 2383 2482 (9),
2443 2409 2682 2471 πέλυκας
2732 2407 2950 2482 ὕστερον
3005 2408 3096 2464 καὶ
3169 2410 3286 2482 πῦρ
3357 2403 3768 2480 πολυπραγμο-

2115 2499 2210 2574 νῇς
2270 2500 2400 2573 (10).
2485 2497 2826 2573 Ἀρχόμενος
2887 2494 3194 2574 ὀφθαλμιᾷν
3260 2493 3559 2571 θεραπεύοι)
3632 2493 3772 2548 κατὰ.

2116 2589 2303 2664 καιρὸν
2340 2589 2553 2662 μικρὸν,
2583 2588 2674 2643 ἳνα
2733 2589 2808 2661 μὴ
2860 2584 3224 2666 τυφλωθήσῃ,
3279 2588 3370 2641 καὶ
3425 2585 3549 2640 τότε
3601 2584 3772 2655 ξητή-

2120 2702 2219 2754 σῃς
2250 2681 2359 2753 (11)
2400 2679 2490 2733 τὸν
2528 2677 2734 2754 ἰατρόν.

2191 2769 2262 2824 Δ’.
2297 2767 2572 2844 ’Δρχηγὸς
2609 2767 2702 2840 μὶν
2739 2767 2828 2821 οῦν
2859 2764 3128 2842 ἁμαρτίας
3159 2766 3185 2820 6
3246 2759 3529 2832 διάϐολος,
3561 2783 3762 2838 γεννη-

2119 2879 2231 2932 τωρ
2264 2861 2371 2912 τῶν
2405 2861 2608 2916 κακῶν.
2640 2861 2809 2912 Τοῦτο
2841 2853 2898 2911 δὲ
2955 2859 3064 2928 (12)
3115 2857 3322 2926 Ἰησοῦς
3378 2853 3520 2910 εἶπεν
3580 2853 3607 2907 6
3641 2849 3755 2906 Κό-

2124 2969 2262 3023 ριος,
2295 2947 2397 3002 οὐκ
2445 2947 2571 3022 ἐγώ·
2649 2945 2808 3008 αὐτὸς
2861 2945 3005 3000 εἶπεν
3081 2944 3202 3019 περῖ
3261 2942 3445 2998 αὐτοῦ·
3488 2944 3610 3002 Ὀτι
3671 2941 3765 2995 ἀπ’

2121 3037 2302 3113 ἀρχῆς
2339 3037 2367 3090 6
2421 3029 2680 3098 διάϐολος
2741 3035 3055 3108 ἁμαρτάνει·
3119 3032 3227 3108 πρὸ
3307 3031 3472 3087 αὐτοῦ
3524 3029 3772 3105 ἥμαρτεν

2123 3125 2322 3191 οὐδείς.
2355 3127 2655 3200 Ἳ-Ιμαρτεν,
2690 3123 2788 3179 οὐκ
2839 3122 2898 3178 ἐκ
2955 3123 3166 3201 φύσεως
3196 3123 3258 3177 τὸ
3291 3121 3615 3194 ἁμαρτάνειν
3669 3117 3770 3172 λα-

2129 3211 2262 3285 ϐὼν,
2297 3214 2409 3269 ἐπεὶ
2451 3215 2738 3289 ἀνατρέχει
2772 3215 2806 3283 ἡ
2869 3212 3106 3289 άμαρτία
3159 3211 3235 3274 εἷς
3290 3211 3379 3265 τὸν
3438 3208 3769 3264 κατασκευά-

2129 3325 2312 3361 σαντα·
2344 3303 2469 3360 ἀλλ⁹
2523 3303 2720 3380 ἀγαθὸς
2773 3301 3240 3371 κατασκευασθεὶς,
3297 3295 3560 3360 διάϐολος
3615 3298 3771 3373 γέγο-

2127 3417 2232 3462 νεν,
2259 3393 2316 3449 ἐκ
2344 3398 2444 3459 τῆς
2473 3395 2717 3467 πράξεως
2742 3388 2927 3447 λαϐὼν
2959 3393 3059 3460 τήν
3109 3388 3505 3466 προσηγορίαν.
3538 3385 3776 3464 Ἀρχάγ-

2125 3484 2288 3562 γελος
2374 3479 2468 3539 ὤν.
2528 3478 2788 3546 διάϐολος
2874 3482 3082 3552 ἐκλήθη
3137 3482 3242 3536 ἀπὸ
3313 3484 3409 3535 τοῦ
3460 3471 3776 3534 διαϐάλλειν

2129 3575 2326 3651 ἀγαθὸς
2363 3570 2436 3628 ὢν
2471 3575 2604 3628 Θεοῦ
2656 3570 2955 3645 ὑπηρέτης,
2995 3569 3214 3645 γέγονεν
3278 3573 3537 3630 Σατανᾶς·
3600 3567 3628 3620 6
3677 3567 3779 3640 γὰρ

2131 3669 2372 3726 Σατανᾶς
2401 3663 2492 3718 τὸν
2528 3657 2788 3716 διάϐολον
2818 3659 3128 3734 ἕρμηνεῦει.
3176 3657 3291 3715 Οὐκ
3347 3657 3452 3730 ἐμά
3505 3659 3671 3710 ταῦτα
3713 3655 3783 3708 τά

2132 3751 2458 3830 διδάγματα,
2491 3750 2636 3807 ἀλλὰ
2665 3746 3033 3828 ὠφελήθημεν
3095 3748 3241 3822 παρὰ
3281 3742 3564 3815 Ἰεζεκιήλ.
3603 3744 3783 3798 Ἐκεῖ-

2125 3845 2224 3906 ¹νος
2258 3838 2442 3899 λαϐὼν
2487 3843 2720 3916 θρήνους
2775 3838 2858 3896 ἐπ’
2910 3837 3088 3905 αὐτὸν,
3143 3835 3317 3912 λέγει·
3362 3833 3436 3888 Σὺ
3496 3833 3776 3912 ἀποσφρά-

2133 3955 2308 4008 γισμα
2393 3930 2772 4006 ὁμοιώματος,
2850 3928 2900 3984 ἰν
2957 3931 3037 4000 τῷ
3093 3923 3408 4000 παραδείσῳ
3490 3927 3589 3979 τοῦ
3647 3926 3782 3980 Θεοῦ

2134 4021 2451 4098 έγεννήθης·
2529 4020 2618 4075 καὶ
2700 4019 2814 4092 μετ’
2873 4015 3048 4092 ὀλίγα·
3127 4015 3459 4089 Ἑγεννήθης
3547 4010 3784 4087 ἄμωμος

2133 4109 2184 4165 ἐν
2235 4115 2354 4172 ταῖς
2413 4108 2648 4185 ἡμέραις
2705 4129 2822 4178 σου,
2882 4105 3043 4181 ἄχρις
3104 4106 3166 4160 οὗ
3215 4105 3408 4179 εὑρέθη
3466 4103 3535 4159 τά
3592 4099 3784 4172 ἀδική-

2137 4222 2280 4275 ματα
2311 4199 2362 4255 έν
2392 4198 2498 4256 σοί.
2531 4199 2646 4258 Οὐκ
2703 4191 2893 4269 ἔξωθεν
2955 4195 3322 4270 ἐπεισηνέχθη
3375 4196 3510 4267 (13)·
3561 4189 3784 4268 ἐγέννη-

2135 4313 2227 4354 σας
2257 4291 2319 4346 τὸ
2349 4291 2536 4346 κακόν.
2574 4287 2676 4346 Καὶ
2732 4284 2822 4343 διὰ
2876 4287 2970 4348 τὰς
3029 4286 3296 4360 ἁμαρτίας
3354 4304 3454 4338 σου
3513 4280 3786 4356 έκραυμαο

2133 4383 2351 4452 τίσθης,
2382 4380 2470 4435 καὶ
2499 4378 2588 4433 ἐπὶ
2617 4379 2716 4446 τήν
2776 4379 2879 4452 γῆν
2939 4375 3136 4453 ἔρῥιψά
3188 4396 3266 4432 σε.
3326 4375 3387 4431 Ὀ
3445 4370 3642 4448 Κύριος
3683 4367 3788 4425 πᾶ-

2137 4469 2223 4526 λιν
2299 4469 2350 4525 έν
2405 4466 2760 4545 Εὖαγγελίοις
2839 4465 3008 4540 λέγει·
3041 4465 3351 4538 Ἐθεώρουν
3401 4462 3490 4517 τὸν
3543 4463 3778 4513 Σατανᾶν

455 4611 525 4692 ‘3'
557 4615 722 4692 Prov.
756 4631 829 4684 xv,
859 4616 1021 4692 25.7”
1042 4617 1231 4692 Eccle.
1266 4637 1320 4688 x,
1345 4622 1394 4674 4.
1427 4622 1495 4656 ¹⁰⁸
1529 4623 1728 4678 Matth.
1761 4640 1845 4692 ιιι,
1881 4628 1965 4680 10.
1999 4625 2019 4660 ²

2140 4643 2286 4682 rem.
2321 4641 2485 4690 xxm,
2507 4625 2596 4678 29.
2631 4619 2702 4655 ²⁰¹
2735 4621 2760 4675 Ι
2789 4621 2956 4676 Joan.
2987 4635 3041 4686 v,
3073 4619 3104 4671 8
3141 4635 3154 4685 ;
3189 4617 3271 4672 vel
3298 4616 3458 4670 Joan.
3517 4627 3634 4680 vm,
3683 4611 3778 4668 44.

380 4683 420 4718 ²¹
457 4685 659 4740 Ezech.
694 4703 886 4756 xxvm,
923 4691 1008 4745 l2.
1043 4688 1110 4726 ²¹⁹
1141 4691 1278 4748 Luc.
1305 4683 1367 4759 ἰ,
1405 4694 1489 4746 18.

452 4839 753 4926 (ηξΑλλᾶρ
788 4848 897 4926 etc.
932 4846 1068 4926 Huic
1087 4852 1146 4903 et
1192 4849 1506 4926 sequentia
1533 4867 1724 4922 usque
1776 4852 1850 4908 ad
1880 4849 2029 4926 ἃρχῂ
2061 4856 2109 4921 D

379 4911 587 4980 πηγάζ.
624 4914 774 4969 excl.
807 4916 1023 4972 desunt
1054 4918 1115 4973 in
1147 4911 1507 4978 cod-Ottob.

563 4985 755 5064 Qttob.
854 4988 1263 5064 habet__etiam,
1289 4989 1442 5064 ὀρθά.

457 5051 533 5136 (ξ)
565 5053 772 5136 Verba.
805 5056 998 5136 λοιπὸν
1031 5060 1204 5136 ἄρχῃ.
1238 5051 1565 5136 όιέδιιεᾳιιο
1596 5067 1670 5122 ad
1705 5067 1732 5121 6
1766 5062 2026 5127 διάϐολος

386 5121 598 5176 inclus.
627 5125 834 5194 eodem
865 5130 1038 5184 modo
1068 5121 1366 5190 habentur
1386 5138 1448 5190 in
1470 5121 1672 5193 'Ottob.
1709 5142 1756 5194 3.

461 5193 771 5276 (‘4)T0'51A0Au‘
793 5195 880 5276 σῤ.
903 5201 1164 5276 _Cois_lin.
1198 5206 1424 5276 vitiose,
1450 5209 1610 5264 τοῦτὸ
1643 5193 1753 5268 σοι.
1804 5215 2027 5268 Emen-

389 5263 562 5343 datur
592 5283 660 5319 ex
683 5267 930 5343 Ottob._3
954 5274 1216 5343 verbum,
1246 5277 1312 5342 εἴ,
1347 5263 1787 5339 eo'demcodice
1805 5263 2030 5339 E35161.

387 5336 679 5391 nistrante
710 5338 920 5433 ad’jeci.
961 5347 966 5351 '

462 5408 742 5433 llf\17-_L-
801 5409 900 5433 ΠΒ..
956 5408 966 5433 Ι

461 5408 749 5498 (fillVerba
779 5408 902 5498 Ἐὰν
952 5408 1008 5465 δὶ
1066 5410 1314 5498 δέξῃ-εξ
1360 5425 1671 5498 sequentia
1709 5444 1898 5498 usque
1957 5427 2030 5483 ad

388 5475 584 5554 Πιστός
612 5477 748 5554 εἰμι,
783 5482 991 5554 eodem
1023 5475 1202 5543 modo.
1223 5475 1920 5554 ἱιειῦριιιῖιῖἷιιηόιῖοῧῗέ.

461 5551 534 5618 (6)
559 5549 783 5627 Διά-τῷν
819 5549 1126 5627 λογισμῶν,
1171 5565 1280 5616 etc.
1343 5549 1602 5623 Secutus
1637 5549 2031 5627 stunt-lectio-

392 5636 530 5712 μορ]
561 5622 690 5712 cod.
726 5622 919 5712 Ottob'.
947 5645 960 5693 ;
988 5622 1131 5686 nam
1158 5632 1400 5689 Coislin.
1435 5622 1805 5712 omittit-,WS—i‘d,
1827 5622 1913 5699 et.
1927 5622 2032 5699 ii;-

387 5691 507 5769 bet,
523 5692 627 5769 (τὸν
656 5693 951 5769 λογισμόν.

461 5766 538 5838 ('7)
570 5765 640 5820 Σὲ
671 5765 843 5845 φέρει.
873 5766 1050 5832 Deest
1078 5791 1156 5846 σε,
1187 5773 1367 5833 Coisl.

2211 4852 2288 4921 (8)
2331 4846 2716 4921 Καὶ-πέτραν.
2767 4845 2959 4921 Ottob.
3000 4847 3071 4921 __2
3127 4859 3141 4898 :
3189 4836 3368 4896 Ἀλλᾶ
3415 4835 3508 4894 καὶ
3585 4838 3784 4912 πέτραν

2140 4916 2334 4998 ἔρρηξε
2361 4916 2636 4998 πολλάκις
2666 4917 2787 4998 ρίζα
2815 4917 3110 4998 εὑρεθεῖσα.

2209 4979 2964 5065 (9⁷)’ῬᾳθυμήσαςἙξάρχῆᾲ
3026 4988 3162 5046 Hac
3234 4983 3414 5042 verba
3471 4999 3542 5038 ex
3588 4979 3788 5040 Ottob.

2140 5066 2496 5122 addidimus.
3305 5126 3314 5138 _

2211 5135 2818 5224 (1Ομ1ολυπραγμοῇς.
2850 5136 2915 5188 In
2967 5129 3144 5189 Coisl.
3204 5129 3445 5253 legitur,
3500 5122 3791 5208 πολμπρα-

2140 5227 2474 5253 vnnunnnn
2491 5207 2894 5253 dnhntavumns
2908 5201 3189 5253 mendum
3220 5200 3260 5253 ιι
3309 5216 3450 5253 raru
3472 5211 3789 5253 corrmere.

2137 5200 2478 5284 γμονεῖπιοιι
2491 5200 2754 5284 tavi
2765 5223 2894 5284 mus
2908 5201 3189 5284 mendum
3220 5200 3300 5284 lib
3309 5200 3450 5284 rarii
3472 5200 3789 5284 corrigere.

2210 5265 2701 5356 (11)Τυφλωθήσῃ,
2791 5277 3045 5348 ζητήςῃς.
3094 5275 3161 5328 In
3226 5271 3430 5339 Coisl.,
3483 5265 3790 5346 τυφλιῖυθεί·

2142 5353 2617 5427 σῃνθῐνζητήσεις.
2673 5424 2710 5427 __
2931 5419 2946 5427 _
3062 5416 3077 5427 _
3243 5418 3254 5427 ‘
3321 5413 3332 5425 .
3442 5413 3476 5427 ﬂ
3524 5411 3536 5423 .

2209 5411 2324 5492 (l2)
2355 5411 2531 5482 τοῦτο
2566 5411 2642 5498 δέ.
2671 5424 2802 5498 Haec
2831 5419 3008 5498 verba
3035 5416 3262 5498 desunt
3320 5413 3406 5498 in.
3438 5411 3615 5498 Coisl:
3678 5411 3794 5498 Has

2141 5483 2360 5551 bentur
2390 5504 2587 5552 autem
2620 5497 2682 5550 in
2714 5493 2950 5550 Ottob.l
2993 5496 3050 5546 et
3079 5489 3211 5557 3,in
3243 5503 3361 5557 quo
3391 5485 3521 5540 haec
3553 5483 3788 5555 phrasis

2143 5569 2420 5644 similiter
2450 5570 2682 5644 legitur.
2815 5636 2864 5644 ω
3061 5632 3072 5644 ,
3157 5632 3167 5642 ο
3468 5629 3478 5639 ,
3550 5626 3562 5639 ,

2211 5622 2778 5713 (13)ἡ’.Ετέείιζᾶίιλνὲχθη2
2813 5636 2905 5693 Sic
2963 5632 3194 5704 scripsi,
3247 5629 3516 5702 quamvis
3546 5626 3611 5682 in
3659 5622 3790 5682 cod.

2143 5709 2319 5769 Coisl.
2351 5713 2452 5780 sit,
2483 5709 2705 5781 ἐπισυνῆ
2715 5709 2850 5784 χθη.
