4152 6264
395 358 517 430 n3

1339 349 1823 429 GATECHESIS’
1856 367 1932 428 ιι.
1981 346 2409 428 sXEMPLAR
2450 368 2867 434 ALTERUM.

3706 370 3826 432 4H

403 500 483 563 ὡς
543 498 829 573 ἀστραπὴν
906 497 968 554 ἐκ
1047 494 1165 554 ποῦ’
1230 496 1461 570 οὐρανοῦ⁹
1524 498 1761 557 πεσόντα
1820 498 1909 555 ἐπὶ
1963 497 2060 567 τήν

2181 500 2355 558 Vides
2387 505 2615 561 Veteris
2646 522 2783 562 cum
2811 508 2967 562 Novo
2997 504 3371 560 Testamento
3407 503 3822 560 concordiam?

402 595 535 665 γῆν.
591 587 825 651 Βλέπεις
903 585 1148 651 Παλαιᾶς
1225 588 1543 669 συμφωνίαν
1617 591 1756 665 πρὸς
1817 590 2057 660 Καινήνς

406 681 589 742 Οὗτος
621 675 801 733 πεσὼν
856 674 1253 747 συναπέστησεν
1308 677 1582 743 πολλούς’
1617 680 1772 741 οὗτος
1805 673 2064 734 ἐκϐάλλει

406 769 506 833 τὰς
539 767 830 840 ἐπιθυμίας
876 771 996 829 τοῖς
1046 769 1415 841 πειθομένοις·
1474 767 1536 825 ἐκ
1584 768 1782 824 τούτου
1816 768 2062 843 μοιχεία,

410 856 660 935 πορνεία,
690 856 781 912 καὶ
812 862 915 918 πᾶς
947 854 1003 912 εἴ
1023 876 1076 911 τι
1105 858 1295 915 κακόν.
1345 859 1445 913 Διὰ
1488 857 1680 914 τοῦτον
1706 858 1734 913 ὁ
1765 856 2062 932 προπάτωρ

407 950 569 1021 ἡμῶν
632 945 694 1001 έκ
748 952 1030 1023 παρακοῆς
1083 946 1390 1021 πέπτωκεν,
1446 946 1539 1002 καὶ
1589 947 1705 1001 ἀντὶ
1736 943 2064 1023 παραδείσου

407 1034 735 1111 αὐτομάτως
794 1034 1054 1115 φέροντος
1139 1035 1401 1112 καρποὺς,
1478 1036 1852 1116 ἀκανθοφὸρον
1906 1028 2064 1112 ἔσχεν

407 1133 515 1203 γῆν
526 1169 540 1183 .

480 1216 557 1275 Ε’.
589 1214 651 1273 Τί
680 1211 814 1284 οὗν;
850 1213 962 1291 έρεῖ
1012 1235 1115 1277 τις⁶
1172 1213 1565 1289 ἀπολώλαμεν·
1606 1217 1642 1285 ἡ
1689 1213 1925 1289 ἁμαρτία
1954 1211 2068 1270 δει-

408 1306 524 1375 νὸν,
563 1302 653 1359 καί
708 1302 810 1359 οὐκ
866 1297 979 1360 ἔστι
1036 1304 1316 1379 σωτηρία;
1376 1304 1762 1378 πεπτώκαμεν,
1817 1304 1904 1359 καὶ
1968 1301 2067 1359 οὐκ

403 1388 545 1449 ἔστιν
580 1393 917 1463 ἆναστῆναις
976 1392 1400 1470 ἐτυφλώθημεν,
1452 1394 1541 1448 καὶ
1603 1392 1702 1449 οὐκ
1753 1414 1891 1449 εστιν
1927 1392 2063 1448 ἀνα-

407 1478 653 1559 ϐλέψαις
689 1481 875 1558 χωλοὶ
907 1482 1229 1559 γεγόναμεν,
1285 1482 1376 1539 καὶ
1435 1483 1534 1539 οὐκ
1588 1480 1728 1539 ἔστιν
1763 1480 2066 1558 ἀρτιποδῆ-

411 1592 539 1643 σαι;
593 1575 687 1627 ἳνα
740 1576 863 1649 ἄρτι
919 1573 983 1628 τὸ
1039 1574 1310 1648 σύντομον
1381 1571 1645 1647 εἶ’πωμεν,
1703 1573 2066 1646 ἀπεθάνομεν,

415 1660 514 1717 οὐκ
568 1657 707 1717 ἔστιν
764 1662 1099 1732 ἀναστῆναις
1160 1666 1300 1737 Ἀρα
1357 1663 1385 1718 ὁ
1438 1663 1529 1718 τὸν
1590 1663 1832 1739 Λάζαρον
1873 1682 2066 1738 τετρα-

409 1752 617 1827 ήμερον
653 1749 860 1826 ἐγείρας
882 1752 975 1806 τὸν
1009 1747 1277 1819 ὀδωδότα,
1310 1749 1371 1805 οὐ
1412 1748 1630 1808 δύναται
1664 1753 1997 1821 ἀναστῆσαις
2035 1746 2063 1801 ὁ

2169 589 2276 646 Ille
2300 591 2441 649 dum
2464 594 2643 663 cadit,
2668 611 2869 650 secum
2898 592 3185 650 abstraxit
3206 592 3458 660 multos;
3486 593 3588 649 ille
3615 610 3821 667 sugge-

2171 679 2249 733 rit
2280 681 2634 752 cupiditates
2667 683 3137 755 obsequentibus
3168 681 3277 736 sibi
3308 697 3321 735 :
3355 698 3425 736 ex
3455 681 3558 736 illo
3589 681 3823 737 adulte-

2171 767 2348 835 rium,
2386 772 2683 840 scortatio,
2718 776 2778 826 et
2836 769 3124 842 quidquid
3182 773 3274 823 est
3324 766 3488 823 mali.
3524 769 3636 822 Per
3662 768 3824 824 hunc

2170 858 2401 930 primus
2433 867 2637 918 noster
2667 878 2886 934 parens
2936 878 3004 917 ex
3062 858 3469 916 inobedientia
3498 858 3734 923 cecidit,
3767 863 3827 914 et

2171 948 2232 1003 in
2266 949 2462 1006 locum
2492 952 2752 1023 paradisi
2786 970 2893 1009 sua
2945 956 3154 1024 sponte
3184 951 3413 1006 fructus
3441 949 3822 1021 proferenti‘s,

2171 1046 2392 1098 terram
2416 1045 2618 1116 spinas
2646 1045 2937 1101 ferentem
2967 1044 3219 1117 accepit,

2244 1224 2307 1279 V.
2341 1223 2490 1288 Quid
2517 1224 2716 1298 igitur,
2749 1225 2906 1281 dicet
2931 1225 3169 1297 aliquis,
3200 1221 3468 1279 funditus
3494 1220 3824 1294 periimus?

2172 1317 2437 1370 extrema
2464 1333 2560 1370 res
2591 1322 2920 1388 peccatum,
2952 1333 3064 1372 nec
3095 1320 3186 1371 est
3217 1314 3378 1370 salus
3406 1313 3575 1369 ulla?
3598 1312 3821 1368 cecidi-

2171 1419 2325 1472 mus,
2359 1421 2467 1460 nec
2501 1412 2589 1461 est
2618 1424 2735 1477 qua
2785 1423 3093 1479 surgamus
3112 1405 3207 1461 2"I
3261 1403 3536 1461 exceecati
3589 1418 3820 1469 sumus,

2171 1508 2282 1548 nec
2313 1509 2447 1565 spes
2477 1493 2601 1549 ulla
2623 1501 2711 1549 est
2733 1495 3061 1565 recipiendi
3088 1495 3245 1550 visus
3267 1494 3295 1549 ?
3324 1493 3518 1549 claudi
3549 1492 3686 1548 facti
3718 1507 3820 1546 su-

2174 1597 2327 1649 mus,
2361 1598 2482 1637 non
2514 1586 2603 1637 est
2632 1587 2792 1638 recte
2824 1582 3141 1639 incedendi
3164 1599 3330 1654 spes;
3359 1586 3417 1637 et
3444 1586 3510 1635 ut
3539 1581 3601 1635 in
3633 1595 3823 1651 pauca

2172 1671 2541 1739 contraham,
2574 1673 2795 1729 mortui
2828 1690 3054 1739 sumus,
3086 1688 3207 1727 non
3238 1676 3327 1727 est
3359 1669 3706 1741 resurgendi
3733 1669 3821 1723 lo-

2173 1777 2277 1815 cus
2299 1761 2371 1795 ³³*
2391 1762 2418 1817 ?
2445 1763 2535 1817 An
2566 1780 2700 1818 vero
2732 1762 2781 1818 is
2814 1762 2915 1834 qui
2946 1763 3223 1818 Lazarum
3256 1759 3720 1832 quatriduannm
3751 1775 3819 1813 ac

408 1839 471 1896 τὸ
498 1839 858 1913 τίμιον“αἴμα
893 1839 1025 1913 ὑπὲρ
1083 1841 1244 1913 ἡμῶν
1303 1838 1521 1915 ἐκχέας,
1554 1839 1620 1896 οὖ
1663 1838 1882 1896 δύναται
1912 1842 2060 1914 ἡμᾶς

2173 1849 2455 1905 fetentem
2478 1851 2830 1920 excitavit”,
2854 1869 2975 1907 non
2998 1857 3195 1923 potest
3212 1851 3285 1905 ad
3307 1851 3485 1906 vitam
3507 1846 3822 1904 reducere?

418 1928 662 2005 ῥύσαίθαι
724 1935 822 2000 τῆς
889 1929 1197 2005 ἁμαρτίας;
1270 1932 1362 2000 Μὴ
1441 1931 1763 2007 ἀπογνῶμεν
1820 1930 2062 2002 ἑαυτοὺς,

420 2012 667 2087 ἀδελφοί,
719 2019 797 2092 μή
850 2017 1097 2095 ῥίψωμεν
1156 2019 1401 2084 ἑαυτούς’
1459 2020 1640 2095 ὥσπερ
1670 2042 1721 2075 τι
1756 2017 1923 2076 δεινόν
1953 2020 2065 2076 ἐστι

426 2109 500 2184 μή
531 2109 800 2166 πιστεύειν
847 2110 923 2173 εἷς
987 2111 1291 2185 μετάνοιαν.
1352 2112 1413 2169 Ὀ
1477 2113 1554 2186 μὴ
1611 2110 1929 2188 προσδοκῶν
1959 2114 2063 2189 γὰρ

417 2200 514 2270 τὴν
544 2197 845 2276 σωτηρίαν,
877 2200 1203 2276 προστίθησι
1231 2200 1313 2256 τὰ
1349 2201 1505 2256 κατὰ·
1536 2201 1564 2255 ὁ
1611 2197 1668 2256 δὲ
1693 2202 1792 2270 τήν
1827 2200 2060 2276 ἰατρείαν

415 2280 664 2354 ἐλπίσας,
694 2286 948 2365 εὐμαρῶς
1005 2286 1201 2344 λοιπὸν
1263 2290 1453 2344 ἑαυτοῦ
1502 2286 1760 2369 φείδεται,
1792 2292 2007 2364 Λῃστὴς
2036 2291 2064 2346 ὁ

416 2378 494 2451 μή
551 2374 753 2454 δωρεὰν
814 2374 1155 2452 προσδοκῶν,
1216 2379 1292 2442 εἷς
1349 2379 1608 2436 ἀπόνοιαν
1642 2377 1808 2454 αὔξει·
1842 2379 2066 2443 ἐλπίσας

414 2465 496 2535 δὲ,
524 2466 603 2530 εἲς
640 2468 923 2542 μετάνοιαν
957 2474 1136 2546 χωρεῖ
1162 2468 1457 2533 πολλάκις.
1492 2472 1626 2528 Εἶτα
1655 2471 1777 2549 δφις
1813 2471 1907 2544 μὲν
1927 2470 2067 2526 ἀπο-

414 2558 621 2613 τίθεται
675 2558 739 2613 τὸ
791 2561 979 2636 γῆρας·
1041 2562 1207 2634 ἡμεῖς
1265 2557 1322 2616 δὲ
1397 2560 1497 2618 οὐκ
1551 2560 1927 2636 ἀποτιθέμεθὶ
1965 2563 2065 2632 τήν

423 2645 692 2722 ἁμαρτίαν
719 2668 734 2716 ;
762 2648 863 2705 Καὶ
916 2648 1237 2722 ἀκανθώδης
1295 2656 1670 2728 γεωργηθεῖσα
1698 2658 1791 2727 γῆ,
1826 2651 1904 2717 εἷς
1931 2672 2066 2727 καρ-

421 2735 664 2814 ποφόρον
696 2731 1012 2812 μετέϐαλεν·
1046 2740 1211 2814 ἡμεῖς
1241 2737 1300 2796 δὲ
1325 2737 1710 2815 διδασκόμενοι
1741 2740 1802 2797 οὐ
1839 2741 2066 2816 βελτιω-

419 2823 657 2897 σόμεθα;
690 2822 1034 2903 Ἐπιδέχεται
1064 2829 1101 2900 ἦ
1133 2828 1293 2905 φύσις
1346 2830 1448 2899 τὴν
1494 2829 1789 2905 σωτηρίαν,
1822 2834 1976 2902 ζητεῖ
2007 2828 2065 2887 δὲ

423 2912 524 2983 τὴν
553 2913 887 2993 προαίρεσιν.

488 3092 548 3162 ζ’.
582 3091 978 3171 Φιλάντρωπος
1028 3096 1056 3152 ὁ
1099 3097 1246 3169 Θεὸς,
1308 3095 1695 3176 φιλάνθρωπος
1725 3098 1783 3156 δὶ
1812 3099 1912 3156 οὐκ
1944 3098 2062 3156 ὀλί-

2171 1941 2279 2006 Qui
2306 1941 2495 1996 nostri
2525 1959 2703 1998 causa
2726 1943 3053 2015 pretiosum
3080 1942 3428 2015 sanguinem
3461 1938 3817 2004 effudit,non

2171 2034 2367 2100 potest
2395 2046 2503 2085 nos
2533 2047 2567 2085 a
2604 2035 2845 2102 peccato
2877 2031 3129 2086 liberare
3149 2029 3178 2085 ?
3208 2032 3287 2085 Ne
3320 2028 3576 2084 salutem
3608 2028 3816 2099 despe-

2170 2137 2394 2188 remus,
2418 2120 2668 2189 fratres;
2701 2139 2776 2177 ne
2807 2138 2916 2176 nos
2934 2120 3095 2193 ipsos
3125 2120 3511 2192 abjiciamus;
3539 2124 3818 2174 extremae

2171 2209 2257 2263 rei
2290 2208 2478 2264 instar
2508 2215 2615 2279 est,
2640 2228 2763 2266 non
2785 2210 3027 2267 credere
3052 2210 3113 2265 in
3135 2209 3570 2283 paenitentiam.
3595 2207 3704 2273 Qui
3726 2224 3822 2262 sa-

2170 2297 2357 2354 lutem
2377 2300 2606 2356 nullam
2631 2306 2952 2373 exspectat,
2981 2301 3142 2356 mala
3160 2299 3530 2356 accumulat:
3560 2298 3661 2369 qui
3683 2314 3820 2352 vero

2171 2389 2543 2445 sanationem
2576 2396 2793 2463 sperat,
2825 2390 2999 2447 facile
3030 2390 3141 2446 sibi
3173 2390 3287 2463 ipsi
3317 2390 3585 2463 indulget
3609 2393 3668 2443 et
3691 2404 3824 2461 par—

2171 2479 2392 2535 cit.Fur
2420 2481 2520 2552 qui
2552 2482 2786 2538 veniam
2817 2499 2939 2538 non
2971 2486 3292 2554 exspectat,
3325 2480 3388 2536 in
3418 2480 3819 2554 arrogantiam

2173 2570 2453 2639 effertur;
2488 2572 2589 2644 qui
2620 2590 2756 2628 vero
2789 2579 3009 2645 sperat.
3040 2573 3397 2645 plerumque
3426 2572 3498 2628 ad
3533 2570 3823 2644 poeniten-

2171 2659 2315 2715 tiam
2337 2661 2513 2716 venit.
2538 2663 2831 2719 Prwterea
2851 2662 3096 2719 coluber
3118 2669 3420 2719 senectam
3442 2661 3680 2733 abjicit;
3707 2677 3817 2716 nos

2170 2756 2480 2823 peccatum
2512 2769 2632 2808 non
2691 2752 3045 2827 deponimus
3065 2753 3092 2808 ?
3155 2753 3333 2809 tellus
3365 2752 3554 2825 spinis
3584 2766 3815 2824 aspera,

2170 2842 2373 2898 labore
2426 2844 2700 2917 agricolas
2760 2845 2823 2899 in
2877 2845 3223 2919 frugiferam
3278 2844 3677 2912 convertitur;
3710 2857 3819 2897 nos

2170 2930 2443 2987 doctrina
2472 2933 2691 2988 exculti
2731 2930 3012 2988 meliores
3044 2951 3165 2989 non
3200 2934 3533 2990 efﬁciemur
3552 2931 3579 2987 ?
3607 2936 3822 2986 natura

2170 3019 2380 3076 salutis
2411 3036 2593 3092 capax
2624 3026 2750 3090 est;
2784 3027 3013 3078 tantum
3041 3023 3409 3078 voluntatem
3438 3019 3709 3091 requirit.

2241 3110 2313 3164 VI
2357 3109 2674 3165 Hominum
2690 3127 2899 3167 amans
2921 3116 3011 3167 est
3028 3111 3319 3177 Deus,nec
3337 3108 3567 3165 modice
3585 3124 3817 3163 amans.

415 3202 532 3282 γον.
564 3183 653 3252 Μὴ
686 3181 868 3259 εἷ’πῃς·
924 3185 1280 3262 Ἐπόρνευσα,
1339 3187 1658 3266 ἐμοίχευσα,
1690 3189 1756 3245 τὰ
1786 3186 1932 3246 δεινά
1966 3211 2058 3265 μοι

2172 3202 2250 3256 Ne
2273 3199 2857 3274 dixeris,impudicus
2881 3208 2940 3257 et
2958 3202 3191 3258 adulter
3213 3198 3523 3275 fui,gravia
3550 3198 3775 3271 patravi
3799 3214 3815 3266 ;

414 3271 733 3345 πέπρακται·
765 3273 875 3349 ἆρα
922 3277 1272 3351 συγγωρήσει
1322 3278 1350 3332 ὁ
1397 3278 1560 3350 Θεὸς;
1593 3280 1790 3336 Ἄκουε
1826 3279 1879 3335 τί
1909 3278 2059 3356 λέγει

415 3358 814 3435 ὁΨαλμῳδόςο
874 3363 966 3426 Ὦς
1021 3363 1166 3421 πολὺ
1216 3366 1280 3421 τὸ
1335 3367 1548 3438 πλῆθος
1604 3371 1702 3435 τῆς
1740 3368 2059 3446 χρηστότη-

408 3447 500 3512 τός
531 3470 649 3524 σου,
706 3450 919 3537 ΔΚύριεῐ
979 3454 1060 3512 Οὔ
1119 3458 1242 3528 νικᾷ
1290 3477 1385 3512 σου
1413 3459 1480 3512 τὰ
1510 3459 1842 3534 συναχθέντα
1881 3460 2060 3537 ἁμαρ-

407 3539 627 3613 τήματα
655 3534 719 3596 τὸ
746 3540 964 3612 πλῆθος
1015 3547 1124 3599 τῶν
1184 3544 1485 3621 οἰκτιρμῶν
1525 3551 1622 3603 τοῦ
1653 3552 1807 3603 Θεοῦ*
1844 3549 1905 3604 οὗ
1937 3534 2061 3622 νικᾷ

409 3648 505 3683 σου
532 3630 602 3684 τὰ
628 3628 918 3705 τραύματα
966 3633 1067 3703 τὴν
1118 3631 1367 3711 ἰατρικὴν
1426 3635 1725 3713 ἐμπειρίαν.
1758 3638 1860 3701 Δὸς
1892 3639 2059 3711 μόνον

408 3716 631 3774 σεαυτὸν
665 3715 759 3774 διὰ
813 3719 1066 3786 πίστεως·
1129 3721 1257 3800 λέγε
1310 3729 1391 3798 τῷ
1450 3724 1619 3802 ἰατρῷ
1665 3727 1763 3795 τήν
1795 3729 2056 3800 κάκωσιι,

408 3805 524 3863 εἶπέ
553 3806 643 3863 καὶ
669 3807 832 3875 αὐτὸς
886 3811 1024 3866 κατᾶ
1075 3814 1168 3868 τὸν
1227 3809 1412 3870 Δαϐίδ·
1473 3815 1634 3872 Εἶπον
1687 3816 2056 3894 Ἐξαγορεύσω

406 3896 522 3951 κατ’
578 3896 716 3972 ἐμοῦ
770 3900 871 3970 τήν
943 3901 1205 3976 αμαρτίᾰν
1285 3925 1391 3977 μου
1447 3908 1529 3978 τῷ
1586 3903 1789 3982 Κυρίῳ,
1847 3907 1938 3962 καὶ
1991 3905 2053 3962 σὺ

407 3984 620 4064 ἀφῆκας
649 3988 751 4057 τήν
782 3983 1027 4044 ἂσέϐειαν
1054 3996 1155 4062 τῆς
1185 3989 1410 4068 καρδίας
1442 4015 1567 4068 μου.

478 4076 549 4132 2⁸.
584 4073 772 4140 Θέλεις
804 4075 939 4134 ἰδεῖν
987 4080 1121 4135 Θεοῦ
1180 4080 1612 4160 φιλανθρωπίαν,
1644 4083 1689 4140 εἶ
1717 4090 1835 4150 τοῖς
1866 4085 2052 4163 ῥητοῖς
2138 4068 2144 4075 ”

402 4170 503 4234 τῆς
536 4168 754 4241 Γραφῆς
807 4168 869 4223 οὗ
926 4167 1061 4224 πάνυ
1117 4170 1410 4243 πιστεύεις,
1467 4174 1658 4229 νεωστὶ
1689 4175 1945 4241 εἰσελθὼν
1974 4175 2051 4240 εἰς

402 4255 499 4324 τήν
531 4257 880 4331 κατήχησινς
914 4255 1099 4321 Θέλεις
1136 4255 1270 4314 1ἰδεῖν
1326 4259 1532 4323 ἄλλους
1562 4261 1733 4326 οὕτως
1763 4266 2049 4336 σωθέντας,

399 4342 487 4399 ἳνα
512 4344 825 4419 πιστεύσῃς,
858 4343 941 4402 ὅτι
972 4346 1063 4402 καὶ
1121 4347 1208 4402 ἐπὶ
1266 4350 1362 4404 σοῦ
1421 4348 1643 4406 δυνατὸν
1677 4355 1752 4428 (1)
1784 4354 1927 4411 οὕτω
1955 4376 2049 4430 γε·

401 4432 617 4504 νέσθαις
677 4431 862 4498 θαλεις
932 4432 1068 4501 ίδεις
1122 4442 1257 4493 Θεοῦ
1316 4438 1726 4516 φιλανθρωπίαν
1785 4442 2045 4516 πολλήνς

402 4524 657 4599 Παρῆκον
714 4521 892 4599 Ἀδὰμ
966 4526 996 4581 ὁ
1075 4526 1513 4601 πρωτόπλαστος
1593 4537 1664 4603 (2)
1720 4538 1874 4591 Θεοῦ.
1933 4534 2050 4593 Οὐκ

401 4587 635 4682 ἡδιίνατο
666 4587 869 4678 εὖθέως
907 4587 1190 4694 ἐπαγαγεῖν
1244 4618 1337 4674 τὸν
1397 4587 1667 4691 θάνῖπτᾶυξ
2081 4587 2127 4653 D

402 4703 816 4779 ανθρωπότατος
848 4706 918 4778 (3)
968 4700 1228 4763 ἐκϐάλλει
1262 4709 1358 4783 μὲν
1385 4712 1482 4765 τοῦ
1535 4708 1882 4788 παραδείσου,
1915 4736 2045 4771 κατο

401 4788 569 4848 ἔναντι
603 4789 661 4881 δέ
689 4792 1005 4866 κατοικίζει,
1063 4793 1154 4851 ἳνα
1214 4796 1431 4873 βλέπων
1463 4797 1523 4855 ἐκ
1555 4801 1842 4874 μετανοίας
1869 4807 2044 4881 σωθῇ.

400 4882 526 4938 Κάῖν
585 4879 1008 4958 ἀδελφοκτόνος,
1082 4886 1304 4962 εὗρετῇς
1370 4891 1479 4945 τῶν
1535 4894 1740 4962 κακῶν,
1796 4879 2047 4971 ἆρχηγὸς

394 4975 500 5027 τῶν
532 4972 736 5049 φόνων,
768 4973 1030 5051 φθονερὸς
1074 4979 1291 5051 πρῶτος
1338 4978 1427 5033 καὶ
1480 4979 1711 5051 ἀνελὼν,
1739 4981 1794 5038 τί
1820 4980 2043 5040 καταδι-

392 5059 658 5132 κάζεται;
734 5063 945 5118 Στένων
1026 5063 1116 5118 καὶ
1194 5067 1411 5140 τρέμων
1465 5065 1559 5143 ἔστι
1616 5068 1704 5125 ἐπὶ
1760 5078 1861 5143 τῆς
1916 5079 2039 5147 γῆς’

392 5151 538 5225 Μέγα
566 5151 629 5207 τὸ
660 5151 981 5227 ἁμάρτημα,
1019 5153 1191 5230 μικρᾶ
1221 5155 1255 5225 ἡ
1288 5157 1550 5232 τιμωρία.

458 5241 538 5298 Il'.
571 5240 967 5315 Φιλανθρωπία
1009 5242 1106 5316 μὶν
1155 5241 1404 5316 ἀληθῶς,
1438 5245 1564 5304 ἀλλ’
1595 5247 1675 5305 ἔτι
1710 5253 1897 5326 μικρά.
1931 5253 2042 5310 Λό-

2168 3308 2244 3348 an
2276 3291 2424 3346 mihi
2454 3291 3029 3348 condonabitDeus?
3049 3292 3187 3348 audi
3213 3291 3357 3363 quid
3379 3291 3538 3345 dicat
3565 3288 3820 3345 Psalmi-

2169 3386 2297 3437 sta:
2331 3381 2507 3447 Quam
2534 3398 2739 3452 magna
2792 3382 3092 3438 multitudo
3122 3382 3432 3437 dulcedinis
3463 3387 3597 3449 tuae,
3632 3376 3818 3434 Domi-

2166 3486 2236 3525 ne
2255 3469 2367 3524 ’3‘!
2401 3472 2522 3526 Tua
2551 3472 2820 3542 quamvis
2859 3471 3162 3527 cumulata
3188 3476 3451 3544 peccata,
3485 3467 3819 3525 multitudi-

2167 3575 2308 3614 nem
2329 3559 2782 3616 miserationum
2805 3560 2906 3616 Dei
2925 3578 3045 3616 non
3065 3565 3452 3634 exsuperant:
3471 3576 3583 3615 nec
3600 3555 3818 3613 medici

2168 3647 2479 3704 scientiam
2509 3648 2754 3704 vincunt
2797 3648 3057 3706 vulnera.
3093 3650 3279 3706 Trade
3310 3655 3367 3705 te
3397 3648 3685 3705 duntaxat
3712 3663 3819 3720 per

2169 3736 2345 3794 ﬁdem
2370 3756 2384 3807 ;
2418 3739 2581 3811 aperi
2612 3739 2836 3796 malum
2862 3740 3118 3809 medico,
3140 3739 3235 3796 die
3266 3739 3393 3812 ipse
3423 3740 3583 3795 velut
3602 3736 3814 3801 David:

2168 3848 2197 3878 ι(
2220 3827 2378 3883 Dixi:
2410 3828 2746 3884 Enuntiabo
2798 3828 3111 3886 adversum
3140 3846 3236 3884 me
3266 3844 3582 3900 peccarum
3613 3842 3815 3881 meum

2164 3940 2193 3969 ‹‹
2216 3917 2556 3987 Domino,et
2579 3923 2640 3976 tu
2657 3920 2942 3976 remisisti
2963 3919 3333 3992 impietatem
3353 3916 3549 3974 cordis
3571 3915 3688 3971 mei
3708 3914 3809 3970 ²⁸.››

2232 4094 2349 4153 VII.
2385 4097 2480 4152 Vis
2522 4097 2719 4153 videre
2774 4097 2879 4155 Dei
2927 4096 3330 4163 clementiam,
3391 4093 3441 4151 si
3499 4091 3812 4150 sententiis

2162 4184 2477 4258 Scripturae
2507 4203 2629 4241 non
2651 4187 2896 4243 omnino
2928 4188 3141 4254 credis,
3175 4187 3276 4258 qui
3306 4201 3516 4242 recens
3546 4182 3622 4239 ad
3651 4188 3811 4238 cate-

2160 4275 2385 4331 chesim
2402 4275 2747 4332 accessisti?
2770 4277 2865 4332 Vis
2884 4278 3031 4333 alios
3046 4276 3244 4333 videre
3268 4293 3335 4333 eo
3358 4275 3534 4332 modo
3558 4273 3812 4330 salutem

2158 4370 2531 4434 consecutos,
2563 4368 2630 4421 ut
2657 4366 2818 4422 idem
2846 4366 2951 4421 tibi
2984 4384 3219 4439 quoque
3264 4366 3607 4438 contingere
3634 4377 3807 4435 posse

2159 4452 2411 4509 credas?
2452 4456 2540 4510 vis
2589 4456 2843 4513 multam
2899 4456 3003 4511 Dei
3063 4455 3443 4512 clementiam
3501 4451 3813 4525 aspicere?

2158 4543 2348 4600 Adam
2378 4544 2607 4616 primus
2638 4563 2673 4602 a
2702 4545 2823 4603 Deo
2854 4545 3131 4602 conditus
3162 4544 3448 4601 obediens
3485 4558 3608 4598 non
3652 4541 3765 4597 fuit
3784 4539 3813 4598 ?

2158 4635 2388 4691 Numne
2410 4636 2610 4692 statim
2635 4642 2889 4693 mortem
2911 4636 3132 4692 inferre
3153 4651 3274 4690 non
3296 4632 3566 4706 poterat?
3587 4631 3691 4689 sed
3710 4631 3808 4688 be-

2158 4722 2466 4797 nignitatis
2495 4743 2744 4793 memor,
2776 4726 2946 4782 illum
2978 4723 3256 4798 paradiso
3289 4724 3532 4797 expellit
3549 4722 3616 4793 ’5,
3649 4741 3680 4780 e
3711 4739 3807 4780 re-

2156 4814 2328 4887 gione
2363 4819 2562 4872 tamen
2592 4815 2996 4882 constituit,ut
3023 4813 3229 4869 videns
3258 4830 3366 4886 per
3394 4813 3809 4886 paenitentiam

2155 4902 2433 4961 salvetur.
2457 4905 2599 4960 Cain
2620 4904 2821 4960 fratris
2846 4901 3161 4975 parricida,
3186 4902 3458 4959 inventor
3486 4902 3805 4973 malorum,

2155 4994 2407 5049 caedium
2460 4998 2686 5059 auctor,
2743 4993 2973 5065 primus
3021 4993 3259 5050 invidus
3306 4999 3366 5051 et
3411 4995 3639 5051 occisor
3689 5010 3807 5066 qua

2151 5096 2326 5155 paena
2354 5083 2683 5139 multatur?
2721 5102 2740 5130 ι
2775 5085 3026 5139 Gemens
3070 5088 3130 5140 et
3179 5088 3441 5141 tremens
3480 5084 3597 5140 eris
3629 5099 3807 5155 super

2154 5193 2183 5223 ι(
2209 5177 2430 5227 terram
2451 5172 2516 5229 2⁸.
2551 5194 2581 5222 ››
2616 5171 2849 5228 Grande
2880 5172 3096 5242 scelus,
3129 5182 3303 5246 poena
3332 5175 3561 5248 exigua.

2221 5263 2363 5317 VIII.
2398 5262 2467 5316 Et
2496 5261 2611 5317 ista
2639 5278 2773 5317 vere
2824 5261 3163 5333 clementia,
3196 5264 3299 5321 sed
3330 5264 3522 5321 adhuc
3552 5261 3804 5318 modica.

386 5330 628 5404 γισαιτᾶ
667 5327 758 5386 ἐπὶ
814 5332 961 5392 Νῶε.
1020 5332 1300 5410 Ἥμαρτον
1351 5335 1402 5391 οἱ
1453 5336 1696 5413 γίγαντες
1725 5344 2040 5418 παρανομίᾳ

2172 5351 2349 5424 logita
2375 5367 2446 5406 ea
2474 5358 2605 5422 quae
2636 5352 2753 5408 Noe
2786 5352 3147 5425 temporibus
3178 5355 3496 5428 contigere.
3528 5355 3808 5408 Peccave-

458 5456 745 5554 "delrem.
774 5461 985 5554 vnn}.
1018 5460 1085 5496 ³³⁸
1113 5463 1266 5519 Psal.
1300 5481 1394 5535 η,
1428 5469 1480 5522 9.
1515 5467 1561 5503 ³³
1588 5468 1762 5527 Joan.
1788 5488 1869 5543 ιι,
1927 5477 2012 5546 17,

2220 5476 2311 5537 43.
2357 5474 2429 5515 ⁸⁸*
2460 5478 2615 5536 Psal.
2649 5497 2783 5550 xxx,
2815 5484 2903 5536 20.
2940 5482 2987 5518 ²⁴
3016 5483 3171 5540 Psal.
3204 5501 3358 5554 XXXI,
3393 5487 3445 5540 5.
3472 5484 3516 5519 ’⁸
3546 5483 3688 5538 Gen.
3720 5464 3806 5532 ιη’

390 5528 477 5585 24,
511 5528 558 5565 ²⁶
594 5530 737 5586 Gen.
772 5547 843 5601 ιν,
879 5534 963 5585 12.

464 5654 543 5799 (1;
578 5652 831 5713 Δυνατόν.
857 5656 1078 5729 Ottob.,
1107 5653 1348 5721 δύναται.

467 5728 522 5798 (2
568 5724 1028 5799 Πρωτόπλαστος.
1060 5731 1239 5792 Deest
1262 5735 1326 5794 in

467 5724 542 5799 (2)
568 5724 1028 5802 Πρωτόπλαστος.
1060 5724 1239 5792 Deest
1262 5735 1326 5794 in
1354 5737 1531 5796 Coisl.

2136 5714 2143 5720 ι
2224 5676 2304 5752 (3)
2333 5658 2885 5754 Φιλανθρωπότατος.
2919 5676 3120 5756 Coisl.,
3152 5679 3557 5762 φιλάνθρωπνς.
