4152 6276
323 341 438 402 415
1395 335 1461 396 S.
1509 332 1822 395 CYRILLI
1865 327 2280 393 HIEROSOL.
2331 333 2700 397 ARCHIEP.
3624 333 3743 395 416

332 559 736 618 inducendum
769 558 921 615 foret
969 560 1274 616 diluvium.
1305 561 1789 634 Quingentesimo
1822 576 1979 614 anno

331 654 551 708 Noemo
583 651 855 723 praedicit
886 653 1040 706 Deus
1071 651 1115 685 ³⁸
1142 669 1155 718 ;
1217 651 1613 706 sexentesimo
1657 667 1792 704 vero
1820 649 1980 703 dilu-

331 742 489 797 vium
522 757 699 811 super
731 745 946 795 terram
980 740 1222 795 adducit
1245 741 1309 794 ³9.
1345 740 1515 794 Vides
1547 739 1877 796 clementia;
1900 738 1983 792 di-

329 832 478 886 vinae
492 831 868 886 latitudinem
884 830 945 884 in
962 836 1201 885 centum
1215 847 1407 885 annos
1427 829 1772 901 productam
1788 827 1983 893 ερρυοά

331 926 471 974 tunc
502 919 794 990 prmstitit,
827 935 946 973 non
979 923 1209 990 poterat
1237 919 1396 974 illico
1425 919 1749 990 praestare”?
1775 916 1880 972 sed
1909 917 1982 971 de

329 1007 627 1063 industria
649 1024 876 1062 moram
901 1007 1170 1075 traxit,ut
1192 1008 1554 1079 poenitentiae
1576 1008 1772 1062 locum
1795 1006 1981 1061 daret.

334 1096 564 1168 Aspicis
595 1096 698 1151 Dei
730 1096 1054 1152 bonitatem
1075 1097 1102 1152 ?
1132 1097 1368 1153 Utinam
1405 1097 1492 1151 illi
1526 1102 1665 1151 tunc
1691 1096 1986 1167 poeniten-

337 1185 478 1241 tiam
495 1185 771 1258 egissent!
786 1203 924 1242 nam
938 1192 995 1242 et
1010 1186 1110 1242 Dei
1124 1187 1504 1243 clementiam
1520 1192 1720 1241 essent
1735 1184 1983 1257 experti.

404 1278 504 1332 XI.
533 1277 676 1331 Veni
709 1293 870 1332 nunc
901 1277 974 1332 ad
1004 1276 1152 1333 alios
1201 1294 1308 1349 per
1350 1277 1760 1349 pmnitentiam
1795 1275 1986 1329 salute

335 1365 575 1436 potitos,
613 1367 792 1422 etiam
825 1366 895 1420 de
947 1367 1267 1422 mulierum
1302 1384 1572 1422 numero.
1607 1367 1870 1421 Scortata
1901 1381 1985 1433 es,

338 1470 552 1526 corpus
585 1455 991 1526 inquinavisti,
1025 1455 1174 1511 nulli
1216 1457 1303 1511 rei
1336 1456 1499 1511 utilis
1529 1456 1684 1511 facta
1716 1472 1797 1509 es.
1827 1456 1986 1508 Nun-

337 1542 502 1614 quid,
538 1544 799 1614 inquies,
862 1545 975 1599 erit
1035 1545 1245 1601 salus?
1299 1545 1638 1613 Considera,
1673 1561 1704 1599 o
1751 1543 1988 1610 mulier,

338 1632 675 1704 exemplum
703 1633 927 1701 Rahab,
953 1639 1010 1688 et
1033 1635 1104 1690 de
1130 1635 1320 1690 salute
1353 1635 1604 1690 confide.
1640 1633 1806 1689 Salva
1833 1633 1898 1687 ﬁt
1924 1648 1993 1686 ea

339 1739 468 1792 quae
499 1721 734 1793 publice
758 1728 815 1778 et
842 1723 903 1778 in
934 1725 1245 1797 prOpatulo
1271 1725 1693 1780 scortationem
1724 1723 1990 1794 professa

341 1816 486 1866 erat.
521 1812 826 1876 Quomodo
850 1812 953 1867 illa
975 1813 1136 1869 salva
1157 1816 1366 1869 effecta
1389 1813 1517 1868 est?
1532 1813 1820 1868 Credidit:
1845 1811 1993 1865 dixit

341 1899 660 1955 duntaxat:
694 1904 832 1956 Deus
861 1909 1052 1969 vester,
1087 1905 1225 1959 Deus
1278 1907 1335 1957 in
1397 1903 1532 1960 cwlo
1565 1909 1614 1956 et
1644 1905 1702 1956 in
1735 1909 1883 1956 terra
1905 1902 1987 1955 3°:

339 1989 494 2044 Deus
507 1990 898 2061 vester,inquit
913 2010 926 2057 ;
943 2009 1114 2046 suum
1129 1993 1289 2047 enim
1304 1998 1544 2062 propter
1556 1989 1990 2062 impudicitiam

341 2076 539 2133 dicere
562 2080 750 2135 verita
773 2087 876 2135 est.
913 2081 1011 2136 85
1037 2081 1236 2135 Fidem
1260 2081 1437 2151 hujus
1460 2081 1718 2147 imitare,
1749 2085 1807 2135 et
1832 2078 1990 2134 salu-

341 2170 460 2222 tem
499 2168 752 2241 suscipe.
789 2171 886 2225 Vis
915 2170 1086 2238 forte,
1134 2171 1290 2240 quod
1319 2171 1421 2226 illa
1454 2171 1674 2226 salvata
1705 2170 1798 2236 sit,
1831 2172 1995 2222 certa

341 2255 699 2313 documenta
722 2258 749 2314 ?
779 2260 1064 2331 scriptum
1097 2267 1186 2315 est
1236 2261 1298 2314 in
1347 2260 1636 2316 Psalmis:
1671 2262 1876 2315 Memor
1902 2273 1992 2312 ero

342 2348 530 2402 Rahab
560 2355 610 2402 et
645 2350 939 2419 Babylonis
969 2349 1032 2404 3‘.
1069 2351 1110 2406 Ο
1143 2367 1422 2422 magnum
1455 2350 1553 2404 Dei
1588 2348 1903 2404 consilium
1935 2350 1994 2400 et

342 2435 693 2505 bonitatem,
727 2440 906 2493 etiam
946 2440 1007 2492 in
1057 2439 1372 2511 Scripturis
1404 2439 1737 2494 meretricis
1769 2453 1992 2492 memo-

345 2543 472 2582 rem
502 2545 514 2582 :
551 2527 654 2581 sed
708 2544 828 2582 non
859 2527 1231 2598 simpliciter,
1266 2551 1292 2579 «
1329 2535 1547 2584 Memor
1578 2546 1677 2584 ero
1704 2527 1905 2583 Rabab
1935 2530 1995 2580 et

350 2638 377 2667 «
410 2615 727 2686 Babylonis
753 2633 767 2683 ;
818 2632 1027 2680 verum,
1089 2618 1580 2688 cognoscentibus
1612 2635 1704 2672 me
1734 2616 1802 2670 ³³.
1834 2639 1862 2667 ››
1893 2618 1996 2670 Est

348 2705 528 2776 igitur
557 2711 613 2759 et
638 2705 777 2760 viris
809 2710 866 2759 et
895 2704 1247 2759 mulieribus
1278 2722 1348 2760 ex
1380 2723 1549 2776 ωε]υο
1581 2706 1760 2761 salus.

419 2795 485 2847 Χ.
522 2794 768 2848 Etiamsi
800 2795 1108 2848 universus
1140 2795 1392 2866 populus
1423 2795 1772 2866 peccaverit,
1801 2809 1994 2864 neque

350 2882 434 2938 sic
456 2882 716 2937 divinam
739 2883 1117 2939 clementiam
1141 2885 1340 2938 vincit.
1368 2885 1628 2939 Vitulum
1650 2884 1788 2938 fecit
1810 2901 1994 2955 popu-

349 2972 442 3027 lus
473 2972 536 3042 ³³,
569 2989 679 3028 nec
709 2973 865 3028 Deus
897 2973 1124 3029 destitit
1152 2990 1186 3029 a
1215 2973 1499 3029 bonitate.
1537 2976 1716 3029 Deum
1748 2989 1998 3046 negave-

351 3068 493 3118 runt
523 3062 812 3131 homines,
849 3064 1112 3135 seipsum
1166 3063 1320 3118 Deus
1368 3081 1490 3118 non
1538 3064 1772 3136 negavit
1799 3061 1864 3116 ³4.
1897 3064 1998 3118 Isti

351 3152 435 3206 dii
460 3153 679 3207 Israelis
694 3152 760 3206 ³⁵.
787 3154 1006 3208 Iterum
1038 3159 1237 3208 tamen
1259 3152 1411 3207 Deus
1446 3152 1678 3208 Israelis
1711 3157 1993 3208 servator.

352 3241 467 3294 Nec
500 3241 660 3294 solus
690 3241 952 3310 peccavit
977 3242 1254 3312 populus,
1279 3242 1380 3295 sed
1403 3241 1581 3296 etiam
1613 3243 1807 3296 Aaron
1835 3258 1994 3296 sum-

352 3345 486 3384 mus
507 3329 1039 3400 sacerdos.Moyses
1062 3335 1151 3384 est
1167 3331 1266 3400 qui
1286 3331 1456 3384 dicit:
1484 3351 1506 3381 α
1528 3331 1598 3383 Ει
1613 3347 1791 3400 super
1807 3333 2003 3386 Aaron

363 3440 386 3470 ι
420 3417 576 3472 facta
607 3421 696 3471 est
725 3417 813 3472 ira
843 3418 1075 3472 Domini
1103 3435 1116 3485 ;
1150 3424 1208 3473 et
1237 3419 1414 3485 oravi,
1448 3421 1650 3489 inquit,
1682 3437 1787 3490 pro
1819 3435 1909 3484 eo,
1947 3424 2007 3474 et

361 3529 389 3558 «
415 3506 774 3561 condonavit
791 3507 843 3562 ei
862 3506 1362 3580 Deus”.»Moyses
1379 3508 1563 3563 Deum
1591 3509 1651 3562 in
1676 3508 1891 3564 summi
1917 3525 2006 3564 sa-

362 3595 620 3651 cerdotis
645 3597 895 3668 gratiam
917 3597 1103 3653 ﬂectit
1127 3615 1139 3651 :
1174 3603 1231 3652 et
1251 3599 1437 3652 Deum
1459 3598 1800 3670 unigenitus
1823 3598 2005 3653 Filius

359 3687 634 3759 precibus
652 3703 774 3741 non
787 3687 1226 3742 demerebitur?
1240 3691 1534 3744 Aaronem
1552 3694 2007 3761 postpeccatum

361 3793 480 3833 non
503 3777 806 3850 prohibuit
834 3778 906 3833 ad
931 3793 1230 3834 summum
1257 3779 1654 3834 sacerdotium
1676 3780 2008 3851 pervenire;

361 3873 416 3924 te
448 3886 583 3925 vero
616 3887 686 3925 ex
716 3870 989 3942 gentibus
1033 3872 1367 3927 venientem
1412 3871 1486 3926 ad
1526 3872 1779 3927 salutem
1809 3874 2009 3928 venire

360 3959 748 4030 prohibebit?
779 3966 840 4014 tu
867 3961 1143 4016 similiter
1165 3961 1576 4032 pmnitentiam
1609 3977 1733 4033 age,
1759 3978 1954 4032 neque
1978 3978 2013 4017 θ.

359 4051 416 4102 te
447 4049 634 4121 gratia
664 4050 1096 4120 prohibebitur.
1148 4051 1636 4122 Irreprehensum
1669 4054 1723 4104 te
1758 4051 2008 4120 exhibe;

358 4151 490 4192 vere
523 4137 683 4192 enim
705 4138 967 4194 clemens
991 4143 1080 4193 est
1102 4141 1276 4206 Deus,
1301 4155 1494 4211 neque
1522 4139 1594 4196 ad
1619 4139 2013 4195 enarrandam

363 4225 745 4282 clementiam
779 4229 907 4298 ejus
934 4227 1135 4283 omnia
1157 4233 1425 4300 tempora
1455 4229 1779 4284 sufficiunt.
1814 4231 2014 4302 Neque

363 4316 412 4371 si
441 4333 650 4372 omnes
681 4317 743 4370 in
775 4333 962 4371 unum
996 4315 1210 4387 linguae
1258 4319 1633 4386 conveniant,
1663 4321 1753 4376 vel
1785 4327 2015 4394 partem

364 4405 694 4462 bonitatem
727 4405 858 4478 ejus
879 4406 1211 4476 exprimere
1232 4407 1466 4476 possint
1489 4425 1500 4462 :
1530 4425 1640 4464 nos
1663 4415 1891 4481 partem
1915 4410 2018 4465 ali-

364 4511 543 4566 quam
576 4511 780 4551 eorum
814 4511 945 4567 quae
1005 4495 1227 4566 scripta
1287 4500 1448 4561 sunt,
1493 4496 1782 4565 dicimus;
1811 4516 2016 4554 verum

363 4586 664 4641 nescimus
717 4590 941 4657 quanta
997 4584 1223 4657 angelis
1281 4583 1741 4654 condonaverit;
1785 4605 1924 4644 nam
1956 4594 2015 4643 et

365 4673 510 4744 ipsis
533 4677 856 4742 condonat;
883 4673 1365 4747 quandoquidem
1387 4690 1546 4729 unus
1565 4675 1666 4729 ille
1692 4677 1844 4732 liber
1869 4683 1960 4732 est
1978 4694 2014 4733 a

363 4767 733 4838 peccato,qui
764 4783 874 4822 nos
905 4783 939 4823 a
967 4765 1225 4838 peccatis
1255 4765 1614 4836 expurgavit.
1648 4765 1760 4820 Sed
1790 4767 1862 4822 de
1891 4768 2013 4823 illis

366 4854 528 4924 satis,
562 4855 844 4928 deinceps
875 4857 948 4913 ad
981 4873 1050 4913 ea
1081 4873 1213 4928 quae
1239 4871 1349 4910 nos
1376 4858 1649 4926 spectant
1672 4871 2011 4929 pergamus.

226 479 227 482 “
331 479 465 530 rant
493 473 758 545 gigantes
787 469 832 504 '7
859 488 872 538 ;
902 474 1186 542 tantaque
1218 469 1459 526 sceleris
1513 468 1880 542 magnitudo,
1909 472 1976 523 ut

2110 465 2344 540 τοσαύτῃ,
2375 466 2512 522 ὥστε
2540 469 2616 542 (1)
2643 466 3030 540 κατακλυσμὸς
3077 464 3309 540 ἔμελλεν
3339 464 3616 542 ἔρχεσθαι.
3649 468 3744 538 Τῷ

2090 561 2529 629 πεντακοσιοστῷ
2560 556 2663 612 ἔτει
2725 555 2867 632 λέγει
2923 560 3003 629 τῷ
3063 558 3205 624 Νῶε,
3261 559 3339 628 τῷ
3379 555 3742 628 ἑξακοσιοστῷ

2090 643 2278 720 ἐπάγει
2309 647 2400 700 τὸν
2434 644 2816 719 κατακλυσμὸν
2872 645 2961 701 ἐπὶ
3014 647 3112 716 τήν
3173 647 3296 721 γῆν.
3351 643 3576 706 Βλέπεις
3605 644 3743 699 πΛά-

2088 755 2181 796 τος
2212 733 2623 811 φιλανθρωπίας
2658 741 2792 790 Θεοῦ
2823 735 2900 800 είς
2950 735 3140 791 ἑκατὸν
3167 730 3259 806 ἔτη
3292 733 3696 807 ἐπιτεινόμενον
3725 752 3740 804 ;

2089 827 2260 898 Ὅπερ
2293 825 2519 895 ἐποίησε
2570 827 2717 894 τότε,
2775 832 3123 901 παραχρῆμα
3175 826 3277 880 οὐκ
3305 821 3543 894 ἠδύνατο
3573 830 3742 895 ποιῆ-

2093 933 2218 982 σαι;
2253 913 2380 969 ἀλλ’
2437 911 2687 985 ἐπίτηδες
2741 915 3068 991 παρέτεινεν,
3123 909 3330 970 ἔνδοσιν
3365 910 3548 976 διδοὺς
3581 933 3748 988 μετα-

2092 1003 2262 1065 νοίας.
2296 1001 2528 1060 Βλέπεις
2560 1007 2696 1062 Οεοῦ
2752 1003 3102 1079 ἀγαθότητας
3161 1005 3287 1060 Ειθε
3329 1003 3656 1077 μετενόησαν
3692 1002 3746 1058 οἱ

2090 1093 2213 1148 τότε
2239 1094 2250 1150 !
2283 1094 2373 1149 καὶ
2406 1092 2701 1170 ἐτύγχανον
2730 1099 2864 1149 Θεοῦ
2895 1092 3334 1172 φιλανθρωπίας.

2166 1276 2239 1331 Θ’.
2274 1275 2434 1339 Ἐλθὶ
2465 1275 2658 1330 λοιπὸν
2686 1274 2776 1330 καὶ
2812 1274 2898 1330 ἐπὶ
2928 1273 3057 1336 τοὺς
3089 1271 3294 1336 ἄλλους
3325 1272 3451 1336 τοὺς
3493 1272 3551 1328 ἐκ
3585 1293 3752 1346 μετα-

2093 1367 2244 1428 νοίας
2272 1366 2563 1434 σωθέντας,
2616 1365 2712 1420 κᾶν
2772 1365 2825 1420 ἰν
2881 1364 3140 1440 γυναιξίν.
3200 1364 3579 1434 Ἐπόρνευσας,
3613 1362 3745 1437 ἐμό-

2095 1453 2260 1518 λυνας
2295 1457 2365 1528 (2)
2406 1457 2468 1510 τὸ
2499 1460 2679 1528 σῶμα,
2731 1455 3010 1530 ἄχρηστος
3068 1451 3321 1530 γέγοναςο
3355 1453 3459 1529 ἆρα
3487 1448 3596 1508 ἔστι
3631 1474 3741 1508 σω-

2092 1545 2297 1620 τηρία;
2331 1543 2493 1620 ἐρεῖς.
2551 1539 2923 1619 Ἀπόϐλεψον,
2983 1541 3028 1597 ὦ
3081 1544 3258 1620 γύναι,
3318 1542 3394 1605 εἷς
3425 1544 3524 1611 τὴν
3556 1535 3746 1612 Ῥαὰϐ,

2093 1632 2182 1686 καὶ
2219 1632 2488 1707 θάρσησον
2521 1630 2598 1692 εἲς
2638 1632 2736 1700 τὴν
2799 1631 3097 1707 σωτηρίαν.
3150 1632 3213 1687 Ἡ
3245 1634 3490 1705 φανερῶς
3523 1629 3614 1684 καὶ
3648 1626 3748 1700 δη-

2101 1720 2268 1792 μοσίᾳ
2300 1717 2638 1795 πορνεύσασιιι
2676 1721 2925 1789 σώζεται.
2977 1723 3100 1781 Πῶς
3132 1718 3307 1790 ἐσώθη
3342 1717 3558 1789 ἐκείνη;
3592 1716 3749 1774 Ἐπί-

2022 1834 2067 1899 B
2099 1828 2329 1864 στευσεν·
2410 1809 2554 1864 εἶπεν
2640 1804 2824 1882 μόνον·
2884 1809 2941 1862 '0
2999 1808 3128 1870 Θεὸς
3185 1809 3362 1881 ὑμῶν,
3421 1809 3449 1862 6
3507 1806 3634 1868 Θεὸς
3693 1805 3746 1860 ἐν

2100 1899 2312 1973 οὐρανῷ
2366 1899 2453 1952 καὶ
2515 1897 2602 1953 ἐπὶ
2659 1901 2783 1974 γῆς.
2841 1898 2903 1955 Ὁ
2975 1898 3104 1960 Θεὸς
3164 1898 3338 1969 ὑμῶν’
3400 1894 3593 1966 ἑαυτῆς
3646 1894 3749 1971 γὰρ

2101 1986 2200 2042 οὐκ
2243 1986 2545 2061 ἐτόλμησεν
2604 1988 2770 2042 εἴπεῖν
2830 1986 2918 2042 διὰ
2974 1987 3073 2055 τὴν
3130 1985 3437 2062 ἀσέλγειαν.
3496 1984 3756 2058 Μίμησαι

2098 2077 2197 2146 τήν
2230 2078 2433 2146 πίστιν,
2483 2077 2572 2132 καὶ
2621 2075 2761 2150 δέξαι
2806 2079 2905 2146 τὴν
2939 2075 3232 2152 σωτηρίαν.
3267 2075 3364 2130 Καὶ
3399 2074 3576 2140 θέλεις
3607 2077 3755 2150 γνῶ-

2099 2188 2206 2238 ναι,
2253 2167 2334 2221 ὅτι
2384 2167 2559 2238 ἐσώθη
2587 2187 2600 2237 ;
2651 2167 2992 2243 ἀνάγραπτόν
3026 2166 3166 2222 ἐστιν
3199 2165 3250 2222 ἐν
3282 2165 3564 2238 Ψαλμοῖς.
3598 2171 3756 2236 Μνη-

2103 2259 2377 2330 σθήσομοιι
2433 2252 2595 2312 Ῥαὰϐ
2652 2260 2741 2312 καί
2800 2252 3154 2320 Βαϐυλῶνος.
3208 2262 3271 2310 Ὢ
3330 2255 3574 2332 μεγέλης
3617 2257 3750 2309 Θεοῦ

2106 2343 2315 2420 βουλῆς
2345 2347 2432 2401 καὶ
2480 2344 2918 2423 φιλανθρωπίας,
2975 2347 3061 2401 καὶ
3123 2349 3338 2420 πορνῶν
3377 2343 3751 2418 μνημονευού-

2102 2457 2201 2506 σης
2260 2433 2311 2490 ἐν
2375 2437 2649 2513 Γραφαῖςί
2710 2435 2834 2492 ἆλΛ’
2910 2436 3019 2510 οὐχ
3065 2431 3274 2498 ἅπλῶς·
3337 2436 3742 2507 Μνησθήσομαι

2100 2520 2265 2581 Ῥαὰϐ
2321 2525 2412 2580 καὶ
2466 2520 2826 2594 Βαϐυλῶνος,
2885 2522 3049 2592 ἀλλὰ,
3111 2529 3227 2586 τοῖς
3281 2523 3615 2599 γινώσκουσί
3658 2543 3745 2597 με.

2100 2616 2253 2670 Ἔστι
2283 2615 2372 2670 καὶ
2403 2615 2490 2670 ἐπὶ
2523 2613 2727 2691 ἀνδρῶν
2757 2613 3002 2689 σωτηρία
3029 2611 3121 2669 καί
3160 2611 3245 2669 ἐπὶ
3277 2618 3567 2690 γυναικῶν.

2171 2797 2226 2852 Γ.
2262 2794 2368 2852 Κᾶν
2401 2794 2714 2871 ὁλόκΛηρος
2769 2793 2902 2858 λαὸς
2960 2794 3198 2870 ἁμάρτῃ,
3257 2793 3323 2849 οὐ
3367 2798 3495 2866 νικᾷ
3521 2795 3622 2864 τήν
3653 2797 3751 2850 τοῦ

2105 2889 2239 2940 Θεοῦ
2271 2884 2704 2962 φιλανθρωπίαν.
2739 2881 3218 2957 Ἐμοσχοποίησεν
3269 2883 3296 2936 6
3342 2882 3498 2954 λαὸς,
3537 2881 3627 2938 καὶ
3658 2880 3757 2938 οὐκ

2105 2975 2309 3044 ἀπέστη
2344 2975 2371 3029 6
2403 2976 2532 3035 Θεὸς
2585 2979 2682 3042 τῆς
2742 2971 3168 3050 φιλαντρωπίας’
3227 2973 3541 3044 ἠρνήσαντο
3583 2972 3636 3026 οἱ
3667 2973 3759 3026 ἄν·

2108 3075 2317 3134 θρωποι
2372 3063 2523 3134 Θεὸν,
2581 3061 2706 3116 ἀλλ’
2761 3062 2788 3115 6
2847 3059 2977 3123 Θεὸς
3030 3059 3186 3115 αὐτὸν
3219 3063 3295 3134 (3)
3327 3060 3426 3117 οὐκ
3453 3062 3751 3134 ἠρνήσατο.

2107 3153 2269 3210 Οὗτοι
2326 3154 2378 3206 οἱ
2419 3152 2529 3216 θεοὶ
2588 3155 2686 3206 τοῦ
2745 3150 2987 3226 Ἰσραήλ·
3044 3150 3133 3205 καὶ
3191 3150 3357 3206 πάλιν
3416 3152 3443 3206 ὁ
3503 3151 3633 3215 Θεὸς
3659 3153 3758 3207 τοῦ

2110 3240 2333 3316 Ἰσραὴλ
2375 3242 2403 3295 6
2452 3242 2655 3316 σωτήρ.
2718 3239 2819 3297 Καὶ
2879 3239 2941 3295 οὐ
3003 3239 3168 3313 μόνος
3229 3241 3256 3295 6
3314 3237 3444 3301 λαός
3497 3241 3759 3316 ἥμαρτεν,

2109 3330 2254 3386 ἀλλὰ
2295 3330 2385 3386 καὶ
2443 3331 2656 3404 Ἀαρὼν
2715 3330 2743 3384 6
2801 3329 3110 3406 ἀρχιερεύς·
3169 3335 3406 3400 Μωϋσῆς
3438 3327 3577 3385 ἐστιν
3607 3331 3636 3385 6
3667 3327 3761 3385 λέ-

2107 3440 2239 3496 γων·
2302 3421 2404 3477 Καὶ
2466 3419 2550 3474 ἐπὶ
2615 3419 2822 3495 Ἀαρὼν
2906 3417 3114 3496 ἐγένετο
3187 3419 3328 3495 ὀργή
3386 3417 3610 3495 Κυρίου,
3668 3417 3761 3473 καὶ

2110 3508 2336 3581 ἐδεήθην
2391 3511 2490 3584 (4),
2554 3509 2742 3585 φησὶν,
2806 3510 2937 3585 ὑπὲρ
2995 3510 3185 3579 αὐτοῦ,
3238 3509 3328 3563 καὶ
3376 3510 3760 3586 συνεχώρησεν

2111 3598 2258 3673 αὐτῷ
2289 3600 2316 3654 6
2348 3598 2500 3660 Θεός.
2533 3604 2771 3669 Μωυσῆς
2819 3594 3059 3653 δυσωπεῖ
3110 3597 3205 3652 τὸν
3257 3597 3386 3652 Θεὸν
3422 3597 3556 3673 ὑπὲρ
3587 3595 3761 3672 ἀρχι-

2113 3688 2295 3764 ερέως·
2326 3687 2414 3744 καὶ
2438 3687 2562 3743 Υίὸς
2589 3687 2885 3762 μονογενὴς
2911 3686 3073 3742 αἰτῶν
3097 3686 3157 3742 οὗ
3181 3683 3449 3742 δυσωπεῖν
3473 3688 3562 3741 τὸν
3591 3686 3720 3740 Θεόν
3743 3705 3758 3756 ς

2113 3780 2247 3834 Εἶτα
2277 3778 2365 3833 τὸν
2413 3778 2625 3852 Ἀαρὼν
2684 3776 2980 3832 πταίσαντα
3037 3775 3138 3831 οὐκ
3193 3774 3464 3832 ἐκώλυσεν
3499 3773 3762 3831 εἰσελθεῖν

2114 3867 2190 3931 εἷς
2218 3867 2654 3944 ἀρχιερωσύνην·
2715 3867 2772 3921 σὲ
2828 3863 2886 3920 δὶ
2937 3864 2988 3938 ἐξ
3048 3864 3210 3930 ἐθνῶν
3273 3864 3501 3921 ἐλθόντα
3524 3862 3764 3919 κωλύσει

2115 3955 2288 4021 ἐλθεῖν
2324 3956 2404 4018 εἲς
2435 3956 2750 4032 σωτηρίαν;
2812 3955 3145 4028 μετανόησον
3202 3953 3292 4010 καὶ
3339 3955 3503 4017 αὐτὸς
3533 3953 3764 4026 ὁμοίως,

2114 4049 2204 4105 καὶ
2237 4049 2300 4104 οὗ
2331 4047 2633 4104 γεκώλυταί
2663 4069 2747 4103 σοι
2808 4050 2841 4118 ἠ
2902 4051 3086 4124 χάρις.
3146 4045 3430 4118 ’Άληπτόν
3465 4067 3560 4102 σου
3591 4045 3769 4122 παρά-

2118 4159 2319 4210 στησον
2347 4137 2438 4192 τὸν
2470 4136 2695 4212 τρόπον’
2729 4135 3117 4212 φιλάνθρωπος
3146 4135 3249 4211 γὰρ
3297 4134 3520 4207 ἀληθῶς
3551 4136 3579 4190 6
3612 4137 3770 4205 Θεὸς,

2116 4228 2206 4283 καὶ
2239 4227 2301 4282 οὗ
2333 4224 2550 4282 δύναται
2603 4227 2630 4281 6
2682 4231 2787 4290 πᾶς
2839 4224 3035 4301 χρόνος
3089 4224 3312 4299 ἐξειπεῖν
3369 4225 3469 4294 τὴν
3507 4230 3604 4280 τοῦ
3632 4227 3767 4280 Θεοῦ

2119 4315 2552 4396 φιλανθρωπίαν.
2587 4313 2700 4371 οὐδ’
2756 4315 2814 4370 ἂν
2874 4320 3039 4370 πᾶσαι
3094 4316 3150 4369 αἱ
3205 4313 3454 4382 γλῶσσαι
3497 4312 3768 4370 συνέλθω-

2121 4428 2201 4462 σιν
2237 4410 2313 4480 (5)
2343 4409 2506 4480 ὁμοῦ,
2538 4402 2664 4461 οὐδὲ
2718 4405 2884 4479 μέρος
2913 4411 3012 4474 τῆς
3065 4406 3161 4458 τοῦ
3192 4407 3325 4459 Θεοῦ
3356 4402 3768 4483 φιλανθρωπίας

2123 4494 2483 4571 διηγήσασθαι
2543 4492 2887 4566 δυνήσονται.
2947 4494 3140 4567 Ἡμεῖς
3196 4489 3253 4547 δὲ
3299 4489 3536 4569 λέγομεν
3599 4494 3764 4569 μέρος

2120 4589 2227 4641 τῶν
2259 4585 2675 4662 γεγραμμένων,
2706 4580 2835 4638 ἀλλ’
2865 4581 2962 4638 οὐκ
2992 4578 3215 4655 οἴδαμεν
3261 4581 3360 4637 ὅσα
3387 4582 3477 4637 καὶ
3509 4581 3762 4658 ἀγγέλοις

2121 4675 2524 4750 συνεχώρησενο
2583 4676 2860 4750 συγχωρεῖ
2931 4671 3032 4747 γὰρ
3087 4669 3380 4743 κάκείνοις,
3433 4668 3623 4740 ἐπειδή
3681 4673 3762 4735 εἷς

2125 4765 2290 4836 μόνος
2341 4763 2722 4837 ἀναμάρτητος
2777 4762 2805 4815 ὁ
2861 4760 2955 4820 τὰς
3011 4761 3280 4835 ἁμαρτίας
3335 4760 3764 4836 καθαρίσας

2122 4853 2226 4912 Καὶ
2255 4853 2378 4927 περὶ
2437 4852 2530 4924 μὲν
2579 4849 2791 4906 ἐκείνων
2847 4845 3129 4926 αὔταρκες,
3188 4851 3353 4924 ἡμεῖς
3386 4845 3444 4904 δὲ
3474 4849 3669 4905 λοιπὸν
3699 4849 3769 4904 τὰ

2121 4941 2246 5018 περὶ
2277 4943 2312 5010 ἡ
2324 4943 2439 5014 μῶν
2471 4944 2569 5013 (7).

436 5084 481 5119 ⁸⁷
515 5087 764 5160 (ἱειιενι,
797 5089 927 5160 4.7”
962 5090 1102 5144 Gen.
1136 5091 1282 5160 vti}!
1314 5107 1328 5154 ;
1360 5106 1434 5154 v1,
1469 5092 1520 5145 '7.
1554 5088 1600 5122 '9
1630 5090 1772 5146 Gen.
1796 5106 1906 5160 xu,
1935 5091 1991 5160 6,

2169 5087 2216 5124 ³ο
2246 5089 2362 5143 Jos.
2425 5103 2487 5157 ιι,
2534 5090 2618 5144 11.
2650 5087 2689 5122 ⁸⁸
2723 5086 2878 5142 Psal.
2911 5101 3112 5154 Lxxxv,
3149 5087 3234 5143 14.
3265 5087 3311 5122 ³³
3339 5085 3483 5141 ibid.
3515 5085 3559 5121 ³³
3587 5083 3770 5141 Exod.

365 5174 541 5227 XXXII,
573 5161 625 5214 4.
655 5157 703 5193 ³⁴
732 5159 783 5213 ΙΙ
811 5159 956 5215 Tim.
989 5177 1050 5227 ιι,
1085 5161 1170 5217 13.
1202 5159 1250 5194 ³⁵
1279 5159 1460 5216 Exod.
1493 5177 1673 5230 xxxu,
1702 5163 1755 5216 4.
1788 5159 1834 5196 ³⁸
1867 5157 1997 5218 ..θεὼ

2110 5179 2146 5230 ι,
2177 5163 2264 5217 20.

435 5313 510 5385 (1)
538 5311 696 5366 Ὥστε
727 5309 1016 5368 Addimus
1063 5311 1136 5367 de
1191 5316 1415 5384 nostro,
1462 5312 1546 5367 ita
1577 5314 1873 5368 sententia
1902 5329 2012 5385 po-

365 5386 644 5442 stulante.
680 5386 833 5439 Ευιτ.

433 5459 511 5529 (2)
539 5456 920 5528 Ἐπόρνευσας,
979 5451 1270 5529 ἐμόλυνας.
1321 5453 1528 5529 Ottob_._
1563 5455 1689 5510 haac
1720 5455 1782 5511 in
1812 5457 2007 5529 prima

358 5524 635 5600 persona,
670 5524 1021 5599 Έπόρνευσα,
1055 5525 1374 5600 ἐμοίχευσα,
1407 5524 1670 5597 ἐμόλυνα.

454 5604 509 5668 3)
539 5601 741 5658 Αὐτόν.
774 5601 976 5668 Coisl.,
1007 5599 1203 5653 αὐτῶν.

449 5670 503 5745 4)
538 5672 824 5745 Ἐδεήθην.
869 5675 954 5730 Ita.
1000 5670 1231 5743 scripsi,
1265 5671 1531 5739 quamvis
1561 5672 1778 5728 habeat
1802 5672 2004 5741 Coisl.,

2122 5307 2337 5366 ἐδεήθη.

2191 5331 2689 5453 (ἒξῃξυνὲλθωσιν.
2761 5383 2850 5437 Ita
2923 5380 3268 5453 scripsimus
3327 5397 3398 5437 ex
3453 5381 3650 5438 Otlob.
3711 5387 3772 5438 at

2114 5455 2314 5522 Coisl.,
2338 5451 2590 5508 ἔλθωσιν.

2185 5529 2256 5598 (6)
2288 5524 2626 5600 Κοιθαρίσαις.Δ
2667 5522 3262 5600 βοίξ1.,καθαρῥήσας.

2185 5596 2262 5671 (⁸7)
2291 5596 2499 5671 Ἣμῶν.
2531 5597 2731 5670 C0isl.,
2767 5596 2942 5669 ὑμῶν.
