  <div class='ocr_page' id='page_1' title='image "/cluster/home/n/w/nwhite01/storage/ocr_20150623/33/mdp.39015078384412/216.png"; bbox 0 0 4152 6276; ppageno 0'>
   <div class='ocr_carea' id='block_1_1' title="bbox 387 418 3805 497">
    <p class='ocr_par' dir='ltr' id='par_1_1' title="bbox 387 418 3805 497">
     <span class='ocr_line' id='line_1_1' title="bbox 387 418 3805 497; baseline 0.005 -18"><span class='ocrx_word' id='word_1_1' title='bbox 387 428 508 490; x_wconf 64' lang='grc' dir='ltr'>υτ</span> <span class='ocrx_word' id='word_1_2' title='bbox 1327 418 1811 483; x_wconf 77' lang='lat' dir='ltr'>CATECHESIS</span> <span class='ocrx_word' id='word_1_3' title='bbox 1857 424 1933 484; x_wconf 89' lang='lat' dir='ltr'>Il.</span> <span class='ocrx_word' id='word_1_4' title='bbox 1985 425 2414 494; x_wconf 85' lang='lat' dir='ltr'>EXEMPLAR</span> <span class='ocrx_word' id='word_1_5' title='bbox 2456 433 2860 494; x_wconf 77' lang='lat' dir='ltr'>ALTERUM.</span> <span class='ocrx_word' id='word_1_6' title='bbox 3687 438 3805 497; x_wconf 68' lang='grc'>418</span> 
     </span>
    </p>
   </div>
   <div class='ocr_carea' id='block_1_2' title="bbox 475 548 2100 637">
    <p class='ocr_par' dir='ltr' id='par_1_2' title="bbox 475 548 2100 630">
     <span class='ocr_line' id='line_1_2' title="bbox 475 548 2100 630; baseline -0.004 -16"><span class='ocrx_word' id='word_1_7' title='bbox 475 563 584 618; x_wconf 81' lang='grc' dir='ltr'>ΙΑ’.</span> <span class='ocrx_word' id='word_1_8' title='bbox 619 555 804 618; x_wconf 87' lang='grc' dir='ltr'>Θέλεις</span> <span class='ocrx_word' id='word_1_9' title='bbox 834 573 917 609; x_wconf 89' lang='grc' dir='ltr'>σοι</span> <span class='ocrx_word' id='word_1_10' title='bbox 947 549 1038 606; x_wconf 84' lang='grc' dir='ltr'>καὶ</span> <span class='ocrx_word' id='word_1_11' title='bbox 1070 548 1276 612; x_wconf 76' lang='grc' dir='ltr'>ἄλλους</span> <span class='ocrx_word' id='word_1_12' title='bbox 1306 549 1513 614; x_wconf 87' lang='grc' dir='ltr'>τύπους</span> <span class='ocrx_word' id='word_1_13' title='bbox 1562 551 1846 624; x_wconf 73' lang='grc' dir='ltr'>μετανοίας</span> <span class='ocrx_word' id='word_1_14' title='bbox 1873 573 2051 628; x_wconf 90' lang='grc' dir='ltr'>παρα-</span> <span class='ocrx_word' id='word_1_15' title='bbox 2079 564 2100 630; x_wconf 55' lang='grc' dir='ltr'>ί</span> 
     </span>
    </p>
   </div>
   <div class='ocr_carea' id='block_1_3' title="bbox 2197 548 3807 637">
    <p class='ocr_par' dir='ltr' id='par_1_3' title="bbox 2234 561 3807 637">
     <span class='ocr_line' id='line_1_3' title="bbox 2234 561 3807 637; baseline 0.005 -21"><span class='ocrx_word' id='word_1_16' title='bbox 2234 561 2326 617; x_wconf 87' lang='lat' dir='ltr'>XI.</span> <span class='ocrx_word' id='word_1_17' title='bbox 2365 564 2457 618; x_wconf 85' lang='lat' dir='ltr'>Vis</span> <span class='ocrx_word' id='word_1_18' title='bbox 2489 565 2594 620; x_wconf 85' lang='lat' dir='ltr'>tibi</span> <span class='ocrx_word' id='word_1_19' title='bbox 2619 570 2676 620; x_wconf 91' lang='lat' dir='ltr'>et</span> <span class='ocrx_word' id='word_1_20' title='bbox 2706 565 2823 620; x_wconf 90' lang='lat' dir='ltr'>alia</span> <span class='ocrx_word' id='word_1_21' title='bbox 2853 565 3216 636; x_wconf 70' lang='lat' dir='ltr'>pwnitentiae</span> <span class='ocrx_word' id='word_1_22' title='bbox 3260 566 3532 637; x_wconf 90' lang='lat' dir='ltr'>exempla</span> <span class='ocrx_word' id='word_1_23' title='bbox 3560 565 3807 624; x_wconf 85' lang='lat' dir='ltr'>demon-</span> 
     </span>
    </p>
   </div>
   <div class='ocr_carea' id='block_1_4' title="bbox 404 638 2100 723">
    <p class='ocr_par' dir='ltr' id='par_1_4' title="bbox 404 638 2058 723">
     <span class='ocr_line' id='line_1_4' title="bbox 404 638 2058 723; baseline -0.004 -17"><span class='ocrx_word' id='word_1_24' title='bbox 404 653 593 723; x_wconf 91' lang='grc' dir='ltr'>στήσω</span> <span class='ocrx_word' id='word_1_25' title='bbox 623 651 701 722; x_wconf 84' lang='grc'>(1)</span> <span class='ocrx_word' id='word_1_26' title='bbox 737 667 751 718; x_wconf 90' lang='grc'><strong>;</strong></span> <span class='ocrx_word' id='word_1_27' title='bbox 784 645 957 707; x_wconf 84' lang='grc' dir='ltr'>θέλεις</span> <span class='ocrx_word' id='word_1_28' title='bbox 1019 643 1195 698; x_wconf 74' lang='grc' dir='ltr'>ἐλθεῖν</span> <span class='ocrx_word' id='word_1_29' title='bbox 1227 644 1314 698; x_wconf 74' lang='grc' dir='ltr'>καὶ</span> <span class='ocrx_word' id='word_1_30' title='bbox 1368 641 1454 697; x_wconf 76' lang='grc' dir='ltr'>ἐπὶ</span> <span class='ocrx_word' id='word_1_31' title='bbox 1496 644 1588 698; x_wconf 86' lang='grc' dir='ltr'>τὸν</span> <span class='ocrx_word' id='word_1_32' title='bbox 1647 638 1846 713; x_wconf 78' lang='grc' dir='ltr'>Δαϐίδ;</span> <span class='ocrx_word' id='word_1_33' title='bbox 1880 643 2058 709; x_wconf 85' lang='grc' dir='ltr'>θέλεις</span> 
     </span>
    </p>
   </div>
   <div class='ocr_carea' id='block_1_5' title="bbox 2197 638 3806 723">
    <p class='ocr_par' dir='ltr' id='par_1_5' title="bbox 2201 653 3806 721">
     <span class='ocr_line' id='line_1_5' title="bbox 2201 653 3806 721; baseline 0.006 -17"><span class='ocrx_word' id='word_1_34' title='bbox 2201 654 2352 707; x_wconf 92' lang='lat' dir='ltr'>trem</span> <span class='ocrx_word' id='word_1_35' title='bbox 2383 653 2410 708; x_wconf 85' lang='lat'>?</span> <span class='ocrx_word' id='word_1_36' title='bbox 2437 655 2522 708; x_wconf 85' lang='lat' dir='ltr'>vis</span> <span class='ocrx_word' id='word_1_37' title='bbox 2555 653 2629 710; x_wconf 88' lang='lat' dir='ltr'>ad</span> <span class='ocrx_word' id='word_1_38' title='bbox 2652 654 2928 709; x_wconf 90' lang='lat' dir='ltr'>Davidem</span> <span class='ocrx_word' id='word_1_39' title='bbox 2951 654 3277 721; x_wconf 87' lang='lat' dir='ltr'>veniamus,</span> <span class='ocrx_word' id='word_1_40' title='bbox 3310 655 3394 710; x_wconf 88' lang='lat' dir='ltr'>vis</span> <span class='ocrx_word' id='word_1_41' title='bbox 3442 655 3684 712; x_wconf 88' lang='lat' dir='ltr'>beatum</span> <span class='ocrx_word' id='word_1_42' title='bbox 3721 659 3806 713; x_wconf 92' lang='lat' dir='ltr'>vi-</span> 
     </span>
    </p>
   </div>
   <div class='ocr_carea' id='block_1_6' title="bbox 403 728 2100 812">
    <p class='ocr_par' dir='ltr' id='par_1_6' title="bbox 403 728 2057 810">
     <span class='ocr_line' id='line_1_6' title="bbox 403 728 2057 810; baseline -0.005 -14"><span class='ocrx_word' id='word_1_43' title='bbox 403 739 538 797; x_wconf 78' lang='grc' dir='ltr'>ῒδεῖν</span> <span class='ocrx_word' id='word_1_44' title='bbox 571 739 664 793; x_wconf 88' lang='grc' dir='ltr'>τὸν</span> <span class='ocrx_word' id='word_1_45' title='bbox 699 739 774 810; x_wconf 80' lang='grc'>(2)</span> <span class='ocrx_word' id='word_1_46' title='bbox 809 734 1076 809; x_wconf 86' lang='grc' dir='ltr'>μακάριον</span> <span class='ocrx_word' id='word_1_47' title='bbox 1107 751 1122 802; x_wconf 90' lang='grc'><strong>;</strong></span> <span class='ocrx_word' id='word_1_48' title='bbox 1156 728 1292 788; x_wconf 77' lang='grc' dir='ltr'>λάϐε</span> <span class='ocrx_word' id='word_1_49' title='bbox 1345 731 1516 787; x_wconf 89' lang='grc' dir='ltr'>τύπον</span> <span class='ocrx_word' id='word_1_50' title='bbox 1575 735 1883 806; x_wconf 79' lang='grc' dir='ltr'>μετανοίας.</span> <span class='ocrx_word' id='word_1_51' title='bbox 1945 735 2057 808; x_wconf 78' lang='grc' dir='ltr'>Ἐξ-</span> 
     </span>
    </p>
   </div>
   <div class='ocr_carea' id='block_1_7' title="bbox 2197 728 3810 812">
    <p class='ocr_par' dir='ltr' id='par_1_7' title="bbox 2197 738 3810 812">
     <span class='ocr_line' id='line_1_7' title="bbox 2197 738 3810 812; baseline 0.006 -21"><span class='ocrx_word' id='word_1_52' title='bbox 2197 738 2308 793; x_wconf 78' lang='lat' dir='ltr'>lere</span> <span class='ocrx_word' id='word_1_53' title='bbox 2339 739 2551 795; x_wconf 86' lang='lat' dir='ltr'>illum?</span> <span class='ocrx_word' id='word_1_54' title='bbox 2580 741 2750 796; x_wconf 90' lang='lat' dir='ltr'>illum</span> <span class='ocrx_word' id='word_1_55' title='bbox 2766 741 3280 812; x_wconf 85' lang='lat' dir='ltr'>exemplaraccipe</span> <span class='ocrx_word' id='word_1_56' title='bbox 3303 743 3685 812; x_wconf 57' lang='lat' dir='ltr'>paenitentiae.</span> <span class='ocrx_word' id='word_1_57' title='bbox 3703 747 3810 801; x_wconf 89' lang='lat' dir='ltr'>Ce-</span> 
     </span>
    </p>
   </div>
   <div class='ocr_carea' id='block_1_8' title="bbox 400 818 2100 902">
    <p class='ocr_par' dir='ltr' id='par_1_8' title="bbox 400 818 2058 902">
     <span class='ocr_line' id='line_1_8' title="bbox 400 818 2058 902; baseline -0.006 -17"><span class='ocrx_word' id='word_1_58' title='bbox 400 831 584 886; x_wconf 72' lang='grc' dir='ltr'>έπεσεν</span> <span class='ocrx_word' id='word_1_59' title='bbox 608 828 636 882; x_wconf 99' lang='lat'>6</span> <span class='ocrx_word' id='word_1_60' title='bbox 673 824 860 902; x_wconf 88' lang='grc' dir='ltr'>μέγας.</span> <span class='ocrx_word' id='word_1_61' title='bbox 900 821 1051 880; x_wconf 84' lang='grc' dir='ltr'>Μετᾶ</span> <span class='ocrx_word' id='word_1_62' title='bbox 1081 819 1295 890; x_wconf 81' lang='grc' dir='ltr'>κοίτην,</span> <span class='ocrx_word' id='word_1_63' title='bbox 1349 821 1412 876; x_wconf 83' lang='grc' dir='ltr'>τὸ</span> <span class='ocrx_word' id='word_1_64' title='bbox 1462 818 1696 876; x_wconf 82' lang='grc' dir='ltr'>δειλινὸν</span> <span class='ocrx_word' id='word_1_65' title='bbox 1748 827 2058 896; x_wconf 86' lang='grc' dir='ltr'>περιπατῶν</span> 
     </span>
    </p>
   </div>
   <div class='ocr_carea' id='block_1_9' title="bbox 2197 818 3809 902">
    <p class='ocr_par' dir='ltr' id='par_1_9' title="bbox 2201 827 3809 902">
     <span class='ocr_line' id='line_1_9' title="bbox 2201 827 3809 902; baseline 0.006 -20"><span class='ocrx_word' id='word_1_66' title='bbox 2201 827 2311 882; x_wconf 93' lang='lat' dir='ltr'>idit</span> <span class='ocrx_word' id='word_1_67' title='bbox 2338 829 2438 885; x_wconf 86' lang='lat' dir='ltr'>ille</span> <span class='ocrx_word' id='word_1_68' title='bbox 2470 836 2898 902; x_wconf 79' lang='lat' dir='ltr'>magnus;post</span> <span class='ocrx_word' id='word_1_69' title='bbox 2926 829 3190 884; x_wconf 84' lang='lat' dir='ltr'>cubitum</span> <span class='ocrx_word' id='word_1_70' title='bbox 3207 831 3809 901; x_wconf 90' lang='lat' dir='ltr'>pomeridianishoris</span> 
     </span>
    </p>
   </div>
   <div class='ocr_carea' id='block_1_10' title="bbox 400 907 2100 992">
    <p class='ocr_par' dir='ltr' id='par_1_10' title="bbox 400 907 2060 990">
     <span class='ocr_line' id='line_1_10' title="bbox 400 907 2060 990; baseline -0.006 -14"><span class='ocrx_word' id='word_1_71' title='bbox 400 920 487 988; x_wconf 76' lang='grc' dir='ltr'>ἐπὶ</span> <span class='ocrx_word' id='word_1_72' title='bbox 509 923 608 974; x_wconf 81' lang='grc' dir='ltr'>τοῦ</span> <span class='ocrx_word' id='word_1_73' title='bbox 641 915 924 989; x_wconf 83' lang='grc' dir='ltr'>δώματος,</span> <span class='ocrx_word' id='word_1_74' title='bbox 957 910 1098 968; x_wconf 81' lang='grc' dir='ltr'>εἶδεν</span> <span class='ocrx_word' id='word_1_75' title='bbox 1133 909 1468 990; x_wconf 79' lang='grc' dir='ltr'>ἀδιαφόρως,</span> <span class='ocrx_word' id='word_1_76' title='bbox 1501 913 1591 967; x_wconf 80' lang='grc' dir='ltr'>καὶ</span> <span class='ocrx_word' id='word_1_77' title='bbox 1623 907 1814 977; x_wconf 75' lang='grc' dir='ltr'>ἔπαθεν</span> <span class='ocrx_word' id='word_1_78' title='bbox 1849 912 2060 983; x_wconf 74' lang='grc' dir='ltr'>ἀνθρώ-</span> 
     </span>
    </p>
   </div>
   <div class='ocr_carea' id='block_1_11' title="bbox 2197 907 3808 992">
    <p class='ocr_par' dir='ltr' id='par_1_11' title="bbox 2197 920 3808 992">
     <span class='ocr_line' id='line_1_11' title="bbox 2197 920 3808 992; baseline 0.005 -19"><span class='ocrx_word' id='word_1_79' title='bbox 2197 936 2226 973; x_wconf 91' lang='lat' dir='ltr'>n</span> <span class='ocrx_word' id='word_1_80' title='bbox 2251 924 2402 974; x_wconf 88' lang='lat' dir='ltr'>tecto</span> <span class='ocrx_word' id='word_1_81' title='bbox 2434 920 3087 992; x_wconf 86' lang='lat' dir='ltr'>deambulans,aspexit</span> <span class='ocrx_word' id='word_1_82' title='bbox 3115 921 3370 991; x_wconf 75' lang='lat' dir='ltr'>incaute,</span> <span class='ocrx_word' id='word_1_83' title='bbox 3405 927 3463 976; x_wconf 93' lang='lat' dir='ltr'>et</span> <span class='ocrx_word' id='word_1_84' title='bbox 3483 923 3808 980; x_wconf 89' lang='lat' dir='ltr'>humanum</span> 
     </span>
    </p>
   </div>
   <div class='ocr_carea' id='block_1_12' title="bbox 406 997 2100 1082">
    <p class='ocr_par' dir='ltr' id='par_1_12' title="bbox 406 997 2055 1076">
     <span class='ocr_line' id='line_1_12' title="bbox 406 997 2055 1076; baseline -0.006 -10"><span class='ocrx_word' id='word_1_85' title='bbox 406 1029 579 1066; x_wconf 90' lang='grc' dir='ltr'>πινον.</span> <span class='ocrx_word' id='word_1_86' title='bbox 611 1002 904 1072; x_wconf 84' lang='grc' dir='ltr'>Ἑτελέσθη</span> <span class='ocrx_word' id='word_1_87' title='bbox 937 1005 972 1071; x_wconf 77' lang='grc' dir='ltr'>ἡ</span> <span class='ocrx_word' id='word_1_88' title='bbox 1003 1000 1261 1076; x_wconf 86' lang='grc' dir='ltr'>ἁμαρτία,</span> <span class='ocrx_word' id='word_1_89' title='bbox 1322 997 1449 1056; x_wconf 87' lang='grc' dir='ltr'>ἀλλ’</span> <span class='ocrx_word' id='word_1_90' title='bbox 1510 1002 1574 1056; x_wconf 93' lang='grc' dir='ltr'>οὐ</span> <span class='ocrx_word' id='word_1_91' title='bbox 1625 1004 1979 1066; x_wconf 72' lang='grc' dir='ltr'>συναπέθανεν</span> <span class='ocrx_word' id='word_1_92' title='bbox 2021 1005 2055 1071; x_wconf 78' lang='grc' dir='ltr'>ἡ</span> 
     </span>
    </p>
   </div>
   <div class='ocr_carea' id='block_1_13' title="bbox 2197 997 3809 1082">
    <p class='ocr_par' dir='ltr' id='par_1_13' title="bbox 2197 1008 3809 1082">
     <span class='ocr_line' id='line_1_13' title="bbox 2197 1008 3809 1082; baseline 0.005 -20"><span class='ocrx_word' id='word_1_93' title='bbox 2197 1008 2392 1080; x_wconf 80' lang='lat' dir='ltr'>liquid</span> <span class='ocrx_word' id='word_1_94' title='bbox 2424 1027 2636 1081; x_wconf 89' lang='lat' dir='ltr'>passus</span> <span class='ocrx_word' id='word_1_95' title='bbox 2669 1017 2776 1066; x_wconf 86' lang='lat' dir='ltr'>est.</span> <span class='ocrx_word' id='word_1_96' title='bbox 2803 1013 3116 1066; x_wconf 82' lang='lat' dir='ltr'>Peccatum</span> <span class='ocrx_word' id='word_1_97' title='bbox 3149 1009 3477 1082; x_wconf 84' lang='lat' dir='ltr'>perfectum</span> <span class='ocrx_word' id='word_1_98' title='bbox 3520 1012 3666 1080; x_wconf 86' lang='lat' dir='ltr'>fuit;</span> <span class='ocrx_word' id='word_1_99' title='bbox 3700 1029 3809 1070; x_wconf 90' lang='lat' dir='ltr'>nec</span> 
     </span>
    </p>
   </div>
   <div class='ocr_carea' id='block_1_14' title="bbox 407 1089 2100 1175">
    <p class='ocr_par' dir='ltr' id='par_1_14' title="bbox 407 1089 2056 1175">
     <span class='ocr_line' id='line_1_14' title="bbox 407 1089 2056 1175; baseline -0.005 -21"><span class='ocrx_word' id='word_1_100' title='bbox 407 1094 819 1175; x_wconf 84' lang='grc' dir='ltr'>εὐγνωμοσύνη.</span> <span class='ocrx_word' id='word_1_101' title='bbox 879 1089 1079 1156; x_wconf 71' lang='grc' dir='ltr'>’Πλθεν</span> <span class='ocrx_word' id='word_1_102' title='bbox 1113 1090 1293 1146; x_wconf 79' lang='grc' dir='ltr'>Ναθᾶν</span> <span class='ocrx_word' id='word_1_103' title='bbox 1357 1092 1384 1145; x_wconf 92' lang='lat'>6</span> <span class='ocrx_word' id='word_1_104' title='bbox 1441 1092 1738 1169; x_wconf 74' lang='grc' dir='ltr'>προφήτης</span> <span class='ocrx_word' id='word_1_105' title='bbox 1793 1089 2056 1166; x_wconf 67' lang='grc' dir='ltr'>ἐλεγχος,</span> 
     </span>
    </p>
   </div>
   <div class='ocr_carea' id='block_1_15' title="bbox 2197 1089 3808 1175">
    <p class='ocr_par' dir='ltr' id='par_1_15' title="bbox 2197 1099 3808 1160">
     <span class='ocr_line' id='line_1_15' title="bbox 2197 1099 3808 1160; baseline 0.005 -8"><span class='ocrx_word' id='word_1_106' title='bbox 2197 1114 2366 1153; x_wconf 81' lang='lat' dir='ltr'>amen</span> <span class='ocrx_word' id='word_1_107' title='bbox 2398 1116 2519 1154; x_wconf 90' lang='lat' dir='ltr'>una</span> <span class='ocrx_word' id='word_1_108' title='bbox 2540 1099 2765 1155; x_wconf 89' lang='lat' dir='ltr'>candor</span> <span class='ocrx_word' id='word_1_109' title='bbox 2792 1100 2965 1156; x_wconf 67' lang='lat' dir='ltr'>bona)</span> <span class='ocrx_word' id='word_1_110' title='bbox 2993 1100 3212 1156; x_wconf 87' lang='lat' dir='ltr'>mentis</span> <span class='ocrx_word' id='word_1_111' title='bbox 3244 1101 3677 1157; x_wconf 86' lang='lat' dir='ltr'>interiit.Venit</span> <span class='ocrx_word' id='word_1_112' title='bbox 3698 1106 3808 1160; x_wconf 87' lang='lat' dir='ltr'>Na-</span> 
     </span>
    </p>
   </div>
   <div class='ocr_carea' id='block_1_16' title="bbox 405 1180 2100 1263">
    <p class='ocr_par' dir='ltr' id='par_1_16' title="bbox 405 1180 2056 1263">
     <span class='ocr_line' id='line_1_16' title="bbox 405 1180 2056 1263; baseline -0.007 -20"><span class='ocrx_word' id='word_1_113' title='bbox 405 1189 582 1263; x_wconf 78' lang='grc' dir='ltr'>ταχυς</span> <span class='ocrx_word' id='word_1_114' title='bbox 605 1183 1134 1260; x_wconf 71' lang='grc' dir='ltr'>ἱατρός.Ὠργίσθη,</span> <span class='ocrx_word' id='word_1_115' title='bbox 1184 1181 1373 1251; x_wconf 81' lang='grc' dir='ltr'>φησὶν,</span> <span class='ocrx_word' id='word_1_116' title='bbox 1432 1181 1460 1235; x_wconf 94' lang='lat'>6</span> <span class='ocrx_word' id='word_1_117' title='bbox 1519 1181 1668 1250; x_wconf 79' lang='grc' dir='ltr'>Θεὸς,</span> <span class='ocrx_word' id='word_1_118' title='bbox 1727 1182 1818 1236; x_wconf 78' lang='grc' dir='ltr'>καὶ</span> <span class='ocrx_word' id='word_1_119' title='bbox 1872 1180 2056 1257; x_wconf 71' lang='grc' dir='ltr'>ἥμαρ-</span> 
     </span>
    </p>
   </div>
   <div class='ocr_carea' id='block_1_17' title="bbox 2197 1180 3809 1263">
    <p class='ocr_par' dir='ltr' id='par_1_17' title="bbox 2197 1187 3809 1261">
     <span class='ocr_line' id='line_1_17' title="bbox 2197 1187 3809 1261; baseline 0.006 -20"><span class='ocrx_word' id='word_1_120' title='bbox 2197 1187 2309 1242; x_wconf 88' lang='lat' dir='ltr'>han</span> <span class='ocrx_word' id='word_1_121' title='bbox 2332 1189 2621 1260; x_wconf 79' lang='lat' dir='ltr'>propheta</span> <span class='ocrx_word' id='word_1_122' title='bbox 2643 1189 3057 1260; x_wconf 83' lang='lat' dir='ltr'>reprehensor,</span> <span class='ocrx_word' id='word_1_123' title='bbox 3093 1195 3399 1261; x_wconf 89' lang='lat' dir='ltr'>promptus</span> <span class='ocrx_word' id='word_1_124' title='bbox 3431 1191 3697 1248; x_wconf 89' lang='lat' dir='ltr'>medicus</span> <span class='ocrx_word' id='word_1_125' title='bbox 3719 1195 3762 1228; x_wconf 82' lang='grc'>⁸⁷</span> <span class='ocrx_word' id='word_1_126' title='bbox 3795 1211 3809 1250; x_wconf 92' lang='lat'>:</span> 
     </span>
    </p>
   </div>
   <div class='ocr_carea' id='block_1_18' title="bbox 404 1266 2100 1353">
    <p class='ocr_par' dir='ltr' id='par_1_18' title="bbox 404 1266 2058 1350">
     <span class='ocr_line' id='line_1_18' title="bbox 404 1266 2058 1350; baseline -0.005 -18"><span class='ocrx_word' id='word_1_127' title='bbox 404 1298 516 1340; x_wconf 80' lang='grc' dir='ltr'>τες.</span> <span class='ocrx_word' id='word_1_128' title='bbox 547 1280 640 1347; x_wconf 86' lang='grc' dir='ltr'>Τῷ</span> <span class='ocrx_word' id='word_1_129' title='bbox 691 1270 1037 1350; x_wconf 67' lang='grc' dir='ltr'>βασιλεύοντι</span> <span class='ocrx_word' id='word_1_130' title='bbox 1097 1271 1124 1324; x_wconf 88' lang='lat'>6</span> <span class='ocrx_word' id='word_1_131' title='bbox 1181 1267 1410 1340; x_wconf 72' lang='grc' dir='ltr'>ἰδιώτης</span> <span class='ocrx_word' id='word_1_132' title='bbox 1460 1266 1665 1346; x_wconf 59' lang='grc' dir='ltr'>ἔλεγεν</span> <span class='ocrx_word' id='word_1_133' title='bbox 1724 1268 1979 1345; x_wconf 79' lang='grc' dir='ltr'>βασιλεὺς</span> <span class='ocrx_word' id='word_1_134' title='bbox 2029 1270 2058 1324; x_wconf 90' lang='lat'>6</span> 
     </span>
    </p>
   </div>
   <div class='ocr_carea' id='block_1_19' title="bbox 2197 1266 3812 1353">
    <p class='ocr_par' dir='ltr' id='par_1_19' title="bbox 2197 1279 3812 1353">
     <span class='ocr_line' id='line_1_19' title="bbox 2197 1279 3812 1353; baseline 0.005 -23"><span class='ocrx_word' id='word_1_135' title='bbox 2197 1283 2342 1332; x_wconf 85' lang='lat' dir='ltr'>ratus</span> <span class='ocrx_word' id='word_1_136' title='bbox 2363 1285 2460 1342; x_wconf 87' lang='lat' dir='ltr'>est,</span> <span class='ocrx_word' id='word_1_137' title='bbox 2495 1279 2708 1348; x_wconf 85' lang='lat' dir='ltr'>inquit,</span> <span class='ocrx_word' id='word_1_138' title='bbox 2742 1281 2903 1346; x_wconf 86' lang='lat' dir='ltr'>Deus,</span> <span class='ocrx_word' id='word_1_139' title='bbox 2935 1286 2987 1332; x_wconf 88' lang='lat' dir='ltr'>et</span> <span class='ocrx_word' id='word_1_140' title='bbox 3028 1280 3329 1349; x_wconf 79' lang='lat' dir='ltr'>peccavisti</span> <span class='ocrx_word' id='word_1_141' title='bbox 3349 1279 3417 1349; x_wconf 79' lang='grc'>⁸⁸,</span> <span class='ocrx_word' id='word_1_142' title='bbox 3450 1282 3572 1353; x_wconf 81' lang='lat' dir='ltr'>regi</span> <span class='ocrx_word' id='word_1_143' title='bbox 3615 1283 3812 1338; x_wconf 82' lang='lat' dir='ltr'>aiebat</span> 
     </span>
    </p>
   </div>
   <div class='ocr_carea' id='block_1_20' title="bbox 409 1358 2100 1443">
    <p class='ocr_par' dir='ltr' id='par_1_20' title="bbox 409 1358 2056 1443">
     <span class='ocr_line' id='line_1_20' title="bbox 409 1358 2056 1443; baseline -0.005 -22"><span class='ocrx_word' id='word_1_144' title='bbox 409 1364 828 1443; x_wconf 84' lang='grc' dir='ltr'>πορφυροφόρος</span> <span class='ocrx_word' id='word_1_145' title='bbox 861 1361 960 1416; x_wconf 89' lang='grc' dir='ltr'>οὐκ</span> <span class='ocrx_word' id='word_1_146' title='bbox 989 1359 1224 1436; x_wconf 83' lang='grc' dir='ltr'>ἐπήρθη·</span> <span class='ocrx_word' id='word_1_147' title='bbox 1259 1359 1320 1414; x_wconf 87' lang='grc' dir='ltr'>οὐ</span> <span class='ocrx_word' id='word_1_148' title='bbox 1369 1359 1472 1435; x_wconf 78' lang='grc' dir='ltr'>γὰρ</span> <span class='ocrx_word' id='word_1_149' title='bbox 1527 1364 1792 1435; x_wconf 81' lang='grc' dir='ltr'>προσεῖχε</span> <span class='ocrx_word' id='word_1_150' title='bbox 1818 1364 1898 1427; x_wconf 83' lang='grc' dir='ltr'>τῷ</span> <span class='ocrx_word' id='word_1_151' title='bbox 1957 1358 2056 1414; x_wconf 90' lang='grc' dir='ltr'>λα-</span> 
     </span>
    </p>
   </div>
   <div class='ocr_carea' id='block_1_21' title="bbox 2197 1358 3813 1443">
    <p class='ocr_par' dir='ltr' id='par_1_21' title="bbox 2197 1366 3813 1439">
     <span class='ocr_line' id='line_1_21' title="bbox 2197 1366 3813 1439; baseline 0.008 -26"><span class='ocrx_word' id='word_1_152' title='bbox 2197 1366 2585 1420; x_wconf 70' lang='grc' dir='ltr'>ιιιὶνίιιιιε.1ἶοχ</span> <span class='ocrx_word' id='word_1_153' title='bbox 2615 1383 2878 1438; x_wconf 85' lang='lat' dir='ltr'><strong>purpura</strong></span> <span class='ocrx_word' id='word_1_154' title='bbox 2908 1367 3157 1439; x_wconf 81' lang='lat' dir='ltr'>insignis</span> <span class='ocrx_word' id='word_1_155' title='bbox 3185 1384 3306 1422; x_wconf 87' lang='lat' dir='ltr'>non</span> <span class='ocrx_word' id='word_1_156' title='bbox 3329 1373 3420 1424; x_wconf 90' lang='lat' dir='ltr'>est</span> <span class='ocrx_word' id='word_1_157' title='bbox 3448 1369 3813 1426; x_wconf 88' lang='lat' dir='ltr'>elatusinso—</span> 
     </span>
    </p>
   </div>
   <div class='ocr_carea' id='block_1_22' title="bbox 405 1447 2100 1526">
    <p class='ocr_par' dir='ltr' id='par_1_22' title="bbox 405 1447 2056 1526">
     <span class='ocr_line' id='line_1_22' title="bbox 405 1447 2056 1526; baseline -0.004 -15"><span class='ocrx_word' id='word_1_158' title='bbox 405 1456 619 1522; x_wconf 81' lang='grc' dir='ltr'>λοῦντι,</span> <span class='ocrx_word' id='word_1_159' title='bbox 650 1451 798 1508; x_wconf 78' lang='grc' dir='ltr'>ἀλλὰ</span> <span class='ocrx_word' id='word_1_160' title='bbox 827 1454 907 1522; x_wconf 82' lang='grc' dir='ltr'>τῷ</span> <span class='ocrx_word' id='word_1_161' title='bbox 962 1447 1362 1504; x_wconf 84' lang='grc' dir='ltr'>ἀποστείλαντι’</span> <span class='ocrx_word' id='word_1_162' title='bbox 1424 1447 1522 1504; x_wconf 90' lang='grc' dir='ltr'>οὐκ</span> <span class='ocrx_word' id='word_1_163' title='bbox 1581 1447 1849 1526; x_wconf 73' lang='grc' dir='ltr'>ἐτύφωσεν</span> <span class='ocrx_word' id='word_1_164' title='bbox 1898 1449 2056 1504; x_wconf 84' lang='grc' dir='ltr'>αὐτὸν</span> 
     </span>
    </p>
   </div>
   <div class='ocr_carea' id='block_1_23' title="bbox 2197 1447 3813 1526">
    <p class='ocr_par' dir='ltr' id='par_1_23' title="bbox 2197 1454 3813 1526">
     <span class='ocr_line' id='line_1_23' title="bbox 2197 1454 3813 1526; baseline 0.005 -19"><span class='ocrx_word' id='word_1_165' title='bbox 2197 1454 2352 1509; x_wconf 81' lang='lat' dir='ltr'>entia</span> <span class='ocrx_word' id='word_1_166' title='bbox 2379 1471 2392 1509; x_wconf 87' lang='lat'><strong>:</strong></span> <span class='ocrx_word' id='word_1_167' title='bbox 2427 1471 2548 1509; x_wconf 91' lang='lat' dir='ltr'>non</span> <span class='ocrx_word' id='word_1_168' title='bbox 2601 1455 2762 1509; x_wconf 88' lang='lat' dir='ltr'>enim</span> <span class='ocrx_word' id='word_1_169' title='bbox 2793 1455 2868 1509; x_wconf 91' lang='lat' dir='ltr'>ad</span> <span class='ocrx_word' id='word_1_170' title='bbox 2896 1456 3217 1526; x_wconf 88' lang='lat' dir='ltr'>loquentis,</span> <span class='ocrx_word' id='word_1_171' title='bbox 3271 1458 3372 1512; x_wconf 90' lang='lat' dir='ltr'>sed</span> <span class='ocrx_word' id='word_1_172' title='bbox 3404 1458 3478 1514; x_wconf 87' lang='lat' dir='ltr'>ad</span> <span class='ocrx_word' id='word_1_173' title='bbox 3521 1459 3813 1515; x_wconf 87' lang='lat' dir='ltr'>mittentis</span> 
     </span>
    </p>
   </div>
   <div class='ocr_carea' id='block_1_24' title="bbox 405 1533 2100 1616">
    <p class='ocr_par' dir='ltr' id='par_1_24' title="bbox 405 1533 2058 1616">
     <span class='ocr_line' id='line_1_24' title="bbox 405 1533 2058 1616; baseline -0.004 -17"><span class='ocrx_word' id='word_1_174' title='bbox 405 1544 470 1600; x_wconf 85' lang='grc' dir='ltr'>τὸ</span> <span class='ocrx_word' id='word_1_175' title='bbox 538 1540 836 1616; x_wconf 87' lang='grc' dir='ltr'>περιεστὼς</span> <span class='ocrx_word' id='word_1_176' title='bbox 881 1544 1072 1614; x_wconf 85' lang='grc' dir='ltr'>στῖφος</span> <span class='ocrx_word' id='word_1_177' title='bbox 1128 1542 1236 1594; x_wconf 88' lang='grc' dir='ltr'>τῶν</span> <span class='ocrx_word' id='word_1_178' title='bbox 1291 1542 1659 1613; x_wconf 79' lang='grc' dir='ltr'>στρατιωτῶν·</span> <span class='ocrx_word' id='word_1_179' title='bbox 1706 1533 1904 1593; x_wconf 79' lang='grc' dir='ltr'>ἔϐλεπε</span> <span class='ocrx_word' id='word_1_180' title='bbox 1957 1537 2058 1614; x_wconf 79' lang='grc' dir='ltr'>γὰρ</span> 
     </span>
    </p>
   </div>
   <div class='ocr_carea' id='block_1_25' title="bbox 2197 1533 3812 1616">
    <p class='ocr_par' dir='ltr' id='par_1_25' title="bbox 2197 1543 3812 1610">
     <span class='ocr_line' id='line_1_25' title="bbox 2197 1543 3812 1610; baseline 0.006 -15"><span class='ocrx_word' id='word_1_181' title='bbox 2197 1559 2486 1598; x_wconf 70' lang='grc' dir='ltr'>»θτεοηειιῑι</span> <span class='ocrx_word' id='word_1_182' title='bbox 2505 1543 2850 1598; x_wconf 88' lang='lat' dir='ltr'>attendebat</span> <span class='ocrx_word' id='word_1_183' title='bbox 2869 1561 2882 1610; x_wconf 90' lang='lat'><strong>;</strong></span> <span class='ocrx_word' id='word_1_184' title='bbox 2898 1562 3017 1598; x_wconf 89' lang='lat' dir='ltr'>non</span> <span class='ocrx_word' id='word_1_185' title='bbox 3032 1545 3254 1600; x_wconf 86' lang='lat' dir='ltr'>inﬂavit</span> <span class='ocrx_word' id='word_1_186' title='bbox 3269 1546 3439 1602; x_wconf 91' lang='lat' dir='ltr'>illum</span> <span class='ocrx_word' id='word_1_187' title='bbox 3452 1548 3812 1604; x_wconf 88' lang='lat' dir='ltr'>circumtans</span> 
     </span>
    </p>
   </div>
   <div class='ocr_carea' id='block_1_26' title="bbox 406 1625 2100 1710">
    <p class='ocr_par' dir='ltr' id='par_1_26' title="bbox 406 1625 2056 1708">
     <span class='ocr_line' id='line_1_26' title="bbox 406 1625 2056 1708; baseline -0.005 -18"><span class='ocrx_word' id='word_1_188' title='bbox 406 1635 500 1690; x_wconf 85' lang='grc' dir='ltr'>τὸν</span> <span class='ocrx_word' id='word_1_189' title='bbox 535 1629 850 1708; x_wconf 82' lang='grc' dir='ltr'>ἂγγελικόν·</span> <span class='ocrx_word' id='word_1_190' title='bbox 886 1630 990 1687; x_wconf 84' lang='grc' dir='ltr'>Τὸν</span> <span class='ocrx_word' id='word_1_191' title='bbox 1049 1628 1152 1703; x_wconf 81' lang='grc' dir='ltr'>γὰρ</span> <span class='ocrx_word' id='word_1_192' title='bbox 1211 1626 1441 1701; x_wconf 76' lang='grc' dir='ltr'>ἀόρατον</span> <span class='ocrx_word' id='word_1_193' title='bbox 1491 1629 1631 1704; x_wconf 85' lang='grc' dir='ltr'>ὁρῶν</span> <span class='ocrx_word' id='word_1_194' title='bbox 1682 1625 2056 1702; x_wconf 85' lang='grc' dir='ltr'>ἐκαρτέρησεν.</span> 
     </span>
    </p>
   </div>
   <div class='ocr_carea' id='block_1_27' title="bbox 2197 1625 3816 1710">
    <p class='ocr_par' dir='ltr' id='par_1_27' title="bbox 2197 1632 3816 1710">
     <span class='ocr_line' id='line_1_27' title="bbox 2197 1632 3816 1710; baseline 0.005 -24"><span class='ocrx_word' id='word_1_195' title='bbox 2197 1632 2428 1686; x_wconf 84' lang='lat' dir='ltr'>nilitum</span> <span class='ocrx_word' id='word_1_196' title='bbox 2479 1649 2734 1699; x_wconf 88' lang='lat' dir='ltr'>manus;</span> <span class='ocrx_word' id='word_1_197' title='bbox 2780 1651 3039 1704; x_wconf 85' lang='lat' dir='ltr'>namque</span> <span class='ocrx_word' id='word_1_198' title='bbox 3097 1635 3430 1706; x_wconf 78' lang='lat' dir='ltr'>angelicum</span> <span class='ocrx_word' id='word_1_199' title='bbox 3491 1639 3816 1710; x_wconf 89' lang='lat' dir='ltr'>aspiciebat</span> 
     </span>
    </p>
   </div>
   <div class='ocr_carea' id='block_1_28' title="bbox 413 1715 2100 1793">
    <p class='ocr_par' dir='ltr' id='par_1_28' title="bbox 413 1715 2061 1793">
     <span class='ocr_line' id='line_1_28' title="bbox 413 1715 2061 1793; baseline -0.005 -14"><span class='ocrx_word' id='word_1_200' title='bbox 413 1722 516 1781; x_wconf 86' lang='grc' dir='ltr'>Καί</span> <span class='ocrx_word' id='word_1_201' title='bbox 539 1743 701 1793; x_wconf 83' lang='grc' dir='ltr'>φησιν</span> <span class='ocrx_word' id='word_1_202' title='bbox 740 1724 821 1792; x_wconf 76' lang='grc' dir='ltr'>τῷ</span> <span class='ocrx_word' id='word_1_203' title='bbox 853 1717 1089 1790; x_wconf 86' lang='grc' dir='ltr'>ἐλθόντι,</span> <span class='ocrx_word' id='word_1_204' title='bbox 1149 1715 1220 1772; x_wconf 86' lang='grc' dir='ltr'>δι’</span> <span class='ocrx_word' id='word_1_205' title='bbox 1277 1716 1484 1773; x_wconf 82' lang='grc' dir='ltr'>ἐκείνου</span> <span class='ocrx_word' id='word_1_206' title='bbox 1538 1721 1619 1790; x_wconf 76' lang='grc' dir='ltr'>τῷ</span> <span class='ocrx_word' id='word_1_207' title='bbox 1676 1715 2061 1772; x_wconf 81' lang='grc' dir='ltr'>ἀποστείλαντι</span> 
     </span>
    </p>
   </div>
   <div class='ocr_carea' id='block_1_29' title="bbox 2197 1715 3812 1793">
    <p class='ocr_par' dir='ltr' id='par_1_29' title="bbox 2197 1722 3812 1783">
     <span class='ocr_line' id='line_1_29' title="bbox 2197 1722 3812 1783; baseline 0.008 -13"><span class='ocrx_word' id='word_1_208' title='bbox 2197 1722 2493 1776; x_wconf 67' lang='grc' dir='ltr'>εχεΓοὶιιιη]</span> <span class='ocrx_word' id='word_1_209' title='bbox 2530 1740 2542 1776; x_wconf 93' lang='lat'>:</span> <span class='ocrx_word' id='word_1_210' title='bbox 2584 1724 2919 1777; x_wconf 82' lang='lat' dir='ltr'>Invisibilem</span> <span class='ocrx_word' id='word_1_211' title='bbox 2977 1726 3123 1778; x_wconf 87' lang='lat' dir='ltr'>enim</span> <span class='ocrx_word' id='word_1_212' title='bbox 3194 1725 3382 1779; x_wconf 82' lang='lat' dir='ltr'>videns</span> <span class='ocrx_word' id='word_1_213' title='bbox 3456 1730 3716 1782; x_wconf 76' lang='lat' dir='ltr'>sustinuit</span> <span class='ocrx_word' id='word_1_214' title='bbox 3745 1727 3812 1783; x_wconf 68' lang='grc'>³9.</span> 
     </span>
    </p>
   </div>
   <div class='ocr_carea' id='block_1_30' title="bbox 409 1806 2100 1886">
    <p class='ocr_par' dir='ltr' id='par_1_30' title="bbox 409 1806 2063 1886">
     <span class='ocr_line' id='line_1_30' title="bbox 409 1806 2063 1886; baseline -0.003 -19"><span class='ocrx_word' id='word_1_215' title='bbox 409 1811 876 1886; x_wconf 79' lang='grc' dir='ltr'>ἀποκρινόμενος·</span> <span class='ocrx_word' id='word_1_216' title='bbox 916 1807 1240 1882; x_wconf 86' lang='grc' dir='ltr'>Ἦμάρτηκα</span> <span class='ocrx_word' id='word_1_217' title='bbox 1278 1811 1358 1880; x_wconf 80' lang='grc' dir='ltr'>τῷ</span> <span class='ocrx_word' id='word_1_218' title='bbox 1421 1807 1622 1883; x_wconf 85' lang='grc' dir='ltr'>Κυρίῳ.</span> <span class='ocrx_word' id='word_1_219' title='bbox 1682 1806 1908 1869; x_wconf 88' lang='grc' dir='ltr'>Βλέπεις</span> <span class='ocrx_word' id='word_1_220' title='bbox 1963 1809 2063 1883; x_wconf 84' lang='grc' dir='ltr'>βα-</span> 
     </span>
    </p>
   </div>
   <div class='ocr_carea' id='block_1_31' title="bbox 2197 1806 3820 1886">
    <p class='ocr_par' dir='ltr' id='par_1_31' title="bbox 2197 1810 3820 1884">
     <span class='ocr_line' id='line_1_31' title="bbox 2197 1810 3820 1884; baseline 0.005 -21"><span class='ocrx_word' id='word_1_221' title='bbox 2197 1810 2565 1881; x_wconf 68' lang='grc' dir='ltr'>Ῐεῐιὶεῑιῐίᾳιιθ</span> <span class='ocrx_word' id='word_1_222' title='bbox 2597 1812 3044 1882; x_wconf 66' lang='lat' dir='ltr'>prophetaa,seu</span> <span class='ocrx_word' id='word_1_223' title='bbox 3072 1813 3268 1883; x_wconf 86' lang='lat' dir='ltr'>potius</span> <span class='ocrx_word' id='word_1_224' title='bbox 3300 1830 3405 1884; x_wconf 90' lang='lat' dir='ltr'>per</span> <span class='ocrx_word' id='word_1_225' title='bbox 3436 1813 3606 1869; x_wconf 90' lang='lat' dir='ltr'>illum</span> <span class='ocrx_word' id='word_1_226' title='bbox 3637 1816 3754 1870; x_wconf 92' lang='lat' dir='ltr'>Deo</span> <span class='ocrx_word' id='word_1_227' title='bbox 3785 1833 3820 1871; x_wconf 90' lang='lat' dir='ltr'>a</span> 
     </span>
    </p>
   </div>
   <div class='ocr_carea' id='block_1_32' title="bbox 408 1895 2100 1983">
    <p class='ocr_par' dir='ltr' id='par_1_32' title="bbox 408 1895 2100 1983">
     <span class='ocr_line' id='line_1_32' title="bbox 408 1895 2100 1983; baseline -0.002 -27"><span class='ocrx_word' id='word_1_228' title='bbox 408 1899 611 1964; x_wconf 82' lang='grc' dir='ltr'>σιλέως</span> <span class='ocrx_word' id='word_1_229' title='bbox 641 1897 1141 1983; x_wconf 82' lang='grc' dir='ltr'>ταπεινοφροσύνην</span> <span class='ocrx_word' id='word_1_230' title='bbox 1169 1915 1182 1965; x_wconf 90' lang='grc'><strong>;</strong></span> <span class='ocrx_word' id='word_1_231' title='bbox 1220 1897 1442 1973; x_wconf 86' lang='grc' dir='ltr'>βλέπεις</span> <span class='ocrx_word' id='word_1_232' title='bbox 1494 1895 1892 1972; x_wconf 80' lang='grc' dir='ltr'>ἐξομολόγησιν</span> <span class='ocrx_word' id='word_1_233' title='bbox 1923 1916 1936 1967; x_wconf 88' lang='lat'>;</span> <span class='ocrx_word' id='word_1_234' title='bbox 1969 1899 2059 1968; x_wconf 81' lang='grc' dir='ltr'>Μὴ</span> <span class='ocrx_word' id='word_1_235' title='bbox 2091 1918 2100 1982; x_wconf 68' lang='grc'>]</span> 
     </span>
    </p>
   </div>
   <div class='ocr_carea' id='block_1_33' title="bbox 2197 1895 3813 1983">
    <p class='ocr_par' dir='ltr' id='par_1_33' title="bbox 2197 1899 3813 1972">
     <span class='ocr_line' id='line_1_33' title="bbox 2197 1899 3813 1972; baseline 0.003 -18"><span class='ocrx_word' id='word_1_236' title='bbox 2197 1916 2288 1970; x_wconf 81' lang='lat' dir='ltr'>[uo</span> <span class='ocrx_word' id='word_1_237' title='bbox 2318 1899 2538 1954; x_wconf 90' lang='lat' dir='ltr'>missus</span> <span class='ocrx_word' id='word_1_238' title='bbox 2562 1905 2683 1954; x_wconf 88' lang='lat' dir='ltr'>erat</span> <span class='ocrx_word' id='word_1_239' title='bbox 2709 1901 3096 1972; x_wconf 79' lang='lat' dir='ltr'>respondens,</span> <span class='ocrx_word' id='word_1_240' title='bbox 3122 1901 3224 1966; x_wconf 87' lang='lat' dir='ltr'>ait,</span> <span class='ocrx_word' id='word_1_241' title='bbox 3241 1903 3466 1957; x_wconf 85' lang='lat' dir='ltr'>Peccavi</span> <span class='ocrx_word' id='word_1_242' title='bbox 3497 1905 3728 1959; x_wconf 90' lang='lat' dir='ltr'>Domino</span> <span class='ocrx_word' id='word_1_243' title='bbox 3749 1906 3813 1959; x_wconf 73' lang='lat'>‘0.</span> 
     </span>
    </p>
   </div>
   <div class='ocr_carea' id='block_1_34' title="bbox 401 1982 2100 2069">
    <p class='ocr_par' dir='ltr' id='par_1_34' title="bbox 401 1982 2058 2069">
     <span class='ocr_line' id='line_1_34' title="bbox 401 1982 2058 2069; baseline -0.003 -24"><span class='ocrx_word' id='word_1_244' title='bbox 401 1993 506 2069; x_wconf 70' lang='grc' dir='ltr'>γὰρ</span> <span class='ocrx_word' id='word_1_245' title='bbox 539 1987 662 2064; x_wconf 71' lang='grc' dir='ltr'>ᾔδει</span> <span class='ocrx_word' id='word_1_246' title='bbox 692 1987 736 2043; x_wconf 80' lang='grc' dir='ltr'>εἶ</span> <span class='ocrx_word' id='word_1_247' title='bbox 767 1989 835 2058; x_wconf 78' lang='grc' dir='ltr'>ἦν</span> <span class='ocrx_word' id='word_1_248' title='bbox 865 1982 1102 2062; x_wconf 79' lang='grc' dir='ltr'>ἔλεγχος</span> <span class='ocrx_word' id='word_1_249' title='bbox 1137 1991 1213 2060; x_wconf 87' lang='grc'>(3)</span> <span class='ocrx_word' id='word_1_250' title='bbox 1247 2006 1260 2056; x_wconf 86' lang='grc'>;</span> <span class='ocrx_word' id='word_1_251' title='bbox 1297 1989 1372 2060; x_wconf 82' lang='grc' dir='ltr'>μὴ</span> <span class='ocrx_word' id='word_1_252' title='bbox 1399 1986 1499 2062; x_wconf 71' lang='grc' dir='ltr'>γὰρ</span> <span class='ocrx_word' id='word_1_253' title='bbox 1543 1984 1763 2062; x_wconf 69' lang='grc' dir='ltr'>ᾔδεισαν</span> <span class='ocrx_word' id='word_1_254' title='bbox 1824 1989 1874 2041; x_wconf 70' lang='grc' dir='ltr'>οἱ</span> <span class='ocrx_word' id='word_1_255' title='bbox 1921 1985 2058 2041; x_wconf 83' lang='grc' dir='ltr'>πολ-</span> 
     </span>
    </p>
   </div>
   <div class='ocr_carea' id='block_1_35' title="bbox 2197 1982 3816 2069">
    <p class='ocr_par' dir='ltr' id='par_1_35' title="bbox 2197 1988 3816 2062">
     <span class='ocr_line' id='line_1_35' title="bbox 2197 1988 3816 2062; baseline 0.006 -22"><span class='ocrx_word' id='word_1_256' title='bbox 2197 1988 2343 2043; x_wconf 63' lang='grc' dir='ltr'>ἴὶόεε</span> <span class='ocrx_word' id='word_1_257' title='bbox 2375 1989 2802 2044; x_wconf 91' lang='lat' dir='ltr'>demissionem</span> <span class='ocrx_word' id='word_1_258' title='bbox 2827 1990 3173 2062; x_wconf 80' lang='lat' dir='ltr'>regis,vides</span> <span class='ocrx_word' id='word_1_259' title='bbox 3188 1991 3645 2048; x_wconf 85' lang='lat' dir='ltr'>confessionem.</span> <span class='ocrx_word' id='word_1_260' title='bbox 3667 1996 3816 2048; x_wconf 89' lang='lat' dir='ltr'>Num</span> 
     </span>
    </p>
   </div>
   <div class='ocr_carea' id='block_1_36' title="bbox 408 2076 2100 2155">
    <p class='ocr_par' dir='ltr' id='par_1_36' title="bbox 408 2076 2062 2153">
     <span class='ocr_line' id='line_1_36' title="bbox 408 2076 2062 2153; baseline -0.004 -17"><span class='ocrx_word' id='word_1_261' title='bbox 408 2079 542 2149; x_wconf 89' lang='grc' dir='ltr'>λοί;</span> <span class='ocrx_word' id='word_1_262' title='bbox 579 2080 771 2150; x_wconf 84' lang='grc' dir='ltr'>Ὀξέως</span> <span class='ocrx_word' id='word_1_263' title='bbox 805 2077 1054 2153; x_wconf 85' lang='grc' dir='ltr'>ἐπράχθη</span> <span class='ocrx_word' id='word_1_264' title='bbox 1083 2076 1145 2131; x_wconf 85' lang='grc' dir='ltr'>τὸ</span> <span class='ocrx_word' id='word_1_265' title='bbox 1176 2081 1425 2151; x_wconf 82' lang='grc' dir='ltr'>πρᾶγμα,</span> <span class='ocrx_word' id='word_1_266' title='bbox 1460 2076 1521 2131; x_wconf 80' lang='grc' dir='ltr'>οὐ</span> <span class='ocrx_word' id='word_1_267' title='bbox 1579 2078 1869 2152; x_wconf 77' lang='grc' dir='ltr'>προφήτης</span> <span class='ocrx_word' id='word_1_268' title='bbox 1921 2097 2062 2150; x_wconf 87' lang='grc' dir='ltr'>παρ-</span> 
     </span>
    </p>
   </div>
   <div class='ocr_carea' id='block_1_37' title="bbox 2197 2076 3819 2155">
    <p class='ocr_par' dir='ltr' id='par_1_37' title="bbox 2197 2079 3819 2155">
     <span class='ocr_line' id='line_1_37' title="bbox 2197 2079 3819 2155; baseline 0.008 -29"><span class='ocrx_word' id='word_1_269' title='bbox 2197 2079 2356 2145; x_wconf 56' lang='lat' dir='ltr'>enim,</span> <span class='ocrx_word' id='word_1_270' title='bbox 2389 2084 2590 2133; x_wconf 90' lang='lat' dir='ltr'>utrum</span> <span class='ocrx_word' id='word_1_271' title='bbox 2609 2079 2966 2134; x_wconf 90' lang='lat' dir='ltr'>convictioni</span> <span class='ocrx_word' id='word_1_272' title='bbox 3000 2079 3165 2135; x_wconf 91' lang='lat' dir='ltr'>locus</span> <span class='ocrx_word' id='word_1_273' title='bbox 3198 2097 3385 2136; x_wconf 91' lang='lat' dir='ltr'>necne</span> <span class='ocrx_word' id='word_1_274' title='bbox 3406 2081 3560 2138; x_wconf 88' lang='lat' dir='ltr'>foret</span> <span class='ocrx_word' id='word_1_275' title='bbox 3581 2083 3819 2155; x_wconf 82' lang='lat' dir='ltr'>ignora-</span> 
     </span>
    </p>
   </div>
   <div class='ocr_carea' id='block_1_38' title="bbox 407 2165 2100 2244">
    <p class='ocr_par' dir='ltr' id='par_1_38' title="bbox 407 2165 2056 2244">
     <span class='ocr_line' id='line_1_38' title="bbox 407 2165 2056 2244; baseline -0.002 -19"><span class='ocrx_word' id='word_1_276' title='bbox 407 2177 500 2241; x_wconf 82' lang='grc' dir='ltr'>ῆν,</span> <span class='ocrx_word' id='word_1_277' title='bbox 525 2165 760 2244; x_wconf 74' lang='grc' dir='ltr'>ἔλεγχος</span> <span class='ocrx_word' id='word_1_278' title='bbox 796 2167 860 2222; x_wconf 89' lang='grc' dir='ltr'>οὐ</span> <span class='ocrx_word' id='word_1_279' title='bbox 885 2173 1088 2242; x_wconf 72' lang='grc' dir='ltr'>παρῆψ</span> <span class='ocrx_word' id='word_1_280' title='bbox 1142 2166 1389 2228; x_wconf 68' lang='grc' dir='ltr'>κάκεῖνος</span> <span class='ocrx_word' id='word_1_281' title='bbox 1448 2165 1718 2240; x_wconf 79' lang='grc' dir='ltr'>ὁμολογεῖ</span> <span class='ocrx_word' id='word_1_282' title='bbox 1771 2168 1834 2221; x_wconf 88' lang='grc' dir='ltr'>τὸ</span> <span class='ocrx_word' id='word_1_283' title='bbox 1873 2165 2056 2222; x_wconf 87' lang='grc' dir='ltr'>κακόν.</span> 
     </span>
    </p>
   </div>
   <div class='ocr_carea' id='block_1_39' title="bbox 2197 2165 3820 2244">
    <p class='ocr_par' dir='ltr' id='par_1_39' title="bbox 2197 2167 3820 2238">
     <span class='ocr_line' id='line_1_39' title="bbox 2197 2167 3820 2238; baseline 0.004 -18"><span class='ocrx_word' id='word_1_284' title='bbox 2197 2171 2271 2221; x_wconf 64' lang='lat' dir='ltr'>vat</span> <span class='ocrx_word' id='word_1_285' title='bbox 2286 2167 2312 2221; x_wconf 68' lang='grc' dir='ltr'>*ἲ</span> <span class='ocrx_word' id='word_1_286' title='bbox 2328 2167 2598 2238; x_wconf 87' lang='lat' dir='ltr'>nunquid</span> <span class='ocrx_word' id='word_1_287' title='bbox 2625 2168 2683 2223; x_wconf 94' lang='lat' dir='ltr'>id</span> <span class='ocrx_word' id='word_1_288' title='bbox 2716 2169 2887 2223; x_wconf 84' lang='lat' dir='ltr'>multi</span> <span class='ocrx_word' id='word_1_289' title='bbox 2920 2169 3246 2224; x_wconf 87' lang='lat' dir='ltr'>rescierant</span> <span class='ocrx_word' id='word_1_290' title='bbox 3265 2170 3293 2224; x_wconf 73' lang='lat' dir='ltr'>‘I</span> <span class='ocrx_word' id='word_1_291' title='bbox 3312 2171 3604 2227; x_wconf 86' lang='lat' dir='ltr'>Velociter</span> <span class='ocrx_word' id='word_1_292' title='bbox 3623 2179 3820 2229; x_wconf 87' lang='lat' dir='ltr'>trans—</span> 
     </span>
    </p>
   </div>
   <div class='ocr_carea' id='block_1_40' title="bbox 406 2248 2100 2333">
    <p class='ocr_par' dir='ltr' id='par_1_40' title="bbox 406 2248 2058 2332">
     <span class='ocr_line' id='line_1_40' title="bbox 406 2248 2058 2332; baseline -0.004 -19"><span class='ocrx_word' id='word_1_293' title='bbox 406 2255 632 2328; x_wconf 77' lang='grc' dir='ltr'>Ἐπειδὴ</span> <span class='ocrx_word' id='word_1_294' title='bbox 665 2257 1029 2332; x_wconf 77' lang='grc' dir='ltr'>εὐγνωμόνως</span> <span class='ocrx_word' id='word_1_295' title='bbox 1060 2251 1446 2329; x_wconf 70' lang='grc' dir='ltr'>ὡμολόγησεν,</span> <span class='ocrx_word' id='word_1_296' title='bbox 1481 2255 1740 2326; x_wconf 80' lang='grc' dir='ltr'>ὀξυτάτην</span> <span class='ocrx_word' id='word_1_297' title='bbox 1801 2248 1932 2328; x_wconf 75' lang='grc' dir='ltr'>ἔσχε</span> <span class='ocrx_word' id='word_1_298' title='bbox 1959 2255 2058 2322; x_wconf 73' lang='grc' dir='ltr'>τὴν</span> 
     </span>
    </p>
   </div>
   <div class='ocr_carea' id='block_1_41' title="bbox 2197 2248 3819 2333">
    <p class='ocr_par' dir='ltr' id='par_1_41' title="bbox 2197 2257 3819 2333">
     <span class='ocr_line' id='line_1_41' title="bbox 2197 2257 3819 2333; baseline 0.005 -23"><span class='ocrx_word' id='word_1_299' title='bbox 2197 2261 2300 2311; x_wconf 47' lang='lat' dir='ltr'>icta</span> <span class='ocrx_word' id='word_1_300' title='bbox 2332 2275 2426 2312; x_wconf 90' lang='lat' dir='ltr'>res</span> <span class='ocrx_word' id='word_1_301' title='bbox 2457 2257 2681 2312; x_wconf 87' lang='lat' dir='ltr'>fuerat:</span> <span class='ocrx_word' id='word_1_302' title='bbox 2716 2260 3005 2329; x_wconf 85' lang='lat' dir='ltr'><strong>propheta</strong></span> <span class='ocrx_word' id='word_1_303' title='bbox 3027 2276 3145 2314; x_wconf 92' lang='lat' dir='ltr'>non</span> <span class='ocrx_word' id='word_1_304' title='bbox 3177 2259 3401 2328; x_wconf 90' lang='lat' dir='ltr'>aderat,</span> <span class='ocrx_word' id='word_1_305' title='bbox 3434 2261 3637 2317; x_wconf 88' lang='lat' dir='ltr'>nullus</span> <span class='ocrx_word' id='word_1_306' title='bbox 3667 2281 3819 2333; x_wconf 71' lang='lat' dir='ltr'>prae-</span> 
     </span>
    </p>
   </div>
   <div class='ocr_carea' id='block_1_42' title="bbox 408 2340 2100 2421">
    <p class='ocr_par' dir='ltr' id='par_1_42' title="bbox 408 2340 2061 2421">
     <span class='ocr_line' id='line_1_42' title="bbox 408 2340 2061 2421; baseline -0.004 -18"><span class='ocrx_word' id='word_1_307' title='bbox 408 2346 670 2421; x_wconf 75' lang='grc' dir='ltr'>ἰατρείαν.</span> <span class='ocrx_word' id='word_1_308' title='bbox 706 2345 806 2399; x_wconf 81' lang='grc' dir='ltr'>Καὶ</span> <span class='ocrx_word' id='word_1_309' title='bbox 836 2343 1000 2399; x_wconf 86' lang='grc' dir='ltr'>πάλιν</span> <span class='ocrx_word' id='word_1_310' title='bbox 1034 2346 1108 2418; x_wconf 75' lang='grc'>(4)</span> <span class='ocrx_word' id='word_1_311' title='bbox 1142 2343 1318 2407; x_wconf 76' lang='grc' dir='ltr'>Ναθᾶν</span> <span class='ocrx_word' id='word_1_312' title='bbox 1352 2345 1380 2398; x_wconf 88' lang='lat'>6</span> <span class='ocrx_word' id='word_1_313' title='bbox 1440 2340 1675 2416; x_wconf 89' lang='grc' dir='ltr'>ἐλέγξας·</span> <span class='ocrx_word' id='word_1_314' title='bbox 1732 2342 1831 2398; x_wconf 83' lang='grc' dir='ltr'>Καὶ</span> <span class='ocrx_word' id='word_1_315' title='bbox 1865 2342 2061 2417; x_wconf 82' lang='grc' dir='ltr'>Κύριος</span> 
     </span>
    </p>
   </div>
   <div class='ocr_carea' id='block_1_43' title="bbox 2197 2340 3821 2421">
    <p class='ocr_par' dir='ltr' id='par_1_43' title="bbox 2197 2346 3821 2419">
     <span class='ocr_line' id='line_1_43' title="bbox 2197 2346 3821 2419; baseline 0.004 -20"><span class='ocrx_word' id='word_1_316' title='bbox 2197 2361 2308 2400; x_wconf 80' lang='lat' dir='ltr'>.ens</span> <span class='ocrx_word' id='word_1_317' title='bbox 2341 2346 2442 2416; x_wconf 90' lang='lat' dir='ltr'>qui</span> <span class='ocrx_word' id='word_1_318' title='bbox 2471 2347 2875 2412; x_wconf 84' lang='lat' dir='ltr'>convinceret;</span> <span class='ocrx_word' id='word_1_319' title='bbox 2900 2348 3000 2402; x_wconf 91' lang='lat' dir='ltr'>ille</span> <span class='ocrx_word' id='word_1_320' title='bbox 3035 2353 3231 2403; x_wconf 89' lang='lat' dir='ltr'>tamen</span> <span class='ocrx_word' id='word_1_321' title='bbox 3256 2354 3563 2419; x_wconf 85' lang='lat' dir='ltr'>peccatum</span> <span class='ocrx_word' id='word_1_322' title='bbox 3581 2351 3821 2406; x_wconf 82' lang='lat' dir='ltr'>confite-</span> 
     </span>
    </p>
   </div>
   <div class='ocr_carea' id='block_1_44' title="bbox 407 2429 2100 2512">
    <p class='ocr_par' dir='ltr' id='par_1_44' title="bbox 407 2429 2057 2512">
     <span class='ocr_line' id='line_1_44' title="bbox 407 2429 2057 2512; baseline -0.004 -20"><span class='ocrx_word' id='word_1_323' title='bbox 407 2429 745 2512; x_wconf 75' lang='grc' dir='ltr'>παρεϐίϐασε</span> <span class='ocrx_word' id='word_1_324' title='bbox 790 2435 894 2501; x_wconf 74' lang='grc' dir='ltr'>τήν</span> <span class='ocrx_word' id='word_1_325' title='bbox 979 2433 1243 2509; x_wconf 79' lang='grc' dir='ltr'>ἁμαρτίαν</span> <span class='ocrx_word' id='word_1_326' title='bbox 1323 2453 1439 2489; x_wconf 89' lang='grc' dir='ltr'>σου.</span> <span class='ocrx_word' id='word_1_327' title='bbox 1509 2431 1742 2494; x_wconf 87' lang='grc' dir='ltr'>Βλέπεις</span> <span class='ocrx_word' id='word_1_328' title='bbox 1794 2432 2057 2503; x_wconf 81' lang='grc' dir='ltr'>ὀξυτάτην</span> 
     </span>
    </p>
   </div>
   <div class='ocr_carea' id='block_1_45' title="bbox 2197 2429 3820 2512">
    <p class='ocr_par' dir='ltr' id='par_1_45' title="bbox 2197 2435 3820 2502">
     <span class='ocr_line' id='line_1_45' title="bbox 2197 2435 3820 2502; baseline 0.006 -14"><span class='ocrx_word' id='word_1_329' title='bbox 2197 2451 2286 2488; x_wconf 91' lang='lat' dir='ltr'>ur.</span> <span class='ocrx_word' id='word_1_330' title='bbox 2324 2435 2471 2499; x_wconf 87' lang='lat' dir='ltr'>Quia</span> <span class='ocrx_word' id='word_1_331' title='bbox 2501 2451 2634 2489; x_wconf 91' lang='lat' dir='ltr'>vero</span> <span class='ocrx_word' id='word_1_332' title='bbox 2667 2435 2823 2491; x_wconf 89' lang='lat' dir='ltr'>bona</span> <span class='ocrx_word' id='word_1_333' title='bbox 2856 2436 2969 2491; x_wconf 79' lang='lat' dir='ltr'>fide</span> <span class='ocrx_word' id='word_1_334' title='bbox 2998 2437 3304 2492; x_wconf 85' lang='lat' dir='ltr'>confessus</span> <span class='ocrx_word' id='word_1_335' title='bbox 3337 2445 3447 2502; x_wconf 90' lang='lat' dir='ltr'>est,</span> <span class='ocrx_word' id='word_1_336' title='bbox 3480 2439 3820 2496; x_wconf 89' lang='lat' dir='ltr'>ocissimam</span> 
     </span>
    </p>
   </div>
   <div class='ocr_carea' id='block_1_46' title="bbox 407 2518 2100 2602">
    <p class='ocr_par' dir='ltr' id='par_1_46' title="bbox 407 2518 2058 2598">
     <span class='ocr_line' id='line_1_46' title="bbox 407 2518 2058 2598; baseline -0.002 -18"><span class='ocrx_word' id='word_1_337' title='bbox 407 2528 587 2598; x_wconf 81' lang='grc' dir='ltr'>θυμοῦ</span> <span class='ocrx_word' id='word_1_338' title='bbox 677 2518 989 2596; x_wconf 76' lang='grc' dir='ltr'>μεταϐολῆν</span> <span class='ocrx_word' id='word_1_339' title='bbox 1049 2541 1062 2590; x_wconf 90' lang='grc'><strong>;</strong></span> <span class='ocrx_word' id='word_1_340' title='bbox 1137 2520 1291 2589; x_wconf 85' lang='grc' dir='ltr'>Πλήν</span> <span class='ocrx_word' id='word_1_341' title='bbox 1370 2521 1686 2595; x_wconf 76' lang='grc' dir='ltr'>παροξύνων</span> <span class='ocrx_word' id='word_1_342' title='bbox 1741 2524 2058 2595; x_wconf 84' lang='grc' dir='ltr'>παρώξυνας</span> 
     </span>
    </p>
   </div>
   <div class='ocr_carea' id='block_1_47' title="bbox 2197 2518 3819 2602">
    <p class='ocr_par' dir='ltr' id='par_1_47' title="bbox 2197 2525 3819 2602">
     <span class='ocr_line' id='line_1_47' title="bbox 2197 2525 3819 2602; baseline 0.006 -25"><span class='ocrx_word' id='word_1_343' title='bbox 2197 2525 2550 2578; x_wconf 84' lang='lat' dir='ltr'>anationem</span> <span class='ocrx_word' id='word_1_344' title='bbox 2583 2525 2834 2596; x_wconf 89' lang='lat' dir='ltr'>adeptus</span> <span class='ocrx_word' id='word_1_345' title='bbox 2866 2532 2971 2581; x_wconf 90' lang='lat' dir='ltr'>est.</span> <span class='ocrx_word' id='word_1_346' title='bbox 3009 2529 3382 2598; x_wconf 83' lang='lat' dir='ltr'>Rursumque</span> <span class='ocrx_word' id='word_1_347' title='bbox 3429 2530 3658 2585; x_wconf 85' lang='lat' dir='ltr'>Nathan</span> <span class='ocrx_word' id='word_1_348' title='bbox 3717 2531 3819 2602; x_wconf 90' lang='lat' dir='ltr'>qui</span> 
     </span>
    </p>
   </div>
   <div class='ocr_carea' id='block_1_48' title="bbox 408 2605 2100 2690">
    <p class='ocr_par' dir='ltr' id='par_1_48' title="bbox 408 2605 2064 2687">
     <span class='ocr_line' id='line_1_48' title="bbox 408 2605 2064 2687; baseline -0.004 -17"><span class='ocrx_word' id='word_1_349' title='bbox 408 2614 540 2672; x_wconf 70' lang='grc' dir='ltr'>τοὺς</span> <span class='ocrx_word' id='word_1_350' title='bbox 580 2613 810 2687; x_wconf 81' lang='grc' dir='ltr'>ἐχθροὺς</span> <span class='ocrx_word' id='word_1_351' title='bbox 845 2610 1069 2685; x_wconf 85' lang='grc' dir='ltr'>Κυρίου.</span> <span class='ocrx_word' id='word_1_352' title='bbox 1133 2609 1386 2671; x_wconf 77' lang='grc' dir='ltr'>Πολλοὺς</span> <span class='ocrx_word' id='word_1_353' title='bbox 1440 2605 1598 2684; x_wconf 74' lang='grc' dir='ltr'>ἔσχες</span> <span class='ocrx_word' id='word_1_354' title='bbox 1642 2608 1770 2671; x_wconf 74' lang='grc' dir='ltr'>τοὺς</span> <span class='ocrx_word' id='word_1_355' title='bbox 1829 2609 2064 2684; x_wconf 81' lang='grc' dir='ltr'>ἐχθροὺς</span> 
     </span>
    </p>
   </div>
   <div class='ocr_carea' id='block_1_49' title="bbox 2197 2605 3819 2690">
    <p class='ocr_par' dir='ltr' id='par_1_49' title="bbox 2197 2613 3819 2690">
     <span class='ocr_line' id='line_1_49' title="bbox 2197 2613 3819 2690; baseline 0.006 -24"><span class='ocrx_word' id='word_1_356' title='bbox 2197 2613 2342 2667; x_wconf 88' lang='lat' dir='ltr'>llum</span> <span class='ocrx_word' id='word_1_357' title='bbox 2373 2615 2840 2685; x_wconf 87' lang='lat' dir='ltr'>reprehenderat</span> <span class='ocrx_word' id='word_1_358' title='bbox 2867 2633 2878 2669; x_wconf 89' lang='lat'><strong>:</strong></span> <span class='ocrx_word' id='word_1_359' title='bbox 2910 2619 2982 2670; x_wconf 91' lang='lat' dir='ltr'>Et</span> <span class='ocrx_word' id='word_1_360' title='bbox 3012 2616 3278 2672; x_wconf 84' lang='lat' dir='ltr'>Dominus</span> <span class='ocrx_word' id='word_1_361' title='bbox 3309 2621 3591 2675; x_wconf 78' lang='lat' dir='ltr'>transtulit</span> <span class='ocrx_word' id='word_1_362' title='bbox 3620 2637 3819 2690; x_wconf 87' lang='lat' dir='ltr'>pecca-</span> 
     </span>
    </p>
   </div>
   <div class='ocr_carea' id='block_1_50' title="bbox 417 2696 2100 2779">
    <p class='ocr_par' dir='ltr' id='par_1_50' title="bbox 417 2696 2061 2779">
     <span class='ocr_line' id='line_1_50' title="bbox 417 2696 2061 2779; baseline -0.002 -21"><span class='ocrx_word' id='word_1_363' title='bbox 417 2705 524 2777; x_wconf 82' lang='lat'>(5),</span> <span class='ocrx_word' id='word_1_364' title='bbox 555 2701 681 2757; x_wconf 83' lang='grc' dir='ltr'>ἀλλ’</span> <span class='ocrx_word' id='word_1_365' title='bbox 701 2701 947 2779; x_wconf 87' lang='grc' dir='ltr'>ἐφρούρει</span> <span class='ocrx_word' id='word_1_366' title='bbox 982 2720 1038 2755; x_wconf 77' lang='grc' dir='ltr'>σε</span> <span class='ocrx_word' id='word_1_367' title='bbox 1077 2702 1112 2769; x_wconf 84' lang='grc' dir='ltr'><strong>ἡ</strong></span> <span class='ocrx_word' id='word_1_368' title='bbox 1145 2700 1491 2775; x_wconf 82' lang='grc' dir='ltr'>σωφροσύνη·</span> <span class='ocrx_word' id='word_1_369' title='bbox 1525 2704 1617 2753; x_wconf 84' lang='grc' dir='ltr'>νῦν</span> <span class='ocrx_word' id='word_1_370' title='bbox 1660 2696 1717 2754; x_wconf 70' lang='grc' dir='ltr'>δὲ</span> <span class='ocrx_word' id='word_1_371' title='bbox 1746 2699 2061 2774; x_wconf 88' lang='grc' dir='ltr'>παρώξυνας</span> 
     </span>
    </p>
   </div>
   <div class='ocr_carea' id='block_1_51' title="bbox 2197 2696 3822 2779">
    <p class='ocr_par' dir='ltr' id='par_1_51' title="bbox 2197 2702 3822 2771">
     <span class='ocr_line' id='line_1_51' title="bbox 2197 2702 3822 2771; baseline 0.005 -15"><span class='ocrx_word' id='word_1_372' title='bbox 2197 2719 2288 2756; x_wconf 92' lang='lat' dir='ltr'>um</span> <span class='ocrx_word' id='word_1_373' title='bbox 2323 2710 2478 2757; x_wconf 88' lang='lat' dir='ltr'>tuum</span> <span class='ocrx_word' id='word_1_374' title='bbox 2510 2702 2575 2771; x_wconf 79' lang='lat'>“,</span> <span class='ocrx_word' id='word_1_375' title='bbox 2606 2704 2766 2758; x_wconf 86' lang='lat' dir='ltr'>vides</span> <span class='ocrx_word' id='word_1_376' title='bbox 2799 2705 3174 2760; x_wconf 89' lang='lat' dir='ltr'>celerrimam</span> <span class='ocrx_word' id='word_1_377' title='bbox 3209 2706 3520 2762; x_wconf 89' lang='lat' dir='ltr'>irascentis</span> <span class='ocrx_word' id='word_1_378' title='bbox 3554 2709 3656 2763; x_wconf 91' lang='lat' dir='ltr'>Dei</span> <span class='ocrx_word' id='word_1_379' title='bbox 3679 2727 3822 2764; x_wconf 91' lang='lat' dir='ltr'>con-</span> 
     </span>
    </p>
   </div>
   <div class='ocr_carea' id='block_1_52' title="bbox 421 2787 2100 2866">
    <p class='ocr_par' dir='ltr' id='par_1_52' title="bbox 421 2787 1282 2866">
     <span class='ocr_line' id='line_1_52' title="bbox 421 2787 1282 2866; baseline -0.003 -20"><span class='ocrx_word' id='word_1_380' title='bbox 421 2789 511 2846; x_wconf 80' lang='grc' dir='ltr'>διὰ</span> <span class='ocrx_word' id='word_1_381' title='bbox 539 2791 638 2859; x_wconf 84' lang='grc' dir='ltr'>τήν</span> <span class='ocrx_word' id='word_1_382' title='bbox 667 2787 959 2866; x_wconf 82' lang='grc' dir='ltr'>γενομένην</span> <span class='ocrx_word' id='word_1_383' title='bbox 992 2787 1282 2864; x_wconf 82' lang='grc' dir='ltr'>ἁμαρτίαν.</span> 
     </span>
    </p>
   </div>
   <div class='ocr_carea' id='block_1_53' title="bbox 2197 2787 3824 2866">
    <p class='ocr_par' dir='ltr' id='par_1_53' title="bbox 2197 2792 3824 2854">
     <span class='ocr_line' id='line_1_53' title="bbox 2197 2792 3824 2854; baseline 0.005 -8"><span class='ocrx_word' id='word_1_384' title='bbox 2197 2792 2527 2847; x_wconf 70' lang='grc' dir='ltr'>’ΘΓΒίΟΠθΠ1.</span> <span class='ocrx_word' id='word_1_385' title='bbox 2563 2793 2955 2848; x_wconf 71' lang='lat' dir='ltr'>Verumtamen</span> <span class='ocrx_word' id='word_1_386' title='bbox 2986 2797 3217 2849; x_wconf 78' lang='lat' dir='ltr'>irritans</span> <span class='ocrx_word' id='word_1_387' title='bbox 3249 2794 3544 2852; x_wconf 78' lang='lat' dir='ltr'>irritavisti</span> <span class='ocrx_word' id='word_1_388' title='bbox 3572 2799 3824 2854; x_wconf 84' lang='lat' dir='ltr'>inimicos</span> 
     </span>
    </p>
   </div>
   <div class='ocr_carea' id='block_1_54' title="bbox 413 2877 3819 2955">
    <p class='ocr_par' dir='ltr' id='par_1_54' title="bbox 413 2877 3819 2955">
     <span class='ocr_line' id='line_1_54' title="bbox 413 2877 3819 2955; baseline 0.001 -16"><span class='ocrx_word' id='word_1_389' title='bbox 413 2884 633 2940; x_wconf 85' lang='lat' dir='ltr'>Domini</span> <span class='ocrx_word' id='word_1_390' title='bbox 654 2882 716 2935; x_wconf 80' lang='grc'>⁴².</span> <span class='ocrx_word' id='word_1_391' title='bbox 749 2881 958 2936; x_wconf 78' lang='lat' dir='ltr'>Multos</span> <span class='ocrx_word' id='word_1_392' title='bbox 990 2880 1248 2936; x_wconf 87' lang='lat' dir='ltr'>habebas</span> <span class='ocrx_word' id='word_1_393' title='bbox 1280 2879 1500 2949; x_wconf 83' lang='lat' dir='ltr'>hostes,</span> <span class='ocrx_word' id='word_1_394' title='bbox 1535 2877 1640 2933; x_wconf 88' lang='lat' dir='ltr'>sed</span> <span class='ocrx_word' id='word_1_395' title='bbox 1668 2879 2013 2951; x_wconf 83' lang='lat' dir='ltr'>protegebat</span> <span class='ocrx_word' id='word_1_396' title='bbox 2071 2885 2124 2936; x_wconf 90' lang='lat' dir='ltr'>te</span> <span class='ocrx_word' id='word_1_397' title='bbox 2180 2881 2438 2936; x_wconf 85' lang='lat' dir='ltr'>castitas.</span> <span class='ocrx_word' id='word_1_398' title='bbox 2497 2883 2659 2936; x_wconf 89' lang='lat' dir='ltr'>Nunc</span> <span class='ocrx_word' id='word_1_399' title='bbox 2715 2899 2850 2937; x_wconf 92' lang='lat' dir='ltr'>vero</span> <span class='ocrx_word' id='word_1_400' title='bbox 2906 2883 3042 2937; x_wconf 91' lang='lat' dir='ltr'>illos</span> <span class='ocrx_word' id='word_1_401' title='bbox 3102 2900 3208 2954; x_wconf 89' lang='lat' dir='ltr'>per</span> <span class='ocrx_word' id='word_1_402' title='bbox 3264 2890 3574 2955; x_wconf 90' lang='lat' dir='ltr'>peccatum</span> <span class='ocrx_word' id='word_1_403' title='bbox 3622 2886 3819 2942; x_wconf 87' lang='lat' dir='ltr'>irrita-</span> 
     </span>
    </p>
   </div>
   <div class='ocr_carea' id='block_1_55' title="bbox 413 2972 571 3027">
    <p class='ocr_par' dir='ltr' id='par_1_55' title="bbox 413 2972 571 3027">
     <span class='ocr_line' id='line_1_55' title="bbox 413 2972 571 3027; baseline -0.006 0"><span class='ocrx_word' id='word_1_404' title='bbox 413 2972 571 3027; x_wconf 84' lang='lat' dir='ltr'>visti.</span> 
     </span>
    </p>
   </div>
   <div class='ocr_carea' id='block_1_56' title="bbox 493 3051 2100 3132">
    <p class='ocr_par' dir='ltr' id='par_1_56' title="bbox 493 3051 2100 3132">
     <span class='ocr_line' id='line_1_56' title="bbox 493 3051 2100 3132; baseline -0.004 -16"><span class='ocrx_word' id='word_1_405' title='bbox 493 3060 593 3116; x_wconf 74' lang='lat' dir='ltr'>IB‘.</span> <span class='ocrx_word' id='word_1_406' title='bbox 625 3057 784 3115; x_wconf 80' lang='grc' dir='ltr'>Ἀλλ’</span> <span class='ocrx_word' id='word_1_407' title='bbox 814 3057 863 3112; x_wconf 70' lang='grc' dir='ltr'>εἴ</span> <span class='ocrx_word' id='word_1_408' title='bbox 909 3057 999 3112; x_wconf 83' lang='grc' dir='ltr'>καὶ</span> <span class='ocrx_word' id='word_1_409' title='bbox 1062 3055 1302 3129; x_wconf 85' lang='grc' dir='ltr'>μάλιστα</span> <span class='ocrx_word' id='word_1_410' title='bbox 1352 3055 1554 3119; x_wconf 81' lang='grc' dir='ltr'>ἐκεῖνος</span> <span class='ocrx_word' id='word_1_411' title='bbox 1612 3058 1782 3126; x_wconf 78' lang='grc' dir='ltr'>εἶπεν,</span> <span class='ocrx_word' id='word_1_412' title='bbox 1832 3051 2100 3132; x_wconf 60' lang='grc' dir='ltr'>Παρεὸί-η</span> 
     </span>
    </p>
   </div>
   <div class='ocr_carea' id='block_1_57' title="bbox 2197 3051 3826 3132">
    <p class='ocr_par' dir='ltr' id='par_1_57' title="bbox 2252 3059 3826 3132">
     <span class='ocr_line' id='line_1_57' title="bbox 2252 3059 3826 3132; baseline 0.003 -19"><span class='ocrx_word' id='word_1_413' title='bbox 2252 3060 2378 3114; x_wconf 83' lang='grc' dir='ltr'>ΧΠ.</span> <span class='ocrx_word' id='word_1_414' title='bbox 2415 3061 2487 3113; x_wconf 86' lang='lat' dir='ltr'>At</span> <span class='ocrx_word' id='word_1_415' title='bbox 2517 3059 2989 3131; x_wconf 86' lang='lat' dir='ltr'>ille,quanquam</span> <span class='ocrx_word' id='word_1_416' title='bbox 3022 3062 3309 3132; x_wconf 87' lang='lat' dir='ltr'>propheta</span> <span class='ocrx_word' id='word_1_417' title='bbox 3339 3062 3585 3128; x_wconf 82' lang='lat' dir='ltr'>dixerat,</span> <span class='ocrx_word' id='word_1_418' title='bbox 3623 3066 3826 3118; x_wconf 82' lang='lat' dir='ltr'>Trans-</span> 
     </span>
    </p>
   </div>
   <div class='ocr_carea' id='block_1_58' title="bbox 425 3144 2100 3224">
    <p class='ocr_par' dir='ltr' id='par_1_58' title="bbox 425 3144 2077 3224">
     <span class='ocr_line' id='line_1_58' title="bbox 425 3144 2077 3224; baseline -0.002 -21"><span class='ocrx_word' id='word_1_419' title='bbox 425 3144 556 3203; x_wconf 81' lang='grc' dir='ltr'>ϐασε</span> <span class='ocrx_word' id='word_1_420' title='bbox 613 3147 816 3224; x_wconf 85' lang='grc' dir='ltr'>Κύριος</span> <span class='ocrx_word' id='word_1_421' title='bbox 871 3148 934 3202; x_wconf 88' lang='grc' dir='ltr'>τὸ</span> <span class='ocrx_word' id='word_1_422' title='bbox 994 3147 1297 3222; x_wconf 84' lang='grc' dir='ltr'>ἁμάρτημά</span> <span class='ocrx_word' id='word_1_423' title='bbox 1378 3166 1497 3219; x_wconf 91' lang='grc' dir='ltr'>σου,</span> <span class='ocrx_word' id='word_1_424' title='bbox 1560 3147 1661 3200; x_wconf 89' lang='grc' dir='ltr'>οὐκ</span> <span class='ocrx_word' id='word_1_425' title='bbox 1717 3147 1920 3215; x_wconf 86' lang='grc' dir='ltr'>ἀπέστη</span> <span class='ocrx_word' id='word_1_426' title='bbox 1979 3149 2077 3211; x_wconf 80' lang='grc' dir='ltr'>τῆς</span> 
     </span>
    </p>
   </div>
   <div class='ocr_carea' id='block_1_59' title="bbox 2197 3144 3824 3224">
    <p class='ocr_par' dir='ltr' id='par_1_59' title="bbox 2197 3148 3824 3224">
     <span class='ocr_line' id='line_1_59' title="bbox 2197 3148 3824 3224; baseline 0.004 -22"><span class='ocrx_word' id='word_1_427' title='bbox 2197 3148 2308 3202; x_wconf 63' lang='lat' dir='ltr'>Tulit</span> <span class='ocrx_word' id='word_1_428' title='bbox 2329 3149 2595 3202; x_wconf 82' lang='lat' dir='ltr'>Dominus</span> <span class='ocrx_word' id='word_1_429' title='bbox 2634 3156 2926 3218; x_wconf 85' lang='lat' dir='ltr'>peccatum</span> <span class='ocrx_word' id='word_1_430' title='bbox 2959 3155 3109 3203; x_wconf 85' lang='lat' dir='ltr'>tuum</span> <span class='ocrx_word' id='word_1_431' title='bbox 3134 3166 3152 3201; x_wconf 92' lang='lat'><em>:</em></span> <span class='ocrx_word' id='word_1_432' title='bbox 3180 3166 3300 3203; x_wconf 92' lang='lat' dir='ltr'>non</span> <span class='ocrx_word' id='word_1_433' title='bbox 3332 3149 3620 3206; x_wconf 88' lang='lat' dir='ltr'>abscessit</span> <span class='ocrx_word' id='word_1_434' title='bbox 3643 3168 3676 3206; x_wconf 89' lang='lat' dir='ltr'>a</span> <span class='ocrx_word' id='word_1_435' title='bbox 3705 3168 3824 3224; x_wconf 78' lang='lat' dir='ltr'>pce-</span> 
     </span>
    </p>
   </div>
   <div class='ocr_carea' id='block_1_60' title="bbox 425 3230 2073 3312">
    <p class='ocr_par' dir='ltr' id='par_1_60' title="bbox 425 3230 2073 3312">
     <span class='ocr_line' id='line_1_60' title="bbox 425 3230 2073 3312; baseline -0.002 -18"><span class='ocrx_word' id='word_1_436' title='bbox 425 3238 718 3312; x_wconf 88' lang='grc' dir='ltr'>μετανοίας</span> <span class='ocrx_word' id='word_1_437' title='bbox 750 3238 778 3293; x_wconf 93' lang='lat'>6</span> <span class='ocrx_word' id='word_1_438' title='bbox 815 3234 1090 3312; x_wconf 57' lang='grc' dir='ltr'>βασιλεύς</span> <span class='ocrx_word' id='word_1_439' title='bbox 1121 3230 1482 3312; x_wconf 73' lang='grc' dir='ltr'>περιεϐάλετο</span> <span class='ocrx_word' id='word_1_440' title='bbox 1536 3236 1732 3290; x_wconf 80' lang='grc' dir='ltr'>σάκκον</span> <span class='ocrx_word' id='word_1_441' title='bbox 1763 3236 1880 3290; x_wconf 84' lang='grc' dir='ltr'>ἀντὶ</span> <span class='ocrx_word' id='word_1_442' title='bbox 1937 3255 2073 3307; x_wconf 55' lang='grc' dir='ltr'>πορθ</span> 
     </span>
    </p>
   </div>
   <div class='ocr_carea' id='block_1_61' title="bbox 425 3321 2078 3407">
    <p class='ocr_par' dir='ltr' id='par_1_61' title="bbox 425 3321 2078 3407">
     <span class='ocr_line' id='line_1_61' title="bbox 425 3321 2078 3407; baseline -0.004 -24"><span class='ocrx_word' id='word_1_443' title='bbox 425 3329 618 3407; x_wconf 87' lang='grc' dir='ltr'>φύρας,</span> <span class='ocrx_word' id='word_1_444' title='bbox 648 3327 768 3382; x_wconf 75' lang='grc' dir='ltr'>ἀντὶ</span> <span class='ocrx_word' id='word_1_445' title='bbox 803 3322 1278 3401; x_wconf 87' lang='grc' dir='ltr'>χρυσοκολλήτων</span> <span class='ocrx_word' id='word_1_446' title='bbox 1312 3324 1518 3400; x_wconf 84' lang='grc' dir='ltr'>θρόνων</span> <span class='ocrx_word' id='word_1_447' title='bbox 1577 3324 1665 3380; x_wconf 79' lang='grc' dir='ltr'>ἐπὶ</span> <span class='ocrx_word' id='word_1_448' title='bbox 1725 3321 1930 3379; x_wconf 70' lang='grc' dir='ltr'>σποδοῦ</span> <span class='ocrx_word' id='word_1_449' title='bbox 1989 3323 2078 3379; x_wconf 87' lang='grc' dir='ltr'>καὶ</span> 
     </span>
    </p>
   </div>
   <div class='ocr_carea' id='block_1_62' title="bbox 423 3412 2082 3494">
    <p class='ocr_par' dir='ltr' id='par_1_62' title="bbox 423 3412 2082 3494">
     <span class='ocr_line' id='line_1_62' title="bbox 423 3412 2082 3494; baseline -0.004 -20"><span class='ocrx_word' id='word_1_450' title='bbox 423 3424 528 3494; x_wconf 79' lang='grc' dir='ltr'>γῆς</span> <span class='ocrx_word' id='word_1_451' title='bbox 557 3419 893 3491; x_wconf 78' lang='grc' dir='ltr'>καθήμενος·</span> <span class='ocrx_word' id='word_1_452' title='bbox 930 3413 1198 3470; x_wconf 75' lang='grc' dir='ltr'>ἀλλὰκαὶ</span> <span class='ocrx_word' id='word_1_453' title='bbox 1249 3412 1450 3470; x_wconf 82' lang='grc' dir='ltr'>σποδὸν</span> <span class='ocrx_word' id='word_1_454' title='bbox 1507 3412 1654 3489; x_wconf 77' lang='grc' dir='ltr'>ἔχων</span> <span class='ocrx_word' id='word_1_455' title='bbox 1710 3415 1936 3491; x_wconf 87' lang='grc' dir='ltr'>βρῶσιν,</span> <span class='ocrx_word' id='word_1_456' title='bbox 1991 3435 2082 3469; x_wconf 88' lang='grc' dir='ltr'>κα-</span> 
     </span>
    </p>
   </div>
   <div class='ocr_carea' id='block_1_63' title="bbox 425 3498 2080 3584">
    <p class='ocr_par' dir='ltr' id='par_1_63' title="bbox 425 3498 2080 3584">
     <span class='ocr_line' id='line_1_63' title="bbox 425 3498 2080 3584; baseline -0.004 -21"><span class='ocrx_word' id='word_1_457' title='bbox 425 3507 535 3571; x_wconf 90' lang='grc' dir='ltr'>θὼς</span> <span class='ocrx_word' id='word_1_458' title='bbox 595 3506 761 3568; x_wconf 82' lang='grc' dir='ltr'>αὐτός</span> <span class='ocrx_word' id='word_1_459' title='bbox 840 3523 1028 3584; x_wconf 85' lang='grc' dir='ltr'>φησιν·</span> <span class='ocrx_word' id='word_1_460' title='bbox 1084 3507 1204 3560; x_wconf 73' lang='grc' dir='ltr'>’Ὀτι</span> <span class='ocrx_word' id='word_1_461' title='bbox 1291 3501 1491 3560; x_wconf 83' lang='grc' dir='ltr'>σποδὸν</span> <span class='ocrx_word' id='word_1_462' title='bbox 1566 3504 1694 3558; x_wconf 82' lang='grc' dir='ltr'>ὡσεὶ</span> <span class='ocrx_word' id='word_1_463' title='bbox 1745 3503 1905 3578; x_wconf 84' lang='grc' dir='ltr'>ἄρτον</span> <span class='ocrx_word' id='word_1_464' title='bbox 1956 3498 2080 3580; x_wconf 76' lang='grc' dir='ltr'>ἔφα-</span> 
     </span>
    </p>
   </div>
   <div class='ocr_carea' id='block_1_64' title="bbox 424 3593 2082 3675">
    <p class='ocr_par' dir='ltr' id='par_1_64' title="bbox 424 3593 2082 3675">
     <span class='ocr_line' id='line_1_64' title="bbox 424 3593 2082 3675; baseline -0.002 -21"><span class='ocrx_word' id='word_1_465' title='bbox 424 3619 542 3675; x_wconf 91' lang='grc' dir='ltr'>γον.</span> <span class='ocrx_word' id='word_1_466' title='bbox 578 3597 858 3668; x_wconf 81' lang='grc' dir='ltr'>Ἐξέτηξεν</span> <span class='ocrx_word' id='word_1_467' title='bbox 909 3593 1166 3669; x_wconf 85' lang='grc' dir='ltr'>δάκρυσιν</span> <span class='ocrx_word' id='word_1_468' title='bbox 1226 3595 1316 3651; x_wconf 86' lang='grc' dir='ltr'>τὸν</span> <span class='ocrx_word' id='word_1_469' title='bbox 1374 3595 1718 3669; x_wconf 79' lang='grc' dir='ltr'>ἐπιθυμητὴν</span> <span class='ocrx_word' id='word_1_470' title='bbox 1777 3593 2082 3673; x_wconf 80' lang='grc' dir='ltr'>ὀφθαλμόν.</span> 
     </span>
    </p>
   </div>
   <div class='ocr_carea' id='block_1_65' title="bbox 425 3682 2085 3763">
    <p class='ocr_par' dir='ltr' id='par_1_65' title="bbox 425 3682 2085 3763">
     <span class='ocr_line' id='line_1_65' title="bbox 425 3682 2085 3763; baseline -0.004 -20"><span class='ocrx_word' id='word_1_471' title='bbox 425 3689 496 3745; x_wconf 71' lang='grc' dir='ltr'>Οἱ</span> <span class='ocrx_word' id='word_1_472' title='bbox 528 3684 796 3762; x_wconf 73' lang='grc' dir='ltr'>ἄρχοντες</span> <span class='ocrx_word' id='word_1_473' title='bbox 823 3684 1165 3759; x_wconf 78' lang='grc' dir='ltr'>παρεκάλουν</span> <span class='ocrx_word' id='word_1_474' title='bbox 1201 3690 1385 3763; x_wconf 86' lang='grc' dir='ltr'>φαγεῖν</span> <span class='ocrx_word' id='word_1_475' title='bbox 1419 3683 1603 3760; x_wconf 78' lang='grc' dir='ltr'>ἃρτον,</span> <span class='ocrx_word' id='word_1_476' title='bbox 1662 3684 1753 3739; x_wconf 83' lang='grc' dir='ltr'>καὶ</span> <span class='ocrx_word' id='word_1_477' title='bbox 1811 3683 1911 3738; x_wconf 89' lang='grc' dir='ltr'>οὐκ</span> <span class='ocrx_word' id='word_1_478' title='bbox 1937 3682 2085 3737; x_wconf 83' lang='grc' dir='ltr'>ἐπεί-</span> 
     </span>
    </p>
   </div>
   <div class='ocr_carea' id='block_1_66' title="bbox 433 3770 2085 3850">
    <p class='ocr_par' dir='ltr' id='par_1_66' title="bbox 433 3770 2085 3850">
     <span class='ocr_line' id='line_1_66' title="bbox 433 3770 2085 3850; baseline -0.004 -18"><span class='ocrx_word' id='word_1_479' title='bbox 433 3789 578 3842; x_wconf 90' lang='grc' dir='ltr'>θετο·</span> <span class='ocrx_word' id='word_1_480' title='bbox 617 3775 696 3840; x_wconf 77' lang='grc' dir='ltr'>εἰς</span> <span class='ocrx_word' id='word_1_481' title='bbox 738 3770 982 3848; x_wconf 73' lang='grc' dir='ltr'>ἑϐδόμην</span> <span class='ocrx_word' id='word_1_482' title='bbox 1012 3772 1325 3849; x_wconf 82' lang='grc' dir='ltr'>ὁλόκληρον</span> <span class='ocrx_word' id='word_1_483' title='bbox 1383 3775 1597 3850; x_wconf 76' lang='grc' dir='ltr'>ἡμέραν</span> <span class='ocrx_word' id='word_1_484' title='bbox 1657 3773 1935 3848; x_wconf 76' lang='grc' dir='ltr'>παρέτεινε</span> <span class='ocrx_word' id='word_1_485' title='bbox 1987 3774 2085 3841; x_wconf 82' lang='grc' dir='ltr'>τήν</span> 
     </span>
    </p>
   </div>
   <div class='ocr_carea' id='block_1_67' title="bbox 432 3859 2085 3938">
    <p class='ocr_par' dir='ltr' id='par_1_67' title="bbox 432 3859 2085 3938">
     <span class='ocr_line' id='line_1_67' title="bbox 432 3859 2085 3938; baseline -0.004 -17"><span class='ocrx_word' id='word_1_486' title='bbox 432 3866 707 3937; x_wconf 88' lang='grc' dir='ltr'>νηστείαν.</span> <span class='ocrx_word' id='word_1_487' title='bbox 739 3863 995 3927; x_wconf 86' lang='grc' dir='ltr'>Βασιλεῖς</span> <span class='ocrx_word' id='word_1_488' title='bbox 1025 3865 1195 3928; x_wconf 70' lang='grc' dir='ltr'>οὕτως</span> <span class='ocrx_word' id='word_1_489' title='bbox 1253 3863 1732 3938; x_wconf 82' lang='grc' dir='ltr'>ἐξομολογοῢνται,</span> <span class='ocrx_word' id='word_1_490' title='bbox 1768 3861 1828 3917; x_wconf 74' lang='grc' dir='ltr'>σὺ</span> <span class='ocrx_word' id='word_1_491' title='bbox 1860 3864 1888 3916; x_wconf 87' lang='lat'>6</span> <span class='ocrx_word' id='word_1_492' title='bbox 1936 3859 2085 3916; x_wconf 79' lang='grc' dir='ltr'>ἷδιώ-</span> 
     </span>
    </p>
   </div>
   <div class='ocr_carea' id='block_1_68' title="bbox 433 3951 2090 4032">
    <p class='ocr_par' dir='ltr' id='par_1_68' title="bbox 433 3951 2090 4032">
     <span class='ocr_line' id='line_1_68' title="bbox 433 3951 2090 4032; baseline -0.005 -20"><span class='ocrx_word' id='word_1_493' title='bbox 433 3978 536 4026; x_wconf 86' lang='grc' dir='ltr'>της</span> <span class='ocrx_word' id='word_1_494' title='bbox 569 3959 672 4011; x_wconf 86' lang='grc' dir='ltr'>οὐκ</span> <span class='ocrx_word' id='word_1_495' title='bbox 702 3954 941 4032; x_wconf 85' lang='grc' dir='ltr'>ὀφείλεις</span> <span class='ocrx_word' id='word_1_496' title='bbox 962 3955 1408 4030; x_wconf 75' lang='grc' dir='ltr'>ἐξομολογεῖσθαι</span> <span class='ocrx_word' id='word_1_497' title='bbox 1445 3972 1458 4024; x_wconf 90' lang='grc'><strong>;</strong></span> <span class='ocrx_word' id='word_1_498' title='bbox 1493 3953 1592 4009; x_wconf 78' lang='grc' dir='ltr'>Καὶ</span> <span class='ocrx_word' id='word_1_499' title='bbox 1657 3951 1790 4026; x_wconf 87' lang='grc' dir='ltr'>μετὰ</span> <span class='ocrx_word' id='word_1_500' title='bbox 1841 3952 1939 4020; x_wconf 78' lang='grc' dir='ltr'>τὴν</span> <span class='ocrx_word' id='word_1_501' title='bbox 1994 3954 2090 4005; x_wconf 71' lang='grc' dir='ltr'>τοῦ⁹</span> 
     </span>
    </p>
   </div>
   <div class='ocr_carea' id='block_1_69' title="bbox 434 4039 2091 4118">
    <p class='ocr_par' dir='ltr' id='par_1_69' title="bbox 434 4039 2091 4118">
     <span class='ocr_line' id='line_1_69' title="bbox 434 4039 2091 4118; baseline -0.004 -17"><span class='ocrx_word' id='word_1_502' title='bbox 434 4040 806 4118; x_wconf 76' lang='grc' dir='ltr'>Ἀὅεσσαλὼμ</span> <span class='ocrx_word' id='word_1_503' title='bbox 851 4044 1227 4115; x_wconf 80' lang='grc' dir='ltr'>ἐπανάστασιν,</span> <span class='ocrx_word' id='word_1_504' title='bbox 1278 4041 1508 4098; x_wconf 82' lang='grc' dir='ltr'>πολλῶν</span> <span class='ocrx_word' id='word_1_505' title='bbox 1571 4041 1746 4098; x_wconf 83' lang='grc' dir='ltr'>οὐσῶν</span> <span class='ocrx_word' id='word_1_506' title='bbox 1803 4039 1944 4096; x_wconf 84' lang='grc' dir='ltr'>ὁδῶν</span> <span class='ocrx_word' id='word_1_507' title='bbox 1991 4043 2091 4105; x_wconf 81' lang='grc' dir='ltr'>τῆς</span> 
     </span>
    </p>
   </div>
   <div class='ocr_carea' id='block_1_70' title="bbox 441 4129 2091 4213">
    <p class='ocr_par' dir='ltr' id='par_1_70' title="bbox 441 4129 2091 4213">
     <span class='ocr_line' id='line_1_70' title="bbox 441 4129 2091 4213; baseline -0.004 -23"><span class='ocrx_word' id='word_1_508' title='bbox 441 4141 644 4213; x_wconf 76' lang='grc' dir='ltr'>φυγῆς,</span> <span class='ocrx_word' id='word_1_509' title='bbox 677 4131 764 4188; x_wconf 75' lang='grc' dir='ltr'>διὰ</span> <span class='ocrx_word' id='word_1_510' title='bbox 802 4137 900 4188; x_wconf 75' lang='grc' dir='ltr'>τοῦ</span> <span class='ocrx_word' id='word_1_511' title='bbox 933 4129 1099 4208; x_wconf 73' lang='grc' dir='ltr'>ὅρους</span> <span class='ocrx_word' id='word_1_512' title='bbox 1127 4137 1236 4188; x_wconf 90' lang='grc' dir='ltr'>τῶν</span> <span class='ocrx_word' id='word_1_513' title='bbox 1269 4132 1500 4189; x_wconf 81' lang='grc' dir='ltr'>Ἐλαιῶν</span> <span class='ocrx_word' id='word_1_514' title='bbox 1525 4133 1731 4210; x_wconf 82' lang='grc' dir='ltr'>φεύγει,</span> <span class='ocrx_word' id='word_1_515' title='bbox 1795 4129 2091 4204; x_wconf 73' lang='grc' dir='ltr'>μονονουχὶ</span> 
     </span>
    </p>
   </div>
   <div class='ocr_carea' id='block_1_71' title="bbox 432 4219 2089 4298">
    <p class='ocr_par' dir='ltr' id='par_1_71' title="bbox 432 4219 2089 4298">
     <span class='ocr_line' id='line_1_71' title="bbox 432 4219 2089 4298; baseline -0.004 -19"><span class='ocrx_word' id='word_1_516' title='bbox 432 4226 524 4279; x_wconf 84' lang='grc' dir='ltr'>τὸν</span> <span class='ocrx_word' id='word_1_517' title='bbox 560 4223 856 4298; x_wconf 79' lang='grc' dir='ltr'>Λυτρωτὴν</span> <span class='ocrx_word' id='word_1_518' title='bbox 918 4221 1374 4294; x_wconf 85' lang='grc' dir='ltr'>ἐπικαλούμενος.</span> <span class='ocrx_word' id='word_1_519' title='bbox 1464 4221 1870 4294; x_wconf 87' lang='grc' dir='ltr'>Καταρωμένου</span> <span class='ocrx_word' id='word_1_520' title='bbox 1930 4219 2089 4274; x_wconf 88' lang='grc' dir='ltr'>αὐτὸν</span> 
     </span>
    </p>
   </div>
   <div class='ocr_carea' id='block_1_72' title="bbox 432 4308 2092 4387">
    <p class='ocr_par' dir='ltr' id='par_1_72' title="bbox 432 4308 2092 4387">
     <span class='ocr_line' id='line_1_72' title="bbox 432 4308 2092 4387; baseline -0.003 -20"><span class='ocrx_word' id='word_1_521' title='bbox 432 4317 532 4368; x_wconf 79' lang='grc' dir='ltr'>τοῦ</span> <span class='ocrx_word' id='word_1_522' title='bbox 620 4311 808 4384; x_wconf 73' lang='grc' dir='ltr'>Σεμεί,</span> <span class='ocrx_word' id='word_1_523' title='bbox 870 4309 1038 4387; x_wconf 80' lang='grc' dir='ltr'>λέγει·</span> <span class='ocrx_word' id='word_1_524' title='bbox 1126 4313 1328 4387; x_wconf 77' lang='grc' dir='ltr'>’Ἅφετε</span> <span class='ocrx_word' id='word_1_525' title='bbox 1384 4309 1567 4377; x_wconf 86' lang='grc' dir='ltr'>αὐτὸν,</span> <span class='ocrx_word' id='word_1_526' title='bbox 1654 4309 1805 4372; x_wconf 77' lang='grc' dir='ltr'>ὅπως</span> <span class='ocrx_word' id='word_1_527' title='bbox 1869 4308 2024 4379; x_wconf 78' lang='grc' dir='ltr'>ἐπίδῃ</span> <span class='ocrx_word' id='word_1_528' title='bbox 2063 4309 2092 4362; x_wconf 89' lang='grc' dir='ltr'>ὁ</span> 
     </span>
    </p>
   </div>
   <div class='ocr_carea' id='block_1_73' title="bbox 434 4401 1324 4474">
    <p class='ocr_par' dir='ltr' id='par_1_73' title="bbox 434 4401 1324 4474">
     <span class='ocr_line' id='line_1_73' title="bbox 434 4401 1324 4474; baseline -0.003 -15"><span class='ocrx_word' id='word_1_529' title='bbox 434 4403 566 4466; x_wconf 86' lang='grc' dir='ltr'>Θεὸς</span> <span class='ocrx_word' id='word_1_530' title='bbox 595 4401 684 4458; x_wconf 86' lang='grc' dir='ltr'>ἐπὶ</span> <span class='ocrx_word' id='word_1_531' title='bbox 700 4403 801 4472; x_wconf 75' lang='grc' dir='ltr'>τὴν</span> <span class='ocrx_word' id='word_1_532' title='bbox 841 4401 1167 4457; x_wconf 85' lang='grc' dir='ltr'>ταπείνωσίν</span> <span class='ocrx_word' id='word_1_533' title='bbox 1200 4422 1324 4474; x_wconf 91' lang='grc' dir='ltr'>μου.</span> 
     </span>
    </p>
   </div>
   <div class='ocr_carea' id='block_1_74' title="bbox 509 4486 2086 4563">
    <p class='ocr_par' dir='ltr' id='par_1_74' title="bbox 509 4486 2086 4563">
     <span class='ocr_line' id='line_1_74' title="bbox 509 4486 2086 4563; baseline -0.004 -15"><span class='ocrx_word' id='word_1_534' title='bbox 509 4493 610 4549; x_wconf 85' lang='grc' dir='ltr'>ΙΓ’.</span> <span class='ocrx_word' id='word_1_535' title='bbox 640 4489 896 4562; x_wconf 81' lang='grc' dir='ltr'>Βλέπεις,</span> <span class='ocrx_word' id='word_1_536' title='bbox 929 4491 1012 4546; x_wconf 78' lang='grc' dir='ltr'>’ὁτι</span> <span class='ocrx_word' id='word_1_537' title='bbox 1044 4489 1213 4546; x_wconf 86' lang='grc' dir='ltr'>καλὸν</span> <span class='ocrx_word' id='word_1_538' title='bbox 1245 4490 1309 4545; x_wconf 84' lang='grc' dir='ltr'>τὸ</span> <span class='ocrx_word' id='word_1_539' title='bbox 1367 4488 1871 4563; x_wconf 84' lang='grc' dir='ltr'>ἐξομολογήσασθαι</span> <span class='ocrx_word' id='word_1_540' title='bbox 1906 4507 1920 4559; x_wconf 87' lang='grc'><strong>;</strong></span> <span class='ocrx_word' id='word_1_541' title='bbox 1956 4486 2086 4563; x_wconf 84' lang='grc' dir='ltr'>βλέ-</span> 
     </span>
    </p>
   </div>
   <div class='ocr_carea' id='block_1_75' title="bbox 435 4576 2082 4655">
    <p class='ocr_par' dir='ltr' id='par_1_75' title="bbox 435 4576 2082 4655">
     <span class='ocr_line' id='line_1_75' title="bbox 435 4576 2082 4655; baseline -0.004 -18"><span class='ocrx_word' id='word_1_542' title='bbox 435 4602 581 4648; x_wconf 88' lang='grc' dir='ltr'>πεις,</span> <span class='ocrx_word' id='word_1_543' title='bbox 612 4579 696 4635; x_wconf 82' lang='grc' dir='ltr'>ὅτι</span> <span class='ocrx_word' id='word_1_544' title='bbox 727 4578 838 4636; x_wconf 85' lang='grc' dir='ltr'>ἔστι</span> <span class='ocrx_word' id='word_1_545' title='bbox 884 4579 1172 4655; x_wconf 86' lang='grc' dir='ltr'>σωτηρία;</span> <span class='ocrx_word' id='word_1_546' title='bbox 1229 4577 1327 4634; x_wconf 80' lang='grc' dir='ltr'>Καὶ</span> <span class='ocrx_word' id='word_1_547' title='bbox 1388 4576 1662 4651; x_wconf 89' lang='grc' dir='ltr'>Σολομῶν</span> <span class='ocrx_word' id='word_1_548' title='bbox 1720 4577 2082 4633; x_wconf 78' lang='grc' dir='ltr'>ἐκπέπτωκεν·</span> 
     </span>
    </p>
   </div>
   <div class='ocr_carea' id='block_1_76' title="bbox 436 4665 2084 4748">
    <p class='ocr_par' dir='ltr' id='par_1_76' title="bbox 436 4665 2084 4748">
     <span class='ocr_line' id='line_1_76' title="bbox 436 4665 2084 4748; baseline -0.002 -22"><span class='ocrx_word' id='word_1_549' title='bbox 436 4669 583 4748; x_wconf 82' lang='grc' dir='ltr'>ἀλλὰ</span> <span class='ocrx_word' id='word_1_550' title='bbox 613 4669 875 4748; x_wconf 80' lang='grc' dir='ltr'>φησιν,τί</span> <span class='ocrx_word' id='word_1_551' title='bbox 903 4669 994 4724; x_wconf 82' lang='grc' dir='ltr'>καὶ</span> <span class='ocrx_word' id='word_1_552' title='bbox 1055 4667 1225 4745; x_wconf 79' lang='grc' dir='ltr'>λέγει’</span> <span class='ocrx_word' id='word_1_553' title='bbox 1280 4671 1534 4741; x_wconf 79' lang='grc' dir='ltr'>Ὕστερον</span> <span class='ocrx_word' id='word_1_554' title='bbox 1593 4665 1704 4741; x_wconf 88' lang='grc' dir='ltr'>ἐγὼ</span> <span class='ocrx_word' id='word_1_555' title='bbox 1765 4666 2084 4739; x_wconf 86' lang='grc' dir='ltr'>μετενόησα.</span> 
     </span>
    </p>
   </div>
   <div class='ocr_carea' id='block_1_77' title="bbox 438 4747 2086 4835">
    <p class='ocr_par' dir='ltr' id='par_1_77' title="bbox 438 4747 2086 4835">
     <span class='ocr_line' id='line_1_77' title="bbox 438 4747 2086 4835; baseline -0.004 -20"><span class='ocrx_word' id='word_1_556' title='bbox 438 4747 534 4815; x_wconf 71' lang='grc' dir='ltr'>Καί</span> <span class='ocrx_word' id='word_1_557' title='bbox 566 4761 594 4815; x_wconf 94' lang='lat'>6</span> <span class='ocrx_word' id='word_1_558' title='bbox 625 4747 843 4835; x_wconf 46' lang='lat' dir='ltr'>iAxa‘ui6</span> <span class='ocrx_word' id='word_1_559' title='bbox 873 4760 1057 4835; x_wconf 79' lang='grc' dir='ltr'>γέγονε</span> <span class='ocrx_word' id='word_1_560' title='bbox 1112 4759 1604 4831; x_wconf 85' lang='grc' dir='ltr'>παρανομώτατος,</span> <span class='ocrx_word' id='word_1_561' title='bbox 1649 4753 2086 4831; x_wconf 76' lang='grc' dir='ltr'>εἰδωλολάτρης,</span> 
     </span>
    </p>
   </div>
   <div class='ocr_carea' id='block_1_78' title="bbox 436 4841 2086 4926">
    <p class='ocr_par' dir='ltr' id='par_1_78' title="bbox 436 4841 2086 4926">
     <span class='ocr_line' id='line_1_78' title="bbox 436 4841 2086 4926; baseline -0.003 -22"><span class='ocrx_word' id='word_1_562' title='bbox 436 4847 688 4922; x_wconf 84' lang='grc' dir='ltr'>ἐξαίσιος,</span> <span class='ocrx_word' id='word_1_563' title='bbox 721 4850 750 4904; x_wconf 91' lang='lat'>6</span> <span class='ocrx_word' id='word_1_564' title='bbox 780 4849 1252 4926; x_wconf 86' lang='grc' dir='ltr'>προφητοκτόνος,</span> <span class='ocrx_word' id='word_1_565' title='bbox 1276 4847 1304 4903; x_wconf 84' lang='grc' dir='ltr'>ό</span> <span class='ocrx_word' id='word_1_566' title='bbox 1333 4846 1630 4921; x_wconf 84' lang='grc' dir='ltr'>ἀλλότριος</span> <span class='ocrx_word' id='word_1_567' title='bbox 1657 4853 1757 4916; x_wconf 80' lang='grc' dir='ltr'>τῆς</span> <span class='ocrx_word' id='word_1_568' title='bbox 1792 4841 2086 4913; x_wconf 78' lang='grc' dir='ltr'>εὐσεϐείας,</span> 
     </span>
    </p>
   </div>
   <div class='ocr_carea' id='block_1_79' title="bbox 439 4930 2088 5016">
    <p class='ocr_par' dir='ltr' id='par_1_79' title="bbox 439 4930 2088 5016">
     <span class='ocr_line' id='line_1_79' title="bbox 439 4930 2088 5016; baseline -0.003 -22"><span class='ocrx_word' id='word_1_569' title='bbox 439 4937 752 5012; x_wconf 84' lang='grc' dir='ltr'>ἀλλοτρίων</span> <span class='ocrx_word' id='word_1_570' title='bbox 784 4938 965 5016; x_wconf 81' lang='grc' dir='ltr'>ἀγρῶν</span> <span class='ocrx_word' id='word_1_571' title='bbox 1006 4938 1372 5013; x_wconf 85' lang='grc' dir='ltr'>ἐπιθυμητής.</span> <span class='ocrx_word' id='word_1_572' title='bbox 1404 4935 1567 4994; x_wconf 75' lang='grc' dir='ltr'>Ἀλλ’</span> <span class='ocrx_word' id='word_1_573' title='bbox 1626 4935 1715 4992; x_wconf 83' lang='grc' dir='ltr'>ὅτε</span> <span class='ocrx_word' id='word_1_574' title='bbox 1765 4937 1856 4991; x_wconf 88' lang='grc' dir='ltr'>τὸν</span> <span class='ocrx_word' id='word_1_575' title='bbox 1879 4930 2088 4991; x_wconf 77' lang='grc' dir='ltr'>Ναϐουο</span> 
     </span>
    </p>
   </div>
   <div class='ocr_carea' id='block_1_80' title="bbox 442 5025 2086 5106">
    <p class='ocr_par' dir='ltr' id='par_1_80' title="bbox 442 5025 2086 5106">
     <span class='ocr_line' id='line_1_80' title="bbox 442 5025 2086 5106; baseline -0.002 -22"><span class='ocrx_word' id='word_1_576' title='bbox 442 5031 529 5094; x_wconf 87' lang='grc' dir='ltr'><strong>θαὶ</strong></span> <span class='ocrx_word' id='word_1_577' title='bbox 571 5028 904 5099; x_wconf 74' lang='grc' dir='ltr'>ἀπέκτεινεν,</span> <span class='ocrx_word' id='word_1_578' title='bbox 949 5027 1199 5092; x_wconf 85' lang='grc' dir='ltr'>ἐλθόντος</span> <span class='ocrx_word' id='word_1_579' title='bbox 1240 5028 1430 5086; x_wconf 85' lang='grc' dir='ltr'>Ἠλίον</span> <span class='ocrx_word' id='word_1_580' title='bbox 1488 5032 1586 5083; x_wconf 81' lang='grc' dir='ltr'>τοῦ</span> <span class='ocrx_word' id='word_1_581' title='bbox 1659 5029 1968 5106; x_wconf 82' lang='grc' dir='ltr'>προφήτου,</span> <span class='ocrx_word' id='word_1_582' title='bbox 1998 5025 2086 5081; x_wconf 81' lang='grc' dir='ltr'>καὶ</span> 
     </span>
    </p>
   </div>
   <div class='ocr_carea' id='block_1_81' title="bbox 436 5112 2088 5194">
    <p class='ocr_par' dir='ltr' id='par_1_81' title="bbox 436 5112 2088 5194">
     <span class='ocr_line' id='line_1_81' title="bbox 436 5112 2088 5194; baseline -0.002 -21"><span class='ocrx_word' id='word_1_583' title='bbox 436 5117 602 5192; x_wconf 75' lang='grc' dir='ltr'>μόνον</span> <span class='ocrx_word' id='word_1_584' title='bbox 635 5117 1123 5191; x_wconf 89' lang='grc' dir='ltr'>ἐπαπειλήσαντος,</span> <span class='ocrx_word' id='word_1_585' title='bbox 1183 5113 1540 5194; x_wconf 78' lang='grc' dir='ltr'>περιεϐάλετο</span> <span class='ocrx_word' id='word_1_586' title='bbox 1599 5118 1816 5188; x_wconf 80' lang='grc' dir='ltr'>σάκκον,</span> <span class='ocrx_word' id='word_1_587' title='bbox 1871 5117 1958 5170; x_wconf 78' lang='grc' dir='ltr'>καὶ</span> <span class='ocrx_word' id='word_1_588' title='bbox 2001 5112 2088 5191; x_wconf 77' lang='grc' dir='ltr'>ἕρ-</span> 
     </span>
    </p>
   </div>
   <div class='ocr_carea' id='block_1_82' title="bbox 436 5203 2090 5286">
    <p class='ocr_par' dir='ltr' id='par_1_82' title="bbox 436 5203 2090 5286">
     <span class='ocr_line' id='line_1_82' title="bbox 436 5203 2090 5286; baseline -0.003 -23"><span class='ocrx_word' id='word_1_589' title='bbox 436 5206 566 5286; x_wconf 79' lang='grc' dir='ltr'>ρηξε</span> <span class='ocrx_word' id='word_1_590' title='bbox 593 5207 660 5262; x_wconf 77' lang='grc' dir='ltr'>τὰ</span> <span class='ocrx_word' id='word_1_591' title='bbox 681 5209 892 5280; x_wconf 78' lang='grc' dir='ltr'>ἱμάτια·</span> <span class='ocrx_word' id='word_1_592' title='bbox 921 5207 1011 5262; x_wconf 89' lang='grc' dir='ltr'>καὶ</span> <span class='ocrx_word' id='word_1_593' title='bbox 1058 5207 1111 5262; x_wconf 90' lang='grc' dir='ltr'>τί</span> <span class='ocrx_word' id='word_1_594' title='bbox 1169 5228 1328 5284; x_wconf 88' lang='grc' dir='ltr'>φησιν</span> <span class='ocrx_word' id='word_1_595' title='bbox 1389 5207 1418 5262; x_wconf 90' lang='lat'>6</span> <span class='ocrx_word' id='word_1_596' title='bbox 1476 5203 1863 5282; x_wconf 86' lang='grc' dir='ltr'>φιλάνθρωπος</span> <span class='ocrx_word' id='word_1_597' title='bbox 1917 5204 2090 5274; x_wconf 83' lang='grc' dir='ltr'>Θεός;</span> 
     </span>
    </p>
   </div>
   <div class='ocr_carea' id='block_1_83' title="bbox 435 5289 2092 5372">
    <p class='ocr_par' dir='ltr' id='par_1_83' title="bbox 435 5289 2092 5372">
     <span class='ocr_line' id='line_1_83' title="bbox 435 5289 2092 5372; baseline -0.004 -19"><span class='ocrx_word' id='word_1_598' title='bbox 435 5297 716 5372; x_wconf 77' lang='grc' dir='ltr'>Ἑώρακας</span> <span class='ocrx_word' id='word_1_599' title='bbox 799 5301 916 5359; x_wconf 91' lang='grc' dir='ltr'>πῶς</span> <span class='ocrx_word' id='word_1_600' title='bbox 989 5296 1252 5372; x_wconf 86' lang='grc' dir='ltr'>κατενύγη</span> <span class='ocrx_word' id='word_1_601' title='bbox 1338 5289 1554 5370; x_wconf 77' lang='grc' dir='ltr'>Ἀχαάϐ</span> <span class='ocrx_word' id='word_1_602' title='bbox 1618 5295 1724 5350; x_wconf 85' lang='grc' dir='ltr'>ἀπὸ</span> <span class='ocrx_word' id='word_1_603' title='bbox 1791 5293 2092 5370; x_wconf 86' lang='grc' dir='ltr'>προσώπου</span> 
     </span>
    </p>
   </div>
   <div class='ocr_carea' id='block_1_84' title="bbox 2182 3237 3831 3312">
    <p class='ocr_par' dir='ltr' id='par_1_84' title="bbox 2182 3237 3831 3312">
     <span class='ocr_line' id='line_1_84' title="bbox 2182 3237 3831 3312; baseline 0.004 -22"><span class='ocrx_word' id='word_1_604' title='bbox 2182 3237 2454 3303; x_wconf 89' lang='lat' dir='ltr'>nitentia,</span> <span class='ocrx_word' id='word_1_605' title='bbox 2489 3243 2554 3290; x_wconf 89' lang='lat' dir='ltr'>ut</span> <span class='ocrx_word' id='word_1_606' title='bbox 2573 3243 2639 3291; x_wconf 90' lang='lat' dir='ltr'>ut</span> <span class='ocrx_word' id='word_1_607' title='bbox 2664 3254 2766 3292; x_wconf 87' lang='lat' dir='ltr'>rex</span> <span class='ocrx_word' id='word_1_608' title='bbox 2799 3243 2973 3292; x_wconf 90' lang='lat' dir='ltr'>esset.</span> <span class='ocrx_word' id='word_1_609' title='bbox 3002 3239 3245 3293; x_wconf 90' lang='lat' dir='ltr'>Saccum</span> <span class='ocrx_word' id='word_1_610' title='bbox 3279 3238 3407 3294; x_wconf 91' lang='lat' dir='ltr'>loco</span> <span class='ocrx_word' id='word_1_611' title='bbox 3434 3257 3710 3312; x_wconf 65' lang='lat' dir='ltr'>purpuras</span> <span class='ocrx_word' id='word_1_612' title='bbox 3737 3241 3831 3296; x_wconf 89' lang='lat' dir='ltr'>in-</span> 
     </span>
    </p>
   </div>
   <div class='ocr_carea' id='block_1_85' title="bbox 2185 3325 3830 3398">
    <p class='ocr_par' dir='ltr' id='par_1_85' title="bbox 2185 3325 3830 3398">
     <span class='ocr_line' id='line_1_85' title="bbox 2185 3325 3830 3398; baseline 0.001 -16"><span class='ocrx_word' id='word_1_613' title='bbox 2185 3327 2452 3398; x_wconf 86' lang='lat' dir='ltr'>duit,pro</span> <span class='ocrx_word' id='word_1_614' title='bbox 2486 3327 2709 3382; x_wconf 89' lang='lat' dir='ltr'>auratis</span> <span class='ocrx_word' id='word_1_615' title='bbox 2741 3325 2985 3381; x_wconf 91' lang='lat' dir='ltr'>soliisin</span> <span class='ocrx_word' id='word_1_616' title='bbox 3004 3325 3508 3381; x_wconf 67' lang='lat' dir='ltr'>cinere“‘ethumi</span> <span class='ocrx_word' id='word_1_617' title='bbox 3532 3327 3830 3383; x_wconf 78' lang='lat' dir='ltr'>sedens“.</span> 
     </span>
    </p>
   </div>
   <div class='ocr_carea' id='block_1_86' title="bbox 2187 3415 3830 3488">
    <p class='ocr_par' dir='ltr' id='par_1_86' title="bbox 2187 3415 3830 3488">
     <span class='ocr_line' id='line_1_86' title="bbox 2187 3415 3830 3488; baseline 0.001 -17"><span class='ocrx_word' id='word_1_618' title='bbox 2187 3417 2298 3471; x_wconf 90' lang='lat' dir='ltr'>Sed</span> <span class='ocrx_word' id='word_1_619' title='bbox 2330 3421 2388 3470; x_wconf 90' lang='lat' dir='ltr'>et</span> <span class='ocrx_word' id='word_1_620' title='bbox 2418 3417 2680 3471; x_wconf 90' lang='lat' dir='ltr'>cinerem</span> <span class='ocrx_word' id='word_1_621' title='bbox 2711 3433 2817 3487; x_wconf 92' lang='lat' dir='ltr'>pro</span> <span class='ocrx_word' id='word_1_622' title='bbox 2864 3415 2993 3470; x_wconf 90' lang='lat' dir='ltr'>cibo</span> <span class='ocrx_word' id='word_1_623' title='bbox 3027 3415 3253 3483; x_wconf 89' lang='lat' dir='ltr'>habuit,</span> <span class='ocrx_word' id='word_1_624' title='bbox 3316 3417 3469 3471; x_wconf 87' lang='lat' dir='ltr'>sicut</span> <span class='ocrx_word' id='word_1_625' title='bbox 3517 3417 3644 3488; x_wconf 89' lang='lat' dir='ltr'>ipse</span> <span class='ocrx_word' id='word_1_626' title='bbox 3703 3419 3787 3472; x_wconf 88' lang='lat' dir='ltr'>ait</span> <span class='ocrx_word' id='word_1_627' title='bbox 3817 3435 3830 3472; x_wconf 88' lang='lat'><strong>:</strong></span> 
     </span>
    </p>
   </div>
   <div class='ocr_carea' id='block_1_87' title="bbox 2189 3505 3832 3575">
    <p class='ocr_par' dir='ltr' id='par_1_87' title="bbox 2189 3505 3832 3575">
     <span class='ocr_line' id='line_1_87' title="bbox 2189 3505 3832 3575; baseline 0.001 -16"><span class='ocrx_word' id='word_1_628' title='bbox 2189 3509 2459 3571; x_wconf 85' lang='lat' dir='ltr'>Quoniam</span> <span class='ocrx_word' id='word_1_629' title='bbox 2500 3509 2734 3561; x_wconf 82' lang='lat' dir='ltr'>cinerem</span> <span class='ocrx_word' id='word_1_630' title='bbox 2771 3513 3040 3575; x_wconf 85' lang='lat' dir='ltr'>tanquam</span> <span class='ocrx_word' id='word_1_631' title='bbox 3082 3521 3288 3574; x_wconf 86' lang='lat' dir='ltr'>panem</span> <span class='ocrx_word' id='word_1_632' title='bbox 3339 3507 3743 3561; x_wconf 87' lang='lat' dir='ltr'>manducabam</span> <span class='ocrx_word' id='word_1_633' title='bbox 3765 3505 3832 3562; x_wconf 83' lang='grc'>⁴⁶.</span> 
     </span>
    </p>
   </div>
   <div class='ocr_carea' id='block_1_88' title="bbox 2189 3594 3832 3667">
    <p class='ocr_par' dir='ltr' id='par_1_88' title="bbox 2189 3594 3832 3667">
     <span class='ocr_line' id='line_1_88' title="bbox 2189 3594 3832 3667; baseline -0.001 -16"><span class='ocrx_word' id='word_1_634' title='bbox 2189 3596 2436 3651; x_wconf 91' lang='lat' dir='ltr'>Oculum</span> <span class='ocrx_word' id='word_1_635' title='bbox 2469 3596 2630 3666; x_wconf 86' lang='lat' dir='ltr'>pravi</span> <span class='ocrx_word' id='word_1_636' title='bbox 2663 3594 2942 3649; x_wconf 87' lang='lat' dir='ltr'>desiderii</span> <span class='ocrx_word' id='word_1_637' title='bbox 2999 3611 3165 3649; x_wconf 89' lang='lat' dir='ltr'>reum</span> <span class='ocrx_word' id='word_1_638' title='bbox 3225 3594 3502 3667; x_wconf 79' lang='lat' dir='ltr'>lacrymis</span> <span class='ocrx_word' id='word_1_639' title='bbox 3561 3597 3832 3652; x_wconf 84' lang='lat' dir='ltr'>confecit.</span> 
     </span>
    </p>
   </div>
   <div class='ocr_carea' id='block_1_89' title="bbox 2190 3683 3838 3755">
    <p class='ocr_par' dir='ltr' id='par_1_89' title="bbox 2190 3683 3838 3755">
     <span class='ocr_line' id='line_1_89' title="bbox 2190 3683 3838 3755; baseline 0.002 -17"><span class='ocrx_word' id='word_1_640' title='bbox 2190 3684 2496 3754; x_wconf 88' lang='lat' dir='ltr'>Principes</span> <span class='ocrx_word' id='word_1_641' title='bbox 2510 3683 2680 3738; x_wconf 89' lang='lat' dir='ltr'>illum</span> <span class='ocrx_word' id='word_1_642' title='bbox 2694 3683 2766 3737; x_wconf 92' lang='lat' dir='ltr'>ad</span> <span class='ocrx_word' id='word_1_643' title='bbox 2780 3683 3259 3738; x_wconf 86' lang='lat' dir='ltr'>manducandum</span> <span class='ocrx_word' id='word_1_644' title='bbox 3283 3701 3496 3755; x_wconf 89' lang='lat' dir='ltr'>panem</span> <span class='ocrx_word' id='word_1_645' title='bbox 3515 3686 3838 3741; x_wconf 88' lang='lat' dir='ltr'>hortaban-</span> 
     </span>
    </p>
   </div>
   <div class='ocr_carea' id='block_1_90' title="bbox 2193 3771 3836 3846">
    <p class='ocr_par' dir='ltr' id='par_1_90' title="bbox 2193 3771 3836 3846">
     <span class='ocr_line' id='line_1_90' title="bbox 2193 3771 3836 3846; baseline 0.002 -19"><span class='ocrx_word' id='word_1_646' title='bbox 2193 3778 2308 3833; x_wconf 84' lang='lat' dir='ltr'>tur.</span> <span class='ocrx_word' id='word_1_647' title='bbox 2342 3789 2451 3826; x_wconf 90' lang='lat' dir='ltr'>nec</span> <span class='ocrx_word' id='word_1_648' title='bbox 2481 3771 2932 3842; x_wconf 87' lang='lat' dir='ltr'>acquiescebat;</span> <span class='ocrx_word' id='word_1_649' title='bbox 2966 3773 3028 3826; x_wconf 92' lang='lat' dir='ltr'>in</span> <span class='ocrx_word' id='word_1_650' title='bbox 3087 3773 3404 3843; x_wconf 88' lang='lat' dir='ltr'>septimum</span> <span class='ocrx_word' id='word_1_651' title='bbox 3436 3791 3624 3846; x_wconf 89' lang='lat' dir='ltr'>usque</span> <span class='ocrx_word' id='word_1_652' title='bbox 3678 3776 3836 3831; x_wconf 91' lang='lat' dir='ltr'>diem</span> 
     </span>
    </p>
   </div>
   <div class='ocr_carea' id='block_1_91' title="bbox 2186 3862 3838 3935">
    <p class='ocr_par' dir='ltr' id='par_1_91' title="bbox 2186 3862 3838 3935">
     <span class='ocr_line' id='line_1_91' title="bbox 2186 3862 3838 3935; baseline 0.001 -18"><span class='ocrx_word' id='word_1_653' title='bbox 2186 3863 2487 3935; x_wconf 86' lang='lat' dir='ltr'>jejunium</span> <span class='ocrx_word' id='word_1_654' title='bbox 2501 3862 2990 3934; x_wconf 78' lang='lat' dir='ltr'>produxit.Reges</span> <span class='ocrx_word' id='word_1_655' title='bbox 3009 3862 3092 3916; x_wconf 92' lang='lat' dir='ltr'>sic</span> <span class='ocrx_word' id='word_1_656' title='bbox 3111 3864 3559 3928; x_wconf 83' lang='lat' dir='ltr'>conﬁtentur,tu</span> <span class='ocrx_word' id='word_1_657' title='bbox 3578 3865 3838 3935; x_wconf 91' lang='lat' dir='ltr'>privatus</span> 
     </span>
    </p>
   </div>
   <div class='ocr_carea' id='block_1_92' title="bbox 2193 3951 3837 4023">
    <p class='ocr_par' dir='ltr' id='par_1_92' title="bbox 2193 3951 3837 4023">
     <span class='ocr_line' id='line_1_92' title="bbox 2193 3951 3837 4023; baseline 0 -15"><span class='ocrx_word' id='word_1_658' title='bbox 2193 3969 2314 4008; x_wconf 89' lang='lat' dir='ltr'>non</span> <span class='ocrx_word' id='word_1_659' title='bbox 2329 3951 2508 4007; x_wconf 90' lang='lat' dir='ltr'>debes</span> <span class='ocrx_word' id='word_1_660' title='bbox 2521 3952 2896 4008; x_wconf 67' lang='lat' dir='ltr'>aﬁconﬁteri</span> <span class='ocrx_word' id='word_1_661' title='bbox 2910 3951 3091 4006; x_wconf 77' lang='lat' dir='ltr'>‘IPost</span> <span class='ocrx_word' id='word_1_662' title='bbox 3111 3951 3413 4006; x_wconf 85' lang='lat' dir='ltr'>Absalomi</span> <span class='ocrx_word' id='word_1_663' title='bbox 3427 3951 3837 4023; x_wconf 91' lang='lat' dir='ltr'>rebellionem,</span> 
     </span>
    </p>
   </div>
   <div class='ocr_carea' id='block_1_93' title="bbox 2196 4040 3840 4112">
    <p class='ocr_par' dir='ltr' id='par_1_93' title="bbox 2196 4040 3840 4112">
     <span class='ocr_line' id='line_1_93' title="bbox 2196 4040 3840 4112; baseline 0.001 -15"><span class='ocrx_word' id='word_1_664' title='bbox 2196 4059 2330 4097; x_wconf 90' lang='lat' dir='ltr'>cum</span> <span class='ocrx_word' id='word_1_665' title='bbox 2361 4041 2564 4097; x_wconf 75' lang='lat' dir='ltr'>multae</span> <span class='ocrx_word' id='word_1_666' title='bbox 2599 4046 2797 4097; x_wconf 89' lang='lat' dir='ltr'>essent</span> <span class='ocrx_word' id='word_1_667' title='bbox 2814 4040 2888 4096; x_wconf 91' lang='lat' dir='ltr'>ad</span> <span class='ocrx_word' id='word_1_668' title='bbox 2918 4040 3114 4112; x_wconf 79' lang='lat' dir='ltr'>fugam</span> <span class='ocrx_word' id='word_1_669' title='bbox 3136 4041 3263 4106; x_wconf 83' lang='lat' dir='ltr'>viae,</span> <span class='ocrx_word' id='word_1_670' title='bbox 3297 4056 3404 4112; x_wconf 90' lang='lat' dir='ltr'>per</span> <span class='ocrx_word' id='word_1_671' title='bbox 3431 4047 3697 4096; x_wconf 89' lang='lat' dir='ltr'>montem</span> <span class='ocrx_word' id='word_1_672' title='bbox 3718 4042 3840 4098; x_wconf 87' lang='lat' dir='ltr'>Oli-</span> 
     </span>
    </p>
   </div>
   <div class='ocr_carea' id='block_1_94' title="bbox 2195 4129 3841 4204">
    <p class='ocr_par' dir='ltr' id='par_1_94' title="bbox 2195 4129 3841 4204">
     <span class='ocr_line' id='line_1_94' title="bbox 2195 4129 3841 4204; baseline -0.001 -17"><span class='ocrx_word' id='word_1_673' title='bbox 2195 4149 2400 4187; x_wconf 89' lang='lat' dir='ltr'>varum</span> <span class='ocrx_word' id='word_1_674' title='bbox 2422 4131 2590 4204; x_wconf 82' lang='lat' dir='ltr'>fugit,</span> <span class='ocrx_word' id='word_1_675' title='bbox 2626 4137 2909 4201; x_wconf 86' lang='lat' dir='ltr'>tanquam</span> <span class='ocrx_word' id='word_1_676' title='bbox 2957 4129 3354 4184; x_wconf 88' lang='lat' dir='ltr'>Liberatorem</span> <span class='ocrx_word' id='word_1_677' title='bbox 3375 4130 3673 4186; x_wconf 86' lang='lat' dir='ltr'>invocans.</span> <span class='ocrx_word' id='word_1_678' title='bbox 3697 4133 3841 4187; x_wconf 87' lang='lat' dir='ltr'>Cum</span> 
     </span>
    </p>
   </div>
   <div class='ocr_carea' id='block_1_95' title="bbox 2199 4219 3843 4293">
    <p class='ocr_par' dir='ltr' id='par_1_95' title="bbox 2199 4219 3843 4293">
     <span class='ocr_line' id='line_1_95' title="bbox 2199 4219 3843 4293; baseline -0.001 -17"><span class='ocrx_word' id='word_1_679' title='bbox 2199 4221 2312 4293; x_wconf 90' lang='lat' dir='ltr'>ipsi</span> <span class='ocrx_word' id='word_1_680' title='bbox 2337 4221 2724 4275; x_wconf 90' lang='lat' dir='ltr'>malediceret</span> <span class='ocrx_word' id='word_1_681' title='bbox 2753 4220 2967 4279; x_wconf 84' lang='lat' dir='ltr'>Semei.</span> <span class='ocrx_word' id='word_1_682' title='bbox 2991 4219 3138 4274; x_wconf 82' lang='lat' dir='ltr'>dixit</span> <span class='ocrx_word' id='word_1_683' title='bbox 3171 4237 3182 4273; x_wconf 92' lang='lat'><strong>:</strong></span> <span class='ocrx_word' id='word_1_684' title='bbox 3208 4220 3387 4275; x_wconf 85' lang='lat' dir='ltr'>Sinite</span> <span class='ocrx_word' id='word_1_685' title='bbox 3417 4220 3676 4291; x_wconf 88' lang='lat' dir='ltr'>illum,ut</span> <span class='ocrx_word' id='word_1_686' title='bbox 3704 4223 3843 4275; x_wconf 88' lang='lat' dir='ltr'>Deus</span> 
     </span>
    </p>
   </div>
   <div class='ocr_carea' id='block_1_96' title="bbox 2199 4308 3257 4379">
    <p class='ocr_par' dir='ltr' id='par_1_96' title="bbox 2199 4308 3257 4379">
     <span class='ocr_line' id='line_1_96' title="bbox 2199 4308 3257 4379; baseline 0 -14"><span class='ocrx_word' id='word_1_687' title='bbox 2199 4312 2273 4365; x_wconf 88' lang='lat' dir='ltr'>ad</span> <span class='ocrx_word' id='word_1_688' title='bbox 2300 4311 2670 4365; x_wconf 82' lang='lat' dir='ltr'>humilitatem</span> <span class='ocrx_word' id='word_1_689' title='bbox 2703 4326 2881 4364; x_wconf 73' lang='lat' dir='ltr'>meam</span> <span class='ocrx_word' id='word_1_690' title='bbox 2901 4311 3160 4379; x_wconf 79' lang='lat' dir='ltr'>respiciat</span> <span class='ocrx_word' id='word_1_691' title='bbox 3191 4308 3257 4365; x_wconf 80' lang='grc'>⁴⁶.</span> 
     </span>
    </p>
   </div>
   <div class='ocr_carea' id='block_1_97' title="bbox 2266 4489 3845 4560">
    <p class='ocr_par' dir='ltr' id='par_1_97' title="bbox 2266 4489 3845 4560">
     <span class='ocr_line' id='line_1_97' title="bbox 2266 4489 3845 4560; baseline 0 -15"><span class='ocrx_word' id='word_1_692' title='bbox 2266 4491 2412 4545; x_wconf 87' lang='grc' dir='ltr'>ΧΙΙΙ.</span> <span class='ocrx_word' id='word_1_693' title='bbox 2443 4489 2614 4544; x_wconf 90' lang='lat' dir='ltr'>Vides</span> <span class='ocrx_word' id='word_1_694' title='bbox 2644 4489 2868 4544; x_wconf 90' lang='lat' dir='ltr'>bonum</span> <span class='ocrx_word' id='word_1_695' title='bbox 2897 4505 3026 4544; x_wconf 91' lang='lat' dir='ltr'>esse</span> <span class='ocrx_word' id='word_1_696' title='bbox 3083 4489 3375 4545; x_wconf 82' lang='lat' dir='ltr'>conﬁteri.</span> <span class='ocrx_word' id='word_1_697' title='bbox 3433 4489 3605 4560; x_wconf 91' lang='lat' dir='ltr'>Spem</span> <span class='ocrx_word' id='word_1_698' title='bbox 3639 4489 3845 4545; x_wconf 88' lang='lat' dir='ltr'>salutis</span> 
     </span>
    </p>
   </div>
   <div class='ocr_carea' id='block_1_98' title="bbox 2197 4577 3849 4650">
    <p class='ocr_par' dir='ltr' id='par_1_98' title="bbox 2197 4577 3849 4650">
     <span class='ocr_line' id='line_1_98' title="bbox 2197 4577 3849 4650; baseline -0.001 -14"><span class='ocrx_word' id='word_1_699' title='bbox 2197 4598 2325 4636; x_wconf 89' lang='lat' dir='ltr'>esse</span> <span class='ocrx_word' id='word_1_700' title='bbox 2358 4579 2537 4634; x_wconf 89' lang='lat' dir='ltr'>vides.</span> <span class='ocrx_word' id='word_1_701' title='bbox 2564 4580 2752 4634; x_wconf 89' lang='lat' dir='ltr'>Etiam</span> <span class='ocrx_word' id='word_1_702' title='bbox 2786 4578 3064 4633; x_wconf 90' lang='lat' dir='ltr'>Salomon</span> <span class='ocrx_word' id='word_1_703' title='bbox 3097 4577 3328 4633; x_wconf 90' lang='lat' dir='ltr'>cecidit.</span> <span class='ocrx_word' id='word_1_704' title='bbox 3366 4579 3576 4632; x_wconf 88' lang='lat' dir='ltr'>Verum</span> <span class='ocrx_word' id='word_1_705' title='bbox 3602 4579 3744 4650; x_wconf 88' lang='lat' dir='ltr'>quid</span> <span class='ocrx_word' id='word_1_706' title='bbox 3767 4579 3849 4634; x_wconf 92' lang='lat' dir='ltr'>di-</span> 
     </span>
    </p>
   </div>
   <div class='ocr_carea' id='block_1_99' title="bbox 2196 4667 3848 4738">
    <p class='ocr_par' dir='ltr' id='par_1_99' title="bbox 2196 4667 3848 4738">
     <span class='ocr_line' id='line_1_99' title="bbox 2196 4667 3848 4738; baseline -0.002 -12"><span class='ocrx_word' id='word_1_707' title='bbox 2196 4671 2277 4726; x_wconf 89' lang='lat' dir='ltr'>cit</span> <span class='ocrx_word' id='word_1_708' title='bbox 2303 4671 2330 4725; x_wconf 85' lang='lat'><strong>?</strong></span> <span class='ocrx_word' id='word_1_709' title='bbox 2355 4672 2552 4724; x_wconf 88' lang='lat' dir='ltr'>Postea</span> <span class='ocrx_word' id='word_1_710' title='bbox 2582 4686 2680 4738; x_wconf 89' lang='lat' dir='ltr'>ego</span> <span class='ocrx_word' id='word_1_711' title='bbox 2704 4670 3092 4738; x_wconf 71' lang='lat' dir='ltr'>paenitentiam</span> <span class='ocrx_word' id='word_1_712' title='bbox 3113 4669 3202 4736; x_wconf 86' lang='lat' dir='ltr'>egi</span> <span class='ocrx_word' id='word_1_713' title='bbox 3225 4667 3291 4721; x_wconf 69' lang='lat'>‘7.</span> <span class='ocrx_word' id='word_1_714' title='bbox 3325 4667 3525 4722; x_wconf 79' lang='lat' dir='ltr'>Achab</span> <span class='ocrx_word' id='word_1_715' title='bbox 3542 4668 3719 4722; x_wconf 89' lang='lat' dir='ltr'>etiam</span> <span class='ocrx_word' id='word_1_716' title='bbox 3735 4669 3848 4724; x_wconf 87' lang='lat' dir='ltr'>fuit</span> 
     </span>
    </p>
   </div>
   <div class='ocr_carea' id='block_1_100' title="bbox 2199 4755 3843 4830">
    <p class='ocr_par' dir='ltr' id='par_1_100' title="bbox 2199 4755 3843 4830">
     <span class='ocr_line' id='line_1_100' title="bbox 2199 4755 3843 4830; baseline -0.001 -16"><span class='ocrx_word' id='word_1_717' title='bbox 2199 4758 3021 4824; x_wconf 88' lang='lat' dir='ltr'>sceleratissimus,idolorum</span> <span class='ocrx_word' id='word_1_718' title='bbox 3053 4756 3266 4825; x_wconf 85' lang='lat' dir='ltr'>cultor,</span> <span class='ocrx_word' id='word_1_719' title='bbox 3297 4755 3611 4811; x_wconf 84' lang='lat' dir='ltr'>excellenti</span> <span class='ocrx_word' id='word_1_720' title='bbox 3635 4758 3843 4830; x_wconf 91' lang='lat' dir='ltr'>impie-</span> 
     </span>
    </p>
   </div>
   <div class='ocr_carea' id='block_1_101' title="bbox 2197 4845 3846 4920">
    <p class='ocr_par' dir='ltr' id='par_1_101' title="bbox 2197 4845 3846 4920">
     <span class='ocr_line' id='line_1_101' title="bbox 2197 4845 3846 4920; baseline -0.002 -16"><span class='ocrx_word' id='word_1_721' title='bbox 2197 4855 2338 4916; x_wconf 88' lang='lat' dir='ltr'>tate,</span> <span class='ocrx_word' id='word_1_722' title='bbox 2372 4849 2796 4920; x_wconf 88' lang='lat' dir='ltr'>prophetarum</span> <span class='ocrx_word' id='word_1_723' title='bbox 2815 4846 3226 4916; x_wconf 88' lang='lat' dir='ltr'>interemptor,</span> <span class='ocrx_word' id='word_1_724' title='bbox 3255 4845 3487 4901; x_wconf 89' lang='lat' dir='ltr'>alienus</span> <span class='ocrx_word' id='word_1_725' title='bbox 3510 4846 3581 4901; x_wconf 85' lang='lat' dir='ltr'>ab</span> <span class='ocrx_word' id='word_1_726' title='bbox 3606 4847 3846 4918; x_wconf 87' lang='lat' dir='ltr'>pietate,</span> 
     </span>
    </p>
   </div>
   <div class='ocr_carea' id='block_1_102' title="bbox 2199 4934 3848 5008">
    <p class='ocr_par' dir='ltr' id='par_1_102' title="bbox 2199 4934 3848 5008">
     <span class='ocr_line' id='line_1_102' title="bbox 2199 4934 3848 5008; baseline 0 -16"><span class='ocrx_word' id='word_1_727' title='bbox 2199 4938 2532 4993; x_wconf 89' lang='lat' dir='ltr'>alienorum</span> <span class='ocrx_word' id='word_1_728' title='bbox 2566 4952 2842 5008; x_wconf 81' lang='lat' dir='ltr'>agrorum</span> <span class='ocrx_word' id='word_1_729' title='bbox 2900 4934 3213 5004; x_wconf 90' lang='lat' dir='ltr'>appetitor.</span> <span class='ocrx_word' id='word_1_730' title='bbox 3244 4936 3316 4989; x_wconf 80' lang='lat' dir='ltr'>At</span> <span class='ocrx_word' id='word_1_731' title='bbox 3369 4935 3606 5005; x_wconf 90' lang='lat' dir='ltr'>quando</span> <span class='ocrx_word' id='word_1_732' title='bbox 3655 4935 3848 4992; x_wconf 86' lang='lat' dir='ltr'>Nabu-</span> 
     </span>
    </p>
   </div>
   <div class='ocr_carea' id='block_1_103' title="bbox 2199 5023 3848 5096">
    <p class='ocr_par' dir='ltr' id='par_1_103' title="bbox 2199 5023 3848 5096">
     <span class='ocr_line' id='line_1_103' title="bbox 2199 5023 3848 5096; baseline -0.001 -15"><span class='ocrx_word' id='word_1_733' title='bbox 2199 5027 2422 5081; x_wconf 71' lang='lat' dir='ltr'>thaaum</span> <span class='ocrx_word' id='word_1_734' title='bbox 2450 5025 2830 5092; x_wconf 87' lang='lat' dir='ltr'>occidit,cum</span> <span class='ocrx_word' id='word_1_735' title='bbox 2861 5023 3121 5078; x_wconf 85' lang='lat' dir='ltr'>venisset</span> <span class='ocrx_word' id='word_1_736' title='bbox 3150 5023 3307 5078; x_wconf 92' lang='lat' dir='ltr'>Elias</span> <span class='ocrx_word' id='word_1_737' title='bbox 3337 5025 3715 5096; x_wconf 89' lang='lat' dir='ltr'>propheta,et</span> <span class='ocrx_word' id='word_1_738' title='bbox 3738 5027 3848 5081; x_wconf 92' lang='lat' dir='ltr'>mi-</span> 
     </span>
    </p>
   </div>
   <div class='ocr_carea' id='block_1_104' title="bbox 2201 5113 3851 5179">
    <p class='ocr_par' dir='ltr' id='par_1_104' title="bbox 2201 5113 3851 5179">
     <span class='ocr_line' id='line_1_104' title="bbox 2201 5113 3851 5179; baseline 0 -9"><span class='ocrx_word' id='word_1_739' title='bbox 2201 5133 2310 5171; x_wconf 84' lang='lat' dir='ltr'>nas</span> <span class='ocrx_word' id='word_1_740' title='bbox 2341 5115 2626 5169; x_wconf 83' lang='lat' dir='ltr'>duntaxat</span> <span class='ocrx_word' id='word_1_741' title='bbox 2655 5113 3030 5179; x_wconf 87' lang='lat' dir='ltr'>intentasset,</span> <span class='ocrx_word' id='word_1_742' title='bbox 3064 5129 3233 5167; x_wconf 90' lang='lat' dir='ltr'>sacco</span> <span class='ocrx_word' id='word_1_743' title='bbox 3267 5113 3329 5167; x_wconf 92' lang='lat' dir='ltr'>in</span> <span class='ocrx_word' id='word_1_744' title='bbox 3356 5113 3553 5169; x_wconf 91' lang='lat' dir='ltr'>induit</span> <span class='ocrx_word' id='word_1_745' title='bbox 3596 5120 3655 5169; x_wconf 91' lang='lat' dir='ltr'>et</span> <span class='ocrx_word' id='word_1_746' title='bbox 3675 5115 3851 5170; x_wconf 90' lang='lat' dir='ltr'>scidit</span> 
     </span>
    </p>
   </div>
   <div class='ocr_carea' id='block_1_105' title="bbox 2202 5200 3853 5273">
    <p class='ocr_par' dir='ltr' id='par_1_105' title="bbox 2202 5200 3853 5273">
     <span class='ocr_line' id='line_1_105' title="bbox 2202 5200 3853 5273; baseline 0 -14"><span class='ocrx_word' id='word_1_747' title='bbox 2202 5205 2593 5261; x_wconf 86' lang='lat' dir='ltr'>vestimenta:</span> <span class='ocrx_word' id='word_1_748' title='bbox 2630 5207 2687 5258; x_wconf 92' lang='lat' dir='ltr'>et</span> <span class='ocrx_word' id='word_1_749' title='bbox 2720 5200 2862 5273; x_wconf 91' lang='lat' dir='ltr'>quid</span> <span class='ocrx_word' id='word_1_750' title='bbox 2886 5201 3029 5256; x_wconf 91' lang='lat' dir='ltr'>dicit</span> <span class='ocrx_word' id='word_1_751' title='bbox 3073 5201 3338 5258; x_wconf 91' lang='lat' dir='ltr'>clemens</span> <span class='ocrx_word' id='word_1_752' title='bbox 3388 5205 3542 5259; x_wconf 89' lang='lat' dir='ltr'>Deus</span> <span class='ocrx_word' id='word_1_753' title='bbox 3586 5221 3598 5259; x_wconf 92' lang='lat'><strong>:</strong></span> <span class='ocrx_word' id='word_1_754' title='bbox 3640 5205 3853 5260; x_wconf 86' lang='lat' dir='ltr'>Vidisti</span> 
     </span>
    </p>
   </div>
   <div class='ocr_carea' id='block_1_106' title="bbox 2203 5291 3848 5364">
    <p class='ocr_par' dir='ltr' id='par_1_106' title="bbox 2203 5291 3848 5364">
     <span class='ocr_line' id='line_1_106' title="bbox 2203 5291 3848 5364; baseline 0 -16"><span class='ocrx_word' id='word_1_755' title='bbox 2203 5293 2476 5364; x_wconf 85' lang='lat' dir='ltr'>quomodo</span> <span class='ocrx_word' id='word_1_756' title='bbox 2508 5296 2859 5360; x_wconf 83' lang='lat' dir='ltr'>compunctus</span> <span class='ocrx_word' id='word_1_757' title='bbox 2891 5297 2967 5345; x_wconf 85' lang='lat' dir='ltr'>est</span> <span class='ocrx_word' id='word_1_758' title='bbox 2999 5291 3189 5346; x_wconf 83' lang='lat' dir='ltr'>Achab</span> <span class='ocrx_word' id='word_1_759' title='bbox 3219 5309 3252 5345; x_wconf 92' lang='lat' dir='ltr'>a</span> <span class='ocrx_word' id='word_1_760' title='bbox 3280 5295 3428 5360; x_wconf 85' lang='lat' dir='ltr'>facie</span> <span class='ocrx_word' id='word_1_761' title='bbox 3455 5310 3578 5348; x_wconf 86' lang='lat' dir='ltr'>mea</span> <span class='ocrx_word' id='word_1_762' title='bbox 3595 5292 3639 5327; x_wconf 80' lang='grc'>⁴⁸</span> <span class='ocrx_word' id='word_1_763' title='bbox 3662 5293 3688 5347; x_wconf 78' lang='lat' dir='ltr'>‘I</span> <span class='ocrx_word' id='word_1_764' title='bbox 3719 5298 3848 5348; x_wconf 82' lang='lat' dir='ltr'>tan-</span> 
     </span>
    </p>
   </div>
   <div class='ocr_carea' id='block_1_107' title="bbox 504 5412 2100 5494">
    <p class='ocr_par' dir='ltr' id='par_1_107' title="bbox 504 5418 2082 5494">
     <span class='ocr_line' id='line_1_107' title="bbox 504 5418 2082 5494; baseline -0.002 -20"><span class='ocrx_word' id='word_1_765' title='bbox 504 5418 632 5494; x_wconf 77' lang='lat' dir='ltr'>37_II</span> <span class='ocrx_word' id='word_1_766' title='bbox 662 5423 798 5494; x_wconf 74' lang='lat' dir='ltr'>Reg.</span> <span class='ocrx_word' id='word_1_767' title='bbox 834 5438 934 5490; x_wconf 84' lang='lat' dir='ltr'>xu,</span> <span class='ocrx_word' id='word_1_768' title='bbox 969 5425 1054 5475; x_wconf 80' lang='grc'>10.</span> <span class='ocrx_word' id='word_1_769' title='bbox 1088 5421 1133 5456; x_wconf 77' lang='grc'><strong>³³</strong></span> <span class='ocrx_word' id='word_1_770' title='bbox 1158 5423 1440 5494; x_wconf 51' lang='grc' dir='ltr'>Ιεωιιχιν,</span> <span class='ocrx_word' id='word_1_771' title='bbox 1473 5423 1523 5494; x_wconf 62' lang='lat'>5.</span> <span class='ocrx_word' id='word_1_772' title='bbox 1557 5418 1604 5454; x_wconf 77' lang='lat'>3°</span> <span class='ocrx_word' id='word_1_773' title='bbox 1632 5418 1819 5494; x_wconf 65' lang='lat' dir='ltr'>Hebr,</span> <span class='ocrx_word' id='word_1_774' title='bbox 1859 5434 1954 5494; x_wconf 33' lang='grc' dir='ltr'>ιι..Δ</span> <span class='ocrx_word' id='word_1_775' title='bbox 1993 5420 2082 5494; x_wconf 55' lang='lat'>2:7:</span> 
     </span>
    </p>
   </div>
   <div class='ocr_carea' id='block_1_108' title="bbox 2197 5412 3848 5494">
    <p class='ocr_par' dir='ltr' id='par_1_108' title="bbox 2228 5412 3848 5494">
     <span class='ocr_line' id='line_1_108' title="bbox 2228 5412 3848 5494; baseline -0.001 -24"><span class='ocrx_word' id='word_1_776' title='bbox 2228 5415 2278 5470; x_wconf 89' lang='lat' dir='ltr'><strong>II</strong></span> <span class='ocrx_word' id='word_1_777' title='bbox 2336 5417 2478 5486; x_wconf 81' lang='lat' dir='ltr'>Reg.</span> <span class='ocrx_word' id='word_1_778' title='bbox 2547 5431 2648 5494; x_wconf 57' lang='lat' dir='ltr'>xit,</span> <span class='ocrx_word' id='word_1_779' title='bbox 2709 5416 2794 5494; x_wconf 81' lang='lat' dir='ltr'>i_3_.</span> <span class='ocrx_word' id='word_1_780' title='bbox 2840 5412 3066 5494; x_wconf 61' lang='lat' dir='ltr'>&quot;ibid.</span> <span class='ocrx_word' id='word_1_781' title='bbox 3111 5414 3158 5448; x_wconf 77' lang='grc'>⁴²</span> <span class='ocrx_word' id='word_1_782' title='bbox 3189 5414 3330 5468; x_wconf 90' lang='lat' dir='ltr'>ibid.</span> <span class='ocrx_word' id='word_1_783' title='bbox 3367 5416 3453 5469; x_wconf 83' lang='grc'>14.</span> <span class='ocrx_word' id='word_1_784' title='bbox 3487 5415 3724 5494; x_wconf 47' lang='lat' dir='ltr'>‘iiloan:</span> <span class='ocrx_word' id='word_1_785' title='bbox 3764 5432 3848 5494; x_wconf 60' lang='grc' dir='ltr'>Ψ,</span> 
     </span>
    </p>
   </div>
   <div class='ocr_carea' id='block_1_109' title="bbox 431 5491 851 5566">
    <p class='ocr_par' dir='ltr' id='par_1_109' title="bbox 431 5491 851 5566">
     <span class='ocr_line' id='line_1_109' title="bbox 431 5491 851 5566; baseline 0.005 -20"><span class='ocrx_word' id='word_1_786' title='bbox 431 5494 487 5566; x_wconf 70' lang='grc' dir='ltr'>θ,</span> <span class='ocrx_word' id='word_1_787' title='bbox 547 5491 595 5526; x_wconf 78' lang='grc'>⁴⁴</span> <span class='ocrx_word' id='word_1_788' title='bbox 621 5494 669 5546; x_wconf 90' lang='lat' dir='ltr'>Il</span> <span class='ocrx_word' id='word_1_789' title='bbox 731 5491 851 5566; x_wconf 81' lang='lat' dir='ltr'>Reg</span> 
     </span>
    </p>
   </div>
   <div class='ocr_carea' id='block_1_110' title="bbox 433 5565 862 5635">
    <p class='ocr_par' dir='ltr' id='par_1_110' title="bbox 433 5565 862 5635">
     <span class='ocr_line' id='line_1_110' title="bbox 433 5565 862 5635; baseline 0.002 -17"><span class='ocrx_word' id='word_1_790' title='bbox 433 5565 580 5635; x_wconf 73' lang='lat' dir='ltr'>lieg.</span> <span class='ocrx_word' id='word_1_791' title='bbox 623 5581 740 5631; x_wconf 82' lang='lat' dir='ltr'>xxI,</span> <span class='ocrx_word' id='word_1_792' title='bbox 773 5565 862 5620; x_wconf 81' lang='lat'>27.</span> 
     </span>
    </p>
   </div>
   <div class='ocr_carea' id='block_1_111' title="bbox 509 5677 2088 5760">
    <p class='ocr_par' dir='ltr' id='par_1_111' title="bbox 509 5677 2088 5760">
     <span class='ocr_line' id='line_1_111' title="bbox 509 5677 2088 5760; baseline 0 0"><span class='ocrx_word' id='word_1_793' title='bbox 509 5680 591 5760; x_wconf 61' lang='grc' dir='ltr'>(υ</span> <span class='ocrx_word' id='word_1_794' title='bbox 619 5679 976 5760; x_wconf 50' lang='lat' dir='ltr'>Haunian-</span> <span class='ocrx_word' id='word_1_795' title='bbox 1003 5678 1202 5760; x_wconf 62' lang='grc' dir='ltr'>βοίειη</span> <span class='ocrx_word' id='word_1_796' title='bbox 1227 5677 1312 5760; x_wconf 64' lang='lat' dir='ltr'>99F</span> <span class='ocrx_word' id='word_1_797' title='bbox 1343 5678 1696 5760; x_wconf 45' lang='lat' dir='ltr'>avarius».-</span> <span class='ocrx_word' id='word_1_798' title='bbox 1792 5744 1877 5760; x_wconf 61' lang='grc' dir='ltr'>η,</span> <span class='ocrx_word' id='word_1_799' title='bbox 1919 5750 1942 5760; x_wconf 83' lang='grc'>-</span> <span class='ocrx_word' id='word_1_800' title='bbox 2074 5743 2088 5760; x_wconf 83' lang='lat'>.</span> 
     </span>
    </p>
   </div>
   <div class='ocr_carea' id='block_1_112' title="bbox 441 5744 2091 5879">
    <p class='ocr_par' dir='ltr' id='par_1_112' title="bbox 441 5744 2091 5879">
     <span class='ocr_line' id='line_1_112' title="bbox 441 5744 2091 5877; baseline -0.008 -67"><span class='ocrx_word' id='word_1_801' title='bbox 441 5820 467 5877; x_wconf 52' lang='grc' dir='ltr'><em>ἦ</em></span> <span class='ocrx_word' id='word_1_802' title='bbox 512 5744 782 5876; x_wconf 50' lang='grc' dir='ltr'>ζὴόἹδεῖν</span> <span class='ocrx_word' id='word_1_803' title='bbox 813 5744 930 5821; x_wconf 90' lang='grc' dir='ltr'>τόν,</span> <span class='ocrx_word' id='word_1_804' title='bbox 962 5757 1073 5807; x_wconf 91' lang='lat' dir='ltr'>etc.</span> <span class='ocrx_word' id='word_1_805' title='bbox 1106 5744 1199 5806; x_wconf 73' lang='lat' dir='ltr'>Ita</span> <span class='ocrx_word' id='word_1_806' title='bbox 1220 5744 1504 5806; x_wconf 41' lang='lat' dir='ltr'>Ottobfat</span> <span class='ocrx_word' id='word_1_807' title='bbox 1541 5744 1744 5816; x_wconf 54' lang='grc' dir='ltr'>(ἰδίει,</span> <span class='ocrx_word' id='word_1_808' title='bbox 1789 5744 1968 5809; x_wconf 84' lang='grc' dir='ltr'>ἐλθεῖν</span> <span class='ocrx_word' id='word_1_809' title='bbox 2001 5744 2091 5799; x_wconf 85' lang='grc' dir='ltr'>καὶ</span> 
     </span>
     <span class='ocr_line' id='line_1_113' title="bbox 469 5842 681 5879; baseline 0.005 -2"><span class='ocrx_word' id='word_1_810' title='bbox 469 5842 531 5877; x_wconf 91' lang='grc' dir='ltr'>πι</span> <span class='ocrx_word' id='word_1_811' title='bbox 561 5842 592 5877; x_wconf 91' lang='grc' dir='ltr'>τ</span> <span class='ocrx_word' id='word_1_812' title='bbox 628 5842 681 5879; x_wconf 90' lang='grc' dir='ltr'>ν.</span> 
     </span>
    </p>
   </div>
   <div class='ocr_carea' id='block_1_113' title="bbox 873 5489 2472 5561">
    <p class='ocr_par' dir='ltr' id='par_1_113' title="bbox 873 5489 2472 5561">
     <span class='ocr_line' id='line_1_114' title="bbox 873 5489 2472 5561; baseline -0.004 -15"><span class='ocrx_word' id='word_1_813' title='bbox 873 5536 883 5546; x_wconf 96' lang='grc'>.</span> <span class='ocrx_word' id='word_1_814' title='bbox 939 5509 1042 5561; x_wconf 81' lang='lat' dir='ltr'>x11,</span> <span class='ocrx_word' id='word_1_815' title='bbox 1120 5496 1204 5547; x_wconf 85' lang='grc'>16.</span> <span class='ocrx_word' id='word_1_816' title='bbox 1267 5491 1314 5525; x_wconf 79' lang='grc'>⁴⁵</span> <span class='ocrx_word' id='word_1_817' title='bbox 1369 5492 1523 5547; x_wconf 88' lang='lat' dir='ltr'>Psal.</span> <span class='ocrx_word' id='word_1_818' title='bbox 1613 5507 1683 5557; x_wconf 80' lang='grc' dir='ltr'>αι,</span> <span class='ocrx_word' id='word_1_819' title='bbox 1763 5493 1850 5545; x_wconf 84' lang='grc'>10.</span> <span class='ocrx_word' id='word_1_820' title='bbox 1913 5489 1956 5522; x_wconf 80' lang='grc'>⁸⁸</span> <span class='ocrx_word' id='word_1_821' title='bbox 2031 5490 2080 5544; x_wconf 87' lang='grc' dir='ltr'>ΙΙ</span> <span class='ocrx_word' id='word_1_822' title='bbox 2156 5490 2300 5560; x_wconf 83' lang='lat' dir='ltr'>Reg.</span> <span class='ocrx_word' id='word_1_823' title='bbox 2362 5503 2472 5553; x_wconf 69' lang='lat' dir='ltr'>xvx,</span> 
     </span>
    </p>
   </div>
   <div class='ocr_carea' id='block_1_114' title="bbox 2575 5486 3851 5557">
    <p class='ocr_par' dir='ltr' id='par_1_114' title="bbox 2575 5486 3851 5557">
     <span class='ocr_line' id='line_1_115' title="bbox 2575 5486 3851 5557; baseline 0 -19"><span class='ocrx_word' id='word_1_824' title='bbox 2575 5489 2660 5555; x_wconf 87' lang='grc'>10,</span> <span class='ocrx_word' id='word_1_825' title='bbox 2727 5489 2812 5540; x_wconf 78' lang='lat' dir='ltr'>ii.</span> <span class='ocrx_word' id='word_1_826' title='bbox 2901 5486 2945 5519; x_wconf 70' lang='lat'>‘7</span> <span class='ocrx_word' id='word_1_827' title='bbox 3017 5487 3189 5543; x_wconf 89' lang='lat' dir='ltr'>Prov.</span> <span class='ocrx_word' id='word_1_828' title='bbox 3305 5504 3457 5557; x_wconf 70' lang='lat' dir='ltr'>xxxv,</span> <span class='ocrx_word' id='word_1_829' title='bbox 3517 5488 3605 5540; x_wconf 89' lang='lat'>32.</span> <span class='ocrx_word' id='word_1_830' title='bbox 3677 5486 3724 5520; x_wconf 65' lang='grc'>*⁸</span> <span class='ocrx_word' id='word_1_831' title='bbox 3775 5487 3851 5539; x_wconf 89' lang='lat' dir='ltr'>IlI</span> 
     </span>
    </p>
   </div>
   <div class='ocr_carea' id='block_1_115' title="bbox 2276 5667 3272 5754">
    <p class='ocr_par' dir='ltr' id='par_1_115' title="bbox 2276 5667 3272 5754">
     <span class='ocr_line' id='line_1_116' title="bbox 2276 5667 3272 5754; baseline 0 0"><span class='ocrx_word' id='word_1_832' title='bbox 2276 5673 2352 5754; x_wconf 65' lang='lat'>(3)</span> <span class='ocrx_word' id='word_1_833' title='bbox 2378 5669 2678 5754; x_wconf 57' lang='grc' dir='ltr'>ἱεὶεγχίές-</span> <span class='ocrx_word' id='word_1_834' title='bbox 2711 5671 2931 5754; x_wconf 52' lang='grc' dir='ltr'>ριφοέη</span> <span class='ocrx_word' id='word_1_835' title='bbox 2963 5667 3272 5754; x_wconf 63' lang='grc' dir='ltr'>ἐλεγχθξίςο</span> 
     </span>
    </p>
   </div>
   <div class='ocr_carea' id='block_1_116' title="bbox 2297 5737 3489 5818">
    <p class='ocr_par' dir='ltr' id='par_1_116' title="bbox 2297 5737 3489 5818">
     <span class='ocr_line' id='line_1_117' title="bbox 2297 5737 3489 5818; baseline -0.003 -18"><span class='ocrx_word' id='word_1_836' title='bbox 2297 5737 2352 5818; x_wconf 76' lang='grc'>4)</span> <span class='ocrx_word' id='word_1_837' title='bbox 2377 5737 2690 5818; x_wconf 63' lang='grc' dir='ltr'>Πάλινῗιιει</span> <span class='ocrx_word' id='word_1_838' title='bbox 2714 5737 3003 5818; x_wconf 66' lang='lat' dir='ltr'>Ottobat</span> <span class='ocrx_word' id='word_1_839' title='bbox 3031 5737 3234 5818; x_wconf 71' lang='lat' dir='ltr'>C&#39;disl.,</span> <span class='ocrx_word' id='word_1_840' title='bbox 3281 5737 3489 5807; x_wconf 78' lang='grc' dir='ltr'>ἁπλῆν.</span> 
     </span>
    </p>
   </div>
   <div class='ocr_carea' id='block_1_117' title="bbox 2274 5748 3342 5892">
    <p class='ocr_par' dir='ltr' id='par_1_117' title="bbox 2274 5748 3342 5892">
     <span class='ocr_line' id='line_1_118' title="bbox 2297 5748 3342 5818; baseline -0.008 -18"><span class='ocrx_word' id='word_1_841' title='bbox 2297 5748 2352 5818; x_wconf 75' lang='grc'>4)</span> <span class='ocrx_word' id='word_1_842' title='bbox 2377 5748 2569 5798; x_wconf 78' lang='grc' dir='ltr'>Πάλιν.</span> <span class='ocrx_word' id='word_1_843' title='bbox 2604 5748 2690 5799; x_wconf 89' lang='lat' dir='ltr'>Ita</span> <span class='ocrx_word' id='word_1_844' title='bbox 2714 5748 2906 5799; x_wconf 91' lang='lat' dir='ltr'>Ottob.</span> <span class='ocrx_word' id='word_1_845' title='bbox 2943 5749 3003 5799; x_wconf 90' lang='lat' dir='ltr'>at</span> <span class='ocrx_word' id='word_1_846' title='bbox 3031 5748 3234 5812; x_wconf 87' lang='lat' dir='ltr'>Coisl.,</span> <span class='ocrx_word' id='word_1_847' title='bbox 3281 5748 3342 5794; x_wconf 74' lang='lat' dir='ltr'>dm</span> 
     </span>
     <span class='ocr_line' id='line_1_119' title="bbox 2274 5748 3342 5892; baseline -0.007 -21"><span class='ocrx_word' id='word_1_848' title='bbox 2274 5748 2352 5890; x_wconf 58' lang='lat' dir='ltr'>i5)</span> <span class='ocrx_word' id='word_1_849' title='bbox 2383 5814 2674 5892; x_wconf 87' lang='grc' dir='ltr'>Ἐχθρούς.</span> <span class='ocrx_word' id='word_1_850' title='bbox 2707 5815 2927 5885; x_wconf 87' lang='lat' dir='ltr'>Ottob.,</span> <span class='ocrx_word' id='word_1_851' title='bbox 2958 5811 3192 5890; x_wconf 81' lang='grc' dir='ltr'>ἐχθρούς</span> <span class='ocrx_word' id='word_1_852' title='bbox 3226 5832 3342 5865; x_wconf 85' lang='grc' dir='ltr'>σου.</span> 
     </span>
    </p>
   </div>
  </div>
