4152 6264
355 339 474 399 419

1426 323 1490 382 S.
1537 317 1855 382 GYRILLI
1900 311 2318 379 HIEROSOL.
2365 311 2731 374 ARCHIEP.

3649 310 3775 371 420

357 487 536 544 quam
569 464 855 522 fervidum
884 461 1194 535 pr0phetas
1219 457 1525 531 ingenium
1573 453 1807 508 leniens
1839 456 1905 506 ut
1931 452 2004 506 ad

2122 468 2228 521 μου
2264 469 2278 516 ;
2310 444 2626 502 Μονονουχὶ
2659 446 2868 517 ἡμεροῖ
2894 441 2958 497 τὸ
3017 438 3278 516 διάπυρον
3333 444 3432 496 τοῦ
3481 443 3772 519 προφήτου

358 556 832 617 misericordiam
863 553 1218 608 inclinaret:
1251 550 1371 604 Non
1425 544 1570 600 enim
1600 544 1878 606 inducam,
1912 541 2007 596 in-

358 654 506 726 quit,
539 648 745 704 malum
780 647 838 698 in
869 642 1056 697 diebus
1088 640 1205 710 ejus
1238 636 1303 692 4°.
1358 635 1463 690 Ille
1524 638 1656 704 post
1703 630 2009 686 remissio-

357 722 498 801 nem
527 739 598 794 ab
634 733 1015 806 improbitate
1049 746 1169 784 non
1200 726 1466 782 recessit.
1521 722 1767 777 Veniam
1808 726 2007 775 tamen

359 835 513 889 Deus
545 825 814 883 absolute
847 821 1091 892 largitus
1123 823 1231 881 est,
1257 832 1376 871 non
1413 815 1648 884 ignarus
1676 809 1879 876 futuri,
1901 808 2005 863 sed

358 939 463 995 pro
498 925 761 987 tempore
781 912 839 966 id
872 909 1029 983 quod
1061 905 1368 979 oportebat
1390 899 1820 960 reddensJusti
1844 898 2004 954 enim

352 989 575 1084 judicis
607 1009 713 1070 est,
738 1001 813 1058 ad
844 998 1077 1072 singula
1100 1013 1230 1068 quae
1263 994 1661 1065 contigerunt,
1685 989 1847 1062 juste
1872 1004 2005 1042 sen-

360 1099 607 1155 tentiam
631 1095 848 1149 dicere.

432 1186 574 1244 XIV.
600 1188 823 1240 Rursus
851 1178 1160 1237 Jeroboam
1219 1173 1413 1229 stabat
1464 1171 1536 1227 ad
1594 1169 1799 1224 altare.
1859 1167 2008 1233 Quia

355 1279 622 1352 jusserat
646 1272 995 1345 prophetam
1028 1262 1473 1338 comprehendi,
1508 1259 1674 1315 arida
1700 1258 1766 1312 ﬁt
1794 1273 2006 1312 manus

360 1347 490 1442 ejus
517 1366 584 1419 5°.
608 1364 749 1435 Ejus
782 1360 882 1432 qui
913 1358 986 1413 ad
1023 1374 1083 1411 se
1112 1358 1354 1410 venerat
1384 1355 1735 1424 potestatem
1767 1347 2004 1418 proprio

359 1437 764 1526 eiperimento
790 1462 1174 1520 cognoscens,
1235 1443 1416 1497 dicit:
1479 1441 1777 1509 Deprecare
1809 1437 2003 1490 Domi-

356 1525 509 1611 nuin,
543 1549 594 1597 et
622 1542 947 1595 restituatur
993 1549 1184 1591 manus
1214 1548 1334 1586 mea
1374 1529 1443 1585 δ’.
1481 1528 1628 1594 Quia
1659 1527 1888 1582 dixerat
1911 1525 2005 1579 Je-

357 1635 622 1698 roboam,
655 1633 975 1699 Deprecare,
1037 1623 1263 1679 sanavit
1309 1620 1480 1674 illum
1528 1617 1895 1690 prophetes:
1949 1618 2004 1668 te

355 1727 554 1780 autem
586 1719 852 1774 Christus
877 1731 1089 1770 sanare
1120 1729 1241 1767 non
1272 1708 1528 1782 poterit?
1550 1705 1870 1762 Fuitetiam
1887 1705 2002 1758 Ma-

356 1829 565 1870 nasses
595 1808 1020 1880 nequissimus,
1055 1805 1105 1860 is
1163 1803 1264 1874 qui
1295 1801 1510 1856 Isaiam
1542 1796 1862 1860 dissecuit;
1887 1810 2002 1866 quo
2037 1827 2081 1892 Β

359 1902 501 1974 quid
533 1899 782 1970 impium
811 1896 995 1967 magis
1011 1892 1325 1964 ?Captivus
1343 1890 1404 1943 in
1417 1887 1779 1958 Babylonem
1793 1883 2006 1955 perdu-

357 1972 487 2047 ctus
521 1988 809 2059 est,digna
841 1984 1038 2056 impias
1068 1979 1388 2037 voluntatis
1411 1972 2004 2048 stipendiaabinimi-

358 2082 442 2137 cis
470 2075 926 2153 perpessus.Sed
948 2073 1092 2145 quid
1121 2073 1205 2127 ait
1225 2069 1528 2140 Scriptura
1547 2067 1574 2120 ί.)
1600 2089 1624 2115 ‹‹
1654 2063 2006 2119 Humiliatus

361 2195 387 2221 ‹‹
405 2177 493 2226 est
515 2170 900 2228 Manasses,et
928 2162 1237 2219 confessus
1253 2165 1343 2214 est
1359 2157 1697 2222 Domino,et
1709 2151 2008 2208 exaudivit

361 2285 388 2312 ‹‹
407 2259 781 2324 Dominus,et
802 2254 1038 2309 reduxit
1062 2251 1231 2306 illum
1263 2249 1325 2303 in
1338 2263 1586 2320 regnum
1611 2244 1676 2299 δε.
1701 2266 1726 2292 ››
1750 2241 1856 2308 Qui
1875 2259 2007 2314 pro-

358 2351 599 2422 phetam
625 2347 1012 2408 dissecuerat,
1046 2357 1151 2412 per
1175 2336 1584 2411 paenitentiam
1625 2333 1877 2389 salutem
1921 2331 2006 2384 in-

355 2438 512 2493 venit
548 2453 562 2492 :
596 2441 654 2491 et
682 2440 745 2490 tu
775 2429 1135 2505 poenitentiae
1157 2427 1378 2482 difﬁdis
1407 2426 1434 2480 ?

432 2619 548 2675 XV.
585 2613 774 2671 Vultis
806 2624 1160 2682 cognoscere
1184 2621 1362 2676 quam
1383 2604 1532 2657 forte
1565 2601 1641 2655 sit
1656 2597 2008 2671 poenitentia

359 2722 663 2765 armorum
688 2717 902 2776 genus;
920 2703 1206 2770 quantum
1229 2692 1520 2749 confessio
1537 2689 1712 2745 etiam
1727 2689 2006 2743 adversus

360 2799 560 2853 hostes
574 2790 932 2866 praevaleat?
953 2790 1202 2844 Centum
1233 2783 1530 2854 octoginta
1543 2780 1805 2850 quinque
1819 2779 2005 2834 hosti-

358 2903 459 2941 um
476 2884 666 2938 millia
678 2881 952 2936 Ezechias
983 2894 1089 2949 per
1109 2873 1545 2930 confessionem
1565 2869 1684 2923 ruit
1700 2867 1766 2920 ⁸³.
1801 2869 1870 2921 Et
1896 2868 2006 2922 hoc

360 2975 553 3031 adhuc
575 2972 894 3028 minimum
919 2985 931 3022 :
959 2965 1318 3023 sententiam
1343 2961 1444 3017 Dei
1465 2959 1778 3015 adversum
1795 2974 1856 3013 se
1870 2974 2005 3029 pro-

361 3063 697 3121 nuntiatam
733 3077 838 3132 per
885 3055 1296 3129 paenitentiam
1353 3049 1642 3106 dissolvit.
1682 3046 2005 3119 zEgrotanti

357 3154 516 3210 enim
549 3152 664 3222 ipsi
695 3150 844 3204 dixit
874 3147 1055 3202 Isaias
1089 3163 1102 3201 :
1162 3143 1410 3198 Morte-ris
1461 3147 1543 3203 tu,
1592 3155 1690 3192 nec
1748 3135 1891 3192 vives
1933 3135 2003 3190 ⁵⁸.

2120 531 2542 612 συγκαταϐῆναι·
2600 533 2716 591 Οὐκ
2775 532 2952 605 ἐπάξω
3010 531 3138 606 γὰρ,
3207 529 3364 609 φησὶ,
3421 531 3521 599 τήν
3579 531 3769 587 κακίαν

2119 625 2169 681 ἐν
2221 630 2341 689 ταῖς
2395 625 2631 698 ἡμέραις
2691 622 2880 680 αὐτοῦ.
2939 619 3043 677 Καὶ
3101 621 3236 693 μετά
3286 620 3386 689 τὴν
3439 616 3622 696 ἄρρεσιν
3671 619 3772 675 οὐκ

2116 715 2320 784 ἀπέστη
2355 715 2430 786 (1)
2461 719 2563 781 τῆς
2618 711 2886 786 πονηρίας
3097 707 3187 762 καὶ
3242 709 3544 784 συνεχώρει
3575 710 3602 764 6
3636 707 3768 784 σύγο

2119 803 2341 877 χωρῶν,
2377 802 2480 856 οὐκ
2509 797 2718 855 ἀπιδὼν
2749 799 2812 854 τὸ
2847 795 3079 871 μέλλον,
3137 796 3284 852 ἀλλὰ
3336 801 3416 869 τῷ
3445 796 3767 872 προσκαίρῳ

2113 893 2174 947 τὸ
2207 889 2326 948 δὲον
2359 887 2676 951 ἀποδιδούς.
2724 887 2944 944 Δικαίου
2999 888 3100 963 γὰρ
3157 884 3413 941 δικαστοῦ
3472 885 3585 942 ἐστι
3632 887 3774 962 πρὸς

2113 980 2340 1038 ἕκαστον
2368 985 2478 1036 τῶν
2501 977 2880 1056 γεγενημένων
2917 975 3143 1040 δικαίως
3174 975 3592 1034 ἀποκοίνασθαι.

2190 1164 2283 1218 ῐΔ“.
2314 1159 2482 1216 Πάλιν
2546 1161 2573 1214 6
2616 1153 2900 1233 Ἱεροϐοάμ
2952 1156 3189 1227 εἱστήκει
3250 1153 3336 1211 ἐπὶ
3396 1159 3493 1210 τοῦ
3579 1166 3769 1219 θυσια-

2115 1250 2360 1323 στηρίου.
2389 1249 2549 1324 Ξηρᾶ
2580 1247 2784 1323 γίνεται
2817 1245 2980 1300 αὐτοῦ
3037 1247 3072 1315 ἡ
3123 1244 3270 1320 χείρ,
3326 1241 3514 1314 ἐπειδὴ
3547 1243 3766 1300 ἑκὲλευ-

2116 1362 2200 1396 σεν
2225 1337 2609 1417 συλληφθῆναι
2639 1339 2730 1394 τὸν
2765 1338 3078 1412 προφήτην.
3109 1335 3260 1409 Αύτῇ
3318 1339 3387 1409 τῇ
3447 1335 3606 1410 πείρᾳ
3636 1335 3767 1390 ἐπι-

2115 1430 2279 1506 γνοὺς
2335 1431 2437 1499 τῆν
2479 1428 2748 1505 ἐνέργειαν
2803 1431 2900 1482 τοῦ
2957 1423 3236 1495 ἐλθόντος,
3296 1423 3463 1500 λέγει·
3531 1428 3768 1495 Δεήθητι

2111 1525 2209 1576 τοῦ
2262 1522 2484 1595 Κυρίου,
2544 1516 2634 1573 καὶ
2691 1517 2998 1588 κατασταθῇ
3057 1516 3092 1585 ἠ
3150 1515 3273 1590 χείρ
3335 1535 3463 1588 μου.
3553 1515 3649 1569 Διὰ
3703 1515 3768 1570 τὸ

2114 1612 2282 1669 εἷ’πεῖν
2315 1611 2406 1667 τὸν
2438 1606 2748 1685 Ἰεροὸοὰμ,
2809 1609 3064 1678 Δεήθητι,
3126 1604 3312 1662 ἰάσατο
3371 1607 3398 1661 6
3447 1607 3762 1684 προφήτης·

2113 1705 2171 1759 σὲ
2203 1705 2303 1779 ἄρα
2334 1703 2361 1757 6
2393 1700 2627 1778 Χριστὸς
2681 1697 2744 1754 ού
2805 1696 3026 1753 δύναται
3085 1695 3336 1760 ἰάσασθαι
3371 1717 3385 1765 ς
3439 1694 3636 1773 Γέγονε
3667 1696 3760 1751 καὶ

2111 1798 2400 1861 Μανασσῆς
2461 1791 2953 1864 παρανομώτατος,
3012 1789 3041 1842 6
3117 1786 3206 1841 τὸν
3264 1785 3485 1840 Ἡσαῖαν
3537 1785 3763 1860 πρίσας·

2115 1881 2387 1938 τίτούτου
2419 1879 2882 1955 παρανομώτατον
2911 1896 2923 1947 ;
2957 1875 3364 1950 Αἰχμάλωντος
3411 1874 3656 1945 ἀπῆλθεν
3691 1874 3770 1938 εἷς

2116 1966 2439 2039 Βαϐυλῶνα,
2472 1967 2660 2038 ἐπάξια
2689 1968 2874 2031 παθὼν
2905 1973 3002 2036 τῆς
3057 1968 3135 2038 (3)
3180 1965 3347 2021 αὐτοῦ
3399 1963 3769 2040 προαιρέσεως

2121 2063 2224 2117 ὑπὸ
2256 2065 2362 2116 τῶν
2398 2059 2634 2134 ἐχθρῶν.
2671 2055 2852 2113 ’Λλλὰ
2879 2057 2931 2111 τί
2982 2056 3133 2130 λέγει
3163 2059 3198 2125 ἡ
3248 2057 3432 2134 Γραφή
3472 2075 3485 2125 ;
3519 2056 3770 2112 Ἐταπειο

2114 2153 2260 2220 νώθη
2324 2150 2636 2216 Μανασσῆς,
2720 2145 2813 2201 καὶ
2899 2141 3359 2219 ἐξωμολογήσατο
3425 2147 3503 2216 τῷ
3561 2142 3767 2218 Κυρίῳ,

2114 2241 2205 2296 καὶ
2265 2238 2550 2308 εἷσήκουσε
2609 2235 2826 2312 Κύριος,
2903 2234 2995 2290 καὶ
3075 2232 3410 2309 ἐπανήγαγεν
3472 2231 3633 2288 αὐτὸν
3687 2230 3768 2294 εἷς

2111 2332 2212 2400 τήν
2247 2325 2546 2403 βασιλείαν.
2582 2327 2642 2383 Ὁ
2670 2325 2760 2380 τὸν
2795 2325 3081 2401 προφήτην
3115 2322 3310 2397 πρῖσας
3349 2319 3438 2377 διὰ
3473 2319 3763 2395 μετανοίας

2115 2418 2315 2488 ἐσώθη·
2342 2417 2434 2472 καὶ
2467 2415 2528 2470 σὺ
2559 2419 2627 2488 τῇ
2653 2411 2912 2488 μετανοίᾳ
2940 2412 3184 2476 ἀπιστεῖς
3215 2430 3229 2480 ς

2188 2599 2290 2656 ΙΕ“.
2315 2594 2589 2659 Βούλεσθε
2619 2598 2823 2669 γνῶναι
2851 2592 2912 2648 τὸ
2970 2588 3197 2667 ἰσχυρὰν
3227 2594 3388 2647 τοῦτο
3442 2595 3542 2659 τῆς
3581 2608 3764 2658 σωτη·

2118 2689 2234 2764 ρίας
2265 2688 2460 2757 ὅπλον,
2493 2686 2659 2741 πὸσον
2692 2683 3089 2759 ἐξομολόγησις
3121 2682 3302 2756 ἰσχύει
3343 2680 3435 2736 καὶ
3489 2681 3624 2736 κατά
3651 2682 3762 2734 τῶν

2115 2778 2401 2850 πολεμίων
2434 2796 2447 2845 ;
2475 2777 2698 2832 Ἑκατὸν
2730 2771 3078 2848 ὁγδοήκοντα
3135 2773 3293 2826 πέντε
3327 2766 3588 2845 χιλιάδας
3611 2769 3762 2837 Ἐζε-

2113 2868 2234 2929 κίας
2269 2865 2332 2920 δι’
2359 2863 2815 2939 ἐζομολογήσεως
2856 2862 3136 2937 ἐτρέψατο.
3197 2858 3300 2917 Καὶ
3348 2863 3510 2913 τοῦτο
3543 2855 3620 2912 ἔτι
3679 2857 3760 2929 (4)

2117 2956 2175 3014 δὲ
2208 2951 2423 3032 μικρόν·
2459 2957 2725 3031 ἀποφασιν
2761 2956 2894 3008 Θεοῦ
2925 2949 3085 3007 ἔλυσε
3150 2948 3241 3005 διὰ
3297 2948 3601 3024 μετανοίας.
3649 2949 3761 3003 Νο-

2117 3050 2341 3118 σήσαντι
2374 3045 2478 3121 γὰρ
2511 3043 2657 3116 αὐτῷ
2706 3040 2926 3102 Ἡσαΐας
2986 3041 3168 3118 φησίν·
3229 3040 3620 3108 Ἀποθνήσκεις
3678 3035 3764 3108 σὺ,

2118 3132 2296 3189 καὶσὺ
2329 3134 2492 3206 ζήσῃ.
2553 3129 2689 3186 Ποία
2737 3128 2916 3200 ἐλπὶς,
2961 3127 3091 3183 ποία
3141 3126 3384 3202 σωτηρία
3437 3123 3472 3193 ἢ
3523 3120 3766 3198 προσδο-

353 3244 492 3307 Οιιεο
517 3201 644 3312 jarm
667 3255 826 3309 spes,
867 3254 997 3306 quas
1059 3234 1216 3288 ultra
1275 3231 1434 3285 salus
1491 3201 1581 3282 vel
1621 3225 2004 3296 exspectatio,

2119 3227 2229 3295 κία,
2259 3229 2358 3280 τοῦ
2389 3225 2675 3300 προφήτου
2708 3221 2961 3298 λέγοντος
2999 3241 3012 3287 ;
3062 3218 3216 3278 Ἀλλ’
3255 3201 3357 3273 αύκ
3402 3218 3611 3287 ἀπέστη
3663 3221 3765 3284 τῆς

358 3328 787 3404 pronuntiante
812 3325 1101 3397 propheta
1131 3322 1158 3376 ?
1182 3326 1242 3377 at
1271 3321 1372 3374 ille
1403 3335 1522 3373 non
1555 3321 1859 3371 revocatus
1873 3319 2010 3369 esta

358 3418 732 3493 pmnitentia.
757 3417 966 3470 Verum
1000 3427 1229 3468 memor
1259 3410 1387 3480 ejus
1407 3406 1564 3478 quod
1597 3405 1882 3475 scriptum
1896 3409 2006 3458 est:

360 3511 495 3567 Cum
519 3523 739 3563 aversus
788 3503 1140 3573 ingemueris,
1175 3506 1301 3554 tunc
1330 3496 1625 3554 salvaberis
1647 3494 1692 3529 ⁵⁵
1717 3511 1730 3560 ;
1767 3510 2007 3548 aversus

358 3604 448 3653 est
476 3596 549 3652 ad
578 3596 884 3668 parietem,
921 3597 978 3646 et
1007 3594 1266 3644 mentem
1307 3604 1413 3658 per
1435 3584 1765 3640 orationem
1796 3582 1867 3636 ad
1891 3598 2008 3636 c03-

353 3689 480 3744 lum
513 3686 764 3743 tendens
805 3701 816 3737 :
852 3683 1098 3746 Domine,
1131 3679 1234 3737 ait.
1262 3682 1528 3732 memento
1577 3675 1683 3729 mei
1712 3671 1758 3705 ⁸6
1793 3687 1805 3725 :
1839 3670 2004 3725 sufﬁ-

353 3777 434 3833 cit
454 3777 615 3831 enim
640 3774 716 3830 ad
749 3772 1119 3828 sanationem
1151 3773 1206 3822 te
1238 3766 1353 3820 mei
1371 3763 1739 3820 meminisse.
1765 3762 2005 3831 Tempo-

354 3869 521 3923 ribus
559 3882 679 3921 non
713 3861 1117 3935 subjaces,sed
1149 3861 1351 3930 ipsees
1382 3858 1514 3912 vitae
1538 3853 2006 3924 arbiteretlegis-

354 3957 658 4013 lator.Non
693 3955 855 4010 enim
889 3951 1219 4007 secundum
1238 3946 1571 4019 genituram
1594 3946 2002 3999 autastrorum

354 4045 830 4118 complexionem
860 4043 990 4097 vitai
1023 4046 1241 4095 nostrai
1285 4036 1434 4091 ratio
1465 4033 1747 4100 decurrit,
1782 4031 1888 4086 sed
1919 4047 2004 4084 se-

354 4136 616 4194 cundum
650 4141 811 4190 tuam
835 4132 1217 4186 voluntatem.
1247 4128 1318 4180 Et
1346 4125 1456 4192 illi,
1489 4123 1660 4194 cujus
1691 4122 2003 4192 desperata

350 4228 468 4280 vita
488 4226 1002 4288 fuerat,annorum
1021 4215 1366 4287 quindecim
1388 4215 1517 4268 vitas
1531 4211 1791 4268 accessio
1809 4211 2000 4265 datur:

351 4321 529 4386 atque
563 4313 622 4367 in
647 4311 880 4382 signum
905 4308 1108 4362 decem
1150 4303 1427 4376 gradibus
1483 4302 1569 4356 sol
1605 4305 2001 4371 retrogressus

351 4411 442 4460 est
470 4403 793 4473 "Propter
822 4401 1023 4454 Jesum
1050 4410 1185 4449 vero
1219 4392 1307 4448 sol
1338 4391 1554 4446 defecit
1575 4390 1641 4458 ⁵⁸,
1662 4407 1782 4444 non
1813 4395 1997 4444 retro-

351 4491 700 4566 gradus,sed
731 4488 1105 4553 deﬁciens,et
1122 4483 1431 4552 utriusque
1459 4479 1778 4535 ostendens
1793 4479 1999 4534 discri-

2121 3315 2429 3389 μετανοίας·
2461 3311 2610 3368 ἀλλὰ
2641 3311 2995 3386 μεμνημένος
3025 3314 3121 3365 τοῦ
3160 3307 3568 3385 γεγραμμένου.
3599 3306 3766 3362 Ὅταν

2118 3404 2483 3480 ἀποστραφεὶς
2589 3406 2664 3476 (5)
2749 3401 3024 3476 στενάξῃς,
3131 3401 3257 3454 τότε
3339 3399 3582 3471 σωθήσῃ,
3633 3395 3767 3450 ἀπε-

2120 3498 2330 3574 στράφη
2361 3496 2438 3558 εἷς
2460 3496 2551 3549 τὸν
2583 3499 2799 3568 τοῖχον,
2833 3491 2922 3548 καὶ
2980 3491 3158 3552 τείνας
3210 3491 3309 3559 τήν
3371 3486 3614 3544 διάνοιαν
3673 3483 3764 3541 διὰ

2115 3593 2214 3656 τῆς
2247 3593 2566 3660 προσευχῆς
2598 3585 2673 3646 εἷς
2704 3585 2796 3638 τὸν
2839 3581 3090 3658 οὐρανὸν,
3151 3579 3336 3656 Κύριε,
3401 3577 3587 3656 φησὶν,
3623 3577 3762 3649 μνή-

2113 3675 2272 3745 σθητί
2336 3695 2459 3748 μου·
2519 3673 2779 3749 αὔταρκες
2827 3673 2932 3748 γὰρ
2993 3670 3072 3732 εἷς
3125 3668 3359 3746 ἱατρείον
3386 3667 3449 3722 τὸ
3515 3667 3572 3720 σε
3621 3686 3767 3737 μνη-

2115 3764 2315 3835 σθῆναί
2351 3785 2479 3837 μου.
2515 3763 2638 3837 Οὐχ
2667 3757 3042 3830 ὑποϐεϐλησαι
3075 3759 3322 3835 χρόνοις,
3353 3755 3477 3812 ἀλλ’
3509 3754 3666 3816 αὐτὸς
3717 3754 3766 3807 εἷ

2112 3862 2217 3924 τῆς
2254 3861 2402 3923 ζωῆς
2434 3854 2762 3926 νομοθέτης·
2820 3851 2881 3906 οὐ
2940 3851 3043 3924 γὰρ
3075 3849 3212 3904 κατά
3241 3848 3446 3924 γένεσιν
3477 3845 3568 3900 καὶ
3624 3841 3768 3899 πλο-

2111 3945 2212 4012 κὴν
2246 3944 2457 4017 ἄστρων
2484 3946 2685 4014 ζῶμεν,
2717 3940 2844 3996 ἀλλ’
2870 3940 2959 3994 ὅτε
2993 3936 3202 4014 βούλει.
3239 3935 3338 3990 Καὶ
3370 3937 3415 4007 ᾦ
3465 3935 3527 3990 τὸ
3561 3936 3656 4007 ζῇν
3689 3931 3766 3994 εἷς

2113 4033 2439 4089 ἀπελπισίαν
2495 4032 2774 4105 περιέστη,
2820 4031 3000 4102 τούτῳ
3059 4024 3570 4094 πεντεκαιδεκαετής
3625 4021 3764 4099 χρό-

2111 4145 2200 4186 νος
2235 4123 2310 4184 el;
2344 4123 2488 4192 ζωῆν
2522 4119 2846 4195 προσετέθη·
2879 4118 2969 4175 καὶ
3011 4118 3075 4173 τὸ
3134 4121 3388 4191 σημεῖον,
3451 4112 3579 4171 δέαα
3632 4115 3761 4169 ἀνα-

2112 4207 2354 4284 ϐαθμοὺς
2403 4213 2431 4265 6
2462 4208 2626 4279 ῆλιος
2671 4209 2985 4284 ὑπέστρεψε.
3049 4207 3144 4262 Διά
3195 4204 3253 4261 δὲ
3297 4205 3387 4260 τὸν
3453 4205 3670 4275 Ἰησοῦν
3730 4202 3758 4256 ὁ

2111 4300 2272 4369 ἣλιος
2301 4298 2586 4371 ἐξὲλειψεν,
2618 4298 2720 4352 οὐκ
2751 4297 3102 4363 ἀναποδίσας,
3164 4294 3290 4350 ἀλλ’
3348 4291 3614 4363 ἐκλιπὼν,
3669 4290 3761 4347 καὶ

2114 4389 2286 4460 δείξας
2340 4391 2439 4457 τῆν
2504 4386 2762 4464 διαφορὰν
2825 4387 3113 4461 ἑκατέρων.
3165 4383 3268 4442 Καὶ
3319 4384 3346 4438 ὁ
3399 4384 3494 4457 μὲν
3543 4381 3762 4458 ἴσχυσεν

2111 4479 2378 4556 ἀπόφασιν
2409 4483 2542 4534 Θεοῦ
2577 4477 2756 4533 λῦσαι·
2810 4478 3020 4547 Ἰησοῦς
3082 4473 3139 4529 δὲ
3197 4475 3261 4529 οὑ
3319 4471 3604 4548 χαρίζεται
3665 4469 3765 4548 ἄφ-

353 4559 528 4639 inen:
560 4587 618 4636 et
647 4580 749 4635 ille
771 4577 1013 4649 quidem
1049 4573 1240 4646 potuit
1261 4571 1362 4626 Dei
1395 4569 1751 4624 sententiam
1789 4568 2003 4624 dissol-

2119 4591 2222 4624 εσιν
2254 4572 2331 4641 (6)
2363 4570 2641 4642 ἁμαρτιῶν
2674 4585 2688 4635 ;
2724 4566 3096 4640 Ἀπόστρεψον
3127 4564 3217 4618 καὶ
3249 4564 3502 4630 στὲναζον
3547 4559 3638 4616 καὶ
3669 4559 3764 4614 αὐ-

349 4689 485 4728 vere
511 4690 525 4738 ;
549 4673 718 4726 Jesus
744 4686 879 4724 vero
922 4669 1302 4739 peccatorum
1323 4658 1555 4715 veniam
1593 4657 1851 4712 tribuere
1882 4676 2001 4714 non

349 4760 615 4836 poterit?
647 4763 920 4815 Avertere
952 4763 1014 4811 tu
1031 4755 1356 4826 quoque,et
1376 4747 1698 4821 ingemisce
1715 4746 1761 4782 5°
1783 4749 2003 4804 ostium

2111 4658 2223 4720 τός·
2255 4656 2578 4712 ἀπόκλεισον
2610 4656 2708 4724 τήν
2743 4655 2928 4727 θύραν·
2964 4653 3251 4729 πρόσευξαι
3278 4649 3368 4704 ’ίνα
3419 4671 3505 4704 σοι
3565 4646 3760 4724 ἀφεθῇ,

2108 4746 2201 4803 ’ίνα
2233 4769 2328 4801 σου
2365 4745 2594 4819 περιέλῃ
2651 4744 2746 4806 τὰς
2805 4743 3016 4820 φλόγας
3072 4743 3167 4804 τὰς
3214 4737 3522 4800 καυστικάς·
3581 4737 3764 4812 ἰσχύει

415 4949 460 4983 ⁸⁸
513 4947 593 5001 Ill
645 4948 782 5015 Reg.
811 4961 931 5009 1x1,
953 4944 1093 5015 729.“
1115 4939 1173 5015 5°_
1192 4940 1268 4993 IlI
1294 4939 1431 5007 Reg.
1478 4950 1609 5015 xui,
1657 4936 1677 4986 1
1785 4932 2004 5015 i'bid._6.

2164 4935 2214 4987 ΙΙ
2265 4933 2463 5015 Ijaral.
2501 4948 2741 5015 'xxxm,
2775 4933 2860 4997 12,
2915 4931 3014 5015 13λ
3059 4927 3234 5015 IX
3291 4928 3428 5015 lieg.
3501 4939 3615 4989 xxx,

348 5020 398 5056 ⁸⁶
450 5019 672 5086 lVReg.
730 5005 851 5080 "xx,
919 5005 992 5068 Ἰ.
1053 5012 1096 5046 ⁵⁵
1151 5013 1264 5066 Isa.
1325 5005 1460 5076 xix,
1546 5005 1634 5060 45.

351 5091 400 5126 ⁵⁹
430 5094 542 5144 Isa.
574 5103 708 5153 xxx,
744 5087 830 5139 15.

427 5245 505 5308 (1)
539 5238 656 5293 Οὐκ
684 5235 909 5308 ἀπέστη.
937 5233 1154 5308 0ttob_.,
1187 5228 1352 5283 πάλιν
1389 5227 1502 5308 01330
1519 5227 1611 5308 ἀπ.

428 5299 504 5385 (2)
535 5307 833 5383 Πονηρίας.
866 5299 948 5362 Ex
971 5304 1165 5361 Ottob.
1216 5319 1355 5358 nam
1405 5300 1582 5354 Coisl.
1639 5299 1778 5372 fert,
1827 5319 2001 5369 πονη-

356 5383 503 5524 ρίῗὲδ
535 5450 726 5514 Παθὼν
757 5455 874 5518 τῆς.
911 5450 1003 5503 Sic
1034 5445 1227 5503 Ottob.
1264 5451 1324 5500 at
1372 5443 1575 5510 Coisl.,
1635 5444 1822 5504 παθὼν
1899 5443 2001 5496 ὑπὸ

351 5548 501 5662 τηῗί)
531 5596 705 5651 Τοῦτο
740 5588 840 5663 ἔτι,
875 5597 986 5647 etc.
1046 5591 1134 5663 Ita
1187 5606 1257 5644 ex
1317 5586 1509 5643 Ottob.
1565 5601 1766 5640 verum
1801 5585 2003 5655 Coisl.,

355 5659 458 5732 Καὶ
487 5659 650 5723 τοῦτό
682 5665 792 5722 ἐστι
819 5659 881 5718 τὸ
917 5659 1134 5737 μικρόν.

1719 5003 1766 5038 ⁵⁸
1796 5005 1866 5057 IV
1922 5007 2060 5078 Reg.
2120 5023 2215 5072 xx,
2275 5007 2326 5060 3.

2380 5005 2423 5038 ⁵⁷
2501 5004 2611 5058 Isa.
2670 4995 2899 5070 nimii,
2985 5003 3038 5054 8-
3097 4999 3144 5035 ⁵⁸
3192 4995 3403 5054 ΕοοΙίῘ
3427 5011 3618 5064 XLVIII,
3675 4995 3767 5046 26.

2183 5225 2714 5301 (5)ῌ“Δποστραφείς.
2748 5228 2835 5301 Ita
2867 5225 3094 5301 scribo,
3149 5222 3420 5301 quamvis
3472 5221 3535 5301 i_n
3583 5217 3763 5301 Co_isl.

2114 5288 2210 5369 sit,
2242 5288 2618 5370 ἀποστραῷῇέ,
2656 5304 2713 5353 et
2767 5299 2829 5353 in
2860 5299 3028 5370 iOtt.,
3060 5288 3438 5370 Δἐπιέτετεραφῇς.
3472 5288 3764 5370 Theodor,

2112 5361 2274 5443 in
2309 5361 2454 5438 cvnl,
2598 5371 2760 5443 legit,
2820 5369 2987 5443 "O‘t‘av
3020 5361 3412 5443 ἀποστραρᾖ
3496 5361 3601 5443 καῖ,
3648 5378 3768 5442 αντε-

2110 5431 2532 5517 πέζις-διδάξῃ
2562 5431 2793 5517 prastat.
2830 5439 3001 5495 codd.
3061 5456 3182 5494 non
3213 5431 3469 5492 habetur
3509 5431 3619 5487 καί·
3654 5432 3766 5484 ita-

2116 5513 2230 5587 que
2264 5515 2492 5587 librarii
2524 5513 2731 5587 vitium
2761 5517 2867 5587 est.

2193 5588 2269 5660 (6)
2300 5586 2544 5660 Ἀφεσιν.
2580 5585 2762 5640 Coisl.
2801 5581 3096 5659 ἀπόφασιν.
