4152 6276
352 302 363 325 ³
385 298 502 359 III

1335 277 1818 346 CATEGHESIS
1863 275 1942 340 ιι.
1982 273 2416 339 EXEMPLAR
2442 273 2862 341 ALTERUM.

3682 291 3807 353 422

381 429 490 505 γὰρ
515 421 926 499 έξομολόγησις
959 412 1146 474 σϐέσαι
1175 414 1263 471 καὶ
1296 418 1425 490 πῦρ,
1458 409 1640 487 ἷσχόει
1670 408 1761 465 καὶ
1819 405 2039 469 λέοντας

2164 407 2408 464 claude:
2441 425 2544 465 ora
2573 414 2639 464 ut
2696 410 2799 491 tibi
2850 411 3185 471 dimittatur
3226 414 3293 488 ⁸ο,
3345 422 3412 474 ut
3456 425 3697 479 urentes
3745 429 3802 483 te

387 519 704 594 ἡμερῶσαι.

460 696 553 765 Ῐζ’.
586 694 654 751 El
701 690 760 749 δὶ
810 691 1067 763 ἀπιστῇς,
1126 684 1383 756 ἐννόησον
1441 681 1494 738 τί
1552 674 1852 754 συγκατέϐη
1913 678 2046 734 ποτὶ

385 791 507 849 τοῖς
536 784 664 859 περί
690 782 784 838 τὸν
836 778 1111 836 Ἀνανίαν.
1167 775 1260 840 El;
1299 775 1400 844 τὴν
1448 771 1678 845 κάμινον
1725 773 1823 825 τοῦ
1877 770 2048 840 πυρὸς

390 874 549 937 ποίας
601 858 900 950 ἀνέρρηξαν
928 869 1147 942 πηγάςς
1204 864 1373 920 πόσον
1433 860 1629 924 ὕδατος
1691 858 2042 950 μέτρον-τήν

392 965 480 1024 ἰπὶ
507 942 909 1037 τεσσάρακοντα
966 957 1113 1014 ἰννέα
1167 956 1373 1030 πήχεις
1428 951 1806 1027 ἀνερχομένην
1868 942 2047 1026 φλόγα

391 1051 579 1112 σϐέσαι
611 1034 837 1108 δύνατον
863 1049 931 1119 ἦν
958 1066 975 1117 ς
1003 1047 1164 1102 Ἀλλ’
1196 1044 1335 1100 ’ὀπου
1370 1041 1621 1117 μεγάλως
1649 1042 1686 1109 ἡ
1717 1037 1855 1117 φλόξ
1884 1039 2044 1112 ὑπερ-

396 1139 589 1214 ανέθη,
626 1140 736 1196 ἐκεῖ
760 1140 919 1215 πηγή
975 1134 1261 1212 μετανοίας
1300 1131 1534 1207 ἐξεχύθη
1583 1128 1797 1201 πολλὴ,
1846 1126 2044 1215 λεγόν-

394 1252 505 1287 των
537 1228 730 1284 αὐτῶν·
760 1214 884 1284 Ὀτι
934 1221 1146 1285 δίκαιος
1194 1220 1245 1276 εἴ
1291 1219 1380 1275 ἐπὶ
1428 1221 1591 1274 πᾶσιν
1642 1218 1726 1279 οἷς
1781 1214 2046 1285 έποίησας

395 1320 558 1392 ἡμῖν·
637 1316 751 1383 καὶ,
836 1310 1210 1387 Ἠμᾶρτομεν,
1298 1306 1389 1363 καὶ
1489 1306 1906 1392 ἡνομήσαμεν,
1954 1302 2045 1357 καὶ

389 1390 763 1481 ἠδικήσαμεν.
834 1404 968 1463 Εἶτα
1021 1404 1116 1465 τὰς
1162 1401 1259 1474 μὶν
1313 1396 1550 1472 καμίνου
1609 1394 1813 1474 φλόγας
1883 1390 2045 1449 ἔπαυ-

389 1500 581 1572 σεν(1)
609 1499 647 1566 ἡ
682 1495 961 1570 μετάνοια·
1019 1492 1267 1552 ἀπιστεῖς
1312 1485 1390 1557 δὲ,
1442 1488 1526 1542 ’ὁτι
1577 1482 1800 1541 δύναται
1847 1483 1937 1538 καὶ
1982 1482 2045 1537 τὸ

386 1596 489 1659 τῆς
514 1585 737 1664 γεέννης
767 1577 1065 1640 ἀποσϐέσαι
1096 1584 1204 1656 πῦρ
1231 1602 1248 1649 ;
1282 1574 1465 1634 Ἀλλά
1494 1574 1608 1650 έρεῖ
1655 1572 1751 1664 μοί
1801 1594 1884 1664 τις
1935 1576 2045 1664 τῶν

389 1660 559 1747 ὀξέως
588 1668 1064 1747 ἀποκρινομένων,
1096 1668 1180 1722 ὅτι
1236 1669 1356 1729 τοῖς
1401 1666 1665 1739 παροῦσιν
1712 1660 1978 1723 ἀνοίκειος
2007 1662 2043 1731 ἡ

390 1763 668 1840 διήγησις-
703 1759 792 1816 διὰ
820 1759 920 1835 γὰρ
949 1758 1013 1814 τὸ
1049 1759 1125 1831 μή
1160 1754 1392 1850 θελῆσαι
1421 1753 1549 1850 τοὺς
1577 1752 1704 1850 περὶ
1735 1751 1827 1807 τὸν
1848 1753 2043 1850 ":Ava-
2075 1785 2122 1850 Β

385 1837 510 1909 νίαν
537 1848 1036 1925 εἰδωλολατρῆσαι,
1066 1847 1164 1915 τὴν
1214 1841 1516 1919 παράδοξον
1575 1839 1800 1915 δόναμιν
1846 1837 2042 1895 ἔδωκεν

392 1946 423 2000 ὁ
454 1942 605 2005 Θεός.
641 1937 1200 2015 Συμπεριφερόμενος
1231 1932 1288 1989 δὲ
1317 1937 1397 2005 τῷ
1428 1930 1685 2004 σοιούτῳ,
1715 1929 1806 1985 καὶ
1845 1929 1908 1984 τὸ
1936 1933 2044 1984 τῶν

394 2029 816 2105 ὑποδειγμάτων
843 2028 984 2103 ὁρῶν
1017 2023 1269 2100 δαψιλὲς,
1300 2017 1540 2099 ἔρχομαι
1573 2019 1768 2076 λοιπὸν
1824 2019 1914 2074 καὶ
1964 2018 2047 2096 ἐφ’

391 2121 580 2198 ’ἕτερον
605 2120 778 2176 τύπον
809 2115 1116 2192 μετανοίας.

464 2308 561 2364 ΙΖ’.
593 2302 729 2360 Τίνα
758 2302 837 2374 (2)
866 2299 970 2376 γὰρ
1002 2296 1261 2353 ὗπόνοιαν
1313 2293 1462 2370 ἔχεις
1516 2295 1640 2371 περὶ
1685 2288 2044 2369 Ναϐουχοδο-

390 2395 595 2471 νόσορ;
629 2393 746 2450 Οὐκ
772 2388 1013 2459 ἤκουσας
1064 2387 1170 2443 ἀπὸ
1211 2391 1320 2442 τῶν
1367 2388 1619 2461 Γραφῶν,
1661 2378 2041 2471 ὃτιᾲδυσσεϐᾌέ-

387 2468 584 2545 στατος
613 2481 707 2551 ἦν,
738 2477 828 2534 καὶ
860 2478 1202 2553 ἀγριώτατος
1233 2475 1323 2529 τὸν
1354 2474 1581 2550 τρόπον,
1614 2472 1705 2528 καὶ
1764 2468 2041 2542 λεοντώδη

388 2573 494 2641 τὴν
526 2569 837 2644 προαίρεσιν
870 2564 1054 2641 ἔχωνς
1087 2563 1191 2619 οὐκ
1219 2562 1481 2634 ἤκουσας,
1523 2562 1607 2617 ’ὸτι
1665 2563 1731 2616 τὰ
1777 2561 1934 2616 ὀστέα
1964 2564 2042 2635 (3)

396 2666 513 2717 τῶν
542 2656 809 2736 βασιλέων
837 2654 895 2711 ἐκ
921 2658 1034 2711 τῶν
1062 2656 1245 2732 τάφων
1277 2651 1553 2729 ἐξήνεγκεν
1584 2651 1660 2714 εἷς
1688 2651 1752 2706 τὸ
1778 2654 1893 2726 φῶς
1921 2653 1997 2724 (4)
2025 2670 2040 2721 ς

396 2750 498 2806 οὐκ
526 2747 714 2823 ἔγνως,
744 2746 827 2801 ’ὁτι
857 2746 951 2801 τὸν
987 2742 1122 2800 λαὸν
1154 2741 1517 2818 αἰχμάλωτον
1567 2741 1845 2816 ἀπήγαγεν
1872 2761 1886 2810 ;
1937 2740 2044 2795 οὐκ

393 2837 656 2909 ἤκουσας,
690 2836 774 2891 δτι
800 2833 929 2896 τοὺς
962 2830 1288 2903 ὀφλαλμοὺς
1317 2834 1417 2885 τοῦ
1452 2824 1720 2905 βασιλέως
1749 2827 2044 2907 ἐξετύφλω-

396 2949 475 2997 σε,
505 2922 790 3000 προδείξας
815 2922 961 2994 αὖτῷ
988 2922 1055 2975 τὰ
1082 2918 1243 2976 τέκνα
1296 2919 1638 2994 σφαττόμενα
1667 2937 1682 2988 ;
1732 2916 1831 2972 οὐκ
1871 2915 2039 2987 ἤκου-

394 3037 509 3086 σας,
541 3014 720 3071 ὅτιτά
775 3005 1056 3088 χερουϐὶμ
1110 3007 1375 3082 ἥρπασεν,
1435 3009 1499 3063 οὐ
1559 3006 1703 3084 λέγω
1748 3006 1815 3062 τὰ
1868 3008 2041 3077 νοητά

387 3106 478 3163 καὶ
509 3103 826 3178 ἐπουράνια,
857 3098 1003 3156 ἀλλά
1029 3099 1099 3154 τά
1151 3097 1204 3153 έν
1258 3102 1338 3169 τῷ
1391 3101 1508 3170 ναῷ
1553 3098 2038 3171 κατεσκευασμένα,

388 3195 455 3252 lci
482 3195 570 3250 ἐπὶ
598 3194 663 3249 τὸ
693 3191 1017 3260 ἱλαστήριον
1045 3190 1148 3257 τῆς
1175 3182 1441 3257 κιϐωτοῦ,
1473 3184 1547 3241 ὧν
1579 3186 1848 3258 ἀνάμεσον
1905 3185 2041 3241 ἐλά-

391 3286 478 3343 λει
521 3287 550 3341 ὁ
605 3282 843 3358 Κύριοςς
902 3280 1075 3341 Οὗτος
1107 3278 1136 3334 ὁ
1167 3273 1663 3353 Ναϐουχοδονόσορ
1710 3278 1774 3331 τὸ
1814 3276 2049 3333 καταπέ-

385 3394 570 3449 τασμα
592 3379 695 3443 τῆς
722 3369 1033 3447 ἁγιωσύνης
1092 3367 1415 3436 κατέσπασε,
1444 3365 1508 3420 τὸ
1549 3367 1931 3442 θυσιαστήριον
1958 3367 2052 3441 (5)

387 3463 670 3540 ἀνέτρεψε,
721 3460 813 3516 καὶ
865 3453 1049 3514 λαϐὼν
1097 3458 1167 3513 τά
1202 3455 1365 3527 σκεύη
1416 3456 1590 3511 πάντα
1637 3453 1715 3517 εἰς
1769 3452 2050 3512 εἶδωλεῖον

390 3554 722 3627 ἀπήνεγκεν·
760 3549 920 3605 αὐτὸν
947 3547 1040 3603 τὸν
1089 3546 1217 3602 ναὸν
1271 3544 1555 3616 ἐνέπρησε.
1617 3544 1808 3599 Πόσων
1851 3544 1918 3613 ἧν
1966 3566 2049 3601 τι-

400 3647 626 3718 μωριῶν
657 3639 824 3715 ἃξιος,
856 3638 944 3693 ἐπὶ
974 3641 1055 3709 τῷ
1099 3634 1309 3692 ἀνελεῖν
1374 3631 1647 3710 βασιλέας,
1699 3632 1787 3687 ἐπὶ
1831 3638 1913 3706 τῷ
1957 3633 2052 3702 ἐμ.

394 3736 607 3808 πρῆσαι
636 3730 705 3787 τὰ
735 3729 882 3804 ἅγια,
914 3727 1005 3784 ἐπὶ
1033 3730 1113 3800 τῷ
1142 3725 1237 3782 τὸν
1299 3724 1432 3781 λαὸν
1478 3722 1908 3799 αἱχμαλωτῆσαι
1949 3725 2049 3798 (6),

396 3822 484 3876 έπὶ
517 3825 600 3894 τῷ
627 3821 697 3875 τά
747 3818 869 3893 ἱερὰ
921 3816 1084 3886 σκεύη
1143 3819 1297 3876 ναοῖς
1355 3809 1602 3869 εἰδώλων
1656 3810 2047 3883 ἐναποθέσθαι;

397 3911 486 3986 ἂρ’
520 3910 623 3965 οὐκ
649 3908 718 3978 ἧν
756 3906 966 3983 μυρίων
997 3905 1243 3960 θανάτων
1275 3901 1421 3976 ἃξιος
1447 3921 1461 3971 ;

468 4000 582 4057 ΙΗ’.
639 3996 800 4053 Ἀλλ’
855 3993 996 4057 εἶδες
1054 3994 1115 4049 τὸ
1187 3992 1407 4067 μέγεθος
1461 3990 1627 4047 αὐτοῦ
1681 3994 1789 4047 τῶν
1845 3995 2049 4047 κακῶν·

393 4087 527 4143 ἐλθέ
553 4087 755 4142 Λοιπὸν
788 4084 873 4140 ἐπὶ
930 4085 1030 4151 τήν
1089 4086 1186 4137 τοῦ
1244 4085 1378 4137 Θεοῦ
1437 4080 1868 4157 φιλανθρωπίαν·
1927 4082 2052 4137 Ἀπ-

393 4177 678 4252 εθηριώθη
712 4174 933 4245 λοιπὸν,
966 4174 994 4228 ὁ
1024 4167 1276 4248 θηριώδη
1311 4169 1400 4225 καὶ
1432 4168 1722 4243 ώμοτᾶτην
1756 4165 1901 4246 ἔχων
1946 4171 2046 4240 τὴν

392 4265 737 4343 προαίρεσιν·
773 4261 1128 4333 ἀπεθηριώθη
1164 4259 1222 4313 δέ
1282 4257 1389 4334 οὐχ
1429 4256 1521 4343 ’ίνα
1578 4259 1874 4330 ἀπόληται,
1924 4259 2053 4317 ἀλλ’

397 4340 484 4408 ἴνα
518 4351 607 4407 διά
640 4351 931 4424 μετανοίας
960 4349 1140 4422 σωθῇ.
1180 4348 1422 4421 *Ονυχας
1452 4340 1605 4419 ἔσχεν
1664 4350 1773 4400 τῶν
1825 4346 2047 4422 ὀρνέων·

2153 496 2427 553 ﬂammas
2440 488 3523 577 disjiciat“.Potestenimpaznitentia
3538 516 3598 567 et
3612 512 3808 587 ignem

2156 589 2569 662 exstinguere;
2604 594 2799 662 potest
2828 597 2887 646 et
2916 592 3122 649 leones
3153 595 3417 653 cicurare
3447 598 3516 656 ⁵³.

2225 679 2366 733 XVI.
2398 679 2471 753 (7)
2496 679 2662 745 Quod
2692 681 2740 735 si
2763 681 3021 751 diffidas,
3045 684 3237 757 cogita
3266 687 3410 757 quid
3440 689 3584 746 olim
3614 692 3806 749 conti-

2153 768 2307 840 gerit
2323 770 2569 824 Ananiae
2586 774 2643 824 et
2661 769 2856 827 sociis.
2872 772 3085 836 Quales
3100 774 3159 828 in
3178 776 3483 834 caminum
3497 779 3649 853 ignis
3668 783 3805 838 fon-

2154 861 2243 912 tes
2265 857 2649 914 effuderunt?
2668 860 2899 925 Quanta
2918 862 3004 917 vis
3026 864 3530 934 aquae,ﬂammam
3556 870 3630 926 ad
3651 872 3810 928 cubi-

2155 950 2245 1002 tos
2259 947 2757 1020 quadragintaﬂ?’
2776 966 2986 1006 novem
2999 952 3420 1011 ascendentem
3434 959 3804 1033 restinguere

2156 1035 2536 1092 sufﬁciebat?
2567 1037 2671 1093 sed
2691 1038 2792 1094 ubi
2815 1039 3058 1097 flamma
3076 1043 3459 1101 vehementer
3474 1051 3807 1121 superfere-

2154 1124 2347 1193 batur,
2381 1126 2463 1181 ibi
2496 1126 2791 1198 plurimus
2820 1130 3186 1202 pmnitentiaa
3240 1133 3374 1190 fons
3423 1138 3644 1195 effusus
3691 1148 3805 1213 est,

2155 1232 2289 1271 cum
2323 1216 2411 1271 illi
2436 1216 2737 1276 dicerent:
2775 1242 2802 1270 ‹‹
2831 1220 3118 1284 Quoniam
3133 1223 3335 1296 justus
3357 1242 3419 1281 es
3440 1226 3501 1281 in
3521 1230 3800 1288 omnibus

2161 1324 2186 1358 ε
2206 1322 2336 1375 quas
2356 1305 2548 1361 fecisti
2569 1306 2743 1363 nobis
2759 1307 2804 1343 ⁸³
2820 1327 2834 1376 ;
2853 1316 2904 1365 et
2930 1312 3429 1387 :Peccavimus,et
3449 1320 3805 1392 transgressi

2161 1414 2183 1444 ε
2210 1411 2414 1451 sumus
2437 1397 2708 1468 etinique
2727 1399 2957 1471 egimus
2972 1400 3021 1434 ⁶⁴
3035 1404 3236 1459 ».Cum
3253 1404 3511 1463 fornacis
3527 1408 3803 1469 ﬂammas

2156 1486 2577 1556 compresserit
2589 1488 3026 1558 poenitentia,tu
3039 1490 3501 1563 dubitas,utrum
3516 1499 3804 1569 gehenuaa

2155 1572 2353 1645 ignem
2387 1575 2751 1648 restinguere
2786 1578 3027 1635 valeat?
3055 1580 3167 1636 Sed
3198 1582 3356 1639 dicet
3389 1586 3536 1640 mihi
3585 1588 3803 1660 aliquis

2156 1663 2230 1719 ad
2263 1665 2750 1735 respondendum
2782 1673 2991 1724 acutus
3024 1675 3081 1725 et
3109 1671 3299 1741 velox,
3331 1674 3485 1731 hanc
3514 1676 3590 1731 ad
3645 1695 3799 1751 pra:-

2156 1770 2294 1808 sens
2316 1755 2683 1826 propositum
2708 1757 2905 1813 minus
2926 1762 3434 1818 accommodatam
3450 1781 3577 1821 esse
3592 1768 3805 1823 oratio-

2161 1859 2295 1899 nem
2316 1843 2343 1899 ?
2370 1860 2509 1899 nam
2540 1846 2697 1916 quod
2730 1848 2975 1903 Ananiae
3008 1855 3067 1904 et
3094 1851 3237 1906 socii
3260 1868 3459 1909 coram
3482 1854 3641 1911 idolo
3664 1874 3804 1928 pro-

2159 1933 2438 1990 cumbere
2469 1934 2826 2007 noluissent,
2861 1938 3214 2010 stupendam
3262 1941 3418 1999 hanc
3471 1943 3591 2001 illis
3624 1962 3660 2001 a
3688 1947 3805 2003 Deo

2159 2022 2360 2077 datam
2381 2040 2512 2079 esse
2533 2029 3064 2096 potestatem.Huic
3086 2046 3191 2103 ego
3210 2032 3429 2087 rationi
3449 2035 3807 2105 concedens,

2159 2117 2219 2167 et
2249 2113 2659 2185 exemplorum
2691 2117 2864 2188 c0pia
2892 2119 3175 2189 confisus,
3207 2120 3281 2175 ad
3312 2121 3475 2178 aliud
3521 2123 3804 2198 deinceps

2158 2203 2524 2274 paenitentiae
2557 2206 2891 2277 exemplum
2925 2224 3019 2263 me
3051 2215 3346 2266 converto.

2229 2292 2394 2347 XVII.
2430 2293 2616 2356 Quam
2648 2298 2712 2349 tu
2743 2293 2816 2348 de
2837 2296 3416 2356 Nabuchodonosore
3441 2304 3803 2360 sententiam

2157 2379 2343 2435 habes
2362 2379 2390 2435 ‘2
2418 2396 2621 2436 nonne
2652 2382 2867 2438 audisti
2902 2400 2969 2440 ex
2996 2385 3315 2458 Scripturis
3339 2391 3497 2460 quod
3520 2391 3806 2464 impiissi-

2158 2486 2291 2524 mus
2320 2474 2468 2537 erat,
2500 2469 2952 2529 immanissimis
2983 2475 3270 2545 moribus,
3307 2484 3364 2532 et
3394 2478 3639 2537 leonina
3664 2483 3804 2540 feri-

2157 2562 2276 2613 tate
2294 2558 2320 2614 ‘I
2338 2560 2716 2628 Nonaudisti,
2736 2562 2893 2633 quod
2918 2580 3054 2620 ossa
3076 2582 3145 2619 ex
3168 2583 3373 2638 regum
3397 2573 3805 2629 monumentis

2158 2648 2374 2704 eﬂ'ossa
2395 2649 2456 2703 in
2478 2649 2672 2705 lucem
2700 2651 2911 2707 extulit
2926 2651 2973 2686 ⁸⁵
2986 2653 3136 2709 ?non
3159 2657 3313 2711 nosti
3331 2656 3500 2714 illum
3519 2661 3807 2732 populum

2156 2736 2220 2792 in
2252 2739 2594 2795 servitutem
2624 2740 2991 2796 abduxisse?
3021 2743 3149 2797 Non
3177 2744 3418 2816 audisti,
3462 2750 3621 2819 quod
3652 2751 3805 2825 regis

2157 2829 2360 2885 oculos
2392 2832 2723 2899 excaecavit,
2757 2832 2921 2903 prius
2943 2833 3352 2905 jugulatorum
3383 2844 3520 2894 ante
3550 2856 3612 2895 se
3645 2841 3801 2897 tilio-

2156 2934 2290 2972 rum
2322 2919 2659 2989 spectaculo
2691 2925 2891 2991 pastos
2919 2921 2964 2954 δδ
2990 2924 3011 2975 P
3040 2938 3161 2977 non
3190 2925 3430 2994 audisti,
3474 2928 3631 2998 quod
3662 2930 3803 2995 che-

2158 3006 2355 3063 rubim
2388 3007 2705 3078 expilavit;
2735 3024 2857 3065 non
2888 3009 3013 3077 illa,
3047 3010 3315 3082 inquam,
3339 3014 3717 3071 intellectilia
3747 3022 3807 3073 et

2159 3096 2441 3159 caelestia,
2466 3096 2568 3151 sed
2592 3113 2661 3152 ea
2682 3114 2812 3169 quae
2834 3097 2895 3152 in
2920 3098 3141 3170 templo
3172 3107 3514 3159 constructa
3542 3104 3798 3176 fuerant,

2157 3204 2288 3258 qum
2321 3203 2500 3259 super
2528 3187 3005 3259 propitiatorium
3036 3206 3185 3245 arcaa
3216 3193 3429 3262 posita,
3452 3210 3708 3264 quorum
3738 3196 3800 3251 in

2157 3275 2928 3346 medioloquebaturDeus?
2943 3278 3599 3338 Nabuchodonosorille
3612 3284 3803 3340 velum

2156 3365 2479 3421 sanctuarii
2511 3364 2788 3435 detraxit,
2840 3365 3024 3421 altare
3075 3368 3303 3438 evertit,
3349 3386 3485 3426 vasa
3527 3372 3807 3429 universa

2158 3471 2397 3510 sumens
2422 3454 2795 3510 inidolorum
2827 3454 3031 3511 fanum
3053 3456 3382 3526 abstulit",
3408 3460 3599 3531 ipsum
3634 3461 3803 3517 deni-

2158 3560 2273 3615 que
2300 3543 2589 3614 templum
2612 3544 2872 3600 {lammis
2899 3546 3500 3619 absumpsit.Quantis
3530 3551 3637 3609 ille
3664 3570 3802 3625 sup-

2157 3633 2355 3705 pliciis
2386 3632 2601 3705 dignus
2632 3639 2794 3701 erat;
2829 3634 2902 3690 ob
2934 3635 3199 3693 sublatos
3236 3654 3423 3711 reges,
3481 3643 3805 3698 sanctuarii

2158 3721 2422 3789 incensa,
2455 3722 2743 3794 populum
2773 3723 2837 3778 in
2866 3725 3266 3796 captivitatem
3298 3727 3594 3800 abactum,
3636 3748 3805 3788 sacra

2159 3828 2298 3867 vasa
2328 3811 2391 3866 in
2424 3810 2718 3867 idolorum
2753 3814 2991 3885 templis
3034 3817 3294 3887 reposita
3318 3817 3346 3870 ‘2
3394 3834 3594 3873 nonne
3638 3821 3804 3878 mille

2159 3906 2384 3959 mortes
2414 3902 2539 3974 pati
2569 3902 2956 3957 merebatur?

2228 3991 2427 4047 XVIII.
2462 3993 2678 4046 Verum
2710 3992 2905 4047 vidisti
2939 3993 3231 4049 scelerum
3260 3994 3390 4066 ejus
3445 3997 3808 4069 magnitudi-

2158 4098 2298 4137 nem
2329 4099 2342 4136 :
2375 4098 2537 4136 nunc
2567 4082 2640 4139 ad
2672 4082 2774 4137 Dei
2807 4083 3188 4139 clementiam
3222 4089 3277 4139 te
3317 4090 3612 4143 converte.
3646 4088 3805 4143 Feras

2162 4172 2374 4226 similis
2389 4171 2778 4235 estredditus,
2805 4172 3123 4243 quiferinaa
3150 4178 3209 4229 et
3232 4174 3681 4231 immanissimas
3712 4176 3807 4231 in-

2161 4262 2313 4316 dolis
2336 4266 2493 4316 erat:
2518 4260 2737 4316 idcirco
2768 4277 2903 4317 vero
2933 4261 3123 4318 factus
3156 4268 3245 4319 est
3264 4264 3410 4334 fera,
3431 4281 3553 4321 non
3575 4269 3641 4320 ut
3669 4281 3805 4338 per-

2161 4352 2291 4419 iret,
2327 4351 2430 4405 sed
2461 4355 2525 4405 ut
2581 4368 2688 4422 per
2738 4352 3150 4423 penitentiam
3201 4354 3547 4422 salvaretur,
3606 4355 3800 4411 avium

395 4441 729 4518 ἁρπακνικὸς
757 4440 857 4516 γὰρ
886 4438 952 4509 ἦν
984 4441 1093 4492 τῶν
1125 4434 1313 4512 ἁγίων.
1350 4433 1566 4509 Τρίχας
1594 4433 1752 4510 ἔσχεν
1785 4435 1860 4497 ὡς
1892 4434 2044 4492 λέον-

2164 4457 2388 4513 ungues
2418 4439 2644 4504 habuit,
2681 4440 2781 4511 qui
2815 4447 3154 4497 sanctorum
3203 4447 3407 4514 raptor
3458 4443 3800 4513 exstiterat;

388 4517 504 4593 τος·
567 4530 644 4593 ὼς
698 4528 802 4604 γάρ
859 4526 1002 4583 λέῶν
1071 4525 1327 4601 ἁρπάζων
1389 4525 1455 4592 ἦν
1539 4524 1627 4578 καὶ
1715 4521 2044 4599 ώρνόμενος.

2164 4531 2355 4586 crines
2388 4530 2472 4584 uti
2507 4528 2697 4585 leonis
2730 4530 2941 4585 habuit
2969 4527 3039 4597 ³⁸,
3069 4530 3263 4586 fuerat
3307 4532 3473 4587 enim
3521 4532 3676 4588 sicut
3721 4534 3803 4590 leo

390 4618 607 4693 Χόρτον
662 4614 823 4688 ἤσθιε
876 4615 954 4677 ὡς
1016 4615 1163 4689 βοῦς·
1243 4609 1531 4684 κτηνώδης
1614 4612 1716 4688 γὰρ
1791 4613 1884 4684 ἧν,
1942 4614 2043 4670 οὐκ

392 4706 552 4771 εἰδὼς
599 4707 692 4763 τὸν
752 4702 1030 4761 δεδωκότα
1084 4704 1184 4773 τήν
1248 4699 1548 4778 βασιλείαν·
1610 4696 1819 4780 Ἐϐάφη
1876 4704 2039 4760 αὐτοῦ

387 4798 451 4852 τὸ
483 4800 646 4870 σῶμα
674 4795 781 4851 ἀπὸ
810 4800 911 4865 τῆς
972 4791 1192 4870 δρόσου·
1251 4788 1439 4860 ἐπειδὴ
1501 4791 1637 4864 μετὰ
1677 4792 1740 4847 τὸ
1795 4793 2035 4871 γενέσθαι

391 4992 439 5029 ⁸⁸
466 4995 540 5049 IV
566 4996 704 5067 Reg.
738 5011 869 5064 xxv,
902 4997 957 5048 Ἰ.

388 5081 564 5137 uxu,
592 5068 682 5134 23,
714 5068 804 5120 22.

1058 4992 1103 5028 ⁸⁷
1133 4992 1278 5047 Dan.
1312 5007 1353 5059 ι,
1407 4993 1461 5046 2.

463 5189 539 5260 (1)
568 5191 865 5244 Ἕπαυσεν.
899 5186 1174 5260 Casaub.,
1206 5182 1416 5241 ἔλυσεν.

463 5190 510 5260 (1
568 5191 865 5244 Ἕπαυσεν.
899 5189 1174 5254 Casaub.,
1206 5189 1416 5241 ἔλυσεν.

461 5189 540 5331 (2ζ
570 5261 758 5318 Verba
788 5261 937 5326 haec,
962 5258 1119 5327 Τίνα,
1155 5264 1213 5314 et
1242 5272 1408 5329 seqq.
1439 5272 1630 5329 usque
1672 5256 1750 5331 ad
1794 5254 1981 5313 ἐλαλει
2014 5260 2042 5315 ὁ

389 5330 589 5406 Κύριος
615 5332 928 5406 inclusive,
962 5332 1287 5406 citantura
1316 5344 1480 5385 conc.
1540 5346 1638 5406 vn:
1688 5330 1926 5406 Iﬁliciseno
1958 5349 2039 5403 xl,

388 5400 509 5462 act.
541 5407 593 5473 5,
622 5421 678 5477 p.
701 5405 826 5473 348,
852 5402 926 5459 ad
948 5402 1193 5459 verbum
1214 5402 1359 5466 fere,
1383 5400 1680 5472 quomodo
1699 5400 1795 5457 hic
1816 5400 2041 5460 haben;

386 5482 505 5533 tur.

463 5548 536 5620 (3)
566 5545 776 5611 Ὀστέα,
810 5551 921 5604 etc.
952 5546 1129 5603 Conc.
1162 5562 1260 5615 v11,
1290 5542 1357 5598 τὰ
1413 5542 1545 5597 ὀστᾶ
1590 5547 1698 5597 τῶν
1759 5543 2031 5620 βασιλέων

389 5615 689 5695 ἐξήνεγκεν,
718 5623 833 5675 etc.

2153 4623 2379 4690 rapiens
2409 4626 2460 4674 et
2490 4621 2716 4689 rugiens
2735 4618 2800 4672 θ’.
2833 4622 3057 4675 Ραηιιτη
3086 4626 3148 4674 ut
3181 4622 3269 4676 bos
3326 4622 3557 4676 comedit
3579 4620 3629 4656 ⁷ο
3651 4639 3665 4690 ;
3691 4623 3800 4695 ju-

2152 4715 2353 4764 mento
2386 4709 2547 4763 enim
2572 4708 2787 4763 similis
2810 4713 2954 4775 erat,
2983 4724 3117 4763 eum
3138 4709 3239 4779 qui
3264 4709 3374 4764 sibi
3398 4727 3643 4784 regnum
3668 4729 3804 4768 con-

2148 4798 2370 4855 tulerat
2426 4797 2703 4852 nesciens
2759 4797 2825 4850 τί.
2885 4798 3180 4868 Aspersum
3251 4804 3328 4854 est
3401 4814 3524 4857 rore
3607 4817 3801 4873 corpus

460 4921 511 4957 θ’)
538 4923 739 4979 Matth.
772 4939 847 4989 v1,
880 4925 933 4976 6.
1010 4919 1055 4957 ⁶¹
1088 4922 1233 4976 Dan.
1263 4935 1347 4990 ιιι,
1377 4921 1464 4975 50.
1542 4919 1588 4955 ⁸³
1616 4920 1761 4975 Dan.
1795 4939 1871 4989 v1,
1904 4925 1993 4979 2'2.

466 4995 540 5049 IV
566 4996 704 5054 Reiz.
738 5011 869 5054 xxv,
902 4997 957 5048 7.
1058 4992 1103 5028 ⁸⁷
1133 4992 1278 5047 Dan.
1312 5007 1353 5054 ι,
1407 4993 1461 5046 2.
1564 4989 1615 5025 ⁸⁸
1669 4991 1816 5049 Dan.
1875 5010 1948 5054 ιν.
2013 4999 2043 5053 3

2164 4928 2291 4983 )an.
2329 4941 2406 4990 ιιι,
2438 4926 2526 4977 27.
2603 4921 2652 4955 ⁸⁴
2681 4922 2826 4977 Dan.
2862 4938 2937 4989 ιι,
2969 4926 3022 4989 5,
3058 4926 3143 4978 15.

2206 4996 2255 5034 ⁸ο
2306 4994 2463 5051 Psal.
2522 5010 2641 5054 xxI,
2704 4995 2789 5049 14.
2892 4993 2940 5028 τυ
2996 4994 3143 5052 Dan.

1804 5035 1816 5048 ο
1875 5035 1948 5064 IV,
2013 5035 2102 5054 vv.

3254 4923 3302 4959 ⁸⁵
3327 4925 3542 4982 Jerem.
3589 4943 3707 4996 vm,
3744 4931 3793 4983 1.

2206 4996 2255 5034 ⁸ο
2306 4994 2463 5051 Psal.
2522 5010 2641 5062 xxI,
2704 4995 2789 5049 14.
2892 4993 2940 5028 τυ
2996 4994 3145 5052 Dan.
3207 5011 3282 5063 IV,
3342 4999 3428 5052 31.
3531 4998 3575 5034 τί
3636 4993 3793 5056 PSal.

2224 5192 2301 5269 (ᾗ)
2335 5187 2430 5269 Εές
2459 5187 2523 5269 to
2555 5190 2691 5261 φῶς.
2724 5189 2790 5269 I_n
2820 5206 2995 5269 conc;
3026 5191 3243 5269 Nicaen.
3278 5193 3446 5269 deest
3470 5191 3555 5251 τό.

2226 5259 2432 5341 T_¢‘)
2491 5259 2896 5334 θυσιαστήριον.
2957 5263 3228 5333 Casaub.,
3286 5265 3349 5319 τὸ
3408 5267 3794 5341 θυμιατήριον,

2154 5334 2518 5388 thuribulum.

2222 5408 2299 5474 (6)
2330 5406 2389 5461 F.
2419 5399 2855 5475 αἴχμαλωτίσαι.

2221 5479 2296 5546 (7)
2328 5477 2625 5553 Hactenus
2654 5492 2724 5531 ex
2754 5476 2898 5553 cod._
2919 5477 3235 5553 Cgislenio.
3270 5497 3412 5553 uuas
3463 5486 3797 5553 sequuntur

2144 5563 2335 5630 usque
2355 5548 2441 5633 ad
2472 5547 2678 5633 ﬁnem,
2702 5564 2772 5633 ex
2793 5547 2922 5633 cod.
2947 5550 3389 5633 Boe‘de‘scripta
3413 5547 3792 5609 sunt'additis

2143 5619 2508 5677 variantibus
2538 5619 2669 5677 cod.
2702 5619 3033 5678 Casauboni
3063 5619 3441 5679 lectionibus.
