4152 6264
399 235 517 296 433

1461 236 1526 296 S.
1573 236 1884 297 CYBILLI
1929 237 2344 300 HIEROSOL.
2389 239 2760 301 ARCHIEP.

3689 241 3808 300 424

398 371 517 442 ejus
537 369 616 423 7’:
643 367 1128 440 quandoquidem
1153 375 1469 441 postquam
1505 370 1767 426 medium
1793 371 2039 427 fornacis

2162 370 2224 425 τὸ
2259 371 2418 444 μέσον
2477 379 2578 442 τῆς
2639 372 2866 446 καμίνου
2921 376 3038 436 τοῖς
3091 372 3215 449 περὶ
3271 375 3364 429 τὸν
3420 371 3673 430 Ἀνανίαν
3732 373 3808 434 ὡς

397 458 642 516 Ananiaa
670 463 727 513 et
747 457 1049 514 sodalibus
1072 459 1292 514 factum
1316 465 1472 515 esset
1496 465 1778 532 tanquam
1805 461 2049 532 spiritus

396 549 550 606 roris
569 549 1275 620 sibilansi3,conspicatus
1294 567 1411 605 non
1427 551 1818 606 credidit.Sed
1844 557 2050 622 postea

401 640 813 712 pmnitentiam
836 642 955 714 agit
985 641 1357 707 emendatus,
1392 642 1543 696 sicut
1574 642 1697 712 ipse
1720 642 1834 697 ait:
1875 663 1898 692 α
1932 644 2048 714 Ego

404 751 431 780 (ι
467 730 1011 785 Nabuchodonosor
1042 731 1245 786 oculos
1276 747 1442 786 meos
1469 731 1531 785 in
1566 731 1779 786 cmlum
1813 732 1970 786 erexi
1993 738 2050 787 et

410 840 437 872 ιι
466 819 838 875 Altissimum
868 820 1166 887 benedixi,
1201 826 1257 874 et
1277 821 1566 875 viventem
1590 821 1649 875 in
1682 821 1898 876 saecula
1923 820 2047 876 lau-

404 931 425 958 ι
464 908 592 964 davi
623 908 670 944 Ἠ
701 931 751 963 ››.
788 911 857 963 Et
887 910 1028 980 quia
1056 926 1163 981 per
1211 910 1430 964 multos
1479 926 1667 964 annos
1716 910 2047 983 ﬂagellatus

398 1003 546 1064 erat,
579 999 841 1054 laudavit
868 998 1158 1054 viventem
1192 1000 1253 1054 in
1287 999 1543 1066 saecula;
1595 1017 1730 1054 eum
1783 1001 1883 1070 qui
1934 1000 2044 1054 sibi

395 1105 644 1160 regnum
678 1089 1014 1144 contulerat
1032 1087 1338 1143 confessus
1362 1094 1470 1156 est,
1491 1094 1550 1144 et
1575 1106 1772 1161 regem
1799 1107 2046 1162 regnan-

395 1179 544 1232 tium
577 1179 830 1250 agnovit,
865 1184 924 1233 et
952 1195 1088 1233 cum
1121 1178 1220 1233 ille
1253 1178 1429 1233 rebus
1460 1179 1605 1250 ipsis
1628 1180 1815 1235 multa
1837 1197 2042 1251 pecca-

394 1269 594 1337 visset,
626 1268 820 1323 verbis
852 1268 1225 1323 solummodo
1262 1268 1554 1323 confitens
1584 1268 1652 1336 75,
1676 1269 2041 1325 inefYabilem

387 1357 490 1412 Dei
522 1357 903 1413 clementiam
937 1362 1214 1430 expertus
1246 1362 1354 1412 est.
1389 1357 1496 1422 Qui
1531 1357 1799 1412 omnium
1851 1359 2039 1414 scele-

387 1447 722 1502 ratissimus
753 1446 966 1514 fuerat,
1000 1446 1198 1501 divino
1223 1445 1452 1517 judicio
1485 1450 1543 1501 et
1573 1446 1918 1519 castigantis
1946 1446 2040 1503 be-

385 1535 694 1607 nignitate,
729 1552 936 1590 rursus
963 1536 1295 1590 diademate
1327 1536 1486 1608 regio
1511 1535 1826 1591 redimitus
1850 1538 2040 1608 impe-

385 1627 460 1682 rii
492 1626 710 1680 solium
743 1626 1114 1681 conscendit.

2158 465 2368 534 πνεῦμα
2401 459 2598 536 δρόσου
2630 460 2961 537 διασυρίζον,
2995 460 3124 518 ἴδὼν
3160 464 3262 518 οὐκ
3283 461 3614 523 ἐπίστευσεν,
3648 459 3811 518 ’Λλλ⁹

2158 550 2377 626 ὕστερον
2441 557 2693 624 μετανοεῖ
2750 551 3164 628 σωφρονισθεῖς,
3226 552 3300 616 ὥς
3376 572 3536 630 φησιν
3622 549 3804 616 αὐτός·

2159 639 2298 715 Ἐγὼ
2355 635 2846 714 Ναϐουχοδονόσορ
2931 639 3060 703 τοὺς
3146 638 3467 718 ὀφθαλμοὺς
3554 661 3659 714 μου
3731 638 3809 703 εἷς

2155 728 2248 782 τὸν
2298 727 2524 804 οὐρανὸν
2585 725 2870 800 ἀνέλαϐον,
2938 729 3028 785 καὶ
3108 731 3200 785 τὸν
3287 731 3540 804 Ὕψιστον
3631 728 3808 800 ηύλό-

2155 839 2317 893 γησα,
2374 817 2464 872 καὶ
2516 823 2599 892 τῷ
2659 823 2813 888 ζῶντι
2874 819 2952 882 εἷς
3003 819 3131 882 τοὺς
3186 819 3394 882 αἰῶνπς
3453 815 3640 894 ᾔνεσα.
3701 821 3808 876 Καὶ

2156 905 2347 978 ἐπειδή
2407 907 2690 972 πολυετῶς
2746 911 3104 987 μαστιγωθεὶς
3150 912 3240 979 ἦν,
3299 908 3486 986 ᾗνεσεν
3545 909 3623 972 εἰς
3679 907 3809 974 τοὺς

2157 997 2355 1062 αἰῶνας
2381 1003 2460 1071 τῷ
2493 1003 2676 1068 ζῶντι,
2707 1005 2795 1054 καί
2841 998 3202 1076 ὡμολόγησςν
3227 1000 3320 1054 τὸν
3369 1000 3468 1068 τήν
3523 998 3800 1075 βασιλείαν

2155 1084 2452 1157 δεδωκότα,
2484 1089 2574 1142 καὶ
2605 1088 2812 1163 ἐπέγνω
2841 1089 2936 1144 τὸν
2972 1085 3201 1164 βασιλέα
3228 1086 3338 1143 τῶν
3373 1086 3802 1164 βασιλευόντων.

2154 1177 2256 1233 Καὶ
2286 1176 2474 1232 πολλὰ
2507 1177 2602 1250 μὶν
2649 1183 2765 1240 τοῖς
2816 1177 3127 1254 πράγμασιν
3179 1179 3462 1255 ἁμαρτὼν,
3520 1176 3712 1254 λόγοις
3742 1175 3802 1234 δὲ

2155 1267 2320 1338 μόνον
2376 1265 2906 1343 ἐξομολογούμενος,
2963 1275 3062 1338 τῆς
3119 1269 3325 1346 ἁφάτου
3384 1265 3802 1346 φιλανθρωπίας

2149 1359 2245 1409 τοῦ
2299 1359 2432 1410 Θεοῦ
2491 1355 2823 1426 ἀπήλαυσεν.
2876 1357 2934 1411 Ὀ
2992 1356 3080 1412 καὶ
3135 1357 3348 1412 πάντων
3404 1357 3801 1432 παρανομώτα-

2148 1465 2263 1512 τος,
2305 1445 2419 1517 θείᾳ
2443 1445 2617 1520 κρίσει
2667 1447 2754 1500 καὶ
2818 1444 3206 1521 φιλανθρωπίᾳ
3260 1449 3359 1500 τοῦ
3415 1442 3797 1517 παιδεύοντος,

2147 1533 2312 1590 πάλιν
2351 1534 2444 1608 μὶν
2475 1536 2538 1590 τὸ
2572 1535 2854 1611 βασιλικὸν
2887 1536 3166 1610 περιέθετο
3224 1532 3492 1608 διάδημα,
3542 1534 3708 1590 πάλιν
3741 1532 3799 1590 δὲ

2145 1623 2272 1686 τοὺς
2304 1623 2668 1699 ἀρχοντικοὺς
2699 1621 2940 1680 ἀπέλαϐε
2969 1624 3216 1700 θρόνους.

455 1717 600 1772 ΧΙΧ.
633 1717 708 1786 (1)
740 1716 796 1769 Si
829 1715 963 1786 quis
994 1716 1172 1787 igitur
1201 1716 1296 1771 hic
1327 1715 1496 1771 adest
1525 1716 1585 1770 in
1611 1716 1773 1770 vobis
1805 1717 1875 1771 de
1893 1733 2037 1788 gen-

2219 1715 2318 1769 16‘.
2352 1714 2531 1776 Εἷ¹τις
2564 1715 2655 1769 οῦν
2679 1712 2731 1768 ἐν
2765 1714 2895 1787 ὑμῖν
2927 1713 2976 1788 ἒξ
3009 1713 3202 1782 ἰθνῶν,
3236 1713 3271 1784 ἢ
3305 1713 3384 1776 είς
3436 1713 3799 1789 Χριστιανοὺς

383 1806 580 1860 tilium
601 1805 980 1875 numero,qui
1001 1811 1104 1859 aut
1125 1805 1186 1859 in
1203 1805 1418 1859 Christi
1444 1821 1554 1859 nos
1571 1805 1893 1876 aliquando
1907 1805 2037 1860 bla-

387 1897 671 1967 sphemus
696 1894 1498 1965 fuerit,autpersecutionum
1528 1899 1792 1965 tempore
1816 1895 2036 1950 sanctis

392 1983 673 2038 Ecclesiis
700 1982 1012 2038 insidiatus
1031 1984 1108 2038 sit
1137 1983 1354 2037 habeat
1384 1999 1489 2053 pro
1523 1981 1732 2036 salutis
1765 1983 2034 2054 exemplo

391 2074 1030 2130 Nabuchodonosorem
1059 2090 1072 2128 :
1107 2074 1312 2128 eodem
1347 2073 1520 2128 modo
1565 2074 1941 2143 conﬁteatur,
1973 2079 2039 2128 ut

391 2163 648 2219 similem
683 2164 1044 2234 adipiscatur
1087 2163 1484 2218 admissorum
1530 2163 1780 2218 veniam.
1817 2164 1870 2218 Si
1904 2163 2037 2234 quis

389 2271 458 2309 ex
487 2271 664 2325 pravo
698 2253 997 2308 desiderio
1029 2253 1457 2324 concupiscens
1488 2252 1644 2307 vitiis
1687 2253 2036 2324 inquinatus

389 2348 496 2406 est,
530 2342 686 2398 beati
721 2343 897 2397 David
929 2343 1338 2413 paenitentiam
1371 2347 1673 2408 assumat;
1709 2342 1756 2396 si
1790 2342 1921 2412 quis
1949 2341 2037 2396 uti

387 2433 600 2487 Petrus
633 2432 888 2503 negavit,
913 2449 1018 2502 pro
1044 2433 1295 2486 Domino
1317 2433 1452 2486 Jesu
1476 2433 1687 2486 iterato
1711 2431 2037 2487 certamine

386 2521 695 2577 moriatur.
722 2521 828 2583 Qui
849 2519 948 2575 88
975 2520 1134 2573 enim
1159 2521 1246 2573 illi
1264 2519 1520 2590 ploranti
1543 2520 1911 2591 apostolatus
1932 2520 2036 2574 ho-

391 2627 600 2665 norem
623 2625 743 2664 non
765 2607 995 2672 invidit,
1035 2625 1229 2679 neque
1263 2608 1368 2662 tibi
1392 2609 1728 2680 evangelica
1757 2609 2040 2679 mysteria

391 2697 1051 2753 invidebit.Mulieribus
1072 2697 1313 2768 quidem
1338 2698 1677 2768 exemplum
1700 2698 1761 2752 in
1785 2698 2037 2753 salutem

391 2787 468 2842 sit
497 2787 696 2842 Bahab
723 2805 736 2854 ;
768 2787 908 2841 viris
938 2802 1072 2842 vero
1105 2786 1418 2858 multiplex
1449 2786 1616 2852 illud,
1644 2787 1801 2857 quod
1833 2804 1901 2842 ex
1923 2787 2038 2858 pri-

391 2875 508 2931 scis
540 2876 681 2930 viris
713 2892 890 2947 supra
919 2881 1442 2931 commemoratam
1473 2881 1582 2931 est.

463 2964 583 3020 XX.
621 2966 840 3020 Omnes
860 2981 995 3019 vero
1021 2963 1096 3018 ad
1113 2964 1213 3018 Dei
1238 2965 1618 3020 clementiam
1649 2965 2037 3036 respicientes

388 3069 488 3124 spe
512 3053 667 3107 bona
690 3052 1040 3124 repleamini
1060 3071 1073 3120 ;
1097 3069 1219 3108 non
1243 3058 1308 3108 ut
1329 3053 1391 3108 in
1422 3053 1630 3108 eadem
1660 3070 1868 3109 rursus
1900 3071 2037 3126 pec-

394 3148 524 3197 cata
555 3142 945 3208 revolvamur,
980 3142 1083 3196 sed
1116 3148 1180 3197 ut
1210 3142 1681 3213 redemptionem
1728 3143 1946 3214 adepti,
1981 3149 2039 3198 et

395 3230 570 3302 digna
591 3231 779 3302 gratia
808 3247 987 3300 opera
1008 3231 1410 3300 perﬁcientes,
1443 3231 1898 3302 chirographum
1934 3231 2035 3286 de-

394 3319 540 3374 creti
575 3317 732 3389 quod
765 3324 972 3373 contra
1002 3334 1111 3372 nos
1140 3324 1248 3386 est,
1281 3319 1454 3374 bonis
1485 3319 1762 3389 operibus
1800 3321 2035 3376 abolere

389 3407 694 3463 valeamus
734 3407 816 3473 7‘;
850 3407 900 3460 vi
933 3412 991 3461 et
1018 3413 1310 3478 potestate
1341 3407 1628 3479 unigeniti
1661 3408 1791 3463 Filii
1822 3410 1947 3475 Dei,
1982 3414 2040 3464 et

389 3497 625 3552 Domini
655 3496 843 3551 nostri
873 3497 1008 3550 Jesu
1041 3497 1280 3564 Christi,
1309 3515 1442 3552 cum
1477 3516 1593 3570 quo
1622 3499 1810 3570 gloria
1857 3501 2035 3567 Patri,

387 3603 522 3641 cum
561 3586 778 3658 Spiritu
811 3592 1037 3652 sancto,
1072 3592 1131 3642 et
1159 3604 1319 3642 nunc
1351 3593 1409 3642 et
1437 3605 1691 3660 semper,
1725 3595 1783 3644 et
1813 3590 1872 3644 in
1904 3590 2040 3644 uni-

380 3691 550 3730 versa
582 3675 803 3730 saecula
840 3675 1216 3731 saeculorum.
1250 3681 1459 3733 Amen.

455 3888 501 3924 ⁷³
534 3891 680 3945 Dan.
715 3907 825 3958 cxx,
860 3894 948 3945 50.
1027 3889 1075 3926 ⁷³
1105 3891 1249 3946 ibid.

455 4015 530 4087 (1)
561 4017 621 4071 Si
649 4019 772 4086 quis
803 4019 858 4071 in
889 4017 1063 4083 vobis,
1096 4023 1208 4073 etc.
1237 4017 1543 4074 Habentur
1560 4018 1781 4074 similia
1801 4019 2028 4074 catech.

384 4088 529 4161 3,41}.
569 4090 678 4161 15ε
740 4110 769 4136 «ι
806 4088 862 4142 Si
922 4089 1062 4161 quis
1113 4095 1370 4145 vestrum
1417 4091 1782 4161 blasphemis
1837 4090 2030 4146 verbis

386 4180 413 4208 (ι
447 4158 1106 4234 Christumcruciﬂxit;
1142 4161 1189 4234 si
1223 4162 1356 4230 quis
1388 4179 1492 4232 per
1513 4158 1906 4234 ignorantiam
1929 4180 2030 4218 co-

381 4251 409 4280 ‹‹
442 4246 569 4284 ram
602 4229 946 4284 hominibus
976 4229 1365 4302 negavit,’ete.
1389 4229 1428 4281 “››

2149 1800 2554 1879 βλασφημήσας
2583 1803 2735 1870 ποτὲ,
2766 1805 2801 1871 ἢ
2835 1802 3186 1874 Ἐκκλησίαις
3228 1801 3407 1878 ἁγίαις
3440 1801 3492 1858 ἐν
3521 1799 3798 1878 διωγμοῖς

2145 1887 2539 1952 ἐπιϐουλεύσας
2595 1891 2870 1967 πάρεστιν,
2930 1891 3105 1967 ἐχέτω
3161 1896 3262 1958 τῆς
3331 1891 3604 1966 σωτηρίας
3658 1893 3796 1948 ὑπο-

2145 1982 2402 2054 γραμμὸν
2433 2002 2525 2035 τον
2559 1976 3079 2056 Ναϐουχοδονόσορ·
3115 1979 3559 2056 έξομολογείσθω
3612 2000 3794 2056 παρα-

2144 2068 2539 2140 πλησίως,’ίνα
2578 2071 2669 2125 καὶ
2719 2076 2819 2139 τῆς
2872 2069 3174 2142 ἀμνηστίας
3221 2077 3322 2140 τῆς
3380 2069 3572 2142 ὁμοίας
3617 2069 3792 2144 τύχῃ.

2145 2158 2217 2216 Ei’
2241 2180 2325 2223 τις
2351 2159 2631 2232 ἐπιθυμῶν
2669 2157 2942 2232 ἐμολύνθη
3004 2161 3249 2228 πάθεσιν,
3301 2159 3402 2227 τὴν
3458 2161 3554 2212 τοῦ
3613 2178 3793 2230 μακα-

2147 2247 2264 2322 ρίου
2296 2243 2462 2302 Δαϐἰδ
2495 2242 2918 2321 ἀναλαμϐανέτω
2954 2249 3268 2321 μετάνοιαν·
3299 2247 3456 2309 εἴτις
3509 2249 3790 2318 ἠρνήσατο

2145 2337 2281 2392 κατὰ
2331 2338 2553 2411 Πέτρον,
2616 2336 3141 2410 ὑπεραποθνησκέτω
3225 2334 3388 2391 πάλιν
3472 2337 3604 2412 ὑπὲρ
3685 2341 3791 2392 τοῦ

2147 2425 2350 2502 Κυρίου
2410 2428 2613 2495 Ἰησοῦ.
2671 2427 2728 2478 '0
2781 2427 2883 2502 γὰρ
2937 2424 3130 2498 ἐκείνῳ
3187 2429 3263 2499 (2)
3339 2423 3634 2480 κλαύσαντι
3689 2431 3792 2494 τῆς

2146 2515 2458 2585 ἀποστολῆς
2519 2515 2594 2587 μὴ
2657 2516 2952 2590 βασκήνας,
3011 2511 3139 2570 οὐδέ
3191 2536 3275 2570 σοι
3361 2515 3614 2592 φθονήσει
3677 2519 3788 2570 τῶν

2147 2603 2511 2680 εὐαγγελικῶν
2572 2606 2910 2680 μυστηρίων.
2953 2604 3056 2662 Καὶ
3101 2604 3312 2679 γυναιξὶ
3361 2605 3456 2677 μὶν
3507 2605 3792 2681 ὑπογραμ·

2151 2694 2250 2767 μὸς
2272 2691 2410 2749 ’έστω
2440 2695 2519 2756 εἰς
2551 2693 2822 2768 σωτηρίαν
2853 2696 2888 2763 ὴ
2929 2688 3111 2749 Ῥαά6’
3135 2691 3356 2768 ἆνδράσι
3389 2689 3448 2748 δὲ
3483 2693 3546 2747 τὸ
3588 2689 3791 2767 λεχθὶν

2145 2787 2252 2838 τῶν
2284 2782 2534 2838 παλαιῶν
2565 2780 2773 2855 ἀνδρῶν
2804 2781 3059 2839 ποικίλον
3095 2779 3420 2856 ὑπόδειγμα.

2219 2967 2299 3018 Κ’.
2331 2959 2532 3024 Πάντες
2562 2957 2619 3015 δὲ
2649 2960 2726 3025 εἷς
2754 2962 2854 3030 τήν
2895 2964 3030 3016 Θεοῦ
3082 2960 3497 3038 φιλανθρωπίαν
3547 2953 3792 3014 ἀποϐλέ-

2148 3071 2363 3120 ποντες,
2396 3045 2676 3110 εὐέλπιδες
2711 3048 2914 3124 γίνεσθε
2970 3053 3064 3120 (3)'
3120 3050 3232 3123 οὐχ
3283 3046 3376 3103 ’ίνα
3428 3053 3548 3111 τοῖς
3601 3046 3789 3106 αὐτοῖς

2147 3137 2314 3194 πάλιν
2349 3139 2733 3212 ἁμαρτήμασιν
2765 3140 3204 3212 περιπίπτωμεν,
3236 3136 3361 3193 ἀλλ’
3398 3135 3489 3192 ’ίνα
3532 3143 3634 3205 τῆς
3687 3133 3791 3190 λυ-

2145 3229 2398 3302 τρώσεως
2433 3225 2856 3297 ἀπολαύσαντες,
2886 3228 2976 3281 καὶ
3030 3231 3131 3292 τῆς
3181 3228 3409 3302 χάριτος
3466 3223 3586 3297 ἃξια
3642 3225 3785 3298 πράο

2148 3318 2348 3389 ξαντες,
2379 3318 2441 3371 τὸ
2472 3317 2590 3380 καθ’
2646 3318 2806 3388 ἡμῶν
2868 3315 3230 3393 χειρόγραφον
3286 3312 3664 3390 ἀγαθοεργίαις
3709 3312 3786 3384 ἐξ·

2147 3408 2367 3481 αλεῖψαι
2401 3403 2744 3478 δυνηθῶμεν·
2777 3409 2844 3479 τῇ
2876 3402 3099 3478 δυνάμει
3153 3409 3251 3460 τοῦ
3300 3407 3660 3478 Μονογενοῦς,
3690 3406 3790 3458 τοῦ

2146 3497 2274 3550 Υἱοῦ
2305 3500 2400 3550 τοῦ
2459 3499 2615 3563 Θεοῦ,
2674 3495 2761 3549 καὶ
2815 3496 3018 3569 Κυρίου
3076 3496 3237 3567 ἡμῶν
3299 3496 3478 3564 Ἰησοῦ
3527 3495 3788 3566 Χριστοῦ,

2150 3587 2267 3659 μεθ’
2299 3587 2360 3640 οὗ
2391 3589 2424 3655 ἡ
2460 3583 2586 3657 δόξα
2611 3590 2690 3658 τῷ
2719 3586 2913 3659 lla-cpi,
2948 3584 3038 3640 σὺν
3065 3589 3144 3656 τῷ
3174 3583 3309 3658 ἁγίῳ
3339 3581 3640 3656 Πνεύματι,
3699 3581 3791 3638 καὶ

2146 3681 2236 3732 νῦν
2293 3676 2383 3731 καὶ
2442 3676 2545 3747 ἀεὶ,
2605 3677 2693 3731 καὶ
2746 3675 2824 3738 είς
2880 3675 3007 3740 τοὺς
3053 3675 3365 3748 σύμπαντας
3424 3673 3622 3736 αἰῶνας
3679 3677 3789 3728 τῶν

2148 3765 2380 3823 αἰώνων.
2414 3767 2612 3839 Ἀμήν.

1327 3891 1372 3926 ⁷⁴
1408 3894 1550 3948 Dan.
1587 3911 1662 3961 Iv,
1693 3895 1782 3950 31.
1860 3893 1908 3927 ⁷⁵
1937 3894 2078 3948 ibid.
2114 3896 2201 3948 39.
2277 3895 2320 3928 ⁷⁸
2351 3893 2572 3948 Coloss.
2606 3910 2668 3959 ιι,
2704 3895 2789 3948 14.

2213 4019 2290 4090 (2)
2324 4017 2560 4090 Έκείνῳ,
2595 4021 2681 4074 Ita
2711 4021 2852 4079 Boe.
2884 4024 2945 4074 at
2972 4018 3243 4084 Casaub.,
3276 4015 3502 4090 ἐκεῖνος.

2211 4088 2291 4164 (β)
2320 4088 2551 4164 Γίνεσθε.
2612 4092 2700 4146 Ita
2757 4090 2987 4164 scripsi,
3043 4091 3309 4162 quamvis
3378 4089 3668 4147 habeatur
3724 4088 3789 4144 in

2141 4162 2333 4229 codd.,
2363 4160 2624 4236 γίνεσθαι.

1203 4512 2212 4640 CATECHESIS
2303 4518 2954 4647 TERTIA.

1827 4711 1918 4766 DE
1958 4712 2330 4767 BAPTISMO.

1671 4947 2525 5037 ARGUMENTUM.

466 5094 692 5158 Primis
705 5094 1092 5156 catechesibus
1102 5096 1430 5160 adhortans
1441 5110 1651 5160 auctor
1665 5099 2051 5179 baptizandos
2060 5101 2141 5162 ad
2148 5101 2389 5181 dignam
2405 5101 2701 5181 baptismo
2711 5121 2839 5182 pm
2882 5104 3221 5164 arationem
3235 5103 3624 5166 exhibendam
3636 5124 3798 5177 ,cum

470 5173 781 5240 superiori
796 5177 1050 5236 dixisset
1071 5177 1142 5237 de
1159 5181 1590 5240 paenitentiam
1608 5185 1956 5240 remissione
1975 5193 2349 5240 peccatorum
2371 5201 2408 5240 a
2437 5183 2557 5240 {Ieo
2581 5123 2898 5240 sperandi
2926 5185 2986 5240 in
3010 5183 3122 5240 hac
3150 5187 3345 5240 anen't
3370 5185 3695 5240 remedium
3727 5193 3795 5240 ίη

387 5180 451 5238 in
470 5173 781 5260 superiori
796 5177 1050 5260 dixisset
1071 5177 1142 5237 de
1154 5181 1412 5258 paniten
1421 5182 1466 5239 ti
1471 5191 1590 5252 a,et
1608 5173 1956 5242 remissione
1971 5173 2349 5260 peccatorum
2371 5201 2408 5243 a
2437 5173 2557 5243 {ieo
2581 5173 2878 5260 speranda

2885 5230 2898 5252 ,
2926 5185 2986 5263 in
3010 5183 3122 5244 hac
3150 5187 3345 5263 aperit
3370 5185 3695 5246 remedium
3727 5193 3795 5248 in

385 5277 506 5344 quo
532 5256 684 5344 psus
706 5259 1102 5344 remissionem
1119 5256 1490 5344 peccatorum
1509 5261 1924 5340 mentientibus
1943 5256 2266 5331 constituit,
2292 5281 2494 5344 nempe
2521 5256 2895 5344 baptismum.
2912 5262 3114 5337 Huius
3135 5256 3484 5343 dignitatem
3505 5286 3796 5328 commen-

384 5336 503 5426 ἐξα(
521 5337 719 5426 (num.
843 5356 919 5426 ea:
946 5336 1167 5426 foedere
1194 5336 1531 5426 arctissimo
1557 5361 1672 5426 quo
1703 5344 1966 5402 animam
1995 5363 2125 5426 eum
2156 5347 2276 5403 Deo
2304 5336 2562 5426 copulat,
2592 5336 2801 5422 gratia
2835 5336 3106 5426 Spiritus
3133 5336 3326 5405 sancti
3353 5366 3530 5426 quam
3566 5347 3791 5426 imper-

383 5420 453 5478 tit
483 5419 724 5506 (n.2,_3,
750 5421 835 5496 4),
863 5418 1083 5506 ﬁguris
1099 5418 1312 5506 quibus
1339 5418 1865 5506 praesigniﬁcatum
1889 5433 1973 5482 est
1998 5424 2078 5502 (η.
2106 5425 2190 5502 5),
2212 5418 2400 5506 prmi:
2423 5418 2555 5502 ejus
2573 5418 2837 5506 ductoris
2853 5418 3102 5485 Joannis
3129 5418 3417 5506 Baptista
3435 5446 3614 5505 super
3637 5418 3806 5488 easte—

382 5520 479 5585 r_os
495 5500 750 5585 homines
768 5499 1116 5585 excellentia
1142 5498 1226 5576 (η.
1261 5501 1350 5580 6),
1379 5498 1970 5585 Christisueipientis
1994 5498 2259 5585 exemplo
2281 5504 2366 5584 (η.
2401 5498 2528 5585 9ὀι
2562 5504 2682 5584 11).
2709 5504 2874 5585 Ejus
2893 5498 3286 5566 necessitatem
3319 5507 3402 5568 ad
3438 5498 3690 5568 salutem
3722 5528 3799 5570 ea:

380 5581 627 5646 decrctis
651 5581 879 5645 Christi
902 5589 958 5640 et
982 5576 1437 5658 Scripturarum
1451 5583 1731 5661 exemplis
1747 5576 1965 5643 astruit
1987 5584 2077 5663 (n.
2111 5576 2240 5648 {et
2263 5576 2388 5663 1‘0),
2411 5583 2561 5646 solos
2582 5576 2882 5666 martjres
2897 5586 3025 5647 sine
3045 5605 3211 5667 aqua
3237 5587 3525 5668 baptismo
3545 5587 3794 5651 salutem
