4152 6276
401 382 516 445 427

1481 376 1542 436 S.
1592 375 1904 435 CYBILLI
1950 374 2365 438 HIEROSOL.
2414 379 2781 439 ARCHIEP.

3709 377 3831 439 428

403 559 615 599 omnes
639 543 766 598 sine
789 540 1132 596 discrimine
1164 541 1351 605 vocat,
1384 536 1668 607 quoniam
1702 533 1967 589 liberalis
1998 539 2057 588 et

2190 539 2317 602 lite.
2352 536 2414 593 Ὀ
2442 536 2538 609 μὲν
2564 536 2665 613 γὰρ
2695 536 2931 610 νυμφίος
2962 535 3125 591 καλεῖ
3162 535 3358 598 πάντας
3408 535 3625 605 ἁπλῶς,
3673 533 3822 590 ἐπει-

407 633 571 705 larga
597 637 687 688 est
708 631 896 704 gratia
916 630 991 700 (1)
1024 646 1038 695 ;
1072 633 1132 682 et
1159 627 1279 682 alta
1310 640 1651 697 praeconum
1677 638 1819 678 voce
1850 639 2059 678 omnes

412 722 815 795 colliguntur:
850 720 975 791 ipse
1013 734 1149 772 vero
1182 716 1462 786 deinceps
1494 713 1782 768 discernit
1812 729 1933 773 eos.
1960 713 2059 783 qui

414 812 474 867 in
508 812 749 884 nuptias
780 809 940 881 [illas
969 805 1273 879 baptismi]
1309 803 1678 877 ﬁguratrices
1710 802 2061 875 ingrediun-

415 907 509 957 tur
533 900 600 956 ⁸⁵.
639 902 717 956 Ne
749 898 1056 970 contingat
1083 911 1238 950 nunc
1289 909 1652 964 quemquam
1703 908 1908 947 eorum
1962 893 2062 964 qui

416 991 663 1046 nomina
694 988 989 1043 dederunt
1017 985 1165 1040 illud
1221 984 1471 1039 audire:
1531 985 1741 1045 Amice,
1795 984 2065 1053 quomodo

416 1082 519 1136 huc
550 1081 774 1133 intrasti
802 1093 912 1132 non
943 1077 1145 1131 habens
1161 1081 1359 1129 vestem
1379 1072 1687 1143 nuptialem
1708 1071 1753 1106 ³⁸
1776 1072 1803 1126 Ῡ
1834 1073 2065 1127 Utinam

416 1187 555 1225 vero
587 1168 764 1222 liceat
792 1165 958 1220 vobis
1012 1163 1289 1219 omnibus
1334 1163 1573 1217 audire:
1609 1185 1635 1212 «
1674 1163 1852 1229 Bene,
1904 1176 2069 1216 serve

417 1280 444 1309 «
479 1257 633 1313 bone
667 1262 725 1311 et
756 1255 949 1311 fidelis
979 1271 993 1323 ;
1031 1269 1208 1325 super
1236 1268 1425 1324 pauca
1452 1251 1615 1307 fuisti
1648 1251 1863 1318 fidelis,
1894 1266 2073 1322 super

418 1370 447 1398 ‹‹
482 1348 583 1403 Δθ
615 1346 806 1401 multa
836 1349 891 1399 te
931 1342 1324 1398 constituam:
1358 1341 1517 1396 intra
1547 1342 1606 1395 in
1636 1339 1917 1413 gaudium
1967 1339 2070 1393 do-

422 1460 449 1489 ‹‹
488 1437 635 1492 ιιιὶῃί
668 1435 752 1490 tui
781 1433 928 1489 "-83.
953 1454 979 1485 ι
1018 1434 1312 1488 Hactenus
1335 1431 1493 1485 enim
1520 1436 1685 1485 extra
1701 1435 1929 1502 portam
1956 1434 2073 1484 ste—

420 1525 543 1580 tisti
570 1541 583 1578 :
617 1525 922 1595 contingat
954 1539 1089 1577 vero
1119 1526 1182 1576 ut
1203 1536 1411 1576 omnes
1434 1537 1535 1575 vos
1561 1519 1759 1575 dicere
1792 1518 2033 1591 possitis
2057 1534 2071 1574 :

421 1639 447 1663 u
487 1613 691 1669 Intulit
727 1628 820 1667 me
852 1628 957 1666 rex
984 1612 1044 1665 in
1077 1610 1553 1682 promptuarium
1586 1626 1759 1664 suum
1780 1607 1846 1662 '9.
1867 1606 2072 1663 Exsul-

425 1725 453 1754 «
486 1708 571 1758 tet
600 1702 803 1758 anima
835 1718 967 1756 mea
996 1701 1057 1755 in
1090 1700 1380 1764 Domino;
1410 1699 1608 1755 induit
1637 1698 1797 1753 enim
1830 1714 1925 1753 me
1943 1714 2075 1753 ves-

425 1816 452 1845 ‹‹
492 1793 739 1848 timento
773 1790 982 1847 salutis
1014 1795 1073 1845 et
1104 1789 1304 1846 tunica
1341 1788 1602 1857 laatitise;
1638 1788 1807 1859 quasi
1858 1804 2074 1859 sponso

2172 622 2238 691 δὴ
2274 622 2512 699 δαψιλὴς
2540 629 2575 696 ἡ
2611 628 2790 702 χάρις·
2824 627 2913 681 καὶ
2947 625 3357 704 μεγαλοφώνων
3381 624 3641 700 κηρύκων
3663 624 3827 704 φωνὴ

2173 715 2385 789 συνάγει
2427 715 2556 777 τοὺς
2582 718 2800 780 πάντας·
2848 714 3108 793 διαιρίνει
3134 714 3192 771 δὲ
3223 714 3419 772 λοιπὸν
3454 716 3481 771 ὁ
3512 715 3674 778 αὐτὸς
3704 714 3835 777 τοὺς

2176 799 2325 857 ἔνδον
2359 804 2699 868 εἰσελθόντας
2728 805 2803 869 εἰς
2834 806 2927 862 τὸν
2965 805 3194 861 τυπικὸν
3243 807 3424 881 γάμον
3478 809 3574 879 (3).
3610 805 3704 872 Μή
3737 805 3832 879 γέ-

2173 893 2320 948 νοιτό
2376 915 2497 949 τινα
2550 899 2659 950 τῶν
2717 896 3349 973 ὀνοματογραφηθὲντων
3407 899 3499 949 νῦν
3578 896 3829 950 ἀκοῦσαν

2175 983 2409 1058 Ἑταῖρε,
2442 988 2561 1048 πῶς
2616 983 2867 1051 ετσῆλθες
2928 983 3059 1054 ὦδε,
3131 986 3208 1059 μὴ
3267 979 3412 1061 ἔχων
3465 980 3671 1058 ἔνδυμα
3728 983 3833 1059 γά-

2183 1092 2325 1146 μου;
2360 1071 2444 1143 εἷή
2478 1071 2536 1129 δὲ
2596 1074 2735 1147 ὑμᾶς
2798 1080 2871 1148 (4)
2930 1078 3140 1137 πάντας
3199 1075 3449 1130 ἀκοῦσαι·
3510 1074 3609 1140 Εὖ,
3669 1071 3835 1130 δοῦλε

2180 1162 2341 1236 ἀγαθὲ
2387 1162 2477 1217 καὶ
2533 1169 2708 1219 πιστέ·
2772 1163 2861 1219 ἐπὶ
2922 1163 3083 1239 ὀλίγα
3138 1164 3205 1233 ἧς
3255 1165 3470 1233 πιστὸς,
3533 1162 3623 1217 ἐπὶ
3683 1160 3827 1218 πολ-
3880 1152 3887 1158 ’

2182 1249 2293 1307 λῶν
2351 1274 2408 1307 σε
2465 1255 2807 1324 καταστήσωο
2871 1250 3081 1309 εἴσελθε
3139 1253 3215 1316 εἰς
3288 1254 3387 1322 τήν
3477 1252 3652 1328 χαρὰν
3737 1256 3833 1307 τοῦ

2182 1341 2387 1414 Κυρίου
2421 1362 2537 1398 σου.
2569 1346 2676 1397 Νῦν
2724 1341 2826 1418 γὰρ
2874 1343 3009 1404 τὲως
3062 1339 3163 1412 ἔξω
3209 1348 3310 1410 τῆς
3361 1339 3527 1415 θύρας
3573 1338 3830 1410 ἓστηκαςο

2181 1432 2392 1508 γένοιτο
2425 1428 2483 1487 δὲ
2528 1431 2729 1493 πάντας
2788 1433 2927 1504 ὑμᾶς
2983 1430 3175 1486 εἰπεῖν’
3230 1429 3523 1506 Εἷσήνεγκέ
3573 1451 3641 1503 με
3670 1431 3699 1484 ὁ
3733 1430 3832 1506 βα·

2184 1520 2368 1584 σιλεὺς
2428 1520 2505 1583 εἷς
2560 1522 2622 1575 τὸ
2677 1525 2901 1593 ταμεῖον
2955 1521 3143 1576 αὐτοῦ.
3203 1518 3589 1595 Ἀγαλλιάσθω
3647 1520 3682 1590 ἠ
3724 1522 3831 1592 ψυο

2184 1613 2260 1686 χιε
2327 1631 2431 1684 μου
2488 1608 2576 1665 ἐπὶ
2635 1614 2713 1683 τῷ
2771 1609 2974 1686 Κυρίῳ·
3034 1606 3245 1664 ἐνέδυσε
3299 1609 3399 1685 γάρ
3463 1629 3530 1683 με
3610 1608 3829 1683 ἱμάτιον

2185 1700 2484 1775 σωτηρίου,
2539 1698 2629 1754 καί
2709 1703 2922 1775 χιτῶνα
3007 1697 3366 1776 εὐφροσύνης·
3452 1698 3528 1760 ὡς
3610 1695 3834 1772 νυμφίῳ

2185 1789 2472 1865 περιέθηκέ,
2536 1810 2631 1863 μοι
2693 1788 2910 1865 μίτραν,
2968 1788 3059 1844 καὶ
3119 1789 3194 1852 ὡς
3248 1787 3465 1865 νύμφην
3517 1789 3825 1861 κατεκόσμη

425 1905 453 1932 ‹‹
488 1882 916 1954 circumposuit
937 1881 1084 1936 mihi
1118 1880 1379 1947 mitram,
1405 1886 1464 1934 et
1485 1886 1766 1950 tanquam
1793 1895 2073 1949 sponsam

2190 1879 2245 1934 σε
2278 1900 2345 1952 με
2373 1878 2589 1952 κόσμῳ.
2622 1880 2732 1936 Ἵνα
2792 1878 2983 1953 εὑρεθῇ
3043 1880 3256 1933 πάντων
3312 1877 3463 1950 ὑμῶν
3495 1878 3529 1946 ἡ
3560 1877 3713 1952 ψυχὴ
3749 1877 3827 1949 μὴ

426 1996 453 2025 ς(
490 1973 720 2028 ornavit
749 1988 841 2026 me
874 1970 1098 2026 mundo
1127 1969 1196 2025 99.
1233 1991 1257 2018 ››
1296 1970 1367 2024 Ut
1423 1968 1757 2024 inveniatur
1805 1967 2074 2023 omnium

425 2068 684 2117 vestrum
716 2060 935 2125 anima,
969 2076 1092 2114 non
1122 2059 1349 2114 habens
1372 2056 1690 2124 maculam,
1716 2061 1818 2111 aut
1839 2073 2069 2127 rugam,

424 2158 527 2208 aut
555 2150 779 2221 aliquid
811 2148 1157 2221 hujusmodi
1176 2146 1243 2213 9',
1270 2164 1391 2203 non
1420 2146 1572 2215 dico,
1592 2152 1913 2217 antequam
1936 2162 2072 2217 gra-

424 2243 566 2297 tiam
598 2238 1049 2311 consequamini
1082 2237 1398 2309 (quomodo
1422 2236 1605 2303 enim,
1630 2237 1730 2307 qui
1758 2235 1831 2291 ad
1859 2235 2071 2290 remis-

425 2332 652 2386 sionem
684 2334 1062 2402 peccatorum
1119 2327 1309 2383 vocati
1368 2326 1510 2381 estis
1535 2324 1606 2394 ?),
1641 2324 1743 2381 sed
1800 2329 1888 2389 ut,
1937 2341 2072 2380 cum

423 2426 612 2500 gratia
641 2425 899 2488 dabitur,
929 2422 1298 2480 conscientia
1329 2421 1480 2477 nihil
1539 2420 1940 2477 damnationis
1969 2436 2072 2492 ge-

425 2533 566 2571 rens
594 2513 690 2588 [ad
722 2513 1023 2582 effectum]
1054 2512 1255 2579 gratias
1286 2516 1620 2567 concurrat.

498 2606 593 2659 IlI.
628 2605 835 2675 Magna
864 2601 1128 2672 profecto
1159 2617 1255 2654 res
1286 2604 1395 2666 est,
1429 2599 1664 2661 fratres.
1696 2605 1757 2655 et
1787 2599 2075 2672 singulari

430 2693 705 2749 cautione
723 2690 796 2746 ad
816 2690 980 2745 illam
995 2688 1275 2743 accedite.
1294 2688 1442 2742 Siste
1452 2694 1545 2742 tur
1556 2688 1965 2759 unusquisque
1980 2705 2078 2743 ve-

431 2787 619 2835 strum
650 2794 851 2835 coram
882 2778 1020 2842 Deo,
1055 2776 1260 2831 multis
1317 2776 1661 2847 angelorum
1721 2776 2077 2832 exercitibus

433 2867 799 2940 myriadibus
830 2866 1248 2938 praesentibus.
1283 2866 1536 2937 Spiritus
1568 2872 1815 2929 sanctus
1848 2867 2077 2923 animas

428 2964 652 3015 vestras
672 2956 1090 3030 obsignaturus
1112 2960 1202 3010 est
1221 2956 1298 3025 (2)
1328 2970 1341 3009 :
1365 2954 1666 3028 deligendi
1687 2956 1829 3011 estis
1847 2956 1909 3011 in
1926 2957 2080 3012 mili-

427 3050 568 3105 tiam
600 3062 815 3120 magno
846 3045 971 3118 regi
997 3045 1060 3101 ".
1093 3045 1297 3116 Itaque
1328 3050 1532 3116 parate
1563 3061 1664 3100 vos
1695 3050 1756 3101 et
1801 3045 2077 3102 instructi

497 3182 542 3216 ⁸⁸
576 3182 706 3237 Vid.
738 3183 955 3237 Procat.
990 3196 1048 3234 ιι.
1084 3181 1135 3235 3.
1238 3178 1285 3214 ⁸⁸
1314 3179 1515 3237 Matth.
1549 3197 1689 3243 χιιι,
1724 3183 1809 3235 12.

1913 3180 1956 3216 ⁸⁷
1990 3183 2191 3239 Matth.
2225 3199 2354 3249 xxv,
2386 3184 2473 3237 21.

2188 1966 2392 2046 ἔχουσα
2424 1968 2645 2038 σπῖλον,
2674 1969 2709 2039 ἢ
2741 1965 2950 2043 ῥυτίδα,
2982 1964 3018 2035 ἤ
3048 1988 3099 2022 τι
3129 1970 3239 2021 τῶν
3287 1966 3572 2021 τοιούτων·
3627 1965 3689 2021 οὗ
3737 1964 3834 2022 λέ-

2180 2081 2261 2135 γω
2292 2070 2398 2136 πρὸ
2426 2063 2528 2114 τοῦ
2560 2053 2747 2113 λαϐεῖν
2792 2058 2889 2126 τήν
2949 2057 3134 2133 χάριν
3192 2060 3327 2118 (πῶς
3374 2056 3498 2131 γάρ,
3551 2053 3603 2111 ο⁹ί
3652 2077 3715 2133 γε
3745 2054 3829 2112 ἐπὶ

2183 2149 2366 2225 ἀφέσει
2400 2149 2679 2223 ἁμαρτιῶν
2713 2145 2985 2217 ἐκλήθητε
3008 2150 3044 2219 ;)
3075 2142 3203 2202 ἀλλ’
3255 2144 3345 2199 ἳνα
3391 2142 3687 2218 διδομένης
3734 2151 3833 2214 τῆς

2183 2240 2439 2313 χάριτος,
2472 2235 2882 2313 ἀκατάγνωστος
2940 2237 2976 2305 ἡ
3033 2233 3335 2305 συνείδησις
3382 2234 3659 2308 εὓρεθεῖσα
3713 2255 3837 2289 συν-

2182 2325 2362 2405 δράμῃ
2385 2330 2455 2402 τῇ
2485 2328 2698 2403 χάριτι.

2256 2598 2327 2654 Γ“.
2363 2596 2517 2671 Μέγα
2544 2596 2605 2650 τὸ
2662 2598 2891 2670 πρᾶγμα
2944 2593 3189 2664 ὀληθῶς,
3237 2591 3489 2672 ἀδελφοὶ,
3544 2592 3635 2648 καὶ
3697 2591 3831 2665 μετᾶ

2185 2693 2476 2762 προσοχῆς
2514 2685 2661 2757 αὐτῷ
2717 2682 3065 2760 προσέλθετε.
3124 2681 3336 2740 Μέλλει
3389 2679 3612 2745 ἕκαστος
3676 2684 3827 2754 ὑμῶν

2186 2776 2543 2852 παρίστασθαι
2597 2778 2678 2847 τῷ
2735 2777 2879 2846 Θεῷ,
2934 2771 3169 2827 ἐνώπιον
3230 2769 3509 2848 μυριάδων
3566 2776 3830 2842 στρατιῶν

2188 2865 2459 2941 ἀγγέλων·
2497 2861 2689 2938 μέλλει
2710 2864 2773 2918 τὸ
2799 2865 3018 2935 Πνεῦμα
3054 2862 3118 2916 τὸ
3145 2860 3295 2935 ὴιον
3331 2860 3640 2938 σφραγίζειν
3677 2862 3827 2933 ὑμῶν

2185 2955 2280 3017 τὰς
2317 2954 2523 3030 ψυχᾶς·
2560 2949 2794 3026 μέλλετε
2823 2949 3308 3027 στρατολογεῖσθαι
3337 2950 3418 3023 τῷ
3461 2948 3687 3025 μεγάλῳ
3737 2951 3833 3025 βα-

2188 3043 2351 3101 σιλεῖ.
2386 3042 2595 3101 Οὐκοῦν
2621 3039 3000 3115 ὲτοιμάσασθε,
3058 3040 3535 3115 παρασκευάσασθε
3579 3044 3675 3104 (5)'
3728 3038 3836 3115 οὐχ

2580 3180 2624 3216 ⁸⁸
2664 3180 2788 3237 Vid.
2824 3182 3044 3236 Procat.
3078 3195 3140 3234 ιι.
3177 3182 3225 3235 1.
3326 3177 3372 3214 ⁸⁹
3399 3176 3582 3246 ,Οᾶῐιῐ-
3634 3191 3672 3243 ι,
3707 3177 3760 3232 3-

432 3252 481 3288 9°
510 3253 644 3307 Isai.
676 3268 787 3321 LXI,
822 3254 905 3304 10.
982 3249 1027 3285 ⁹¹
1062 3251 1273 3321 Ephes.
1307 3269 1360 3321 v,
1392 3255 1481 3305 27.
1559 3250 1607 3286 9'
1650 3252 1774 3306 Vid.
1808 3254 2029 3307 Procat.
2063 3272 2073 3309 ι

2191 3262 2211 3309 ι
2241 3257 2378 3324 infr.
2413 3270 2474 3310 ιι.
2512 3255 2597 3308 16.

506 3378 580 3447 (1)
612 3376 877 3453 Liberalis
905 3382 981 3431 est
1000 3378 1220 3453 gratia.
1260 3378 1625 3453 Baptismum
1682 3377 1931 3453 gratiam
1977 3396 2078 3453 vo-
2110 3383 2153 3451 (ζ
2194 3402 2222 3431 ‹‹
2256 3380 2465 3436 culiari
2497 3379 2665 3453 signo
2695 3378 2884 3453 notati
2914 3378 3156 3453 iuerint,
3187 3377 3299 3433 hoc
3326 3381 3415 3433 est
3435 3375 3629 3449 sigillo
3648 3375 3835 3432 sancti

437 3446 552 3523 cat,
589 3463 695 3502 seu
724 3446 885 3523 quod
912 3447 1095 3523 nullis
1122 3446 1406 3523 impensis
1435 3446 1737 3505 constaret
1766 3450 1869 3505 sed
1898 3451 2080 3523 gratis

443 3522 706 3603 daretur,
730 3522 917 3603 ea”,
944 3536 1003 3573 ιι.
1034 3521 1088 3603 ᾇ,
1113 3518 1186 3574 ad
1209 3518 1472 3603 eumque
1501 3538 1793 3603 pauperes
1814 3518 1987 3593 juxta
2015 3539 2083 3603 ac

443 3592 657 3665 divites
671 3589 1156 3665 admitterentur,
1185 3608 1301 3662 qua
1329 3589 1559 3648 ratione
1597 3589 1833 3665 signum
1890 3595 2083 3649 crucis

447 3661 789 3735 prmsidium
811 3662 1131 3735 gratuitum
1154 3661 1473 3735 etgratiam
1497 3661 1768 3720 dicitcat.
1797 3667 1881 3731 13,
1906 3682 1964 3718 ιι.
1991 3668 2080 3733 36,

447 3733 550 3790 seu
582 3734 777 3805 potius
808 3734 946 3803 quia
976 3733 1177 3789 leviori
1198 3733 1608 3792 aecedentium
1640 3736 1839 3792 labore
1864 3737 2081 3792 remis-

442 3807 671 3862 sionem
704 3811 1077 3879 peccatorum
1112 3806 1473 3879 conferebat.
1508 3826 1685 3879 quam
1718 3809 2079 3879 paenitentia;

438 3883 897 3934 sacramentum.
933 3877 1121 3933 Habes
1153 3878 1305 3933 hanc
1337 3880 1390 3934 S.
1424 3877 1662 3933 Paciani
1720 3877 2079 3934 sententiam

435 3949 686 4022 epistola
715 3948 788 4003 ad
822 3949 1321 4021 Sympronianum
1340 3951 1513 4005 tertia
1538 3966 1550 4004 :
1579 3973 1605 3999 «
1632 3951 1963 4020 Baptismus
1986 3967 2082 4005 sa-

433 4045 457 4069 ‹‹
494 4027 867 4078 cramentum
901 4028 988 4075 est
1031 4022 1350 4076 Dominicas
1412 4022 1728 4092 passionis,
1788 4022 2082 4092 paeniten-

430 4116 455 4141 ‹‹
496 4094 641 4148 tium
663 4092 855 4158 venia,
876 4093 1153 4148 meritum
1181 4093 1700 4149 conﬁtentilelud
1724 4109 1931 4148 omnes
1954 4094 2076 4149 adi-

430 4189 456 4214 u
492 4164 641 4237 pisci
672 4168 943 4237 possunt.
967 4165 1117 4237 quia
1146 4166 1335 4237 gratia
1365 4165 1465 4219 Dei
1501 4165 1723 4220 donum
1756 4172 1864 4224 est.
1899 4165 1959 4219 id
1992 4170 2082 4219 est

430 4261 456 4287 α
492 4234 749 4309 gratuita
777 4234 1053 4288 donatio:
1088 4234 1256 4288 labor
1284 4252 1418 4289 vero
1451 4237 1560 4309 iste
1617 4252 1940 4308 paucorum
1991 4241 2081 4291 est

434 4329 457 4358 α
492 4308 592 4387 qui
626 4310 770 4387 post
787 4320 989 4387 casum
1023 4311 1359 4387 resurgunt,
1393 4308 1491 4387 qui
1526 4315 1659 4387 post
1677 4309 1922 4363 vulnera
1937 4325 2077 4363 con-

429 4404 456 4430 ‹‹
472 4375 797 4436 vales—cunt:
818 4376 920 4447 qui
937 4375 1284 4451 lacrymosis
1297 4375 1424 4432 voci
1428 4375 2030 4451 bus'adjuvanturxtc.
2047 4399 2077 4429 »

499 4455 575 4521 (2)
605 4448 1445 4521 Spiritussanctus_obsignavit
1472 4448 1688 4506 animas
1706 4459 1929 4507 vestras.
1951 4451 2077 4506 Sive

427 4518 895 4593 de‘bap—tismali,
930 4520 1052 4573 sive
1098 4518 1169 4575 de
1199 4520 1669 4593 conﬁrmationis
1712 4523 2074 4589 charactere,

428 4595 548 4649 sive
580 4590 822 4648 tandem
855 4590 1210 4664 deutroque
1244 4592 1607 4664 conjunctim
1634 4593 2074 4664 loquatur.pro-

427 4665 622 4736 prium
649 4662 1062 4736 esseSpiritus
1083 4663 1464 4736 sanctigillum
1488 4664 1565 4718 im
1578 4662 1830 4735 primere
1851 4662 2072 4735 ubique

428 4733 602 4818 dgcet
628 4733 884 4818 qvi-illus
909 4751 935 4818 ς.
950 4733 1356 4818 eademenim
1388 4733 1605 4818 repetit
1633 4742 1741 4790 cat
1768 4753 1828 4818 ιι.
1854 4739 1937 4818 16,
1959 4733 2076 4818 cat.
2109 4739 2157 4804 D

430 4811 512 4863 16.
549 4825 607 4864 n.
643 4811 732 4873 24,
766 4813 879 4863 cat.
916 4809 1002 4869 17,
1030 4822 1089 4878 ιι.
1118 4808 1207 4871 35,
1241 4823 1424 4878 quare
1448 4808 1618 4864 illum
1644 4815 1811 4863 vocat
1828 4808 2079 4877 spiritale

423 4880 687 4953 sigillum,
747 4876 1133 4953 annuntiat-iis
1184 4875 1475 4953 σφραγῖδα,
1535 4886 1646 4953 cat.
1679 4883 1754 4953 _1,
1807 4875 1866 4933 n:
1901 4882 1953 4934 3.
1986 4879 2077 4953 vel

425 4946 666 5019 spiritus
686 4952 861 5004 sancti
880 4946 1583 5023 signaculuni','ll~}ev5paroq
1602 4946 1756 5023 ἁγίου
1784 4946 2074 5023 σφραγῖδα,

422 5023 669 5097 ξιὌςιιίἈ
696 5036 756 5073 ιι.
797 5023 880 5097 17.
915 5022 1115 5097 Neque
1162 5021 1289 5077 hanc
1332 5022 1436 5097 illi
1486 5021 1725 5096 propria
1781 5021 2072 5097 doctrina.

424 5093 592 5162 Greg.
626 5092 820 5173 Nyssz,
855 5095 995 5178 tom.
1035 5090 1107 5177 ll,
1143 5098 1290 5148 orat.
1322 5090 1704 5220 Deme—nit}?
1735 5096 1872 5148 168:
1898 5091 2076 5167 Λόγος

424 5161 641 5220 ἡγίασε.
677 5165 891 5220 [Ινευμα
922 5178 1263 5220 εσφραγισεν.
1295 5162 1323 5216 ὁ
1354 5162 1586 5220 παλαιὸς
1676 5165 1926 5220 νθοωπος
1958 5161 2072 5218 ἐνε-

420 5158 891 5248 ἠγίασεᾲῖἰνεῦμα
922 5158 1263 5248 ἐσφράγισεν,
1295 5158 1586 5248 ὁῆπᾷλαιὸς
1613 5158 1926 5248 ’ἔνθρωπος
1958 5158 2072 5248 ἐνε-

420 5233 589 5310 τάφη³
622 5233 857 5310 Verbum
886 5233 1273 5310 sanetiﬁcagit,
1306 5237 1549 5306 Spiritus
1604 5233 1866 5310 signavit,
1923 5243 2076 5293 vetus

422 5304 583 5363 hoino
609 5304 869 5378 sepultus
910 5310 1003 5358 est.
1036 5304 1111 5378 ‘S.
1164 5304 1675 5378 Cbrysbstomusf
1704 5304 1863 5365 hom.
1898 5310 1928 5362 3
1959 5311 2020 5378 in
2046 5310 2080 5363 Ι

421 5379 569 5454 C0_r.,
607 5374 742 5454 pag.
776 5376 916 5454 33_8:
952 5374 1199 5454 ίςαθᾴπερ
1231 5374 1590 5454 στρατιώταις
1634 5379 1890 5454 σφραγὶς,
1924 5377 2071 5433 οὕτω

417 5450 506 5503 καὶ
538 5446 655 5511 τοῖς
683 5446 899 5519 πιστοῖς
924 5446 985 5500 τὸ
1039 5446 1257 5519 Πνεῦμα
1300 5446 1625 5505 ἐπιτίθεται·
1677 5446 2071 5507 Ξιᾶν’λειποτα-

413 5521 641 5593 animm.
674 5515 988 5600 κατάδηλος
1013 5517 1137 5644 sivi)
1174 5515 1354 5574 πᾶσιν·
1391 5547 1419 5575 ‹‹
1452 5525 1616 5581 Sicut
1669 5523 1960 5581 militibus
1994 5523 2071 5578 si-

425 5614 448 5644 α
478 5592 821 5644 anaculnm.
857 5597 937 5644 lla
968 5592 1006 5644 ﬁ
1055 5592 1247 5644 ehbus
1272 5594 1524 5644 Sniritns
1557 5595 2068 5644 snnctnsimnoni-

425 5614 448 5644 α
478 5592 834 5668 δυαειιιιιιιι,
857 5592 937 5645 ita
968 5592 1247 5668 ﬁdelibus
1272 5594 1524 5668 Spiritus
1551 5595 2068 5668 sanctusimpoui-

424 5692 445 5718 ι
483 5663 621 5732 tur;
653 5681 770 5737 quo
804 5664 957 5737 ﬁtqut
982 5663 1213 5737 etiamsi
1233 5663 1503 5722 ordinem
1531 5663 2072 5727 deseruel°is;cons-

425 5762 453 5791 «
484 5735 697 5807 picuus
731 5736 1009 5794 omnibus
1036 5735 1166 5794 ﬁas.
1196 5739 1473 5795 Macarius
1503 5739 1649 5796 hom.
1681 5743 1736 5802 5.
1768 5742 1826 5795 in
1863 5742 2025 5807 ﬁnem
2052 5752 2066 5793 :

424 5833 449 5865 α
482 5808 701 5870 Omnes
735 5811 794 5868 in
828 5809 977 5866 duas
1005 5814 1206 5883 partes
1237 5810 1578 5881 constituet,
1614 5815 1673 5866 et
1701 5826 1803 5867 eos
1832 5808 1936 5881 qui
1966 5825 2068 5884 pe-

2195 3475 2223 3503 «
2258 3453 2529 3523 Spiritus,
2556 3450 2741 3505 veluti
2772 3450 3103 3523 peculiares
3130 3455 3416 3517 accerset,
3447 3455 3505 3504 et
3557 3453 3775 3504 statuet
3804 3464 3839 3503 a

2194 3546 2221 3574 ‹‹
2252 3522 2475 3579 dextris
2506 3546 2555 3579 ιδ.
2590 3524 2751 3578 Hanc
2781 3522 3115 3577 doctrinam
3145 3523 3347 3576 Patres
3384 3525 3738 3591 acceperant
3767 3536 3837 3574 ex

2191 3596 2293 3650 illo
2328 3596 2381 3650 S.
2417 3595 2583 3650 Pauli
2615 3594 2868 3665 apostoli
2900 3594 3030 3648 loco
3059 3594 3273 3664 Ephes.
3308 3609 3347 3660 ι,
3379 3595 3449 3659 3;
3479 3595 3548 3665 In
3583 3608 3692 3662 quo
3717 3607 3837 3647 cre-

2191 3668 2394 3733 dentes,
2429 3663 2707 3736 obsignu'ti
2760 3666 2885 3721 estis
2934 3663 3153 3734 Spiritu
3192 3663 3575 3735 promissionis
3618 3670 3825 3736 sancto,

2191 3756 2368 3809 quem
2403 3734 2596 3793 locum
2629 3737 2881 3808 Cyrillus
2911 3738 3083 3809 aﬂ‘ert
3111 3734 3223 3809 cat.
3258 3739 3345 3802 i7,
3378 3736 3466 3797 35,
3509 3741 3575 3809 u_t
3609 3734 3836 3809 probet

2191 3806 2472 3879 Spiritum
2506 3806 2773 3865 sanctum
2797 3808 3028 3863 animas
3049 3807 3472 3879 baptizatorum
3496 3806 3830 3879 obsignare.

2191 3877 2425 3953 Alioqui
2458 3881 2677 3952 Cyrillo
2708 3896 3059 3953 persuasum
3092 3877 3219 3934 erat
3247 3879 3449 3934 omnia
3494 3895 3602 3950 per
3636 3877 3834 3953 Spiri-

2191 3958 2315 4008 tum
2346 3952 2616 4007 sanctum
2648 3952 3029 4015 sanctiﬁcari,
3061 3956 3173 4006 cat.
3206 3953 3260 4018 4,
3302 3967 3361 4006 ιι.
3400 3953 3483 4011 16,
3508 3955 3622 4005 cat.
3650 3952 3736 4012 16,
3771 3965 3829 4004 n.

2190 4027 2243 4085 3.
2272 4030 2383 4080 cat.
2420 4028 2505 4079 17.
2540 4040 2598 4077 ιι.
2632 4026 2683 4076 2.
2720 4030 2830 4077 cat.
2870 4026 2955 4083 17.
2983 4040 3041 4077 ιι.
3076 4027 3129 4089 2,
3161 4028 3273 4078 cat.
3334 4024 3424 4089 23,
3472 4038 3534 4077 ιι.
3581 4025 3633 4076 Ἰ.
3689 4022 3833 4077 Cum

2190 4112 2326 4167 ergo
2358 4094 2806 4167 sacramentalis
2839 4095 3145 4167 character
3173 4094 3247 4149 ad
3297 4093 3833 4167 sanctiﬁcationem

2189 4165 2450 4246 hominis
2481 4165 2910 4246 designandam
2941 4172 3000 4220 et
3029 4165 3463 4246 obﬁgmandam
3494 4182 3601 4246 per
3622 4179 3836 4246 sepre-

2189 4184 2450 4249 nominis
2481 4184 2910 4291 aesngnanuam
2941 4184 3000 4220 et
3029 4184 3463 4222 onnrmanaam
3494 4184 3601 4237 per
3622 4184 3685 4246 se
3707 4184 3836 4246 pre-

2188 4244 2392 4304 tineat,
2427 4237 2584 4293 hunc
2657 4243 2866 4309 piritus
2898 4238 3085 4293 sancti
3118 4238 3392 4292 effectum
3418 4253 3548 4291 esse
3572 4235 3836 4309 legitima

2188 4310 2610 4367 consecutione
2642 4309 2911 4364 asseruit.
2949 4311 3243 4364 Praaterea
3288 4309 3694 4367 characterem
3728 4313 3832 4378 Ly-

2187 4383 2360 4438 rillus
2391 4387 2689 4464 spectasse
2720 4380 2951 4464 videtur
2997 4386 3065 4462 ut
3119 4380 3422 4464 caelestem
3469 4379 3832 4464 etdivinam

2188 4450 2528 4525 quampiam
2543 4453 2741 4508 animo
2759 4452 3010 4525 formam
3025 4452 3569 4525 imprimentemJt
3582 4450 3834 4525 Spiritus

2188 4522 2497 4581 sancti—est
2527 4524 2784 4580 divinam
2816 4523 2875 4577 in
2907 4523 3077 4579 nobis
3109 4522 3562 4579 Similitudinem
3595 4522 3831 4577 e‘ﬁcere

2185 4598 2429 4665 (confer.
2463 4602 2577 4653 cat.
2613 4598 2701 4663 17,
2730 4612 2787 4649 ιι.
2837 4597 2924 4659 12,
2979 4611 3113 4651 cum
3172 4601 3285 4650 cat.
3350 4597 3433 4658 14,
3489 4611 3549 4649 ιι.
3606 4595 3714 4663 10),
3773 4597 3834 4647 et

2186 4669 2401 4723 Christi
2434 4669 2495 4722 in
2525 4667 2697 4738 nobis
2718 4665 2971 4738 formam
3002 4668 3367 4738 imprimere,
3418 4671 3531 4721 cat.
3564 4667 3653 4731 21,
3680 4681 3742 4719 ιι.
3770 4668 3826 4738 1.

2258 4742 2332 4808 (3)
2363 4738 2459 4801 Εἷς
2484 4737 2578 4793 τὸν
2606 4737 2832 4792 τυπιχὸν
2888 4736 3107 4810 γάμονξ
3145 4738 3373 4794 Desunt
3417 4753 3501 4792 eas
3549 4751 3723 4810 voces
3765 4736 3827 4810 in

2187 4810 2358 4889 codd.
2391 4811 2590 4889 (_‘:o_isl.,
2611 4813 2769 4889 _Roe.
2803 4807 3075 4889 Ga_saub.,
3108 4817 3167 4865 et
3196 4810 3476 4889 videntur
3514 4807 3827 4889 explicatio

2186 4882 2368 4954 verbi,
2402 4879 2575 4938 ἔνδον.
2609 4881 2930 4954 δεςυειῃίιι
2959 4882 3135 4936 verba
3165 4883 3262 4954 sicﬂ
3282 4878 3660 4954 leguntunin
3692 4878 3823 4935 cod.

2185 4953 2360 5027 C0_is_l.
2389 4971 2401 5009 :
2437 4954 2526 5020 Μή
2559 4948 2897 5027 γένοῖτοῄοὖν
2926 4972 3049 5005 τινα
3075 4956 3182 5027 τῶν
3236 4948 3403 5027 ἔνδονΔ
3449 4948 3826 5027 εἷ’σελθόντων,

2184 5024 2274 5076 καὶ
2307 5022 2934 5098 ὀνοματοήραφηθέντων
2967 5027 3046 5095 τῷ
3080 5025 3207 5097 (leg.
3242 5025 3324 5091 τὸ)
3380 5022 3626 5098 ἀκοῦσαι·
3677 5023 3829 5098 absit

2184 5103 2245 5150 ut
2278 5094 2481 5169 aliquis
2509 5094 2695 5153 comm
2726 5099 2825 5167 qui
2855 5094 3086 5166 ingressi
3114 5094 3243 5152 sunt
3300 5102 3352 5149 et
3399 5097 3626 5151 nomina
3667 5094 3829 5149 dede-

2182 5175 2337 5236 runt,
2370 5170 2561 5224 audiat
2591 5169 2753 5226 illud.
2789 5173 2898 5223 etc.

2257 5235 2331 5302 (4)
2358 5240 2547 5308 Ὑμᾶς,
2581 5247 2691 5295 etc.
2728 5239 2819 5293 Sic
2846 5255 2954 5294 nos
2982 5255 3052 5294 ex
3076 5238 3245 5295 codd.
3271 5240 3391 5294 Roe
3413 5242 3473 5292 et
3500 5235 3747 5308 Casaub.
3765 5236 3831 5291 In

2184 5309 2360 5382 editis
2410 5305 2680 5377 habetur,
2743 5311 2915 5380 ἡμᾶς,
2978 5316 3043 5382 et,
3096 5310 3510 5382 transponitur
3586 5305 3643 5361 εὗ
3678 5312 3835 5382 post

2184 5375 2366 5437 δοῦλε.
2401 5383 2596 5454 Codex
2628 5375 2864 5454 quoque
2895 5381 3071 5438 Coisl.
3109 5389 3168 5438 et
3197 5375 3392 5440 Otlob.
3420 5396 3624 5437 vocem
3647 5375 3835 5451 36—po-

2180 5454 2269 5508 nit
2294 5462 2431 5510 ante
2464 5450 2645 5509 δοῦλε.

2252 5527 2325 5588 (5)
2384 5526 2798 5598 Ἐτοιμάσασθε,
2834 5523 3373 5598 *παρασκευάσασθεη
3421 5522 3625 5598 Coisl.,
3687 5518 3832 5576 ἐτοι-

2184 5596 2449 5671 μάσθητε,
2480 5594 2978 5671 παρασκευάσθητε.
3011 5597 3212 5654 Potior
3239 5603 3329 5653 est
3358 5596 3535 5671 lectio
3566 5599 3825 5666 recepta,

2181 5667 2569 5741 significatur
2606 5669 2759 5724 actio
2816 5667 3038 5725 reflexa
3091 5668 3462 5742 praeparandi
3523 5683 3635 5732 se;
3691 5681 3825 5793 quin

2181 5742 2424 5793 nronria
2451 5741 2612 5793 verbi
2644 5740 2826 5793 medii
2864 5741 2950 5793 vis
3007 5758 3076 5793 ac
3123 5743 3292 5793 locus
3334 5746 3444 5793 est.
3493 5744 3561 5793 ut
3603 5739 3669 5793 in
3739 5736 3820 5793 ib.

2177 5736 2424 5813 prbpria
2451 5741 2612 5797 verbi
2644 5740 2826 5796 medii
2864 5741 2950 5797 vis
3007 5736 3292 5799 ac'locus
3334 5746 3445 5809 est,
3493 5744 3561 5796 ut
3603 5739 3669 5794 in
3712 5736 3820 5793 lib.

2177 5812 2438 5871 ostendit
2465 5815 2770 5873 Kusterus.
