4152 6264
401 339 524 397 433

1517 338 2002 401 GATECHESIS
2044 339 2132 399 III
2180 337 2276 398 DE
2318 337 2742 401 BAPTISMO.

3706 348 3824 405 434

404 475 516 525 τῶν
546 471 820 546 τεσσάρων
854 472 953 525 τοῦ
1008 469 1210 542 κίσμου
1270 468 1526 545 στοιχίων
1580 468 1687 524 τῶν
1716 469 2041 547 φαινομένωη

2175 472 2458 543 quiddam
2486 478 2582 528 est
2602 490 2773 543 aqua,
2808 476 2867 527 et
2887 487 2957 526 ex
2979 477 3232 543 quatuor
3252 475 3591 546 conspicuis
3614 479 3824 533 mundi

400 561 467 615 τὸ
523 559 841 615 κάλλιστον.
905 557 1178 632 Ἀγγέλων
1228 556 1553 630 ἐνδιαίτημα
1585 560 1892 635 ὁοὺρανὸς,
1941 558 2068 614 ἀλλ’

404 649 455 718 ἐξ
490 649 699 703 ὑδάτων
758 647 999 723 οὐρανοί·
1061 650 1135 722 γῆ
1188 648 1250 702 τὸ
1306 653 1414 704 τῶν
1475 649 1775 723 ἀνθρώπων
1832 650 2064 724 χωρίον,

405 739 531 794 ἀλλ’
562 737 614 809 ἐξ
648 735 911 807 ὑδάτωνὴ
961 743 1056 811 γῆ³
1116 737 1204 792 καὶ
1263 739 1370 814 πρὸ
1427 739 1603 809 πάσης
1654 743 1760 794 τῶν
1821 743 2064 814 γενητῶν

401 836 503 897 τῆς
562 828 866 901 ἐξαημὲρου
921 829 1253 895 κατασκευῆς
1289 871 1304 898 ,
1356 831 1574 902 Πνεῦμα
1642 833 1738 882 τοῦ
1795 832 1928 882 Θεοῦ
1986 833 2062 896 (1)

403 917 698 994 ἐπεφέρετο
756 915 939 971 ἐπάνω
982 919 1080 971 τοῦ
1133 915 1347 981 ὕδατος.
1409 918 1592 992 Ἀρχή
1623 921 1718 971 τοῦ
1757 916 1968 990 κόσμου
1998 917 2059 971 τὸ

398 1005 570 1081 ὕδωρ,
632 1004 724 1060 xui
783 1005 935 1082 ἀρχή
991 1010 1099 1061 τῶν
1158 1004 1507 1083 Εὐαγγελίων
1569 1008 1597 1061 ὁ
1655 1004 2053 1080 ’1ορδάνηςι2γ

392 1096 681 1171 ἐλευθερία
709 1100 788 1168 τῷ
845 1094 1069 1170 Ἰσραήλ
1127 1095 1233 1151 ἀπὸ
1290 1100 1386 1150 τοῦ
1445 1096 1649 1170 Φαραὼ
1699 1093 1789 1150 διὰ
1834 1097 2055 1164 117.101-

395 1186 629 1256 λάσσης,
659 1185 750 1240 καὶ
808 1182 1089 1261 ἐλευθερία
1146 1186 1425 1260 ἁμαρτιῶν
1472 1189 1551 1258 τῷ
1582 1185 1776 1258 κόσμῳ
1838 1184 1926 1239 διὰ
1953 1189 2053 1239 τοῦ

395 1272 631 1347 λουτροῦ
669 1279 766 1329 τοῦ
815 1272 1011 1336 ὕδατος
1046 1273 1097 1328 ἐν
1211 1296 1336 1348 μάτι
1396 1278 1551 1330 Θεοῦ·
1579 1277 1755 1331 ’Όπου
1815 1271 2048 1344 διαθήκη

387 1365 525 1436 πρός
555 1385 728 1432 τινας,
761 1361 876 1418 ἐκεῖ
913 1363 1002 1418 καὶ
1062 1361 1229 1438 ὕδωρ.
1282 1364 1433 1418 Μετᾶ
1488 1363 1581 1418 τὸν
1640 1361 2047 1445 κατακλυσμὸν,

383 1451 540 1521 ἒτὲθη
600 1448 835 1521 διαθήκη
897 1452 1032 1525 πρὸς
1094 1456 1234 1506 Νῶε’
1296 1449 1528 1520 δισθήκη
1585 1454 1664 1520 τῷ
1722 1447 1947 1525 Ἰσραήλ
1998 1448 2047 1520 ἐξ

393 1535 554 1614 ὅρους
586 1544 736 1594 Σινᾶ·
766 1537 913 1595 ἀλλᾶ
957 1540 1092 1613 μετᾶ
1150 1537 1342 1602 ὕδατος
1378 1543 1471 1608 (3),
1528 1539 1616 1593 καὶ
1653 1537 1801 1613 ἐρίου
1857 1537 2049 1592 κοκκί-

393 1650 512 1700 νου,
551 1629 639 1683 καὶ
699 1629 973 1685 ὑσσώπου.
1038 1629 1228 1690 Ἠλίας
1285 1623 1749 1702 ἀναλαμϐανεται,
1801 1624 1926 1682 ἀλλ’
1979 1628 2044 1682 οὐ

528 1715 692 1759 κηθ
832 1738 845 1752 ο
991 1723 1016 1734 ν
1194 1713 1474 1773 ass:
1637 1715 1917 1772 ‘18"

395 1738 572 1794 χωρις
629 1739 824 1781 υλατος
907 1738 1121 1794 πρῶτον
1154 1740 1188 1793 γ
1229 1738 1255 1793 ρ
1328 1740 1379 1773 ια
1421 1739 1550 1772 ams:
1597 1739 1688 1773 τον
1791 1739 1817 1772 0
1857 1739 2041 1791 ρανην,

2174 561 2486 616 elementis
2537 562 3004 633 pulcherrimum
3028 561 3069 615 ².
3122 564 3480 634 Angelorum
3536 566 3823 622 habitatio

2173 650 2386 705 ccelum
2417 658 2542 719 est;
2577 653 2739 722 atqui
2773 668 2842 705 ex
2872 651 3043 721 aquis
3075 658 3214 706 sunt
3243 654 3397 718 coeli,
3431 660 3589 710 terra
3618 657 3822 711 homi-

2171 757 2312 794 num
2349 740 2518 794 sedes
2551 745 2658 800 est.
2693 740 2855 810 atqui
2886 757 2955 794 ex
2987 741 3156 810 aquis
3179 741 3357 796 etiam
3391 749 3583 798 terra:
3610 751 3820 800 etante

2169 846 2407 884 omnem
2467 830 2568 885 ΔΩ
2619 835 2950 884 creatarum
3000 845 3200 884 rerum
3258 829 3676 887 formationem
3717 852 3821 890 sex

2166 919 2374 974 diebus
2435 919 2818 985 elaboratam,
2879 919 3124 989 Spiritus
3181 921 3281 974 Dei
3329 921 3613 990 ferebatur
3657 939 3820 992 super

2163 1025 2364 1078 aquam
2387 1011 2427 1062 ³.
2488 1009 2856 1079 Principium
2906 1008 3156 1076 mundi,
3210 1026 3409 1081 aqua;
3457 1011 3819 1082 principium

2162 1098 2634 1171 Evangeliorum,
2689 1098 2962 1153 Jordanis
2984 1099 3023 1154 ‘.
3093 1099 3358 1155 Libertas
3415 1117 3450 1155 a
3508 1102 3818 1158 Pharaone

2159 1187 2364 1242 Israeli
2396 1205 2502 1258 per
2546 1204 2711 1242 mare
2763 1187 3011 1258 contigit
3040 1205 3054 1255 ;
3109 1193 3167 1242 et
3196 1188 3442 1245 libertas
3473 1205 3508 1244 a
3536 1192 3818 1261 peccatis,

2159 1277 2381 1331 mundo
2409 1293 2514 1347 per
2546 1277 2845 1332 lavacrum
2877 1294 3045 1348 aquas
3080 1277 3140 1332 in
3173 1279 3350 1333 verbo
3401 1280 3504 1334 Dei
3538 1296 3816 1350 procura-

2157 1366 2306 1421 tur“.
2343 1366 2693 1437 Ubicunque
2726 1366 2915 1420 fthllS
2961 1382 3095 1420 cum
3127 1367 3430 1438 aliquibus
3477 1369 3814 1437 intercedit,

2155 1447 2236 1508 ibi
2269 1471 2439 1526 aqua.
2467 1456 2677 1510 Foedus
2708 1473 2841 1510 cum
2875 1457 2992 1511 Noe
3027 1457 3320 1511 sancitum
3353 1463 3462 1525 est,
3495 1465 3627 1530 post
3658 1459 3816 1514 dilu-

2153 1542 2311 1597 vium
2333 1544 2373 1596 °.
2407 1543 2619 1598 Fazdus
2650 1561 2785 1598 cum
2832 1544 3014 1614 Israel
3046 1561 3115 1599 ex
3171 1552 3373 1599 monte
3407 1547 3545 1601 Sina
3597 1548 3814 1602 initum

2152 1637 2277 1700 est;
2310 1649 2511 1687 verum
2541 1650 2676 1688 cum
2726 1650 2880 1704 aqua
2912 1638 2969 1687 et
3016 1633 3154 1688 lana
3183 1635 3479 1700 coccinea,
3514 1642 3572 1690 et
3601 1638 3810 1707 hysso-

2147 1739 2226 1792 po
2263 1720 2305 1776 ⁷.
2331 1723 2489 1777 Elias
2521 1722 2864 1788 assumitur,
2899 1722 3002 1777 sed
3059 1739 3178 1777 non
3213 1724 3342 1778 sine
3403 1740 3596 1795 aqua:
3646 1726 3811 1796 prius

385 1808 498 1864 εἶτα
529 1807 835 1877 ἱππηλάτεῖ
861 1808 953 1863 τὸν
986 1807 1233 1882 οὐρανόν.
1273 1813 1494 1881 Πρῶτον
1516 1810 1543 1862 ὁ
1566 1807 1854 1883 ἀρχιερεὺς
1883 1805 2041 1864 λούε.

2157 1811 2317 1866 enim
2351 1811 2571 1882 trajicit
2616 1811 2957 1878 Jordanem,
3008 1811 3224 1867 deinde
3273 1813 3485 1868 coelum
3529 1831 3706 1868 curru
3737 1814 3810 1871 ab

382 1919 470 1952 ται
505 1902 598 1969 (4),
633 1897 748 1952 εἶτα
806 1899 996 1970 θυμιᾷο
1052 1902 1274 1973 πρῶτον
1334 1898 1437 1972 γὰρ
1496 1897 1706 1970 Ἀαρὼν
1761 1896 2048 1966 ἐλούσατό,

393 1987 511 2041 εἶτα
569 1985 786 2062 γέγονεν
845 1986 1156 2061 ἀρχιερεύς·
1218 1991 1336 2048 πῶς
1390 1987 1491 2062 γὰρ
1551 1986 1806 2062 ἐνεχώρει
1843 1991 1911 2054 (5)
1941 1990 2049 2040 τῶν

377 2074 561 2130 ἄλλων
595 2075 1011 2150 ὗπεοεῦχεσθάι,
1042 2076 1136 2130 τὸν
1167 2073 1235 2130 δι’
1269 2074 1491 2138 εῦδατος
1533 2072 1691 2130 οῦπω
1718 2086 2046 2149 κεκαθαρισ-

377 2168 539 2238 μὲνον
567 2187 581 2236 ;
618 2166 721 2222 Καὶ
755 2160 1038 2239 σύμϐολον
1068 2164 1241 2222 ἔκειτο
1272 2171 1368 2221 τοῦ
1406 2167 1807 2242 βαπτίσματος,
1840 2166 2048 2241 λουτὴρ

367 2251 521 2312 ἔνδον
553 2255 890 2330 ἀποκέμενος
917 2262 1017 2325 τῆς
1051 2261 1281 2327 σκηνῆς.

465 2525 528 2592 ζ’.
565 2522 771 2588 “alii:
797 2524 860 2579 τὸ
898 2525 1070 2594 τήλος
1119 2526 1219 2597 (6),
1278 2525 1368 2580 καὶ
1427 2531 1527 2594 τῆς
1586 2527 1792 2590 Καινῆς
1853 2524 2054 2598 Διαθή-

383 2632 490 2681 κης
524 2612 672 2687 ἀρχὴ
727 2614 789 2667 τὸ
849 2613 1146 2688 βάπτισμα.
1205 2615 1454 2684 Ἰωάννης
1482 2613 1584 2688 γὰρ
1644 2613 1712 2682 ἦν
1769 2613 2050 2696 ἀρχηγὸς,

389 2702 454 2755 οὗ
487 2701 686 2774 μείζων
717 2701 768 2758 ἐν
799 2709 1078 2778 γεννητοῖς
1107 2709 1374 2778 γυναικῶν
1439 2701 1565 2758 οὐδὲ
1624 2702 1722 2766 εἷς·
1759 2702 1921 2766 τέλος
1957 2704 2052 2776 μὲν

386 2796 707 2869 προφητῶν·
762 2793 961 2856 Πάντες
1016 2794 1117 2869 γὰρ
1177 2796 1250 2867 (7)
1297 2795 1348 2848 οἱ
1408 2799 1683 2871 προφῆται
1741 2793 1832 2848 xxi
1884 2793 1912 2847 ὁ
1954 2793 2043 2848 νό·

393 2902 495 2953 μος
524 2877 627 2944 ἕως
687 2883 959 2938 Ἰωάννου.
1018 2886 1136 2937 Τῶν
1193 2879 1249 2936 δὲ
1308 2879 1676 2958 εὐαγγελικῶν
1711 2882 2048 2958 πραγμάτων

463 3009 484 3042 ³
523 3010 650 3064 Vid.
684 3016 790 3064 cat.
822 3009 878 3077 9,
911 3013 1058 3080 n.75.
1136 3008 1160 3042 ³
1190 3011 1332 3064 Gen.
1367 3027 1403 3078 ι,
1435 3013 1488 3064 2.
1567 3009 1589 3043 ‘
1628 3011 1695 3065 V.
1756 3016 1864 3065 cat.
1902 3011 1988 3077 19,

2155 3009 2196 3064 3.
2271 3008 2296 3042 ⁵
2326 3010 2538 3080 Ephes.
2574 3026 2625 3075 ν,
2658 3010 2746 3064 26.
2811 3009 2844 3080 ,ἦ
2875 3009 3031 3080 Gen._
3064 3025 3142 3074 ix,
3197 3011 3250 3064 9.

975 3079 999 3113 9
1030 3081 1209 3138 Exod.
1243 3098 1396 3150 xxiv,
1419 3083 1472 3135 4.
1553 3080 1598 3116 ¹⁰
1629 3082 1805 3136 Levit.
1836 3098 1952 3150 vni,
1986 3083 2038 3136 6.
2115 3079 2160 3118 “
2201 3082 2266 3135 V.
2320 3077 2427 3136 οᾱι.
2461 3083 2549 3148 21,
2582 3097 2641 3135 n.
2675 3082 2727 3134 6.
2805 3077 2850 3113 ¹²
2877 3078 3058 3135 Exod.
3090 3096 3182 3134 XL.
3203 3083 3257 3150 6,
3286 3083 3338 3148 7,
3373 3081 3455 3134 28.
3533 3078 3580 3114 ‘3
3604 3083 3808 3139 Matth.

387 3080 414 3114 ⁸
443 3082 523 3154 IV,
548 3083 679 3154 Reg.
705 3098 774 3154 Διι.
804 3082 900 3154 11,

391 3169 471 3223 xi,
506 3153 593 3207 11.
633 3151 717 3188 ’¹⁴
757 3152 886 3208 Vid.
924 3159 1032 3207 cat.
1062 3155 1147 3221 10,
1181 3169 1240 3207 n.
1278 3156 1363 3208 19.
1441 3151 1488 3186 1⁵
1513 3153 1713 3210 Matth.
1746 3171 1830 3222 xx,
1861 3156 1946 3208 13.

2162 1901 2330 1971 equis
2357 1901 2669 1956 subvectus
2692 1907 2959 1972 permeat
2975 1899 3018 1954 ⁸.
3045 1902 3215 1956 Prius
3248 1919 3515 1958 summus
3536 1913 3811 1958 sacerdos

2160 1991 2483 2059 abluitur”,
2518 1989 2731 2046 deinde
2765 1990 3030 2045 sufﬁtum
3065 1990 3285 2055 adolet,
3318 1992 3483 2063 prius
3525 1994 3687 2047 enim
3718 1993 3810 2048 lo-

2162 2086 2256 2135 tus
2286 2086 2376 2135 est
2407 2084 2598 2134 Aaron
2630 2077 2692 2146 ίθ,
2729 2085 2935 2150 postea
2965 2096 3234 2136 summus
3256 2080 3534 2136 sacerdos
3567 2084 3810 2137 effectus

2161 2172 2338 2224 est“.
2371 2169 2879 2235 Quemadmodum
2920 2169 3079 2224 enim
3129 2187 3234 2240 pro
3278 2170 3411 2225 aliis
3455 2177 3671 2238 oraret,
3705 2171 3807 2243 qui

2161 2259 2427 2314 nondum
2459 2275 2564 2329 per
2601 2274 2816 2328 aquam
2847 2265 3130 2331 purgatus
3158 2259 3371 2314 fuisset
3398 2259 3426 2314 ‘I
3462 2261 3807 2331 Symbolum

2160 2349 2338 2404 etiam
2369 2347 2647 2418 baptismi
2679 2352 2806 2402 erat
2836 2347 3068 2403 labrum
3097 2347 3144 2382 ¹²
3166 2348 3326 2403 intra
3355 2348 3807 2405 tabernaculum

2161 2439 2427 2510 positum
2474 2437 2550 2509 (8.

2233 2528 2322 2581 VI.
2383 2525 2608 2581 Veteris
2665 2526 3023 2581 Testamenti
3084 2526 3220 2582 ﬁnis
3273 2533 3332 2583 et
3379 2527 3615 2583 initium
3647 2529 3810 2598 Novi,

2160 2616 2511 2688 baptismus.
2544 2617 2730 2687 Hujus
2763 2617 2920 2670 enim
2955 2615 3180 2686 primus
3207 2621 3414 2671 auctor
3432 2619 3689 2672 Joannes
3713 2617 3812 2689 (9),

2161 2722 2277 2776 quo
2304 2705 2496 2775 major
2514 2703 2672 2758 inter
2692 2707 2861 2758 natos
2883 2703 3205 2758 mulierum
3226 2703 3430 2759 nullus
3455 2705 3519 2770 ‘3,
3553 2706 3653 2776 qui
3675 2721 3816 2776 pro-

2161 2794 2477 2865 phetarum
2509 2792 2750 2864 quidem
2777 2791 2910 2846 ﬁnis
2928 2791 3040 2846 fuit
3060 2791 3105 2827 ¹⁴
3130 2794 3344 2849 :Omnes
3362 2796 3504 2848 enim
3532 2794 3812 2864 propheta

2161 2890 2212 2939 et
2244 2886 2331 2939 (ea:
2368 2899 2536 2953 usque
2592 2885 2665 2938 ad
2714 2885 2981 2937 Joannem
3007 2881 3088 2951 l5;
3149 2883 3622 2956 evangelicarum
3671 2900 3807 2939 vero

3353 3009 3375 3042 ’⁷
3405 3008 3548 3063 Heb.
3607 3026 3686 3075 lx,
3720 3013 3809 3067 19.

466 3282 536 3351 (1)
567 3283 785 3351 Πνεῦμα
826 3283 923 3332 τοῦ
954 3282 1109 3348 Θεοῦ,
1144 3285 1253 3336 etc.
1290 3281 1373 3334 Ad
1435 3281 1593 3336 hunc
1649 3281 1847 3337 locum
1897 3281 2041 3337 forte

2162 3298 2230 3336 ex
2257 3280 2427 3337 codd.
2459 3279 2657 3344 Coisl.,
2717 3281 2858 3347 Roe,
2918 3278 3189 3345 Casaub.,
3247 3279 3517 3335 versione
3549 3279 3720 3335 Grod.
3753 3285 3813 3336 et

395 3352 654 3423 respexit
681 3357 889 3406 auctor
917 3357 1142 3406 catena)
1190 3354 1248 3406 in
1279 3353 1526 3408 Genesim
1557 3370 1628 3408 ex
1659 3354 1832 3408 variis
1864 3370 1974 3408 ms.
2008 3370 2042 3409 a

392 3425 514 3478 viro
557 3423 902 3496 doctissimo
950 3425 1174 3496 Joanne
1232 3424 1586 3479 Comheﬁsio
1647 3425 2038 3496 transcriptaa,

390 3496 490 3568 qui
507 3495 587 3586 ad
611 3495 771 3586 hunc
796 3495 1040 3586 Genesis
1061 3495 1407 3586 locumth
1430 3495 1538 3581 sub
1564 3497 1804 3586 iiopmine
1835 3495 2040 3586 Cy’rilli

389 3563 578 3623 nostri
607 3569 750 3622 citat
777 3582 791 3620 :
825 3563 1132 3638 Αἰνίττεται
1160 3563 1313 3638 εὐθὺς
1346 3565 1453 3619 ἀπὸ
1485 3563 1798 3633 καταϐολῆς
1830 3563 2040 3638 κὸσμοτ

387 3639 488 3720 τὴν
519 3638 680 3720 χάριν
706 3640 804 3691 τοῦ
833 3636 990 3720 ᾗγίου
1039 3636 1409 3720 ρᾳπτίσμάτος
1463 3660 1490 3688 α
1526 3640 1796 3720 Insinuat
1843 3636 2039 3720 (Deus)

393 3735 419 3762 ‹‹
437 3711 508 3767 ab
524 3709 651 3782 ipso
666 3709 1132 3782 mundi'exordio
1146 3711 1394 3782 gratiam
1413 3710 1597 3782 sancti
1613 3710 2036 3782 baptismatis.»

461 3776 622 3851 (2)’¹Ο
672 3776 982 3852 ἰορδάνμς.
1037 3783 1102 3835 In
1149 3776 1360 3845 Coisl.,
1416 3781 1444 3834 ὁ
1476 3776 1755 3851 Ἰωάννης,
1817 3783 1920 3838 sed
1969 3781 2038 3836 de

388 3870 542 3926 aqua
571 3853 838 3924 loquitur
867 3853 1140 3978 Cg'rillus.
1175 3854 1240 3907 In
1273 3871 1375 3924 seq
1432 3853 1654 3924 phrasi.
1697 3854 1930 3926 scripsi,
1960 3856 2039 3922 τῷ

389 3923 637 3978 ἰσῡαῆλ.
672 3940 740 3978 ex
785 3923 894 3978 cod
943 3966 956 3978 .
1017 3924 1218 3978 Coisl..
1254 3926 1392 3978 Roe.
1426 3925 1674 3978 Casaub.
1724 3932 1781 3978 et
1812 3930 2039 3978 postea.

389 3923 740 3997 ἰἇραήλμθι
785 3923 969 3997 codd._
1017 3924 1218 3997 Goisln
1254 3923 1392 3991 Roe,
1426 3923 1674 3980 Casaub.
1724 3932 1781 3997 et
1812 3923 2039 3996 postea.

388 3995 476 4066 cfp
498 3998 713 4067 κόσμῳ,
749 4011 818 4050 ex
865 3995 994 4067 cod.
1055 3995 1227 4050 Coisl.
1266 4012 1401 4050 cum
1461 3997 1601 4052 editi
1655 3995 1915 4053 habeant
1942 3998 2040 4050 τοῦ

387 4065 636 4140 Ἰσραὴλ,
660 4065 727 4140 _et
745 4068 849 4140 τοῦ
876 4065 1107 4140 κόσμου.

465 4134 769 4209 (3)⁷Ἀλλᾶ
829 4134 1230 4208 μετὶῦδατος.
1291 4137 1466 4200 Editi,
1534 4134 1679 4191 ἀλλᾶ
1733 4139 1822 4191 καὶ
1884 4134 2036 4210 μετά.

391 4210 750 4266 Particulam
779 4211 868 4262 καὶ
897 4210 1221 4265 delevimus
1252 4210 1600 4265 auctoritate
1632 4210 1802 4266 codd.
1837 4210 2038 4277 Coisl.,

393 4285 533 4345 Roe,
569 4281 817 4337 Casaub.
1970 4291 1971 4294 η

459 4356 530 4426 (4)
582 4351 826 4408 Λοῦεται.
886 4354 952 4426 In
1008 4353 1174 4426 prius
1227 4351 1402 4426 editis
1461 4351 2036 4426 legebamub-SEWL,

386 4423 545 4498 quod
578 4432 880 4498 mutatum
903 4424 964 4479 in
987 4423 1170 4498 Oxon.
1203 4423 1464 4498 editione
1488 4442 1502 4488 ;
1526 4423 1594 4478 et
1613 4425 1940 4498 repositum
1970 4441 2040 4498 ex

385 4493 747 4568 conjectura.
785 4493 1024 4552 λοῦεται.
1080 4497 1448 4568 conjecturae
1492 4493 1904 4568 auctoritatem
1936 4495 2042 4550 ad-

377 4567 513 4640 jicit
542 4569 672 4625 cod.
705 4568 881 4640 Coisl.
927 4574 984 4623 et
1013 4567 1206 4622 Ottoh.
1239 4573 1297 4640 et
1327 4583 1474 4640 vers.
1509 4567 1684 4622 Grod.

2160 3353 2494 3425 evangelico
2527 3356 2708 3406 textu.

2226 3421 2335 3496 (8)'
2361 3425 2599 3496 Labrum
2655 3425 2712 3476 in
2743 3421 3124 3496 _tabemacqu

2151 3491 2621 3561 tabernaculum,
2657 3493 2760 3548 sed
2805 3493 2866 3548 in
2916 3493 3064 3547 atrio
3116 3491 3806 3556 tabernaculi,videlicet

2147 3567 2305 3621 inter
2327 3565 2774 3620 tabernaculum
2799 3566 3057 3621 etaltare
3081 3563 3408 3619 holocausti
3442 3564 3800 3620 collocatum

2149 3644 2294 3705 erat,
2348 3637 2525 3691 Exod.
2577 3651 2706 3706 cap.
2761 3653 2851 3701 XL,
2906 3653 3057 3690 vers.
3099 3638 3152 3702 6,
3185 3639 3214 3687 7
3265 3641 3326 3690 et
3372 3636 3459 3690 28.
3521 3639 3601 3690 Ac
3634 3642 3798 3691 tanto

2147 3710 2342 3779 aptius
2363 3707 2655 3763 referebat
2685 3706 3099 3779 baptismalejm
3128 3708 3419 3779 piscinam
3454 3707 3703 3779 positam
3737 3709 3798 3762 in

2147 3777 2515 3852 baptisterio.
2548 3779 2704 3850 quod
2737 3777 2902 3835 extra
2928 3777 3242 3834 ecclesiam
3288 3779 3418 3852 _sive
3465 3778 3795 3852 basilicam,

2149 3849 2326 3922 atque
2358 3852 2431 3907 ad
2459 3853 2586 3923 ejus
2617 3853 2951 3923 ingressum
2999 3849 3479 3904 construebatur.
3514 3849 3648 3903 Haec
3676 3849 3798 3904 fere

2148 3924 2455 3979 Millesius.

2218 3999 2271 4066 (9
2283 4003 2294 4058 )
2326 3996 2507 4064 Hujus
2531 3995 2746 4065 primus
2776 4000 2989 4066 auctor,
3031 3994 3291 4066 Joannes.
3319 3993 3469 4066 Ante
3511 3991 3799 4046 Joannem

2147 4061 2379 4122 diversa
2403 4061 2590 4121 erant.
2618 4072 2739 4120 tum
2775 4064 2902 4134 lege
2946 4062 3148 4134 Moysi,
3180 4068 3306 4116 tum
3338 4061 3646 4134 doctorum
3682 4068 3796 4116 tra-

2147 4081 2379 4122 aiversa
2403 4081 2590 4121 erant.
2618 4081 2739 4120 tum
2775 4081 2829 4119 1e
2872 4081 2902 4118 e
2946 4081 3148 4134 moysn,
3180 4081 3306 4116 tum
3339 4081 3646 4115 aocwrum
3682 4081 3796 4116 tra-

2147 4138 2473 4194 ditionibus
2494 4137 2816 4191 constituta
2833 4081 3226 4206 baptismate;
3251 4133 3354 4187 sed
3379 4132 3502 4206 huic
3523 4133 3597 4186 ad
3616 4140 3800 4187 exter-

2148 4227 2284 4265 nam
2318 4215 2546 4263 tantum
2576 4214 2636 4261 et
2663 4203 3298 4279 legalenfmunditiam
3322 4203 3616 4279 valebant,
3649 4210 3800 4279 teste

2145 4281 2350 4345 Paulo,
2386 4279 2526 4334 Heb.
2562 4296 2639 4344 lx,
2671 4276 2837 4336 9.’10.
2872 4279 3061 4342 Quare
3095 4277 3320 4347 primus
3360 4277 3615 4331 Joannes
3648 4276 3799 4346 Bap-

2150 4353 2289 4406 tista
2321 4351 2380 4404 in
2431 4349 2837 4421 paenitentiam
2887 4354 2945 4421 et
2974 4348 3389 4421 remissionem
3423 4354 3796 4421 peccatorum

2146 4418 2461 4478 latentium
2495 4437 2653 4481 lnam
2710 4437 2838 4475 eam
2898 4420 3036 4474 huic
3091 4419 3386 4489 baptismo
3443 4418 3559 4471 vim
3593 4418 3798 4471 tribuit

2147 4495 2419 4566 Cyrillus)
2451 4493 2809 4566 baptismum
2855 4491 3131 4566 instituit,
3175 4491 3522 4566 Quanquam
3572 4489 3800 4566 baptis-

2147 4506 2419 4566 Uyrnlus)
2451 4506 2809 4564 baptismum
2855 4506 3131 4546 instituit.
3175 4506 3522 4612 quanquam
3572 4506 3800 4560 napus-

2147 4583 2310 4621 mum
2332 4565 2574 4620 Joannis
2597 4573 2654 4618 et
2675 4563 2888 4619 Christi
2913 4564 3098 4617 multo
3119 4560 3362 4633 interval
3394 4578 3426 4613 ο
3447 4569 3678 4632 separet
3699 4562 3803 4633 Cy-

3220 3423 3437 3476 ositum.
3492 3423 3617 3475 Non
3647 3420 3805 3477 intra

454 4644 529 4709 (5)
583 4637 912 4719 :Evoxtbpst.
937 4711 951 4719 _
973 4640 1060 4719 Ita
1116 4638 1484 4719 restituimus
1533 4655 1604 4719 ex
1640 4636 1834 4719 .codd.
1859 4637 2035 4695 Coisl.
2075 4654 2120 4719 ι)
2150 4639 2608 4719 rillus'._pro_u_na
2629 4643 2828 4719 tamen
2846 4650 2908 4688 re
2927 4635 3143 4688 habere
3165 4632 3604 4719 videtur,cuju_s
3625 4632 3799 4719 Joan-

385 4705 536 4782 Roe,
574 4705 822 4782 Casaubl
851 4711 1110 4782 {labetur
1137 4711 1198 4764 in
1229 4709 1424 4782 editis,
1454 4705 1515 4762 ἂν
1547 4707 1767 4782 ἐχώρει.

463 4779 542 4851 (6)
575 4781 824 4855 Παλαιᾶς
843 4782 906 4836 τὸ
933 4779 1239 4855 τέλος,θῐο.
1268 4781 1349 4835 lta
1379 4779 1680 4855 legitur'in'
1702 4781 1829 4855 cod.
1861 4780 2036 4855 Coisl.

396 4857 632 4926 inuti;
660 4855 721 4907 τὸ
752 4852 930 4920 τέλος,
962 4851 1051 4906 καὶ
1099 4859 1196 4926 τῇς
1228 4851 1732 4926 Ιςαινῆςᾎιᾳθήκης
1764 4853 1909 4926 ἀρχὴ
1942 4854 2038 4905 τοῦ

399 4924 770 4998 βάπτίσματος
801 4925 1059 4998 Ἰωάννης
1089 4920 1150 4976 οὗ
1182 4923 1401 4998 μείζων.
1445 4925 1548 4980 Cui
1591 4920 1720 4980 loco
1753 4920 1807 4998 _si
1828 4920 2038 4979 sensus

393 4996 613 5067 aliquis
655 4998 856 5069 affingi
908 4997 1128 5069 possit.
1180 4996 1272 5069 hic
1317 4996 1463 5069 erit:
1523 5017 1544 5046 ι
1578 4996 2040 5069 νθιθινὶεγτθειᾶ-

393 5070 632 5124 «menti
667 5067 827 5134 finis,
849 5067 923 5122 eti
949 5068 1085 5123 Novi
1118 5067 1355 5121 initium
1383 5068 1640 5122 Joannes
1673 5068 1971 5138 baptismi,
2006 5089 2032 5115 ››

387 5141 504 5195 sive
539 5159 571 5196 a
605 5141 895 5211 baptismo
932 5139 1399 5212 cognominatus.
1456 5139 1911 5212 Quodﬂquidem
1941 5140 2038 5193 Jo-

385 5212 527 5266 anni
577 5210 852 5284 Baptista
912 5210 1204 5284 convenit,
1260 5226 1435 5284 quem
1485 5210 1740 5281 Cyrillus
1799 5217 1908 5284 cat.
1950 5213 2034 5276 10,

388 5300 425 5337 n
489 5286 570 5346 l9,
604 5281 919 5339 maximum
946 5283 1101 5337 inter
1133 5281 1448 5352 prophetas
1469 5288 1655 5345 vocat,
1683 5281 1817 5336 Novi
1842 5283 2035 5336 Testa-

387 5356 570 5409 menti
627 5356 980 5427 principem,
1029 5351 1290 5426 Αρχηγὸς
1320 5357 1416 5418 τῆς
1478 5357 1675 5427 Καινῆς
1732 5353 2030 5419 Διαθήκης·

392 5432 451 5497 et
507 5425 643 5482 eum
703 5425 1034 5497 qui—ambo
1080 5425 1468 5497 Testamenta
1494 5425 1551 5478 in
1585 5443 1645 5480 se
1702 5442 1818 5478 uno
1877 5441 2032 5497 quo-

386 5495 1046 5569 dammodo—copularit.
1085 5498 1314 5569 Verum_
1351 5495 1408 5548 id
1461 5496 1567 5569 hoc
1601 5497 1726 5569 loco
1780 5495 2032 5566 Cyrillus

387 5568 460 5623 de
492 5567 843 5640 baptismate
875 5569 1050 5623 dicit:
1092 5574 1270 5640 atque
1302 5567 1524 5621 itatum
1556 5568 2031 5640 baptismusitum

387 5638 664 5708 Joannes,
698 5658 804 5696 suo
833 5641 1082 5711 quisque
1112 5638 1288 5693 modo
1320 5644 1459 5692 sunt
1475 5639 1830 5694 Testamenti
1865 5639 2033 5693 Vete-

388 5712 473 5764 ris
509 5712 663 5776 finis,
697 5719 753 5766 et
784 5712 919 5767 Novi
952 5711 1209 5766 initium.

463 5785 540 5853 (7)
600 5781 796 5844 Πάντες
854 5783 993 5858 γὰρ.
1056 5780 1413 5837 Particulam
1469 5780 1572 5855 γάρ
1630 5781 2029 5853 supplevimus

2155 4726 2262 4764 nes
2285 4703 2685 4764 sit-institutor
2697 4713 2755 4760 et
2773 4720 3028 4776 praeses:
3057 4720 3160 4758 seu
3182 4703 3323 4772 quia
3339 4703 3544 4776 eadem
3569 4706 3628 4758 in
3643 4711 3800 4759 utro-

2151 4799 2263 4852 que
2292 4782 2520 4851 species
2543 4787 2602 4835 et
2625 4774 2817 4833 forma
2835 4775 3108 4835 exterior.
3141 4789 3355 4852 nempe
3407 4774 3710 4830 immersio
3737 4777 3799 4852 in

2147 4845 2362 4924 aquam
2387 4857 2688 4924 praeeunte
2709 4845 3474 4924 peccatorumconfessione
3500 4863 3514 4912 ;
3534 4863 3637 4924 seu
3659 4849 3802 4918 quia

2147 4917 2413 4979 Christus
2464 4924 2588 4993 ipse
2642 4917 2883 4993 Joannis
2931 4917 3292 4993 baptismum
3343 4919 3635 4993 suscepit;
3678 4917 3796 4976 seu

2148 4996 2287 5066 quia
2316 4989 2580 5066 ambo—fin
2607 4991 2809 5066 Cyrilli
2830 4989 3123 5066 sententia
3142 4993 3382 5059 peccata
3398 4989 3710 5066 tollebant,
3734 4999 3796 5066 _et

2146 5059 2218 5121 ab
2251 5074 2472 5120 aeterno
2500 5065 2631 5135 igne
2654 5059 3004 5135 liberabant
3034 5081 3047 5122 :
3110 5077 3213 5135 seu
3239 5132 3249 5135 _
3275 5061 3534 5135 tandem.
3569 5064 3708 5132 quia
3730 5063 3792 5119 in

2145 5137 2420 5192 Ecclesiae
2455 5132 3001 5204 Hierosolymitanas
3025 5132 3292 5203 symbolo
3315 5149 3433 5187 non
3457 5133 3574 5188 alio
3600 5137 3795 5188 nomi-

2144 5225 2218 5263 ne
2251 5208 2651 5262 Christianum
2674 5203 2968 5278 baptisma
2987 5203 3429 5278 designabatur.
3451 5221 3627 5274 quam
3652 5206 3792 5278 bap-

2142 5281 2353 5334 tismus
2375 5278 2618 5333 Joannis
2643 5294 2654 5330 :
2691 5277 2998 5332 dicebatur
3028 5292 3241 5346 nempe
3291 5276 3589 5345 baptismus
3616 5276 3793 5345 pmii-

2144 5353 2327 5406 tentiae
2358 5352 2413 5402 in
2449 5351 2821 5404 remissionem
2851 5354 3217 5418 peccatorum,
3253 5364 3382 5415 quae
3415 5355 3503 5401 est
3533 5350 3782 5418 appella

2145 5424 2223 5476 tio
2251 5421 2528 5492 baptismi
2572 5420 2814 5475 Joannis
2865 5420 3056 5492 Marci.
3094 5423 3123 5471 fi
3182 5420 3382 5492 Quare
3433 5419 3790 5492 baptismum

2139 5489 2379 5549 Joannis
2414 5493 2550 5546 licet
2579 5493 2886 5560 utriusque
2917 5491 3059 5562 legis
3094 5489 3491 5562 meditullium
3527 5491 3790 5562 appellet

2140 5565 2413 5634 Cyrillus,
2447 5565 2507 5618 in
2551 5564 2862 5635 Evangelia
2924 5560 3120 5635 tamen
3180 5560 3786 5635 inclmlei‘eﬂvidetur,

2141 5629 2342 5707 sicque
2370 5636 2441 5689 ab
2475 5652 2678 5690 eorum
2711 5629 3637 5707 sententiahdisceditgqui_illum
3671 5629 3786 5699 legi

2139 5701 2552 5764 accenscbant.
2585 5714 2650 5761 ut
2681 5707 2986 5778 Origenes,
3020 5704 3122 5756 lib.
3155 5719 3187 5753 v
3215 5705 3275 5755 in
3303 5705 3409 5778 Ep.
3445 5701 3621 5765 Rom,
3655 5715 3785 5770 cap.

2135 5797 2210 5847 vx,
2244 5797 2298 5851 p.
2334 5781 2435 5833 633
2470 5780 2674 5846 llilar.,
2710 5772 3014 5842 inillauhq
3041 5791 3096 5829 ο.
3137 5788 3198 5838 ιι,
3241 5787 3299 5825 n.
3336 5772 3386 5822 4.
