4152 6264
365 337 484 396 443

1422 326 1489 385 S.
1534 324 1848 385 CYRILLI
1893 322 2314 388 HIEROSOL.
2357 327 2727 391 ARCHIEP.

3661 323 3780 382 444

368 462 660 539 permittit
691 459 765 516 ab
794 455 1042 513 immani
1066 455 1291 513 sorberi
1310 455 1589 512 dracone.
1613 454 1722 521 Qui
1746 460 2013 512 mortuus

2151 457 2224 524 ἢν
2252 459 2461 532 ψυχήν,
2493 459 2555 513 οὐ
2587 459 2865 532 συγχωρεῖ
2892 453 3085 509 λοιπὸν
3123 452 3226 507 ὑπὸ
3246 455 3345 506 τοῦ
3379 445 3620 529 φοϐεροῦ
3648 470 3775 505 κατ-

366 557 430 610 in
462 550 718 625 peccatis
749 546 1132 607 descendisti,
1157 545 1431 601 ascendis
1456 544 1781 600 viviﬁcatus
1804 545 2012 617 injus-

368 645 497 700 titia
514 640 658 695 δ”-99.
695 639 750 694 Si
785 638 945 693 enim
969 636 1406 707 complantatus
1430 635 1611 690 fueris
1633 634 2013 690 similitudini

367 736 578 795 mortis
610 730 948 797 Salvatoris,
999 729 1178 784 simul
1227 734 1286 783 et
1330 727 1765 784 resurrectione
1801 727 2016 799 dignus

369 822 685 881 habeberis
735 819 821 873 ‘-‘.
883 817 1390 883 Quemadmodum
1452 817 1609 872 enim
1638 818 1806 872 Iesus
1838 816 2017 871 totius

370 912 576 968 mundi
594 914 836 984 peccata
851 907 1184 978 suscipiens
1203 912 1473 962 mortuus
1489 912 1597 973 est,
1614 912 1679 961 ut
1693 906 2017 976 interemp-

370 1007 427 1057 to
459 1004 699 1073 peccato
731 1002 787 1053 te
818 997 882 1051 in
912 996 1013 1051 46
1037 995 1273 1067 justitia
1304 995 1723 1050 resuscitaret:
1757 995 1838 1050 ita
1867 1000 1927 1048 et
1954 999 2018 1048 tu

371 1087 744 1145 descendens
775 1085 835 1139 in
875 1099 1115 1154 aquam,
1168 1088 1228 1138 et
1279 1081 1718 1154 quodammodo
1749 1082 2018 1153 sepultus

371 1180 434 1235 in
465 1194 659 1249 aquis,
692 1181 757 1231 ut
786 1175 889 1230 ille
922 1175 982 1229 in
1031 1179 1200 1245 petra
1254 1172 1385 1241 fuit,
1445 1195 1473 1224 ‹‹
1508 1172 1571 1228 in
1600 1174 1857 1229 novitate
1887 1173 2019 1226 vitm

370 1290 399 1321 ‹‹
433 1267 751 1324 ambulans
778 1265 803 1299 ⁵
836 1288 864 1317 ››
896 1262 1291 1320 resuscitaris.

441 1447 585 1503 XIII.
621 1445 846 1502 Deinde
879 1443 1117 1515 quando
1148 1459 1217 1498 ea
1246 1441 1437 1516 gratia
1456 1446 1513 1497 te
1541 1441 1815 1514 dignatus
1843 1441 2023 1497 fuerit

372 1538 548 1603 Deus,
582 1542 721 1590 tunc
754 1533 861 1588 tibi
891 1533 1171 1588 adversus
1202 1532 1532 1587 contrarias
1563 1536 1885 1603 potestates
1918 1531 2021 1587 de-

372 1624 638 1681 certandi
656 1627 1009 1695 potestatem
1027 1621 1743 1692 conferet(l).Sicutenim
1767 1621 1870 1675 ille
1892 1626 2025 1693 post

370 1714 732 1785 baptismum
768 1728 875 1785 per
913 1711 1305 1783 quadraginta
1336 1710 1676 1766 tentabatur
1706 1710 1864 1777 dies;
1900 1727 2022 1766 non

2130 548 2399 615 αποθῆναι
2453 550 2529 619 (3)
2592 544 2907 621 δράκοντος.
2966 545 3176 617 Νεκρὸς
3207 540 3258 596 ἐν
3293 540 3586 613 ἁμαρτίαις
3617 561 3785 594 κατα-

2131 628 2255 701 ϐἀς,
2314 630 2623 698 ἀναϐαίνεις
2681 631 3042 703 ζωοποιηθεὶς
3101 630 3154 685 ἐν
3217 627 3561 703 δικαιοσύνῃ·
3605 627 3783 705 εἱγάρ

2130 724 2408 801 σύμφυτος
2437 723 2626 800 ἐγένου
2667 730 2746 797 τῷ
2795 723 3109 797 ὁμοιώματι
3141 724 3238 776 τοῦ
3267 721 3500 784 θανάτοῦ
3528 722 3628 773 τοῦ
3660 726 3785 774 Σω-

2128 821 2317 887 τῆρος,
2350 814 2441 869 καὶ
2490 820 2591 883 τῆς
2634 812 2972 874 ἀναστάσεως
3004 810 3407 882 καταξιωθήσῃο
3438 812 3644 882 Ὠσπερ
3677 807 3781 885 γάρ

2132 905 2346 974 Ἰησοῦς
2375 903 2471 965 τάς
2523 901 2906 975 οἱκουμενικάς
2965 899 3231 975 ἁμαρτίας
3262 893 3552 953 ἀναλαϐὼν
3583 896 3786 961 ἀπέθα-

2132 1013 2237 1062 νεν,
2283 992 2372 1048 ἳνα
2420 991 2729 1057 θανατώσας
2778 994 2878 1062 τήν
2927 990 3194 1065 ἁμαρτίαν
3230 988 3503 1062 ἀναστήσῃ
3535 1009 3593 1043 σε
3622 990 3703 1061 (4)
3735 986 3787 1041 ἐν

2134 1078 2469 1156 δικαιοσύνῃ⁸
2531 1080 2676 1137 οὕτω
2725 1080 2816 1136 καὶ
2865 1080 2928 1135 σὺ
2978 1074 3214 1143 καταϐὰς
3243 1078 3319 1141 εἰς
3362 1078 3427 1133 τὸ
3475 1074 3644 1150 ὕδωρ,
3696 1073 3789 1132 καὶ

2131 1172 2334 1245 τρόπον
2365 1172 2485 1227 τινὰ
2542 1171 2596 1226 ἐν
2650 1175 2768 1233 τοῖς
2822 1167 2976 1225 ὕδασι
3027 1169 3237 1245 ταφεὶς,
3283 1166 3464 1239 ὥσπερ
3496 1165 3705 1228 ἐκεῖνος
3737 1165 3789 1220 ἐν

2113 1263 2199 1338 ⁵τῇ
2249 1262 2441 1337 πὲτρᾳ,
2493 1259 2676 1337 ἐγείρῃ
2727 1259 2891 1315 πάλιν
2942 1258 2994 1314 ἐν
3045 1257 3328 1329 καινότητι
3370 1260 3516 1326 ζωῆς
3544 1275 3790 1332 περιπα-

2131 1371 2238 1405 των
2247 1394 2261 1407 ο

2206 1440 2294 1494 ll“.
2350 1439 2463 1496 Εἶθ’
2503 1434 2628 1495 ὅταν
2682 1444 2784 1508 τῆς
2836 1439 3065 1514 χάριτος
3117 1435 3474 1509 καταξιωθῆς,
3524 1433 3651 1489 τότε
3698 1453 3781 1489 σοι

2134 1528 2272 1602 πρὸς
2297 1527 2391 1590 τὰς
2421 1528 2790 1602 ἀντικειμένας
2850 1525 3108 1600 δυνάμεις
3163 1523 3416 1581 παλαίειν
3461 1521 3654 1579 δίδωσι
3684 1524 3784 1592 τήν

2135 1616 2398 1688 ἐξουσίαν.
2432 1619 2635 1690 Ὥσπερ
2667 1619 2772 1694 γὰρ
2820 1616 2953 1691 μετά
2997 1617 3061 1671 τὸ
3114 1616 3395 1692 βάπτισμα
3422 1614 3786 1687 τεσσαράκον-

2133 1729 2198 1763 τα
2227 1709 2438 1782 ἡμέρας
2488 1706 2800 1783 ἐπειράζετο
2860 1712 2958 1780 15)ο
3014 1705 3147 1782 (οὐχ
3202 1704 3285 1760 ὅτι
3331 1705 3419 1760 καὶ
3450 1705 3558 1779 πρὸ
3586 1703 3787 1758 τούτου

372 1803 530 1873 quod
557 1808 615 1856 et
635 1806 810 1857 antea
830 1802 1064 1856 vincere
1092 1816 1212 1855 non
1234 1804 1453 1870 posset.
1488 1798 1592 1853 sed
1623 1799 1781 1869 quod
1814 1798 2021 1854 ordine

2151 1801 2282 1868 νικᾷν
2309 1797 2408 1853 οὐκ
2435 1795 2694 1867 ἠδύνατο,
2729 1795 2875 1852 ἀλλά
2916 1795 2999 1851 ὅτι
3052 1797 3225 1851 πάντα
3252 1796 3396 1867 τάξει
3426 1793 3517 1849 καὶ
3548 1791 3787 1849 ἀκολουο

375 1907 481 1946 suo
515 1895 575 1945 et
603 1890 756 1946 serie
788 1894 1001 1945 cuncta
1024 1888 1259 1943 volebat
1287 1886 1523 1942 efﬁcere
1549 1903 1562 1941 :
1595 1887 1677 1941 ita
1707 1892 1766 1942 et
1797 1892 1860 1942 tu
1889 1892 2027 1943 ante

374 1979 739 2051 baptismum
761 1995 893 2033 cum
921 1976 1275 2034 adversariis
1297 1975 1576 2048 congredi
1602 1976 1915 2043 verebaris;
1940 1992 2033 2032 ac-

375 2076 545 2141 cepta
561 2086 699 2124 vero
721 2068 929 2142 gratia,
950 2068 1234 2138 deinceps
1254 2066 1436 2121 armis
1450 2065 1703 2136 justitiaa
1724 2064 1747 2100 δ
1768 2066 2031 2121 conﬁsus

382 2158 679 2214 decertato
714 2162 939 2229 tunc,et
960 2157 1009 2212 si
1038 2157 1125 2211 vis
1146 2156 1327 2211 etiam
1350 2155 1729 2227 Evangelium
1751 2156 2029 2228 praedica.

451 2339 590 2394 XIV.
651 2339 819 2394 Iesus
875 2337 1147 2394 Christus
1199 2336 1301 2393 Dei
1357 2338 1540 2393 Filius
1568 2341 1736 2393 erat:
1770 2340 2033 2393 attamen

381 2432 517 2483 ante
548 2427 846 2499 baptisma
875 2434 1217 2498 susceptum
1256 2426 1635 2500 Evangelium
1667 2443 1786 2482 non
1818 2425 2035 2498 praedi-

387 2517 576 2573 cabat.
614 2518 671 2571 Si
703 2518 828 2588 ipse
860 2517 1146 2571 Dominus
1178 2533 1247 2571 ex
1274 2517 1483 2571 ordine
1510 2524 1743 2589 tempus
1774 2516 2031 2571 admini-

390 2606 636 2667 strabat.
669 2605 943 2677 nunquid
973 2622 1082 2661 nos
1113 2604 1263 2660 servi
1314 2606 1532 2661 audere
1565 2605 1789 2677 aliquid
1822 2612 2038 2677 praeter

390 2696 661 2751 ordinem
679 2695 1008 2751 debemus?
1031 2694 1115 2750 Ab
1140 2711 1206 2749 eo
1227 2701 1341 2749 tem
1353 2712 1489 2765 pore
1514 2696 1691 2766 cmpit
1707 2696 1874 2751 Iesus
1896 2713 2040 2766 pra;-

391 2782 587 2840 dicare
608 2785 790 2848 ﬁcum
811 2782 1119 2840 descendit
1138 2799 1317 2855 super
1333 2783 1501 2838 illum
1523 2784 1775 2855 Spiritus
1798 2790 2036 2840 sanctus

387 2872 681 2945 corporali
706 2873 1085 2944 specie,sicut
1105 2871 1380 2929 columba
1395 2872 1573 2928 3.Non
1594 2880 1660 2928 ut
1677 2875 1846 2929 Iesus
1866 2874 2033 2928 illum

382 2961 610 3017 videret
630 2962 1128 3033 primus(noverat
1149 2961 1309 3017 enim
1333 2966 1391 3017 et
1413 2967 1733 3034 antequam
1756 2980 2041 3035 corporea

385 3051 582 3124 specie
613 3050 978 3123 adventaret)
1015 3068 1028 3107 :
1057 3050 1163 3107 sed
1198 3055 1262 3106 ut
1288 3053 1543 3107 Joannes
1576 3053 1836 3124 Baptista
1864 3053 2038 3108 illum

388 3140 762 3212 conspiceret
787 3142 882 3213 (2).
908 3145 1028 3211 l-‘go
1048 3140 1489 3212 enim,inquit,«
1519 3158 1641 3196 non
1663 3158 1942 3198 noveram
1966 3142 2041 3196 il-

391 3250 420 3280 «
452 3230 609 3284 lum:
630 3230 724 3285 sed
741 3232 842 3300 qui
863 3231 1029 3285 misit
1048 3247 1143 3285 me
1163 3230 1457 3303 baptizare
1484 3232 1544 3285 in
1565 3248 1741 3302 aqua,
1760 3232 1861 3287 ille
1891 3232 2040 3287 mihi

394 3337 419 3371 α
446 3317 618 3373 dixit:
647 3319 833 3390 Super
849 3335 1026 3390 quem
1043 3318 1259 3375 videris
1277 3320 1561 3391 Spiritum
1579 3321 2040 3377 descendentem

389 3428 418 3458 ‹‹
444 3413 853 3463 etmanentem
869 3425 1047 3480 super
1059 3409 1323 3477 eum,ille
1338 3408 1478 3466 est”.
1490 3432 1516 3459 ››
1529 3409 1589 3466 Si
1602 3416 1662 3466 et
1674 3416 1735 3467 tu
1748 3410 2040 3467 sinceram

2135 1886 2223 1959 θίᾳ
2252 1888 2506 1963 πράττειν
2537 1881 2837 1958 ἐϐούλετο),
2871 1884 3014 1940 οὕτω
3071 1884 3159 1940 καὶ
3212 1882 3276 1939 σὺ
3306 1883 3412 1960 πρὸ
3441 1879 3537 1937 τοῦ
3593 1879 3789 1957 βαπτί-

2135 1998 2345 2052 σματος
2398 1984 2516 2041 τοῖς
2574 1975 2970 2051 ἀντικειμένοις
3029 1972 3283 2030 παλαίειν
3348 1973 3423 2046 μὴ
3474 1970 3788 2044 τολμήσας,

2137 2064 2321 2124 λαϐὼν
2354 2065 2412 2123 δὲ
2440 2068 2541 2136 τὴν
2573 2070 2761 2143 χάριν,
2792 2066 2880 2122 καὶ
2935 2064 3131 2121 λοιπὸν
3187 2066 3400 2138 θαρσῶν
3426 2066 3544 2123 τοῖς
3575 2066 3675 2129 τῆς
3708 2056 3790 2114 δι-

2136 2158 2426 2229 καιοσύνης
2458 2156 2672 2227 ὅπλοις,
2729 2154 2998 2231 ἀγωνίζου
3025 2154 3168 2225 τότε,
3199 2151 3291 2208 καὶ
3332 2150 3382 2207 εἴ
3412 2152 3589 2215 θὲΛεις
3619 2148 3789 2225 εὐαγ-

2135 2246 2375 2324 γελίζου.

2212 2341 2309 2394 1Δ’.
2365 2334 2574 2406 Ἰησοῦς
2633 2334 2867 2410 Χριστὸς
2922 2337 3056 2391 Θεοῦ
3112 2333 3237 2394 Υἱὸς
3290 2331 3379 2401 ἦν’
3431 2326 3560 2385 ἀλλ’
3593 2327 3656 2383 οὗ
3685 2328 3793 2402 πρὸ

2137 2424 2234 2482 τοῖ’)
2270 2425 2645 2502 βαπτίσματος
2697 2423 3117 2500 εὐηγγελίσατο.
3152 2422 3218 2477 Εἴ
3247 2421 3275 2475 ὁ
3307 2419 3587 2489 Δεσπότης
3632 2416 3795 2481 αὐτὸς

2146 2517 2458 2590 μετήρχετυ
2504 2515 2642 2569 κατά
2691 2514 2840 2585 τάξιν
2898 2513 2989 2568 τὸν
3047 2512 3259 2588 καιρὸν,
3292 2511 3395 2585 ἆρά
3418 2530 3483 2584 γε
3514 2509 3566 2563 οἱ
3598 2504 3793 2562 δοῦλοι

2139 2603 2352 2677 τολμᾷν
2385 2604 2630 2665 ἀτάκτως
2660 2602 2990 2680 ὀφείλομενς
3047 2602 3185 2660 Ἀπὸ
3231 2599 3356 2656 τότε
3384 2598 3586 2673 ἤρξατο
3618 2598 3647 2652 ὁ
3677 2597 3794 2666 Ἰη-

2143 2699 2274 2756 σοῦς
2304 2692 2617 2769 κηρύσσειν,
2648 2693 2738 2748 ’ὁτε
2767 2692 3037 2762 κατῆλθεν
3087 2690 3169 2745 ἐπ’
3225 2688 3384 2745 αὑτὸν
3435 2691 3506 2760 (6)
3534 2685 3597 2741 τὸ
3631 2689 3793 2740 Πνεῦ-

2147 2805 2222 2856 μα
2277 2783 2339 2838 τὸ
2397 2784 2548 2859 ἅγιον
2611 2786 2908 2855 σωματικῷ
2968 2778 3097 2836 ε’ίδει
3156 2779 3281 2834 ὠσεὶ
3338 2775 3647 2852 ιιιιεριιινετερά⁹
3681 2774 3792 2850 οὑχ

2137 2871 2232 2927 ’ίνα
2264 2873 2475 2942 Ἰησοῦς
2505 2875 2666 2927 τοῦτο
2710 2869 2807 2942 ’ίδη
2868 2874 3086 2946 πρῶτος
3145 2873 3216 2941 (7)
3265 2864 3401 2943 (ᾔδει
3431 2865 3534 2941 γὰρ
3564 2864 3656 2920 καὶ
3687 2862 3796 2939 πρὸ

2142 2966 2240 3018 τοῦ
2272 2965 2599 3035 σωματικῶς
2651 2958 2876 3034 ἐλθεῖν).
2931 2957 3079 3014 ἀλλὰ
3117 2956 3211 3013 ’ίνα
3260 2956 3512 3032 θεωρήσῃ
3546 2953 3573 3008 ὁ
3609 2950 3800 3029 βαπτί-

2147 3056 2250 3122 ζων
2286 3052 2564 3119 ⁹ιωάννης.
2622 3049 2763 3124 Ἐγὼ
2820 3048 2948 3124 γὰρ,
3009 3046 3194 3127 φησὶν,
3251 3046 3355 3101 οὑκ
3410 3042 3562 3120 ᾕδειν
3612 3040 3796 3097 αὐτόν’

2149 3138 2338 3195 ἀλλἐ)
2376 3140 2594 3213 πέμψας
2658 3159 2725 3213 με
2786 3137 3059 3214 βαπτίζειν
3119 3136 3171 3191 ἐν
3230 3132 3407 3202 ὕδατι,
3468 3130 3671 3195 ἐκεῖνός
3703 3149 3798 3204 μοι

2152 3233 2320 3285 εἶπεν
2355 3230 2471 3307 Ἐφ’
2531 3231 2590 3284 δν
2642 3225 2701 3283 ἃν
2758 3224 2882 3303 ’ἰδῃς
2933 3226 2997 3282 τὸ
3055 3230 3277 3299 Πνεῦμα
3320 3218 3672 3292 καταϐαῖνον,
3711 3218 3803 3275 καὶ

2155 3320 2314 3390 μὲνον
2348 3318 2431 3375 ἐπ’
2486 3318 2671 3389 αὑτὸν,
2730 3316 2934 3379 ἐκεινός
2992 3314 3136 3371 ἐστιν
3193 3319 3289 3389 (8).
3350 3314 3474 3371 Ἐὰν
3523 3310 3614 3368 καὶ
3645 3309 3807 3373 αὑτὸς

2151 3395 2289 3485 ἔχῃς
2344 3408 2702 3484 ἀνυπόκριτον
2765 3401 3073 3480 εὐλάϐειαν,
3127 3403 3452 3480 κατέρχεται
3502 3401 3593 3457 καὶ
3623 3398 3712 3457 ἐπὶ
3744 3400 3803 3455 σὲ

461 3612 586 3688 F7-99
611 3616 777 3688 Rom.
812 3631 886 3683 γι,
918 3617 984 3683 2;
1018 3615 1042 3669 Ι
1072 3616 1226 3671 Petr.
1260 3633 1337 3687 xx,
1388 3618 1476 3672 24.
1538 3617 1605 3658 ¹-⁴
1658 3619 1825 3673 Rom.
1884 3635 1958 3688 γι,
2016 3621 2035 3672 Ξ

2179 3617 2325 3674 ibid.
2357 3617 2381 3652 ⁸
2418 3618 2470 3673 II
2498 3618 2629 3675 Cor.
2662 3634 2738 3685 v1,
2771 3620 2824 3671 7.
2856 3616 2875 3652 ’⁸
2907 3614 3112 3671 Matth.
3146 3630 3219 3681 iv,
3253 3616 3339 3668 l7.
3372 3612 3394 3646 ⁸
3423 3611 3559 3666 Luc.
3592 3625 3673 3681 ιιι,
3705 3612 3802 3665 22.

388 3684 411 3719 θ
438 3686 604 3741 Ioan.
638 3703 679 3755 ι,
710 3686 798 3742 33.

469 3882 545 3953 (1)
577 3884 726 3956 Tunc
758 3883 861 3938 tibi
911 3883 1168 3940 adversus
1219 3886 1530 3956 contrarias
1570 3892 1891 3956 potestates,
1928 3891 2040 3943 etc.

399 3953 533 4009 Hmc
565 3953 635 4009 de
668 3962 1040 4010 sacramento
1081 3953 1723 4023 conﬁrmationis—sive
1756 3958 2047 4013 chrisma-

396 4026 489 4080 tis.
527 4025 915 4102 intelligenda
944 4043 1072 4082 esse
1115 4027 1315 4102 ﬁdem;
1346 4027 1573 4082 faciunt
1602 4029 1874 4102 paralleli
1907 4029 2043 4095 loci.

400 4104 508 4152 cat.
546 4100 634 4162 2t,
667 4114 727 4152 n.
760 4100 815 4165 4,
848 4105 907 4152 et
934 4104 1046 4153 cat.
1084 4101 1168 4165 17,
1203 4116 1260 4153 n.
1296 4100 1363 4153 36
1396 4105 1453 4154 et
1485 4102 1572 4153 37.

468 4169 543 4240 (2)
578 4170 645 4223 Ut
669 4170 905 4243 Joannes
952 4171 1050 4243 qui
1103 4170 1442 4243 baptizabat,
1477 4173 1828 4242 conspiceret.
1865 4172 2042 4243 Spiri-

397 4243 522 4294 tum
532 4247 816 4316 sanctum
840 4241 1344 4316 nim_irum_._cujus
1366 4241 1656 4316 descensu
1690 4241 2043 4316 designaba-

396 4316 494 4366 tur
520 4312 788 4366 Christus
814 4329 827 4377 ;
860 4318 920 4366 et
948 4310 1402 4382 impediebatur,
1434 4320 1500 4367 ut
1527 4314 1611 4368 ait
1640 4322 1751 4371 cat.
1783 4310 1867 4371 Π.
1896 4333 1953 4370 ιι.
1988 4318 2040 4382 9,

396 4399 480 4458 ne_
500 4383 646 4438 tanti
664 4382 1190 4458 baptizqﬁtidgnitas
1205 4384 1399 4458 lateret
1421 4386 1807 4458 velIoannem
1825 4388 2041 4458 ipsum,

395 4454 487 4510 vel
508 4456 813 4526 papulum.
850 4456 990 4509 Nam
1021 4455 1277 4510 Joannes
1307 4455 1433 4526 ipse
1457 4457 1583 4527 jam
1615 4457 1674 4511 in
1700 4454 1868 4512 utero
1891 4457 2042 4513 exsi-

2155 3886 2242 3942 sio
2274 3885 2566 3941 Grodecii.
2603 3884 2678 3939 At
2706 3882 2876 3939 codd.
2909 3881 3109 3949 Coisl.,
3143 3883 3263 3938 Roe
3292 3884 3351 3935 et
3376 3877 3648 3947 Casaub.,
3677 3874 3804 3932 ἀνα-

2154 3959 2253 4028 στῇ
2281 3955 2333 4010 ἐν
2364 3953 3037 4028 δικαιοσύνῃτεεανθενει
3092 3957 3152 4028 in
3201 3950 3449 4024 justitia.
3484 3950 3800 4028 yerbase-

2154 4022 2430 4109 quentia,
2451 4026 2501 4082 ἐν
2534 4022 2663 4109 τοῖς
2676 4023 2861 4109 seem,
2889 4022 3265 4109 reposuimus
3295 4040 3365 4078 ex
3394 4022 3567 4109 codd.
3595 4022 3797 4109 Coisl.,

2153 4091 2272 4156 Roe
2305 4105 2364 4155 et
2391 4091 2639 4157 Casaub.
2675 4091 2932 4170 Habetur
2954 4091 3013 4153 in
3036 4097 3234 4170 editis.
3258 4091 3574 4170 cuytapsiq._
3593 4095 3655 4149 in
3678 4096 3799 4170 Roe

2154 4178 2213 4227 et
2236 4172 2509 4242 Casaub.,
2538 4169 2749 4248 ταφείς,
2801 4171 2861 4226 in
2897 4169 3098 4239 Coisl.,
3130 4166 3388 4237 ἐντασείς,
3422 4165 3581 4238 Quod
3611 4165 3801 4223 secuti

2154 4261 2379 4300 sumus.

2224 4318 2300 4387 (ὅ)
2331 4312 2696 4384 Ἐπειράζετο.
2757 4317 2865 4387 Exi
2893 4313 3065 4387 codd.
3126 4311 3328 4378 Coisl.,
3378 4313 3520 4380 Roe,
3550 4308 3800 4367 Casaub.

2155 4382 2410 4443 et'sacra
2441 4382 2759 4458 Scriptura.
2799 4386 2968 4450 Editi,
3000 4382 3271 4458 ἐπειρᾶτο.

2222 4462 2299 4528 (6)
2336 4457 2452 4513 Ἐπ’
2483 4451 2661 4513 αὐτόν.
2695 4461 2805 4513 Eas
2861 4474 3032 4512 voces
3092 4451 3496 4528 supplevimus
3528 4470 3597 4510 ex
3627 4451 3801 4510 codd.

400 4532 564 4600 stens
595 4526 912 4600 Dominum
943 4532 1275 4600 agnoverat,
1311 4544 1440 4597 sup.
1464 4526 1532 4582 in.
1574 4531 1629 4600 6.
1663 4536 1722 4583 et
1749 4530 2047 4584 Christum
2081 4532 2123 4597 Ι)
2155 4526 2296 4590 Hoc.
2329 4529 2603 4593 Casaub.,
2635 4547 2783 4586 vers.
2818 4529 2992 4585 Grod.
3019 4533 3077 4583 et
3099 4526 3435 4600 evangelica
3468 4533 3629 4581 textu
3662 4527 3799 4600 huc.

399 4597 471 4673 ad
504 4614 566 4673 se
596 4598 874 4673 baptismi
899 4597 1225 4673 recipiendi
1258 4614 1436 4654 causa
1455 4599 1788 4655 venientem
1820 4601 2041 4673 optime

397 4669 767 4737 distinxerat,
802 4670 1001 4725 Matth.
1031 4669 1115 4737 iu,
1149 4671 1235 4725 14.

471 4740 543 4813 13)
578 4745 984 4810 Καταποθῆναι.
1015 4743 1101 4797 Ila
1129 4741 1506 4814 reposuimus
1537 4759 1608 4798 ex
1639 4741 1809 4799 codd.
1842 4742 2042 4811 Coisl.,

397 4815 537 4880 Roe,
573 4814 763 4869 Ottob.
800 4820 859 4869 et
887 4813 1132 4870 Casaub.
1169 4813 1472 4870 Prevotius
1505 4821 1562 4870 et
1591 4831 1799 4870 omnes
1831 4815 2044 4871 editio-

397 4902 504 4940 nes
536 4892 674 4941 ante
705 4886 1099 4941 Oxoniensem
1157 4885 1374 4953 ferunt,
1425 4892 1849 4955 καταπονθῆναι,
1880 4886 2044 4942 nullo

399 4972 577 5030 sensu
602 4957 871 5030 :_idcir_co
896 5028 903 5030 4
929 4957 1214 5013 Millesius
1246 4975 1315 5013 ex
1347 4962 1691 5030 conjectura
1722 4960 1907 5015 Isaaci
1939 4960 2048 5014 Ca-

400 5026 648 5097 sauboni
699 5028 954 5097 scripsit.
1007 5026 1512 5097 καταποντωθῆναι,
1546 5032 1640 5086 cui
1673 5030 1826 5086 favet
1855 5031 2045 5086 versio

402 5096 690 5172 Grodecii,
724 5096 833 5172 qui
858 5099 1280 5172 interpretatus
1311 5108 1402 5156 est
1429 5103 1723 5172 submergi.
1757 5103 2047 5157 Caeterum

402 5185 536 5255 cum
567 5167 936 5255 rebus—.ipsi‘s,
970 5167 1095 5226 tum
1126 5172 1326 5255 Cyrilli
1358 5167 1665 5255 proposito
1691 5175 2047 5255 convenient

403 5241 521 5327 tius
554 5246 661 5303 est,
708 5246 774 5327 ut
804 5258 838 5295 a
863 5240 1119 5324 dracone
1174 5240 1483 5298 absorberi
1540 5262 1717 5327 quam
1749 5245 2048 5327 submergi

405 5263 521 5323 tius
554 5263 661 5303 est,
709 5263 774 5295 ιιι
804 5263 838 5295 a
863 5263 1119 5297 uracone
1176 5263 1479 5298 absorberi
1540 5263 1717 5372 quam
1749 5263 2048 5327 sunmergi

401 5313 689 5388 dicamur.
724 5314 893 5388 Hunc
926 5314 1083 5367 enim
1125 5330 1307 5385 supra
1358 5323 1494 5388 post
1575 5318 1753 5372 obum
1784 5316 2051 5388 depingit

401 5334 689 5368 (llCﬂlIlllI‘.
726 5334 893 5367 nunc
926 5334 1083 5367 enim
1125 5334 1307 5385 supra
1358 5334 1494 5387 ροδι
1543 5334 1753 5372 Jouum
1784 5334 1960 5388 aepln
2006 5334 2049 5370 ιι

399 5382 717 5440 Iordanem
778 5385 972 5455 ipsum
1033 5391 1218 5439 totum
1269 5387 1506 5442 sorbere
1566 5388 1920 5443 inhiantem.
1958 5334 2049 5442 Sic

402 5456 579 5531 etiam
612 5461 725 5511 cat.
749 5459 1043 5531 Δ12ηιιη15.
1074 5474 1208 5511 eum
1239 5465 1643 5529 reprmscntat,
1678 5460 1819 5515 dum
1851 5461 2048 5531 ipsum

402 5528 700 5584 Christum
733 5527 1021 5599 deglutire
1052 5527 1321 5601 conatur,
1349 5546 1449 5585 eos
1483 5548 1632 5601 quos
1654 5532 1782 5601 jam
1807 5527 2050 5587 devora-

402 5606 568 5657 verat
598 5589 986 5657 evomentem.
1026 5598 1164 5653 Vide
1195 5589 1316 5655 cat.
1342 5601 1395 5668 4,
1423 5618 1481 5656 ιι.
1502 5589 1542 5656 ⁸1
1580 5589 1690 5658 sub
1725 5604 1926 5659 ﬁnem.

475 5674 551 5747 (4)
580 5673 887 5748 Ἀνασττξσῃ
921 5690 999 5743 σε,
1028 5673 1379 5726 resuscitaret
1426 5678 1496 5727 te.
1530 5673 1617 5728 Ita
1664 5673 1804 5742 editi
1837 5681 1895 5729 et
1922 5690 2048 5728 ver-

2155 4619 2232 4660 ιιι.
2269 4605 2356 4658 22.
2387 4600 2707 4672 Aliquanto
2758 4607 2937 4673 post,»
2972 4600 3100 4655 loco
3132 4670 3141 4673 Α
3152 4596 3503 4673 σωματικῶς,
3542 4596 3699 4673 quod
3726 4597 3807 4651 vi-

2155 4674 2304 4729 tiose
2335 4670 2551 4745 legitur
2580 4675 2639 4728 in
2670 4670 2996 4745 impressis.
3032 4670 3370 4745 scribimus,
3398 4672 3700 4745 σωματικῷ
3732 4685 3806 4724 ex

2154 4744 2365 4800 iisdem
2397 4740 2869 4811 auctoritatibus,
2921 4749 2981 4799 et
3027 4742 3157 4799 cod.
3190 4742 3369 4797 Coisl.
3398 4740 3672 4808 Inferius,
3704 4756 3805 4796 vo-

2154 4831 2304 4882 cem,
2337 4815 2964 4898 npﬁbtoctconjicerem
2988 4816 3245 4898 positam
3266 4830 3393 4898 pro.
3420 4813 3810 4898 πρῶτον,’ῃνί-

2154 4904 2321 4959 τηυιηι.
2355 4884 2443 4959 vel
2468 4887 2693 4959 potius,
2718 4884 3280 4959 ’πρώτωςξργῐγηαιοὶό
3310 4892 3360 4941 et
3382 4884 3806 4959 principaliter,

2157 4958 2315 5031 quod
2347 4953 2527 5013 simili
2560 4960 2621 5014 in
2661 4953 2840 5015 causa
2898 4953 3176 5030 exprimit
3233 4974 3357 5029 per,
3383 4953 3807 5029 πρωτοτύπως,

2157 5037 2266 5087 cat.
2308 5032 2393 5096 14,
2424 5047 2482 5085 ιι.
2517 5033 2603 5085 21.

2230 5103 2308 5170 (7)
2332 5102 2397 5174 Γ.
2431 5102 2684 5174 πρώτως.

2227 5175 2297 5241 (8)
2330 5170 2565 5235 Ἐκεῖνός
2602 5172 2762 5228 ἐστιν.
2798 5173 2938 5230 Cod.
2997 5170 3173 5228 Coisl.
3232 5171 3399 5227 addit
3426 5171 3553 5227 haec
3582 5184 3802 5226 verna:

2159 5244 2186 5297 ὁ
2222 5244 2497 5312 βαπτίζων
2526 5244 2577 5299 ἐν
2627 5251 2897 5315 Ηνευματι
2947 5242 3085 5316 ἁγίῳ
3119 5241 3394 5316 καίγπυρί·
3427 5246 3526 5313 qui
3556 5243 3807 5316 baptizat

2156 5319 2216 5371 in
2248 5317 2463 5387 Spiritu
2494 5326 2683 5374 sancto
2712 5314 2936 5388 et'igne.
2964 5314 3101 5381 Qum
3123 5315 3299 5371 verba
3321 5322 3462 5370 sunt
3488 5314 3807 5388 continua-

2160 5389 2238 5443 tio
2272 5384 2385 5443 l'oci
2418 5389 2737 5462 evangelici
2763 5406 2797 5462 a
2816 5384 3034 5460 Cyrillo
3057 5388 3243 5449 citati,
3263 5388 3325 5441 in
3350 5403 3466 5458 quo
3490 5397 3689 5462 tamen
3713 5384 3814 5439 de-

2158 5467 2299 5515 sunt
2325 5478 2516 5528 voces,
2548 5458 2636 5513 κίἱ
2670 5458 2821 5525 mai,
2857 5458 2908 5514 et
2940 5462 3085 5529 igne,
3120 5465 3370 5529 sumptae
3402 5475 3473 5513 ex
3507 5459 3810 5529 Matthgn,

2161 5535 2245 5585 ll.
2278 5532 2446 5587 Hunc
2476 5534 2670 5589 locum
2703 5532 2918 5586 iterum
2950 5527 3023 5586 de
3071 5527 3302 5602 integro
3333 5527 3815 5602 citansACyrillus

2158 5608 2270 5675 cat.
2307 5605 2393 5675 l7,
2429 5622 2482 5675 n_
2522 5609 2575 5666 9,
2608 5603 2752 5672 legit
2798 5610 2885 5675 ut_
2918 5603 2980 5675 in
3037 5597 3374 5675 Evangelia,
3405 5599 3576 5662 Οὗτός
3606 5597 3748 5656 ἔστιν
3781 5597 3811 5651 ὁ

2160 5672 2436 5749 βαπτίζων
2468 5673 2518 5728 ἐν
2560 5676 2832 5748 ΙῙνεύματι
2863 5672 3021 5749 ἁγίῳ.
