4152 6276
432 328 544 418 tsi
1483 352 1546 409 s.
1595 349 1901 410 crsu.”
1948 351 2359 411 HliCROSOL.
2410 351 2773 412 Ancmzsp.
3733 365 3851 428 452

500 491 606 552 Ill.
647 488 773 550 Mos
805 487 911 548 iste
940 485 1115 546 initio
1151 483 1640 564 Quadragesimz
1669 482 1870 545 omnia
1898 483 2077 545 simul
2106 482 2392 545 Ecclesia
2422 485 2696 564 dogmata
2727 506 2839 546 uno
2866 506 3131 550 sermone
3174 488 3560 571 baptizandis
3613 515 3843 580 propo-

428 586 633 659 ηρηάί,
665 590 997 665 singularis
1026 587 1312 645 Ecclesia:
1341 582 1913 663 Hierosolgmitanae
1939 586 2063 661 [uit
2097 600 2112 655 ;
2147 593 2209 642 ut
2239 602 2369 643 cum
2399 582 2723 665 aliquando
2750 583 3007 646 Joannes
3043 587 3275 669 Cgrilli
3296 591 3490 652 nostri
3524 613 3843 671 successor,

424 685 679 747 similem
702 689 1060 747 concionem.
1090 684 1153 743 in
1188 701 1315 763 qua
1346 680 1416 742 de
1446 683 1738 741 universis
1770 679 2149 758 dogmatibus
2177 680 2571 757 dtisseruerat,
2598 681 2859 743 habuisse
2880 702 2939 744 se
2966 683 3233 759 diceret;
3264 688 3670 768 Hieronymus
3704 716 3841 758 cur):

436 784 621 866 hujus
651 781 1089 845 consuetudinis
1118 783 1513 860 ignoratione,
1548 799 1666 840 non
1692 784 1820 838 sine
1839 777 2099 859 quadam
2132 778 2424 839 mordacis
2451 783 2602 860 stgli
2630 787 2975 859 asperitate,
3004 793 3114 844 aut
3143 783 3401 848 levitatis
3428 807 3499 850 ac
3527 795 3840 873 negligen-

429 895 529 945 tiae
561 891 625 943 in
657 880 986 943 tractandis
1013 879 1391 960 dogmatibus
1419 888 1522 939 aut
1551 898 1717 940 vanas
1746 877 2150 939 ostentationis
2178 879 2553 938 accusatione
2575 877 2932 958 pulsaverit.
2992 881 3140 943 Haec
3171 894 3362 947 autem
3389 899 3567 950 erant
3589 890 3843 956 Joannis

427 982 606 1045 verba
638 987 703 1041 in
725 980 975 1060 epistola
1015 976 1096 1037 ad
1134 975 1515 1058 Theophilum
1544 974 2052 1047 Alexandrinum,
2085 974 2259 1042 cuius
2308 984 2655 1055 fragmenta
2702 977 2997 1038 nonnulla
3029 995 3410 1059 repraesentat
3441 985 3844 1071 Hieronymus

425 1078 672 1164 ερίειοια
695 1081 768 1140 51
804 1079 885 1140 ad
904 1074 1360 1137 Pammachium
1391 1092 1558 1135 nOl’LB
1586 1072 1865 1135 editionis
1894 1076 1995 1145 38,
2019 1093 2140 1154 qua
2172 1071 2305 1134 illas
2324 1074 2579 1135 Joannis
2611 1073 2838 1136 litteras
2867 1078 3090 1154 refellit
3118 1098 3132 1141 :
3157 1081 3308 1141 Cum
3334 1091 3392 1146 et
3414 1103 3532 1147 nos
3561 1089 3840 1166 quadam

425 1181 525 1241 die
555 1185 700 1240 ante
729 1196 898 1250 eum,
926 1184 1197 1237 sanctum
1222 1172 1644 1256 Epiphanium
1667 1172 1975 1253 intelligit,
2008 1171 2205 1233 locuti
2249 1191 2552 1246 essemus,
2584 1180 2644 1235 et
2678 1193 2952 1254 praesens
3003 1177 3191 1239 lectio
3248 1194 3673 1259 provocasset,
3722 1207 3841 1249 au-

427 1279 636 1341 diente
658 1277 767 1338 illo
797 1282 856 1337 et
889 1275 1173 1335 universa
1207 1272 1481 1334 Ecclesia
1509 1272 1586 1332 de
1620 1271 1741 1332 fide
1772 1277 1832 1333 et
1877 1271 2169 1332 omnibus
2199 1271 2639 1333 ecclesiasticis
2697 1274 3102 1351 dogmatibus
3158 1278 3296 1340 haec
3352 1279 3547 1344 locuti
3593 1305 3837 1364 sumus,

427 1399 567 1459 quae
598 1384 658 1439 et
674 1393 918 1454 semper
938 1372 1140 1453 gratia
1172 1370 1282 1432 Dei
1312 1370 1735 1432 indesinenter
1759 1371 1821 1429 in
1854 1369 2130 1432 Ecclesia
2161 1369 2458 1431 docemus
2485 1376 2546 1430 et
2578 1370 2641 1431 in
2671 1373 3130 1435 catecbesibus.
3193 1377 3474 1452 Quasnam
3527 1401 3668 1445 vero
3727 1385 3837 1448 illa

422 1487 625 1557 [Orent
652 1475 724 1536 de
752 1473 968 1555 quibus
997 1479 1129 1532 erat
1162 1478 1298 1531 ante
1328 1469 1574 1541 locutus,
1610 1487 1686 1530 ex
1714 1487 1777 1528 eo
1805 1468 2096 1528 scribente
2123 1475 2337 1550 repetit
2365 1468 2776 1550 Hieronymus
2805 1469 2896 1531 his
2925 1472 3113 1533 verbis
3146 1493 3166 1534 :
3225 1477 3305 1537 Ut
3362 1498 3488 1541 uno
3546 1482 3835 1546 Ecclesiae

425 1581 699 1638 tractatu
727 1573 802 1633 de
833 1572 1077 1633 cunctis
1107 1567 1510 1648 dogmatibus
1540 1567 1736 1628 homo
1766 1586 1892 1629 non
1924 1567 2076 1627 satis
2101 1566 2404 1646 eloquens
2436 1566 2811 1647 disputares,
2844 1574 2906 1629 et
2935 1569 3012 1631 de
3044 1572 3375 1650 Trinitate,
3437 1577 3515 1640 de
3546 1599 3839 1662 assump-

419 1675 588 1735 tione
618 1668 926 1732 Dominici
957 1667 1265 1747 corporis,
1298 1667 1376 1729 de
1401 1685 1608 1739 cruce,
1641 1667 1719 1727 de
1748 1665 1990 1738 inferis,
2025 1666 2103 1725 de
2135 1665 2506 1744 angelorum
2538 1667 2876 1739 natura,de
2906 1668 3258 1732 animarum
3293 1678 3483 1749 statu,
3515 1677 3595 1740 de
3625 1698 3835 1742 resur-

420 1772 698 1834 rectione
728 1767 1074 1830 Salvatoris
1105 1771 1166 1828 et
1196 1771 1431 1839 nostra,
1471 1772 1532 1825 et
1562 1764 1728 1825 inter
1757 1783 1832 1825 ea
1863 1784 2002 1844 quae
2032 1765 2246 1824 forsan
2277 1763 2509 1824 oblitus
2561 1782 2625 1825 es
2683 1765 2976 1826 scribere.
3027 1768 3201 1830 Vides
3254 1779 3456 1834 omnia
3476 1795 3623 1857 pene
3649 1777 3836 1860 hujus

421 1868 773 1933 catecheseos
803 1873 1179 1945 argumenta,
1212 1865 1269 1923 si
1292 1869 1447 1941 forte
1474 1861 1787 1923 articulum
1822 1865 1908 1923 De
1941 1862 2304 1940 angelorum
2342 1867 2567 1923 natura
2593 1861 2883 1942 exeipias.
2934 1884 3105 1945 quem
3131 1867 3411 1944 Joannes,
3448 1871 3687 1954 Origeni
3714 1878 3831 1939 ad-

422 1967 663 2040 dictior,
691 1965 883 2026 solitis
910 1963 1215 2045 capitibus
1243 1962 1505 2042 adjicere
1528 1967 1753 2041 potuit.
1787 1957 1966 2021 Hunc
1994 1968 2188 2021 autem
2217 1978 2535 2020 sermonem
2568 1961 2628 2020 in
2660 1959 3131 2042 Quadragesima
3163 1966 3665 2049 baptizandorum
3692 1995 3837 2055 gra-

424 2068 510 2128 tia
535 2069 990 2147 pronuntiatum
1012 2079 1151 2135 esse,
1183 2063 1348 2128 satis,
1382 2068 1448 2119 ut
1474 2060 1764 2134 existimo,
1797 2058 2147 2139 signiﬁcant
2174 2057 2304 2118 alia
2336 2057 2459 2119 hac
2487 2056 2739 2119 Joannis
2770 2059 2967 2139 verba,
3002 2063 3222 2143 quibus
3278 2066 3444 2129 illius
3498 2069 3571 2133 de
3608 2076 3836 2137 cunctis

417 2164 794 2248 dogmatibus
828 2162 1251 2244 disputationis
1281 2165 1579 2222 rationem
1607 2158 1840 2220 reddit:
1875 2158 2275 2220 Consuetudo
2306 2165 2513 2219 autem
2547 2160 2715 2238 apud
2746 2177 2861 2221 nos
2908 2160 3262 2226 istiusmodi
3321 2175 3433 2243 est,
3497 2178 3563 2231 ut
3617 2173 3696 2234 iis
3726 2176 3833 2256 qui

414 2263 779 2345 baptizandi
807 2267 952 2322 sunt
983 2278 1094 2338 per
1121 2258 1545 2339 quadraginta
1574 2257 1706 2319 dies
1730 2257 1979 2337 publice
2008 2257 2333 2317 tradamus
2364 2262 2642 2319 sanctam
2676 2265 2738 2319 et
2768 2259 3156 2322 adorandam
3189 2265 3581 2329 Trinitatem.

493 2372 596 2430 50
625 2362 730 2424 IV.
762 2362 819 2420 A
853 2380 974 2440 quo
1000 2364 1277 2439 pro/ecta
1304 2362 1386 2420 sit
1417 2355 1537 2417 haec
1576 2354 1928 2417 consuetudo
1956 2360 2268 2416 incertum.
2305 2356 2389 2415 At
2423 2354 2724 2435 Cyrillum
2752 2357 2881 2434 eius
2909 2369 3216 2423 auctorem
3245 2382 3363 2425 esse
3385 2367 3700 2446 probabile
3720 2381 3827 2435 est.

411 2463 579 2525 Dum
607 2467 764 2520 enim
797 2458 977 2526 huius
1005 2457 1321 2527 orationis,
1355 2475 1518 2525 num,
1553 2458 1614 2529 3,
1647 2474 1883 2515 causam
1912 2453 2180 2533 emponit,
2214 2473 2335 2534 qua
2385 2459 2462 2514 ατ
2536 2454 2890 2516 tradendam
2946 2456 3288 2538 hujusmodi
3314 2467 3826 2547 compendiariam

414 2562 763 2642 dogmatum
791 2556 1217 2633 expositionem
1247 2553 1535 2614 adductus
1563 2553 1645 2613 sit
1670 2574 1693 2628 ;
1725 2573 1842 2613 non
1873 2552 1939 2612 id
1965 2562 2028 2611 ut
2056 2551 2313 2612 Joannes
2343 2551 2426 2614 ad
2453 2554 2924 2615 consuetudinem
2983 2556 3235 2620 ecclesiae
3288 2581 3406 2623 suae
3435 2576 3696 2642 revocat,
3727 2570 3829 2631 sed

407 2663 727 2740 proprium
757 2657 854 2715 sui
883 2653 1068 2735 ipsius
1097 2655 1420 2713 consilium
1438 2671 1554 2711 esse
1573 2651 1890 2731 signiﬁcat,
1912 2653 1997 2711 ita
2030 2653 2308 2731 loquens:
2343 2652 2464 2711 Sed
2489 2659 2632 2713 ante
2663 2652 2974 2719 Fidei.hoc
3002 2665 3086 2716 est
3114 2658 3823 2738 ngboli,traditionem

413 2757 714 2836 praeclare
741 2754 982 2824 videor,
1017 2758 1161 2822 etc.,
1193 2755 1378 2818 καλῶς
1408 2751 1553 2831 ἔχειν
1586 2777 1681 2829 μοι
1714 2753 1883 2811 δοκεῖ.
1921 2748 2053 2824 (tuo

2182 2758 2313 2809 item
2345 2748 2749 2831 Hieronymus
2775 2750 3007 2812 Joanni
3030 2757 3104 2813 ob
3136 2757 3502 2837 imperitiam
3533 2772 3588 2823 et
3616 2765 3822 2842 infan-

412 2853 561 2914 tiam
591 2850 831 2933 diﬂicile
858 2851 1039 2928 fuisse
1063 2850 1172 2921 ait,
1198 2847 1265 2907 id
1295 2845 1517 2910 Noster
1545 2857 1710 2909 tanta
1739 2846 2034 2923 facilitate
2061 2855 2119 2906 et
2150 2846 2434 2908 brevitate
2464 2866 2534 2908 ac
2561 2852 2733 2929 c0pia
2752 2851 3037 2927 perfecit,
3068 2863 3133 2913 ut
3162 2854 3326 2916 nihil
3356 2859 3418 2918 in
3465 2869 3584 2923 toto
3643 2867 3819 2925 Cate-

410 2953 677 3015 cheseon
710 2970 881 3032 opere
905 2950 1096 3029 magis
1125 2949 1327 3019 mirer,
1358 2966 1465 3008 nec
1493 2948 1822 3029 quidquam
1850 2948 2008 3025 [arte
2039 2944 2244 3006 haberi
2267 2945 2486 3026 possit,
2522 2951 2584 3005 in
2612 2966 2731 3027 quo
2789 2949 2989 3028 major
3043 2950 3268 3014 eluceat
3321 2954 3561 3036 ingenii
3602 2963 3712 3034 vis,
3764 2983 3828 3035 et

401 3061 685 3132 prompta
714 3049 1190 3131 extemporaliter
1224 3045 1471 3107 dicendi
1498 3046 1788 3123 facundia
1813 3066 1839 3108 .·
1868 3044 2015 3106 adeo
2039 3062 2240 3126 presso
2270 3053 2329 3105 et
2355 3046 2830 3126 circumscripte,
2862 3049 3156 3131 simulque
3178 3052 3352 3132 plene
3378 3066 3434 3117 et
3461 3064 3715 3139 c0piose,
3750 3062 3819 3125 de

405 3149 780 3229 gravissimis
806 3156 1023 3209 nostrae
1051 3144 1201 3226 ﬁdei
1218 3147 1514 3224 capitibus
1545 3144 1805 3206 disserit.

488 3258 558 3316 V.
597 3254 790 3315 [labet
820 3253 940 3314 haec
970 3252 1274 3314 catechesis
1301 3250 1632 3333 generalem
1663 3252 1921 3323 titulum,
1956 3250 2067 3329 qui
2088 3257 2503 3330 argumentum
2529 3250 2705 3310 totius
2736 3253 2989 3314 continet
3014 3263 3075 3315 et
3092 3257 3425 3338 peculiares
3457 3261 3657 3326 titulos
3692 3268 3816 3328 sin-

406 3352 570 3435 gulis
601 3350 955 3413 sectionibus
979 3369 1283 3432 proprios,
1315 3351 1553 3431 utrique
1581 3349 2004 3430 antiquissimi.
2032 3347 2193 3410 Nam
2230 3345 2646 3423 Theodoretus,
2682 3362 2912 3412 centum
2936 3362 3074 3434 post
3103 3354 3209 3417 has
3229 3359 3553 3423 catecheses
3570 3366 3819 3438 scriptas

403 3454 598 3526 αηηίς,
642 3452 807 3512 istius
835 3452 1144 3510 sectionem
1174 3468 1301 3528 quae
1330 3448 1400 3509 de
1424 3448 1844 3509 lncarnatione
1890 3447 2040 3527 agit,
2084 3467 2251 3508 num.
2313 3449 2375 3519 9,
2428 3448 2636 3522 citans,
2696 3447 3061 3531 desumptam
3116 3456 3308 3536 refert
3361 3477 3436 3520 ea:
3465 3462 3816 3527 catechetico

404 3560 652 3634 quarto,
686 3567 951 3610 sermone
982 3549 1068 3609 De
1098 3549 1309 3608 decem
1340 3545 1769 3626 dogmatibus,
1800 3546 2084 3628 adjuncto
2117 3546 2289 3607 titulo
2319 3547 2587 3628 speciali.
2616 3548 2704 3608 De
2735 3551 3140 3626 generatione
3196 3572 3270 3615 ex
3327 3557 3602 3638 Virgine.
3636 3568 3726 3626 At
3752 3564 3815 3623 in

409 3649 684 3729 utrisque
715 3646 905 3708 titulis
932 3644 1223 3707 nonnulla
1250 3654 1335 3706 est
1362 3643 1695 3724 difﬁcultas
1730 3667 1744 3717 ;
1780 3660 1844 3705 ut
1868 3655 2076 3727 pateat
2102 3664 2207 3706 nos
2236 3645 2319 3707 ad
2345 3648 2724 3707 notariorum
2755 3655 2810 3707 et
2843 3647 3234 3712 librariorum
3288 3658 3401 3735 qui
3449 3659 3816 3722 Catecheses

401 3746 792 3829 exscripsere,
825 3745 1151 3807 arbitrium
1178 3763 1291 3803 non
1311 3763 1348 3804 a
1382 3743 1616 3827 (,‘yrillo
1658 3764 1762 3825 qut
1791 3745 2130 3805 continuate
2159 3743 2341 3816 dixit,
2377 3764 2494 3804 esse
2521 3745 2766 3824 positos.

481 3849 586 3909 VI.
622 3845 961 3924 Principio,
994 3844 1060 3905 in
1090 3848 1355 3905 versione
1390 3842 1692 3916 Grodecii,
1728 3842 1973 3903 Morelli
1996 3853 2055 3902 et
2080 3842 2354 3903 Prevotii
2375 3842 2755 3914 editionibus,
2792 3844 3142 3923 Bodleiano,
3207 3850 3572 3928 Colbertino,
3617 3865 3674 3917 et
3705 3857 3813 3920 0t-

405 3945 723 4007 toboniano
753 3943 1047 4006 codicibus
1077 3942 1445 4007 inscribitur.
1477 3952 1545 4001 ut
1573 3947 1735 4021 apud
1769 3941 2192 4003 Theodoretum
2241 3945 2326 4003 De
2376 3940 2588 4002 decem
2648 3943 3075 4020 dogmatibus.
3130 3951 3275 4011 Alii
3327 3961 3522 4014 tamen
3563 3956 3807 4033 codices,

399 4064 602 4126 nempe
634 4043 841 4115 Coisl.,
877 4045 1007 4105 Ηυξ
1026 4061 1056 4103 e
1079 4041 1337 4106 Casaub.
1359 4042 1568 4121 ferunt
1596 4042 1682 4100 De
1718 4039 2004 4100 undecim
2036 4038 2463 4117 dogmatibus.
2495 4045 2586 4102 At
2609 4042 2672 4100 si
2695 4041 2914 4102 diversi
2935 4044 2996 4103 in
3018 4044 3130 4107 hac
3148 4050 3417 4111 oratione
3433 4058 3690 4115 tractati
3712 4077 3808 4117 re-

393 4153 740 4204 censeantur
767 4140 1031 4212 articuli,
1066 4159 1183 4199 non
1212 4138 1403 4199 decem
1432 4139 1525 4199 vel
1554 4136 1843 4211 undecim,
1876 4137 1980 4199 sed
2003 4136 2480 4220 quatuordecim,
2512 4147 2619 4198 aut
2647 4141 2824 4200 etiam
2848 4144 3034 4201 multo
3059 4143 3265 4223 plures
3309 4152 3796 4216 numerabantur.

392 4241 498 4305 Ad
521 4242 643 4302 hac
672 4242 736 4300 in
755 4240 1001 4300 diversis
1030 4236 1229 4297 titulis
1257 4236 1644 4309 ascribendis,
1676 4257 1796 4297 non
1827 4246 1908 4297 est
1936 4236 2136 4298 eadem
2168 4233 2433 4296 codicum
2462 4235 2727 4298 omnium
2758 4238 2917 4300 ratio
2953 4257 2967 4313 ;
2993 4244 3296 4316 nonnulli,
3325 4255 3394 4306 ut
3413 4247 3599 4312 codex
3614 4252 3801 4315 Mem-

391 4359 643 4411 mtanus,
676 4335 784 4420 qui
812 4355 970 4398 anno
1001 4336 1159 4396 1564
1188 4355 1228 4395 α
1262 4333 1577 4399 Guillelmo
1607 4334 1865 4396 Morelio
1894 4334 2085 4396 editus
2113 4343 2220 4407 est,
2254 4344 2311 4395 et
2344 4334 2728 4399 Colbertinus
2755 4336 2952 4398 nullos
2980 4339 3282 4418 eiusmodi
3303 4346 3507 4407 titulos
3556 4349 3795 4414 habent.

388 4438 574 4499 Εάίιί
594 4435 1045 4520 quatuor-decim
1071 4436 1436 4515 praeferunt,
1468 4443 1776 4495 numerato
1808 4435 1870 4495 in
1902 4433 1995 4495 his
2025 4433 2199 4495 titulo
2256 4434 2342 4496 De
2390 4434 2620 4495 divinis
2677 4436 3017 4515 Scripturis
3059 4459 3129 4502 ac
3187 4443 3425 4506 titulum
3459 4449 3544 4511 De
3575 4453 3798 4514 vestitu

387 4537 664 4598 omittunt
694 4554 709 4596 :
747 4534 842 4596 his
872 4535 1155 4595 consentit
1183 4545 1343 4595 vetus
1371 4532 1572 4610 codex,
1598 4532 1769 4613 cujus
1800 4531 2100 4593 variantes
2130 4532 2191 4592 in
2223 4531 2375 4593 libro
2410 4531 2476 4594 δ’.
2505 4535 2823 4613 Genore/te
2841 4535 2924 4597 ad
2940 4540 3268 4619 marginem
3298 4554 3606 4609 notantur.
3645 4551 3798 4611 Cod.

389 4633 566 4696 Coisl.
603 4632 911 4695 duodecim
945 4641 1176 4694 tantum
1206 4630 1461 4701 exhibet,
1492 4629 1907 4711 comprehenso
1942 4628 2270 4711 Scriptura:
2302 4629 2481 4691 titulo
2496 4651 2522 4707 ,·
2536 4632 2758 4692 omissis
2780 4632 2927 4707 istis,
2958 4637 3045 4696 De
3075 4639 3320 4711 Deo,De
3349 4647 3798 4729 assumptione,

384 4736 468 4794 De
501 4733 709 4794 futuro
735 4732 972 4812 judicio
1005 4729 1365 4813 ;additoque
1392 4749 1530 4808 uno,
1564 4734 1671 4811 qui
1700 4729 1762 4789 in
1783 4728 1951 4788 editis
1979 4747 2096 4788 non
2128 4727 2376 4789 habetur
2409 4730 2497 4791 De
2523 4730 2771 4791 vestitu.
2809 4731 3232 4797 Ottobonianus
3271 4739 3607 4819 quindecim
3654 4727 3793 4808 con?

385 4830 536 4893 tinet
567 4832 1006 4910 inscriptiones,
1041 4832 1277 4911 adjecta
1306 4830 1590 4891 nimirum
1621 4826 1701 4889 ad
1730 4828 2141 4909 inscriptiones
2171 4830 2461 4888 editorum
2517 4848 2639 4889 una
2695 4829 2764 4891 de
2817 4829 3059 4893 lavacro
3115 4834 3198 4895 ad
3221 4838 3398 4918 ﬁnem
3430 4843 3690 4905 articuli
3711 4847 3797 4907 De

382 4933 834 4992 resurrectione
864 4930 1166 5008 generali,
1193 4931 1401 4990 omisso
1433 4930 1607 4990 titulo
1638 4929 1726 4988 De
1759 4925 2009 4989 vestitu.

2158 4924 2235 4986 id.
2272 4924 2395 4985 Roe
2422 4934 2478 4985 et
2511 4926 2767 4988 Casaub.
2800 4946 2904 4989 sea:
2931 4939 3164 4993 tantum
3200 4935 3404 4997 titulos
3432 4943 3668 5001 notatos
3689 4940 3798 5003 ha-

384 5027 543 5099 bent,
574 5028 871 5087 nimirum
905 5028 991 5087 De
1017 5029 1169 5099 Deo,
1203 5031 1289 5088 De
1319 5029 1670 5108 sepultura,
1709 5025 1802 5086 De
1833 5026 2043 5087 futuro
2093 5022 2356 5103 judicio,
2392 5026 2477 5085 De
2506 5024 2741 5103 Spiritu
2772 5034 3014 5101 sancto,
3048 5033 3133 5093 De
3190 5032 3463 5097 hominis
3493 5040 3795 5102 constitu-

379 5125 548 5185 tione
580 5123 670 5202 (in
700 5143 818 5205 quo
850 5134 1198 5203 argumento
1228 5124 1816 5206 comprehenduntur
1845 5142 1979 5202 qua:
2007 5120 2115 5182 sub
2147 5120 2338 5181 titulis
2373 5122 2458 5182 De
2486 5120 2720 5200 anima,
2755 5123 2831 5185 de
2852 5142 3117 5204 corpore
3145 5136 3208 5191 et
3232 5132 3406 5208 sibis,
3434 5135 3497 5193 in
3529 5134 3804 5215 vulgatis

379 5222 555 5283 libris
583 5221 1203 5302 comprehenduntur),
1241 5232 1300 5283 et
1330 5224 1414 5284 De
1443 5224 1696 5287 vestitu.
1735 5219 2107 5283 Bodleianus
2137 5219 2320 5280 codex
2348 5217 2493 5279 duos
2523 5217 2824 5283 duntaxat
2855 5222 3056 5285 titulos
3082 5231 3374 5307 agnoscit,
3442 5234 3529 5293 De
3586 5236 3715 5296 Deo
3744 5246 3805 5297 et

384 5322 471 5381 De
505 5320 713 5379 futuro
738 5318 1004 5396 judicio.

464 5420 597 5481 VII.
644 5418 887 5479 Accelit
916 5417 1074 5498 quod
1101 5438 1218 5478 non
1249 5417 1314 5480 in
1341 5419 1608 5481 omnibus
1638 5417 1936 5480 codicibus
1968 5415 2151 5477 iidem
2180 5415 2602 5498 exprimuntur
2632 5416 2810 5478 tituli.
2857 5418 3085 5483 Titulus
3108 5426 3193 5486 De
3224 5426 3432 5489 futuro
3456 5429 3698 5507 judicio
3730 5434 3792 5492 in

378 5516 570 5582 Ottob.
605 5516 732 5577 cod.
772 5514 1130 5576 inscribitur
1156 5523 1279 5599 περὶ
1323 5523 1647 5596 παρουσίας,
1683 5542 1845 5597 supp.
1880 5520 2018 5578 δευτὲ

2151 5518 2271 5586 ,De
2325 5516 2620 5590 adventu,
2678 5517 2963 5580 nimirum
3023 5520 3276 5598 Christi,
3325 5527 3602 5591 secundo.
3636 5533 3791 5593 Loco

377 5615 534 5679 tituli
557 5617 643 5677 De
664 5615 900 5687 anima,
920 5614 1089 5676 codd.
1115 5614 1465 5696 Coisl.,Roe
1484 5631 1536 5677 et
1568 5615 1851 5689 Casaub.,
1888 5625 2065 5676 istum
2083 5616 2356 5695 superius
2375 5623 2644 5675 notatum
2674 5618 2878 5693 ferunt
2903 5618 2987 5680 De
3018 5620 3291 5683 hominis
3319 5626 3788 5691 constitutione.

375 5716 560 5780 Coz'sl.
598 5714 766 5779 modo
798 5724 1156 5778 memoratus
1185 5714 1307 5778 loco
1338 5718 1426 5779 De
1456 5714 1915 5777 resurrectione
1947 5712 2196 5785 Christi,
2224 5711 2417 5786 habet,
2450 5713 2621 5789 quod
2652 5718 3016 5779 resurrexit.
3053 5719 3337 5799 Eiusdem
3367 5724 3583 5789 codicis
3633 5747 3795 5790 men-

373 5818 519 5880 dum
550 5825 658 5893 est,
693 5814 857 5900 quod
882 5813 1006 5878 loco
1037 5813 1205 5878 tituli
1235 5818 1321 5880 De
1350 5814 1679 5877 nativitate
1700 5830 1775 5873 ex
1804 5810 2075 5892 Virgine,
2106 5812 2398 5895 scriptum
2430 5807 2606 5872 habet
2640 5812 2728 5873 De
2759 5813 2992 5880 anima.
3051 5818 3124 5881 In
3178 5819 3541 5886 collocandis
3567 5844 3801 5911 quoque
