4152 6276
351 307 474 370 465

1229 309 1703 373 CATECHESIS
1745 311 1852 373 IV.
1898 313 2003 372 DE
2045 310 2305 374 DECEM
2346 312 2894 374 DOGMATIBUS.

3662 320 3782 382 466

425 441 514 497 H'.
580 440 678 496 Kal
752 441 891 512 μήτε
949 438 1418 517 ἀπαλλοτριώσῃς
1466 446 1562 498 τοῦ
1652 443 1864 518 Πατρὸς
1920 445 2013 499 τὸν

2204 445 2326 499 VIII
2380 444 2492 500 Sed
2523 461 2716 515 neque
2749 444 2962 500 Filium
3020 445 3325 502 abalienes
3370 463 3404 503 a
3446 449 3616 505 Patre
3679 456 3776 525 (7),

357 529 512 599 Υὶὸν,
550 530 692 601 μήτε
745 526 1079 606 συναλοιφὴν
1132 529 1498 603 ἐργασάμενος
1542 532 1896 606 υἱοπατορίαν
1945 537 2018 603 (1)

357 638 674 691 πιστευσῃς·
710 615 860 672 ἀλλᾶ
890 617 1127 687 πίστευε,
1159 619 1243 674 ὅτι
1276 620 1388 680 ἐνὸς
1423 625 1555 675 Θεοῦ
1607 624 1910 696 μονογενὴς
1946 622 2020 684 sic

352 705 498 762 ἐστιν
532 711 603 778 (2)
637 708 786 771 Υἱὸς,
823 709 852 762 ὁ
881 708 988 781 πρὸ
1020 710 1233 763 πάντων
1258 714 1364 764 τῶν
1389 710 1602 764 αἰώνων
1632 713 1760 772 Θεὸς
1811 713 2016 785 Λόγος·

350 798 526 872 Λόγος
562 796 626 851 οὐ
661 797 1004 871 προφορικὸς
1036 801 1109 868 (3)
1142 798 1221 862 εἷς
1280 796 1407 874 ἀέρα
1457 797 1843 874 διαχεόμενος,
1894 801 2019 856 οὕτε

359 884 554 961 λόγοις
589 885 980 949 ἆνυποστάτοις
1013 886 1453 960 ἐξομοιούμενος·
1483 888 1632 945 ἀλλὰ
1662 891 1839 963 Λόγος
1892 891 2018 952 Υἱὸς

360 975 608 1050 λογικῶν
665 978 929 1047 ποιητὴς,
987 977 1164 1050 Λόγος
1215 975 1426 1032 ἀκούων
1481 983 1578 1033 τοῦ
1639 979 1848 1041 Πατρὸς
1927 979 2016 1034 καὶ

360 1063 549 1121 λαλῶν
583 1065 766 1128 αὐτός.
798 1065 902 1122 Καὶ
935 1066 1059 1142 περὶ
1096 1067 1191 1140 μὶν
1246 1066 1455 1122 τούτων
1511 1068 1648 1123 κατὰ
1705 1069 1914 1143 καιρὸν,
1971 1066 2016 1123 εἷ

359 1156 388 1210 ὁ
442 1156 576 1218 Θεὸς
629 1156 931 1231 παράσχοι,
987 1155 1330 1228 πλατύτερον
1377 1159 1515 1229 ἡμῖν
1574 1157 1892 1232 ῥηθήσεταιο
1955 1156 2018 1211 οὐ

360 1247 466 1323 γὰρ
500 1244 968 1319 ἐπιλανθανόμεθα
1019 1254 1119 1316 τῆς
1174 1247 1508 1322 προτάσεως,
1568 1248 1648 1302 ὅτι
1707 1246 2016 1319 κεφαλαιώ-

353 1334 467 1398 δεις
497 1335 800 1413 εἰσαγωγὰς
828 1336 1060 1398 πίστεως
1091 1340 1180 1390 νῦν
1212 1336 1519 1414 ποιούμεθα
1544 1341 1640 1402 (4).

2129 551 2323 605 neque
2347 535 2498 589 facta
2529 535 2846 590 coalitione
2871 534 3147 591 duorum.
3175 537 3781 608 Filio-paternitatem

2130 624 2257 694 [seu
2291 624 2699 678 confusionem
2727 625 3058 696 utriusque]
3091 626 3319 682 credas.
3351 628 3559 681 Verum
3583 630 3780 696 crede,

2130 714 2287 783 quod
2322 713 2498 766 unius
2533 714 2629 766 Dei
2666 714 3003 784 unigenitus
3027 722 3116 769 est
3143 716 3346 780 Filius,
3380 716 3481 786 qui
3517 725 3606 771 est
3644 727 3785 775 ante

2129 802 2329 857 omnia
2362 802 2577 856 saecula
2608 804 2758 857 Deus
2804 803 3054 857 Verbum
3084 804 3150 859 ⁵⁸.
3189 805 3438 858 Verbum
3476 822 3608 860 vero
3657 824 3778 863 non

2127 892 2496 964 prolatitium
2531 900 2706 962 atque
2739 893 2800 946 in
2834 909 2970 947 aera
3001 892 3351 964 dissipatum
3379 915 3394 959 ;
3427 911 3621 966 neque
3655 913 3782 951 ser-

2129 981 2406 1035 monibus
2439 980 2630 1036 solida
2660 983 2761 1038 56
2816 999 2882 1036 ac
2911 983 3150 1054 propria
3181 983 3568 1039 subsistentia
3599 985 3784 1040 desti-

2129 1071 2269 1124 tutis
2301 1070 2534 1125 simile:
2570 1069 2672 1125 sed
2710 1071 2962 1125 Verbum
2994 1071 3198 1137 Filius,
3233 1088 3439 1127 eorum
3471 1073 3571 1144 qui
3606 1074 3781 1129 verbo

2128 1165 2188 1214 et
2215 1160 2446 1215 ratione
2478 1165 2728 1214 utuntur
2759 1161 2983 1228 factor;
3027 1159 3281 1216 Verbum
3334 1161 3496 1232 quod
3547 1163 3782 1218 Patrem

2129 1250 2315 1315 audit,
2350 1255 2404 1304 et
2437 1250 2631 1320 ipsum
2664 1250 2947 1319 loquitur.
2990 1252 3069 1304 Ac
3120 1249 3192 1304 de
3240 1250 3332 1305 bis
3382 1251 3624 1322 quidem
3672 1269 3780 1308 suo

2129 1343 2417 1410 tempore,
2453 1339 2501 1393 si
2533 1339 2687 1393 Deus
2708 1339 3092 1404 concesserit,
3116 1340 3487 1411 explanatius
3514 1341 3785 1396 dicemus

347 1427 618 1500 (cat.li):
652 1445 774 1483 non
806 1427 968 1483 enim
1001 1429 1288 1500 propositi
1319 1429 1506 1483 nostri
1542 1429 1968 1493 oblivisoimur,
2001 1428 2160 1500 quod
2187 1435 2277 1483 est
2306 1444 2540 1484 summa
2570 1435 2800 1484 tantum
2832 1430 3185 1484 necessarias
3234 1429 3308 1484 ad
3359 1430 3537 1486 tidem
3586 1432 3779 1486 intro-

348 1514 659 1572 ductionis
690 1533 852 1571 nunc
882 1517 1078 1588 capita
1106 1533 1480 1588 percensere.

454 1609 617 1660 ΠΕΡΙ.
658 1606 802 1662 ΤΗΣ
839 1609 908 1674 (5)
945 1607 1035 1660 ΕΚ
1077 1608 1441 1662 [IAPOENUI‘
1480 1608 1922 1663 ΓΕΝΝΗΣΕΩΣ.

427 1699 501 1750 Θ.
535 1696 767 1748 [lineas
799 1691 879 1759 δὲ,
922 1692 1005 1748 ὅτι
1066 1693 1224 1756 οὗτος
1287 1694 1314 1747 ὁ
1379 1697 1684 1769 μονογενὴς
1742 1695 1864 1756 Υἱὸς
1921 1697 2018 1749 τοῦ

346 1783 511 1845 Θεοῦ,
547 1777 640 1834 διὰ
669 1779 765 1840 τὰς
810 1779 1081 1851 ἁμαρτίας
1137 1782 1299 1851 ἡμῶν
1354 1778 1405 1853 ἐξ
1448 1781 1692 1854 οὐρανῶν
1746 1781 2014 1851 κατῆλθεν

354 1869 444 1924 ἐπὶ
473 1875 576 1938 τῆς
605 1875 732 1943 γῆς,
765 1870 864 1936 τήν
899 1869 1214 1942 ὁμοιοπαθῆ
1267 1868 1468 1940 ταύτην
1529 1873 1664 1942 ἡμῖν
1724 1866 2012 1926 ἀναλαϐὼν

345 1958 777 2029 ἀνθρωπότητα,
809 1957 899 2013 καὶ
939 1957 1216 2032 γεννηθεὶς
1272 1959 1320 2030 ἐξ
1382 1960 1534 2035 ἁγίας
1597 1962 1869 2028 Παρθένου
1926 1960 2015 2014 καὶ

358 2047 515 2125 ἁγίου
547 2049 880 2122 Πνιύματος·
916 2048 986 2102 οὗ
1019 2045 1245 2118 δοκήσει
1273 2049 1360 2105 καὶ
1400 2048 1663 2125 φαντασίᾳ
1716 2057 1816 2118 τῆς
1865 2049 2014 2105 ἐναν-

358 2140 699 2213 θρωπήσεως
732 2139 1030 2214 γενομένης
1054 2142 1146 2208 (θ),
1161 2135 1308 2193 ἀλλᾶ
1331 2140 1400 2211 τῇ
1416 2135 1668 2211 ἂληθείᾳ·
1686 2135 1811 2194 οὐδὶ
1831 2139 2015 2216 ὥσπερ

424 2266 470 2300 ⁸⁵
508 2266 634 2321 νίἀ.
666 2271 774 2320 cat.
816 2268 901 2334 11,
935 2281 995 2320 ιι.
1032 2268 1117 2320 10.

423 2405 918 2481 (1)Υἱοπατορῖαν.
972 2410 1060 2465 Ita
1120 2426 1190 2464 ex
1247 2409 1439 2465 Ottob.
1502 2408 1678 2481 Coisl.
1725 2411 1891 2467 Bom.
1951 2415 2010 2466 et

350 2480 531 2552 Quill.
570 2481 811 2552 litorelio
844 2482 1384 2552 reposuimus,cum
1408 2482 1467 2534 in
1496 2480 1674 2552 editis
1695 2481 2004 2546 habeatur,

348 2549 728 2621 υἱοπατορὶας.
768 2555 886 2608 Roe
915 2549 978 2606 et
1007 2553 1253 2607 Casaub.
1290 2551 1367 2611 εἰς
1390 2551 1761 2623 υἱοπατορῖαν.
1792 2554 2007 2608 Eadem

351 2639 501 2677 voce
535 2639 692 2693 saepe
724 2624 907 2679 utitur
953 2625 1229 2696 Cyrillus,
1283 2625 1498 2694 repetit
1547 2625 1705 2678 enim
1751 2632 1862 2679 cat.
1921 2630 2006 2690 11,

361 2710 404 2748 ιι
459 2696 526 2748 16
559 2701 617 2748 et
649 2698 732 2761 17,
774 2701 830 2748 et
858 2703 968 2750 cat.
1008 2697 1090 2761 13,
1127 2713 1185 2750 ιι.
1219 2698 1272 2750 9.
1307 2697 1386 2750 Ea
1415 2713 1448 2751 a
1482 2696 1756 2749 Patribus
1787 2697 1875 2750 vel
1907 2713 2003 2750 ec-

363 2765 716 2838 clesiasticis
745 2767 1086 2822 auctoribus
1113 2767 1401 2822 fabricata
1431 2775 1539 2827 est,
1569 2767 1642 2822 ad
1675 2768 2008 2838 sugillatio-

352 2853 493 2891 nem
526 2837 876 2892 Sabellianaa
912 2839 1229 2900 haereseos,
1264 2856 1395 2908 quin
1428 2841 1660 2894 Patrem
1694 2837 1769 2892 ac,
1795 2840 2006 2894 Filium

351 2909 600 2981 nomine
626 2916 798 2964 tenus
820 2926 1103 2981 separans
1124 2927 1184 2965 re
1206 2909 1600 2972 confundens,
1618 2910 1892 2964 eumdem
1915 2913 2006 2966 sui

353 2980 548 3061 ipsius
577 2980 905 3061 Patremhet
926 2983 1146 3061 _Fi|ium
1179 2981 1516 3061 inducebat.
1543 2983 2008 3061 Qon_c.Constan-

355 3053 543 3123 tiuop.
578 3069 618 3118 ι,
652 3069 782 3108 can.
819 3057 872 3112 7.
905 3054 1155 3124 damnat
1179 3053 1545 3124 Sabellianos
1563 3054 2006 3124 Filio-paterni-

356 3119 537 3195 tatem
569 3125 966 3195 praedicantes
996 3143 1008 3179 :
1044 3119 1449 3188 Σαϐελλιανοὺς
1485 3123 1611 3184 τοὺς
1653 3119 2003 3192 υἱοπατορίαν

352 3191 700 3265 δοξάζοντας.
737 3198 1126 3252 Communior
1155 3196 1310 3266 apud
1341 3204 1612 3252 auctores
1653 3202 1771 3251 tam
1801 3191 2007 3253 catho-

2216 1607 2306 1660 DE
2347 1608 2843 1662 GENERATIONE
2883 1608 2975 1660 EX
3022 1607 3309 1662 VIRGINE
3341 1607 3545 1679 [Docuit
3580 1610 3687 1680 11:].

2201 1695 2290 1749 IX.
2326 1695 2509 1751 Crede
2545 1713 2678 1750 vero
2712 1696 2871 1766 quod
2902 1696 2999 1750 liic
3046 1696 3388 1768 unigenitus
3438 1697 3620 1752 Filius
3673 1699 3774 1754 Dei

2127 1791 2370 1856 propter
2399 1790 2640 1856 peccata
2666 1792 2870 1840 nostra
2903 1783 2973 1839 de
3005 1785 3168 1839 caalis
3201 1785 3274 1839 ad
3300 1790 3516 1840 terram
3541 1785 3784 1841 descen-

2129 1873 2232 1940 dit,
2267 1881 2572 1946 assumpta
2602 1875 2970 1930 humanitate
2995 1875 3127 1939 ista,
3157 1873 3370 1929 iisdem
3403 1875 3618 1945 quibus
3635 1875 3779 1930 sub-

2119 1962 2370 2033 jicimur
2399 1964 2710 2019 affectibus
2728 1964 2986 2019 obnoxia
3013 1981 3026 2029 ;
3054 1970 3349 2035 natusque
3367 1971 3457 2020 est
3479 1982 3545 2020 ex
3569 1973 3774 2021 sancta

2129 2051 2362 2125 Virgine
2394 2059 2453 2107 et
2483 2061 2686 2108 sancto
2730 2053 2987 2124 Spiritu:
3048 2053 3221 2119 facta,
3274 2069 3394 2108 non
3450 2055 3773 2111 secundum

2127 2142 2471 2214 Opinionem
2503 2145 2576 2203 t8)
2607 2159 2676 2198 ac
2729 2142 2928 2198 [ictam
2961 2143 3242 2214 speciem,
3291 2142 3396 2197 sed
3440 2145 3771 2202 secundum

2121 2411 2337 2467 fellens
2368 2411 2504 2485 data
2535 2429 2733 2485 opera,
2767 2411 3022 2485 nihilde
3057 2407 3346 2483 ἐνδιαθὲτῳ
3379 2413 3663 2485 loquitur.

2189 2486 2270 2551 (4)
2306 2483 2634 2553 ΙΙοιοῦμεθα.
2672 2483 2762 2538 Sic
2794 2484 2964 2539 codd.
3017 2486 3154 2540 Roe.
3210 2491 3267 2539 et
3313 2483 3561 2542 Casaub.
3619 2487 3771 2542 Editi

2117 2571 2276 2611 vero.
2311 2554 2676 2624 ποιησόμεθα.

2189 2629 2259 2689 (5)
2296 2627 2422 2697 Περῖ
2453 2633 2578 2694 τῆς.
2613 2633 2702 2682 etc
2757 2627 2983 2682 Citalur
3012 2633 3170 2682 totus
3203 2627 3298 2683 hic
3328 2628 3615 2683 articulus
3646 2645 3766 2685 una

2119 2714 2252 2752 cum
2276 2716 2382 2753 suo
2409 2700 2576 2753 titulo
2594 2717 2628 2754 ει
2647 2699 3256 2769 Tlieodoreto.dialog.
3283 2703 3334 2753 2.
3363 2701 3464 2769 qui
3489 2701 3766 2754 inscribi-

2121 2775 2215 2824 tur
2242 2771 2581 2839 Inconfusus:
2610 2787 2737 2842 pag.
2765 2775 2885 2825 106.
2914 2787 2980 2824 ac
3008 2777 3138 2839 post
3166 2771 3358 2842 ipsum
3381 2789 3414 2824 a
3437 2772 3641 2825 multis
3664 2773 3764 2842 qui

2121 2848 2329 2896 contra
2353 2841 2747 2912 Eutychianos
2770 2841 3340 2912 scripseruiit.Deest
3359 2859 3532 2912 porro
3557 2841 3766 2899 titulus

2121 2913 2181 2966 in
2215 2913 2382 2967 codd.
2419 2911 2559 2974 Roe.
2595 2913 2841 2966 Casaub.
2867 2911 3030 2966 Colb.
3062 2911 3222 2964 Bodl.
3260 2911 3437 2966 Morel
3492 2915 3557 2967 ln
3582 2915 3760 2969 Coisl.

2117 2983 2244 3037 cod.
2283 2985 2410 3037 loco
2443 2984 2619 3052 hujus
2649 2983 2802 3035 tituli
2827 2983 2980 3037 alius
3007 2982 3297 3054 habetur:
3330 2982 3455 3053 Περὶ
3480 2983 3764 3054 siml-acac

2116 3056 2318 3109 anima.
2357 3055 2431 3108 Ce
2464 3054 2874 3108 incarnatione
2906 3054 3024 3124 agit
3054 3053 3283 3124 integra
3314 3056 3540 3109 catech.
3581 3058 3661 3108 12.

2189 3128 2258 3188 (6)
2297 3124 2616 3194 Γενομένης.
2649 3127 2734 3179 ita
2766 3124 3212 3179 emendavimus
3270 3141 3340 3179 ex
3397 3125 3763 3180 Theodoreto

2117 3201 2175 3250 et
2190 3196 2340 3269 codd
2387 3197 2562 3252 Coisl.
2588 3198 2705 3269 Boe
2727 3201 2785 3251 et
2804 3195 3048 3251 Casaub.
3081 3197 3148 3250 In
3182 3195 3380 3263 editis,
3409 3195 3756 3269 γειναμένης,

349 3266 502 3341 l_icos
532 3284 711 3341 quam
769 3267 1016 3341 diversa:
1076 3269 1282 3341 partis,
1342 3286 1468 3327 vox.
1530 3268 1830 3338 υἱοπάτωρ,
1886 3287 2002 3340 qua

2120 3269 2176 3322 in
2209 3268 2370 3323 Colb.
2404 3266 2700 3341 γεναμένης
2717 3309 2727 3323 .

350 3339 538 3393 Deum
574 3339 862 3409 suiipsius
894 3342 1127 3395 Patrem
1163 3340 1224 3393 in
1255 3341 1537 3410 opinione
1588 3341 1826 3395 Sabellii
1860 3339 2002 3410 reji-

346 3411 534 3482 ciunt.
577 3411 948 3466 Sabellianos
1007 3410 1330 3482 aliquando
1379 3413 1648 3467 videmus
1696 3410 2001 3480 vocabulo,

348 3481 706 3550 Υἱοπᾶτορες.
743 3483 1093 3553 appellatos.
1115 3481 1192 3538 rut
1222 3483 1572 3555 apudGreg.
1599 3485 1764 3555 Nyss.
1791 3484 2001 3539 lib.xui

343 3556 832 3627 gontra_Eunogn.,
866 3571 1006 3627 ρας.
1033 3553 1295 3627 73_3,__eic
1340 3554 1442 3627 τὴν
1485 3553 1603 3627 τῶνΔ
1653 3553 1999 3627 Υἲοπατόρων

347 3622 669 3697 λεγομὲνων
723 3622 1298 3697 ἆπάτῇἶάκολοόθως
1361 3625 1818 3697 ὑποσυρήσονται,
1865 3622 1900 3677 (ι’
1927 3626 2002 3681 ad

348 3720 377 3747 (ι
411 3695 837 3752 haireticorum
871 3697 972 3768 qui
1001 3695 1352 3765 Υἱοπάτορες.
1389 3695 1858 3767 Εἱιὶο-ρειῑιὶοιοὶἱ,
1911 3698 1999 3752 di-

347 3777 634 3842 «_cuntur
696 3784 959 3824 errorem
1005 3775 1443 3842 consequenter
1496 3769 1918 3842 pertrahentur
1947 3792 1997 3822 ››.

346 3840 517 3912 Idem
547 3840 660 3912 fuit
689 3856 855 3895 error
885 3842 1050 3896 Noeli
1084 3859 1156 3897 ex
1187 3840 1421 3912 Epipli.,
1452 3841 1653 3909 India,
1685 3858 1738 3912 p.
1777 3844 1901 3908 397,
1935 3858 1995 3896 ιι.

349 3915 439 3979 ii,
473 3910 776 3984 υἱοπάῖορα
800 3911 892 3966 τὸν
927 3912 1154 3984 Χριστὸν
1189 3910 1415 3984 ἐδίδαξε.

421 3987 499 4044 (2)
533 3983 624 4042 Ε⁷ς
655 3980 819 4048 ἐστιν,
853 3980 1112 4039 οἰωνός
1142 3984 1240 4053 εἷς,
1290 3980 1451 4048 unus.
1501 3982 1669 4038 deest
1717 3984 1776 4038 in
1826 3983 1996 4038 codd.

349 4054 559 4115 Coisl..
592 4056 733 4117 Roe,
764 4055 1011 4111 Casaub.
1047 4056 1358 4127 Superﬂua
1401 4072 1519 4110 non
1571 4062 1678 4123 est,
1731 4055 1999 4126 quamvis

350 4143 516 4200 voce,
555 4129 874 4200 μονογενής.
908 4130 1243 4200 unigenitus.
1280 4147 1307 4183 s
1339 4128 1649 4200 'fﬁcienter
1677 4135 1994 4182 contenta:

347 4199 456 4280 sed
479 4214 662 4280 unum
679 4199 1051 4280 unigenitum
1076 4200 1447 4280 auditoribus
1468 4199 1676 4280 crebro
1700 4199 1998 4280 inculcare

345 4269 644 4325 laboravit
671 4269 947 4342 Cyrillus,
981 4287 1162 4342 supra
1183 4289 1248 4342 Vn.
1285 4275 1336 4326 5.
1370 4279 1481 4326 cat.
1528 4274 1579 4342 7.
1613 4287 1672 4342 n_.
1702 4274 1754 4331 5,
1787 4272 1996 4336 cat.t6,

347 4358 411 4396 ιι.
447 4342 479 4394 3
512 4348 571 4396 et
600 4339 841 4412 passim.
880 4339 1209 4398 Articulum
1241 4343 1268 4394 ὁ
1300 4349 1436 4397 ante
1465 4341 1570 4411 πρὸ
1593 4339 1802 4393 πάντων
1831 4343 1992 4410 adje-

345 4414 646 4484 cimusex
676 4414 803 4468 cod.
837 4413 1028 4469 Ottob.
1067 4417 1224 4480 Post,
1257 4413 1386 4472 Θεὸς
1437 4412 1632 4484 Λόγος,
1688 4413 1853 4468 addit
1899 4415 1998 4468 Ot-

347 4485 499 4559 tob.,
541 4483 781 4559 ἂναρχος
811 4485 989 4559 Λόγος
1030 4487 1264 4559 Verbum
1293 4488 1407 4540 sine
1439 4483 1740 4559 principio.

418 4558 494 4633 ἐξ)
555 4553 918 4633 Προςροοικόςξ
968 4553 1642 4633 _Editi._1rpoq.op_r,1i_x6c.
1713 4555 1994 4610 Vitiosam

2184 3345 2255 3406 (7)
2291 3340 2472 3410 Neque
2503 3342 2706 3395 Filium
2739 3340 3011 3395 abalienes
3042 3355 3076 3394 a
3100 3341 3286 3406 Pah'e,
3319 3345 3429 3394 etc.
3473 3340 3756 3396 Eamdem

2113 3413 2469 3466 sententiam
2495 3412 2710 3483 repetit
2741 3412 2978 3482 saepius,
3010 3417 3075 3465 ut
3108 3418 3219 3467 cat.
3258 3415 3342 3472 11,
3377 3428 3437 3465 ιι.
3476 3415 3561 3468 16.
3588 3419 3646 3466 et
3669 3417 3752 3480 18,

2113 3489 2172 3536 et
2201 3490 2312 3538 cat.
2351 3487 2437 3549 16,
2470 3501 2528 3538 n.
2563 3486 2613 3536 4.
2654 3484 2806 3536 Duos
2843 3483 2937 3536 liic
2969 3488 3134 3537 notat
3159 3483 3461 3554 oppositos
3485 3499 3753 3538 errores:

2113 3500 2172 3536 et
2201 3500 2312 3538 cat.
2351 3500 2437 3549 ιο,
2470 3501 2528 3538 n.
2563 3500 2613 3536 4.
2655 3500 2806 3536 uuos
2843 3500 2937 3536 nic
2969 3500 3134 3537 nctat
3159 3500 3461 3607 oppositos
3485 3500 3753 3538 errores:

2111 3571 2362 3623 quorum
2397 3555 2548 3609 alter
2585 3556 2935 3608 Arianorum
2969 3561 3112 3619 erat,
3157 3571 3189 3608 a
3279 3571 3348 3608 eo
3399 3554 3756 3626 descriptus,

2111 3642 2317 3679 eorum
2351 3632 2546 3680 tamen
2581 3626 2824 3679 nomine
2855 3642 3194 3695 suppresso,
3229 3632 3338 3679 cat.
3379 3628 3462 3678 11.
3499 3643 3557 3681 ιι.
3593 3627 3757 3682 l7.in

2110 3713 2180 3752 eo
2211 3697 2544 3751 consistens
2567 3703 2631 3751 ut
2664 3704 2951 3750 internum
2981 3704 3038 3750 et
3058 3699 3229 3750 Patre
3252 3697 3643 3767 posteriorem
3669 3699 3753 3752 Fi-

2110 3769 2256 3823 lium
2281 3768 2576 3834 dicerent;
2611 3784 2885 3838 eumque,
2911 3773 2976 3822 ut
3005 3768 3161 3821 Patri
3185 3773 3521 3822 servaretur
3541 3771 3750 3832 honor,

2111 3841 2169 3894 in
2202 3847 2609 3894 creaturarum
2635 3855 2880 3894 censum
2914 3839 3263 3910 relegerent.
3301 3838 3464 3891 Alter
3513 3839 3753 3893 Sabellii

2110 3918 2254 3970 erat.
2290 3919 2354 3967 ut
2384 3912 2528 3966 dicit
2557 3918 2666 3966 cat.
2707 3914 2790 3967 16.
2816 3927 2875 3964 ιι.
2908 3911 2960 3974 4,
2995 3909 3110 3978 quo
3143 3909 3465 3963 docebatur
3511 3912 3747 3964 Patrem

2108 3983 2428 4054 aliquando
2463 3999 2590 4038 esse
2625 3990 2873 4054 patrem,
2906 3981 3229 4054 aliquando
3263 3980 3452 4033 tilium
3479 3996 3490 4029 ;
3517 3982 3749 4036 Patrem

2108 4053 2482 4111 incarnatum
2504 4053 2654 4120 esse,
2679 4062 2737 4108 et
2759 4071 2862 4124 pro
2891 4053 3059 4107 nobis
3085 4068 3341 4123 passum.
3369 4055 3573 4108 cat.H.
3602 4070 3640 4107 ιι
3689 4057 3748 4105 17

2108 4134 2168 4182 et
2199 4130 2282 4184 18,
2319 4128 2438 4181 Arii
2470 4143 2669 4180 vocem
2700 4123 2773 4180 de
2805 4125 2998 4179 alieno
3029 4141 3064 4179 a
3111 4123 3296 4178 Patris
3346 4128 3558 4178 natura
3605 4124 3749 4180 Filio

2109 4217 2287 4269 supra
2318 4198 2650 4263 retulimus,
2685 4214 2737 4268 p.
2772 4198 2863 4261 54,
2896 4202 3016 4269 not.
3052 4196 3228 4269 aliam
3265 4196 3443 4249 refert
3490 4198 3748 4269 Athana-

2110 4265 2233 4324 sius
2266 4273 2340 4323 De
2369 4270 2560 4339 synod.
2596 4286 2654 4323 ιι.
2686 4265 2778 4330 ⁷15,
2841 4283 2910 4322 ex
2959 4267 3087 4338 ejus
3139 4267 3370 4339 Thalia:
3429 4265 3598 4324 Eévo:
3627 4268 3752 4339 frob

2108 4341 2235 4393 Υἱοῦ
2252 4340 2368 4393 κατ’
2391 4337 2576 4394 οὐσίαν
2600 4340 2627 4392 ὁ
2652 4339 2857 4410 Πατήρ·
2890 4363 2908 4387 ι
2941 4337 3231 4394 Alienusa
3256 4338 3396 4410 Filio
3421 4337 3749 4392 secundum

2110 4435 2135 4462 «
2164 4419 2437 4467 naturam
2452 4419 2541 4466 est
2563 4414 2734 4466 Pater
2750 4409 3142 4466 ».Sabelliana
3155 4427 3328 4481 porro
3350 4409 3592 4481 haeresis
3607 4411 3751 4463 Mar-

2106 4485 2257 4556 cello
2291 4489 2601 4555 Ancyrano
2631 4483 2864 4556 objecta
2894 4488 3001 4538 est.
3035 4480 3212 4552 quem
3245 4480 3495 4556 (lvrillus
3525 4497 3631 4552 pro
3663 4482 3749 4535 in-

2107 4555 2375 4611 dubitato
2409 4556 2684 4610 hasretico
2711 4556 2917 4610 habuit
2945 4560 3051 4609 cat.
3094 4557 3178 4618 15,
3208 4568 3265 4606 ιι.
3300 4555 3388 4605 27.

347 4621 728 4708 scripturam,
761 4635 820 4684 et
850 4629 981 4684 usui
1015 4621 1853 4708 omniumecclesiasticorum
1886 4643 1991 4708 au-
2025 4644 2072 4708 υ
2176 4630 2260 4708 (3)¹
2280 4631 2396 4684 Non
2439 4628 2750 4708 secundum.
2797 4629 3130 4690 opinionem,
3191 4629 3300 4677 etc.
3348 4621 3604 4708 Castiga't
3654 4623 3746 4678 his

349 4704 581 4773 ctorum
603 4707 1056 4773 repugnantem,
1081 4702 1448 4756 correximus
1472 4717 1539 4754 ex
1568 4698 1989 4773 codd._Coisli_n.

346 4771 494 4844 Hoc,
527 4770 714 4826 Ottob.
753 4770 811 4826 et
830 4773 1048 4843 Cyrillo
1079 4773 1228 4844 ipso.
1253 4780 1366 4844 cat.
1394 4773 1478 4840 11,
1502 4789 1562 4844 ιιΣ
1594 4774 1678 4830 10.
1700 4770 1799 4825 ubi
1826 4771 1991 4844 nullo

345 4839 623 4917 codicum
649 4839 1266 4917 reclamanteisc—ribit.
1304 4842 1465 4917 λόγον
1509 4840 1571 4896 οὐ
1630 4839 1990 4917 προφορικόν.

345 4913 486 4968 Haac
516 4914 989 4971 Sabellianorum
1009 4916 1281 4971 doctrina
1307 4913 1433 4971 erat
1463 4921 1609 4969 teste
1648 4913 1993 4984 Epiph.,1n-

342 4985 525 5066 ᾷίοιιιὶ
554 5003 680 5068 pag.
717 4989 836 5068 398:
873 5005 932 5042 ιι.
964 4989 1028 5068 16
1050 4987 1560 5068 -EamdemAPaulo
1593 4985 1992 5068 Samosatensi

341 5055 602 5138 imponit
630 5055 926 5126 ﬁmresim,
957 5061 1116 5138 indie
1145 5104 1158 5120 ,
1191 5075 1321 5138 pag.
1349 5061 1487 5138 blla,
1517 5061 1660 5138 n.__
1691 5064 1749 5112 et
1788 5058 1988 5112 Phila-

341 5130 546 5190 strius.
577 5130 786 5186 hazres.
815 5147 938 5186 wa
968 5131 1156 5185 tertiaa
1188 5130 1395 5185 classis
1429 5131 1512 5184 18.
1567 5131 1704 5197 Ejus
1752 5144 1988 5198 quoque

338 5207 657 5256 accusatur
706 5203 1014 5258 Marcellus
1066 5206 1326 5272 Ancyras
1379 5200 1450 5256 ab
1509 5199 1782 5254 Eusebio.
1839 5200 1988 5272 libro

337 5279 552 5346 contra
581 5274 777 5346 ipsum
810 5291 867 5337 ιι,
903 5291 1014 5346 pag
1059 5277 1156 5337 4ος
1183 5271 1461 5343 idemque
1482 5289 1550 5346 ac
1575 5272 1881 5346 Photinus.
1915 5271 1987 5325 ab

337 5345 639 5413 episcopis
655 5346 892 5400 concilii
908 5343 1074 5400 anno
1099 5348 1198 5399 345
1219 5345 1518 5399 celebrati.
1543 5343 1697 5414 apud
1722 5345 1985 5397 Athana-

340 5415 522 5480 sium,
550 5419 622 5470 De
645 5420 887 5486 synodis.
910 5435 944 5472 ιι
993 5420 1060 5471 26
1106 5417 1354 5471 articulo
1377 5419 1425 5469 5.
1461 5424 1564 5468 ειη
1589 5415 1839 5469 enm-ilio
1867 5415 1984 5468 Sir-

338 5487 580 5552 miensi,
604 5505 702 5544 an.
729 5492 850 5544 351.
878 5507 986 5545 can
1034 5491 1085 5542 8.
1115 5489 1256 5544 ibid.
1307 5505 1362 5542 ιι.
1400 5491 1484 5541 27.
1516 5488 1823 5542 Marcellus
1855 5503 1986 5540 vero

337 5565 399 5614 et
446 5561 738 5634 Photinus
784 5562 1025 5634 verbum
1056 5561 1248 5634 Amodo
1286 5557 1664 5634 noceoptzdv,
1695 5559 1987 5634 exterius

338 5631 641 5702 prolatum
671 5657 684 5690 :
719 5632 892 5687 modo
923 5628 1247 5695 ἐνδιάθετον,
1283 5631 1341 5686 in
1375 5628 1543 5685 Patre
1573 5631 1806 5700 penitus
1840 5629 1982 5683 insi-

340 5708 467 5759 tum
500 5710 560 5758 et
588 5703 662 5758 ab
695 5720 764 5758 eo
796 5705 1231 5761 indistinctum.
1264 5703 1535 5757 docuisse
1553 5703 1842 5757 feruntur.
1877 5702 1984 5771 Cy-

339 5775 512 5832 rillus
535 5782 652 5832 cat.
682 5778 768 5844 ii,
812 5793 872 5831 ιι.
912 5780 994 5846 10,
1028 5775 1347 5849 prolatium
1374 5774 1617 5829 verbum
1645 5775 1858 5829 iterum
1893 5789 1988 5828 re-

2103 4699 2296 4757 verbis
2329 4700 2518 4754 multa
2551 4699 2963 4753 haereticorum
2987 4710 3203 4767 genera
3231 4696 3531 4767 communi
3570 4696 3748 4750 Doce-

2106 4775 2297 4826 tarum
2329 4773 2572 4826 nomine
2594 4787 2628 4825 a
2649 4769 2943 4823 veteribus
2965 4766 3396 4837 comprehensa
3424 4766 3607 4836 Hujus
3635 4771 3747 4821 bae-

2103 4843 2253 4898 resis
2289 4843 2504 4897 saeculo
2535 4840 2861 4912 apostolico
2893 4848 3104 4912 enalaa,
3125 4845 3200 4912 Aet
3229 4837 3300 4912 ab
3330 4837 3553 4912 Joanne
3602 4854 3748 4912 apo:-

2106 4914 2275 4973 stolo.
2303 4915 2324 4967 Ι
2354 4916 2517 4969 Joan.
2551 4909 2623 4977 iv,
2648 4915 2699 4978 2,
2736 4918 2912 4980 atque
2935 4909 3006 4964 ab
3030 4909 3083 4962 S.
3124 4909 3341 4980 lgnatio
3370 4909 3429 4963 in
3463 4909 3634 4979 epist.
3670 4909 3744 4964 ad

2105 4986 2492 5056 Smyrnenses
2519 4985 2807 5039 refutatae.
2839 4980 3092 5056 Cyrillus
3123 4981 3476 5056 nominatim
3507 4987 3748 5056 accusat

2102 5053 2404 5111 Simonem
2452 5058 2681 5126 Magum
2739 5058 2873 5126 cat,
2911 5055 2963 5118 6,
3011 5069 3069 5105 ιι.
3138 5054 3222 5113 14,
3283 5059 3342 5105 et
3389 5053 3741 5126 Manichaeos

2102 5132 2210 5182 cat.
2250 5131 2335 5194 12,
2369 5144 2427 5181 ιι.
2462 5125 2641 5192 26,“θι
2673 5129 2767 5179 cat
2820 5125 2906 5185 14,
2939 5140 3000 5178 ιι.
3033 5126 3095 5176 21
3156 5128 3374 5177 Prmter
3412 5140 3512 5178 eos
3559 5125 3738 5178 etiam

2101 5199 2202 5253 alii
2238 5205 2678 5254 memorantur:
2712 5194 3086 5259 Saturninus,
3120 5201 3268 5248 teste
3304 5197 3521 5250 Irenaeo
3571 5196 3670 5250 lib.
3700 5213 3736 5261 ι,

2102 5287 2228 5340 cap.
2262 5273 2351 5326 24.
2383 5288 2420 5324 ιι
2557 5274 2795 5323 auctore
2831 5267 3072 5337 Append
3129 5268 3202 5319 De
3241 5271 3552 5336 prwscript.
3604 5269 3734 5340 Ter-

2102 5339 2208 5395 tull
2245 5386 2251 5393 .
2289 5359 2394 5412 cap
2451 5344 2557 5399 1:6:
2595 5340 2940 5410 Epiphanio,
2978 5340 3164 5412 him-es
3222 5355 3373 5391 χχιιι.
3412 5356 3466 5391 ιι.
3503 5343 3514 5389 ι
3550 5356 3561 5401 ;
3602 5339 3734 5389 Phi-

2101 5414 2322 5467 Iastrio.
2363 5410 2567 5467 lia-res.
2602 5429 2651 5465 ιιι
2681 5429 2708 5464 ιι
2740 5412 2892 5464 class
2938 5410 3353 5464 ιῚΊισιυιιωιοιιισι.
3379 5413 3551 5462 Hm.ch
3597 5412 3690 5474 fab
3724 5456 3731 5464 _

2100 5485 2198 5538 lib.
2235 5503 2267 5546 ι,
2295 5503 2400 5555 (τηρ
2442 5483 2855 5539 3.ῗι1θιι;ιιιι1εξι“.
2888 5490 3027 5536 test~
3053 5482 3400 5555 Ira-neodili.
3433 5503 3464 5542 ι,
3491 5500 3615 5547 (ἠ).
3649 5484 3734 5543 2’s,

2099 5574 2159 5610 ιι.
2197 5561 2263 5618 Ei;
2301 5554 2534 5627 et’App.
2570 5558 2721 5609 'l‘ei't.
2757 5571 2883 5625 cap.
2937 5557 3003 5608 46
3031 5581 3070 5627 ;Ϋ
3105 5554 3409 5617 Basilides,
3462 5571 3532 5627 cxi
3581 5555 3730 5604 lrvn.

2098 5628 2179 5682 lib
2235 5645 2271 5692 ι,
2309 5646 2415 5699 cap
2443 5626 2558 5683 24.
2596 5645 2647 5681 ιι.
2689 5629 2755 5690 4;
2789 5627 3024 5697 Epipli.,
3061 5626 3182 5699 hair
3236 5640 3364 5676 xxnv
3401 5626 3570 5699 _n.__3:
3609 5627 3730 5699 Ap-

2097 5701 2274 5773 pend.
2303 5692 2542 5773 Tertull.
2579 5700 2701 5770 clip.
2739 5692 3191 5773 {im-Secundus,
3228 5700 3373 5773 teste
3397 5692 3730 5773 Philastrio,

2096 5763 2239 5828 lian‘.
2275 5789 2374 5841 xu,
2409 5776 2440 5826 2
2467 5763 2674 5836 ιτΙῑιεε.ξ
2709 5772 2930 5826 Marcus
2960 5764 3429 5829 Valentinianus,
3480 5778 3549 5814 ex
3579 5763 3728 5829 App,
