4152 6276
456 324 582 386 469

1331 320 1811 383 CATEGBESIS
1851 322 1955 383 IV.
2001 322 2104 384 DE
2145 323 2417 389 DEOEM
2460 322 3005 391 DOGMATIBUS.

3753 332 3877 393 4⁵70

452 459 690 531 τήμεθω
722 455 942 516 καὶτοῦ
996 454 1164 527 ξύλου
1218 459 1319 514 τοῦ
1372 461 1604 531 σταυροῦ
1660 462 1807 514 πᾶσα
1840 456 2043 514 λοιπὸν
2072 459 2108 529 ἡ

2227 478 2433 522 sumus
2457 482 2470 522 :
2502 483 2570 525 ac
2590 469 2785 525 crucis
2806 468 2964 542 ligno
2992 465 3302 522 universus
3319 466 3447 539 jam
3474 466 3636 523 orbis
3658 466 3720 523 in
3742 484 3878 541 par-

455 547 755 623 οἶκουμὲνη
814 544 950 602 κατᾶ
1008 545 1176 618 μέρος
1252 543 1583 622 ἐπληρώθη,
1642 548 1995 620 Ἐσταυρώθη
2058 543 2117 602 δὲ

454 640 569 715 οὐχ
630 638 763 711 ὑπὲρ
822 633 973 691 ἷδίων
1027 638 1105 709 (1)
1159 636 1467 709 ἁμαρτιῶν,
1528 634 1654 693 ἀλλ’
1683 635 1776 692 ἳνα
1804 639 1969 710 ἡμεῖς
2004 640 2115 692 τῶν

453 725 671 784 olusin
704 727 987 800 ἁμαρτιῶν
1038 723 1523 801 ἐλευθερωθῶμεν.
1585 725 1681 782 Καὶ
1730 728 2115 803 κατεφρονήθη

456 817 553 892 μὶν
609 816 716 873 ὑπὸ
772 818 885 871 τῶν
941 814 1243 887 ἀνθρώπων
1322 814 1467 887 τότε,
1520 815 1612 871 καὶ
1671 812 1977 891 ἒρῥαπίσθη
2037 814 2113 878 ὡς

454 904 763 980 ἅνθρῶποςο
796 903 1105 982 ἐγνωρίσθη
1163 901 1223 959 Si
1281 905 1386 961 ὑπὸ
1442 906 1542 975 τῆς
1593 905 1823 968 κτίσεως
1857 905 1933 969 ὡς
1961 902 2112 967 Θεός⁶

454 997 484 1053 ὁ
512 997 616 1073 γὰρ
644 994 809 1065 ἥλιος
859 993 1135 1067 Δεσπότην
1186 994 1584 1070 ἀτιμαζόμενον
1636 991 1788 1066 ἰδὼν,
1818 992 2116 1069 ἐξελίμπα-

451 1107 543 1143 νεν
572 1088 812 1164 τρὲμων,
840 1085 903 1142 οὗ
936 1086 1115 1164 φὲρων
1139 1086 1242 1155 τὴν
1275 1086 1423 1146 θέαν,

1003 1175 1132 1248 Περὶ
1157 1181 1259 1245 τῆς
1278 1182 1456 1252 ταφῆς
1480 1178 1580 1249 (2).

532 1267 642 1325 IA'.
674 1267 760 1323 Ἐν
796 1266 1043 1338 μνήματι
1092 1262 1291 1339 πέτρας
1339 1263 1497 1336 ὶτέθη
1537 1264 1764 1338 ἀληθῶς
1795 1264 1869 1327 ὡς
1902 1260 2113 1340 ἅνθρω-

458 1377 584 1422 πος·
644 1355 790 1413 ἀλλὰ
843 1355 1037 1430 πέτραι
1082 1352 1454 1433 ’διεῤῥάγησαν
1495 1359 1578 1429 τῷ
1624 1351 1782 1435 φόϐῳ
1825 1353 1896 1411 δι’
1923 1353 2113 1414 αὐτόν.

455 1446 739 1516 Κατῆλθεν
795 1445 872 1508 εἰς
926 1445 995 1501 τὰ
1049 1445 1406 1521 καταχθόνια,
1461 1445 1550 1500 ἳνα
1606 1444 1851 1501 κάκεῖθεν
1893 1443 2109 1519 λυτρώο

454 1558 617 1609 σηται
647 1536 776 1600 τοὺς
836 1533 1103 1599 δικαίουςο
1156 1530 1428 1591 Ἐϐοὗλου
1483 1535 1613 1611 γὰρ,
1675 1534 1794 1591 alni
1839 1555 1957 1608 μοι,
1987 1536 2116 1600 τοὺς

453 1628 551 1702 μὶν
583 1630 793 1697 ζῶντας
853 1624 1160 1681 ἀπολαῦσαι
1212 1630 1313 1694 τῆς
1370 1624 1622 1701 χάριτος,
1677 1624 1767 1680 καὶ
1811 1645 1979 1680 ταυτα
2003 1628 2109 1679 τῶν

447 1716 722 1774 πλείστων
759 1714 868 1791 οὐχ
896 1713 1061 1770 ὁσίων
1120 1708 1316 1769 ὄντων·
1378 1700 1511 1776 τοὺς
1566 1710 1624 1769 δὲ
1671 1713 1779 1768 ἀπὸ
1811 1711 1988 1788 Ἀδὰμ
2012 1734 2110 1770 πο-

447 1806 768 1885 λυχρονίως
797 1803 1348 1877 ἆποκεκλεισμὲνους,
1403 1804 1480 1877 μή
1529 1807 1717 1879 τυχεῖν
1761 1805 1862 1872 τῆς
1893 1801 2104 1859 ὲλευθε·
2140 1828 2184 1895 Β

450 1896 570 1974 plac
599 1894 846 1965 λοιπόν;
896 1893 1119 1957 Ἡσαΐας
1176 1898 1252 1966 (3)
1309 1894 1338 1948 ὁ
1392 1893 1686 1972 προφήτης
1712 1897 1948 1949 τοσαῦτα
1978 1892 2102 1969 περὶ

447 1987 618 2042 αὐτοῦ
678 1984 1091 2061 μιγαλοφώνως
1149 1983 1426 2058 ἰκήρυξεν·
1486 1980 1591 2038 οὐκ
1639 1979 1833 2052 ἤθελες
1881 1982 1972 2037 ἳνα
2007 1982 2103 2058 βα-

452 2075 639 2140 σιλεὺς
682 2075 961 2133 κατελθὼν
990 2073 1337 2150 λυτρώσηται
1396 2072 1488 2128 τὸν
1547 2074 1794 2149 κήρυκας
1839 2066 2005 2128 Δαϐὶδ
2034 2072 2101 2142 ἦν

449 2166 567 2224 ιιιιῖ
592 2166 685 2223 καὶ
715 2164 1007 2240 Σαμουὴλ,
1036 2163 1127 2221 καὶ
1173 2165 1375 2225 πάντος
1406 2163 1458 2219 οἱ
1488 2166 1790 2238 προφῆται,
1818 2160 1909 2217 καὶ
1942 2161 2103 2225 αὐτὸς

450 2258 712 2327 Ἰωάννης
763 2256 792 2311 ὁ
845 2254 1024 2331 λέγων
1083 2250 1172 2309 διὰ
1226 2256 1334 2309 τῶν
1391 2249 1829 2309 ἀποσταλέντων·
1883 2251 1959 2306 Σὺ
2000 2251 2103 2307 εῖὸ

446 2348 775 2424 ἕρχόμενος,
832 2346 868 2417 ἢ
926 2341 1109 2417 ἕτερον
1166 2340 1595 2422 προσδοκῶπενς
1654 2342 1753 2398 οὐκ
1796 2339 1983 2413 ἤθελει
2010 2342 2102 2397 ἳνα

445 2432 691 2501 καταϐὰς
724 2435 1077 2509 λυτρώσηται
1103 2432 1232 2496 τοὺς
1261 2434 1582 2504 τοιούτουςς

772 2526 928 2583 nam
968 2525 1110 2581 τιιε
1168 2524 1636 2581 amarum:
1674 2524 1775 2595 (ιι).

526 2617 631 2674 lB'.
668 2611 827 2672 Ἀλλ’
885 2613 914 2669 ὁ
968 2608 1209 2675 καταϐὰς
1262 2612 1337 2675 εἰς
1391 2612 1459 2667 τὰ
1514 2610 1873 2686 καταχθόνια,
1930 2609 2099 2668 πάλιν

455 2700 1071 2780 ἆνῆλθε“καῖὁταφεὶς
1128 2702 1341 2771 Ἰησους
1391 2697 1559 2755 πάλιν
1617 2700 1812 2770 ἀνεστη
1868 2700 1932 2755 τὸ
1982 2719 2098 2773 τρι-

451 2794 658 2868 ήμερον
690 2789 933 2862 ἀληθῶς.
993 2792 1104 2848 Κᾶν
1162 2791 1295 2847 ποτὶ
1345 2811 1404 2844 σε
1458 2786 1784 2862 διασύρωσιν
1818 2786 2097 2861 Ἰουδαῖοι,

444 2883 664 2958 ταχέως
721 2880 1054 2951 ἀπάντησον,
1114 2878 1291 2942 οὕτως
1364 2876 1665 2949 ἕρωτήσας·
1734 2879 1919 2942 Ἰωνᾶς
1975 2899 2097 2951 τρι-

447 2974 656 3046 ήμερος
689 2970 796 3027 ἀπὸ
847 2972 1050 3042 κήτους
1109 2966 1324 3042 ἐξῆλθε,
1383 2968 1473 3024 καὶ
1530 2969 1760 3042 Χριστὸς
1798 2970 2100 3044 τριήμερος

448 3061 556 3117 ἀπὸ
602 3067 710 3137 γῆς
760 3061 865 3136 ἄρα
919 3058 1021 3115 οὐκ
1075 3057 1402 3135 ἑγήγερταις
1457 3059 1576 3116 Τῶν
1656 3056 1855 3113 ὀστέων
1916 3058 2099 3114 Ἐλισ-

444 3149 603 3207 σαίου
631 3150 822 3222 νεκρὸς
878 3149 1174 3223 ἁψάμενος,
1233 3147 1514 3223 ἐγήγερται
1548 3151 1645 3220 (5)·
1678 3148 1769 3203 καὶ
1803 3148 1830 3201 ὁ
1859 3152 1967 3204 τῶν
1997 3148 2094 3204 ἆν-

444 3242 681 3319 θρώπων
714 3241 973 3309 ποιητὴς,
1006 3236 1235 3310 δυνάμει
1257 3239 1462 3312 Πατρὸς
1483 3239 1566 3310 ἄρ’
1588 3238 1720 3314 οὐχὶ
1756 3236 1972 3312 μᾶλλον
2004 3238 2092 3295 εὗ-

440 3330 758 3404 κοπώτερον
788 3328 1073 3403 ἐγείρεταις
1106 3327 1323 3397 ’Λνέστη
1362 3326 1540 3383 τοίνυν
1571 3326 1814 3399 ἀληθῶς,
1843 3328 1933 3383 καὶ
1962 3329 2095 3385 ἀνα·

442 3421 573 3484 στὰς
601 3419 767 3477 πάλιν
801 3415 959 3496 ὣφθη
990 3422 1107 3481 τοῖς
1145 3419 1436 3491 μαθηταῖς·
1495 3418 1586 3473 καὶ
1633 3418 1902 3494 μάρτυρες
1929 3418 2096 3475 αὐτοῦ

2223 557 2310 609 tes
2330 561 2490 611 secto
2515 557 2777 630 repletus
2799 563 2888 614 est
2902 557 2967 610 “'3.
2992 556 3318 613 Cruciflxus
3348 573 3481 613 vero
3505 562 3596 612 est
3619 574 3742 613 non
3767 575 3871 629 pro

2223 644 2347 699 suis
2378 644 2564 718 ipsius
2596 646 2983 720 peccatis,sed
3013 653 3079 702 ut
3109 662 3216 702 nos
3249 663 3283 702 a
3310 648 3565 718 propriis
3594 647 3876 704 liberare-

2221 749 2356 789 mur
2373 732 2439 789 ⁸³.
2474 737 2542 790 Ει
2571 736 2876 809 despectui
2932 735 3175 808 quidem
3236 741 3378 791 tunc
3426 735 3497 791 ab
3529 738 3873 793 hominibus

2222 821 2461 880 habitus
2492 831 2601 886 est.
2635 832 2694 882 et
2726 825 2996 897 colaphis
3037 836 3226 881 cassus
3257 830 3324 880 ut
3354 824 3531 880 homo
3556 825 3640 880 “z
3670 842 3876 882 verum

2220 927 2256 968 a
2279 920 2551 970 creatura
2570 931 2676 986 pro
2702 916 2818 971 Deo
2842 914 3076 989 agnitus
3101 919 3222 981 est;
3247 913 3335 969 sol
3362 914 3525 970 enim
3558 914 3877 972 Dominum

2218 1000 2547 1074 ignominia
2575 1004 2854 1061 affectum
2912 1004 3147 1065 videns.
3179 1003 3396 1059 defecit
3426 1003 3873 1074 tremebundus,

2218 1106 2414 1163 neque
2443 1092 2555 1149 hoc
2585 1094 2993 1165 spectaculum
3024 1093 3178 1149 ferre
3204 1093 3406 1149 valens
3430 1092 3498 1150 ⁸⁵.

2834 1186 2911 1240 De
2963 1183 3269 1254 sepultura.

2288 1270 2382 1327 XI.
2418 1270 2484 1327 In
2509 1279 2901 1329 monumento
2935 1289 3110 1329 saxeo
3162 1288 3295 1328 vere
3346 1271 3576 1345 positus
3607 1278 3697 1328 est
3721 1273 3878 1329 sicut

2218 1359 2395 1415 homo
2417 1360 2502 1427 ⁶⁶;
2536 1362 2641 1417 sed
2671 1368 2853 1434 petras
2887 1348 3128 1435 propter
3166 1361 3362 1435 ipsum
3409 1380 3528 1434 pra;
3560 1361 3879 1418 formidine

2218 1449 2419 1505 scissae
2452 1456 2591 1506 sunt
2608 1452 2673 1505 ⁸⁷.
2710 1450 3030 1508 Descendit
3059 1452 3133 1508 ad
3166 1452 3555 1508 subterranea
3585 1455 3685 1524 (6),
3720 1459 3786 1507 ut
3808 1452 3875 1508 il-

2218 1537 2340 1593 linc
2374 1539 2561 1608 iustos
2588 1539 2934 1598 redimeret.
2966 1540 3012 1575 ⁸⁸
3045 1542 3319 1598 Vellesne
3352 1543 3534 1605 enim,
3562 1558 3763 1613 quaeso
3797 1546 3880 1607 te,

2218 1629 2375 1684 vivos
2396 1629 2637 1700 quidem
2659 1629 2849 1703 gratia
2877 1629 3203 1701 l'rui,idque
3234 1646 3369 1685 cum
3401 1630 3644 1701 plurimi
3678 1647 3749 1685 ex
3781 1632 3872 1686 his

2220 1719 2408 1773 sancti
2440 1735 2563 1774 non
2594 1718 2751 1775 sint:
2808 1735 2909 1775 eos
2963 1735 3098 1774 vero
3155 1719 3257 1791 qui
3315 1718 3387 1774 ab
3430 1719 3653 1773 Adamo
3681 1735 3870 1790 usque

2218 1806 2544 1880 longinquo
2590 1813 2856 1880 tempore
2916 1808 3184 1864 conclusi
3242 1807 3497 1875 fuerant,
3530 1806 3867 1863 libertatem

2214 1896 2456 1953 tandem
2487 1914 2608 1953 non
2635 1898 2968 1970 consequi?
2998 1898 3175 1954 Isaias
3204 1897 3496 1969 propheta
3525 1903 3644 1952 tam
3680 1897 3867 1952 multa

2215 1986 2287 2042 de
2318 1986 2444 2060 ipso
2474 1987 2709 2044 excelsa
2736 2004 2874 2044 voce
2902 1987 3281 2060 praedicavit;
3312 2003 3432 2042 non
3464 1987 3643 2042 velles
3667 1992 3734 2042 ut
3764 2003 3864 2042 rex

2213 2076 2584 2134 descendens
2614 2095 2788 2135 suum
2832 2095 3168 2150 praeconem
3216 2077 3544 2134 liberaret?
3572 2081 3709 2134 Erat
3740 2077 3862 2133 illic

2212 2166 2413 2232 David,
2437 2173 2497 2223 et
2515 2167 2774 2236 Samuel,
2797 2174 2857 2223 et
2878 2168 3184 2241 praphetaa
3206 2184 3417 2224 omnes
3440 2185 3454 2236 ;
3480 2167 3605 2241 ipse
3626 2184 3862 2241 quoque

2210 2256 2468 2312 Joannes
2498 2258 2600 2329 qui
2632 2273 2739 2330 per
2767 2257 2991 2323 legatos
3021 2274 3159 2313 suos
3190 2257 3461 2313 dicebat:
3501 2281 3521 2306 ι
3553 2258 3636 2313 Τιι
3668 2274 3730 2313 es
3762 2256 3863 2329 qui

2218 2368 2239 2395 ιι
2264 2349 2547 2402 venturus
2569 2362 2653 2411 es,
2676 2362 2753 2402 an
2774 2346 2956 2402 alium
2982 2351 3394 2419 exspectamus
3413 2347 3460 2382 "
3477 2346 3506 2401 ?
3535 2348 3662 2402 Non
3685 2346 3868 2403 velles

2210 2439 2278 2490 ut
2305 2434 2454 2491 tales
2485 2434 2639 2491 viros
2671 2435 3045 2491 descendens
3075 2435 3405 2492 liberaret?

2496 2524 2589 2580 DE
2627 2524 3212 2581 RESURRECTIONE
3255 2526 3459 2597 [DOGMA
3498 2526 3574 2597 v].

2279 2614 2402 2670 ΧΙΙ.
2427 2615 2642 2670 Verum
2666 2615 2765 2685 qui
2791 2613 3185 2670 descenderat
3206 2613 3279 2670 ad
3305 2614 3713 2678 subterranea,
3734 2631 3864 2670 rur-

2210 2721 2310 2761 sus
2340 2704 2643 2773 ascendit;
2679 2712 2737 2762 et
2761 2707 2952 2771 Jesus,
2987 2706 3088 2777 qui
3141 2706 3412 2777 sepultus
3441 2704 3653 2774 fuerat,
3690 2706 3862 2761 tertio

2208 2795 2304 2851 die
2335 2796 2660 2852 resurrexit
2683 2812 2817 2852 vere
2862 2797 2933 2851 Et
2952 2796 3001 2850 si
3027 2802 3079 2850 te
3112 2796 3255 2850 olim
3278 2796 3614 2850 vexaverint
3631 2795 3816 2851 Judaei
3843 2812 3858 2863 ;

2209 2887 2409 2941 statim
2442 2885 2562 2941 illis
2593 2901 2836 2942 occurre
2868 2884 2929 2939 in
2952 2884 3110 2939 hunc
3138 2883 3385 2939 modum
3415 2884 3739 2941 scisctans:
3770 2886 3861 2940 Jo-

2209 2991 2317 3030 nas
2347 2979 2482 3046 post
2505 2974 2767 3029 triduum
2810 2973 2883 3028 de
2923 2979 3054 3029 ceto
3086 2972 3265 3028 exivit
3291 2974 3373 3041 7°;
3424 2972 3469 3007 ⁷¹
3502 2981 3561 3029 et
3588 2974 3856 3029 Christus

2205 3068 2342 3135 post
2374 3063 2632 3118 triduum
2664 3062 2737 3117 de
2769 3067 2927 3117 terra
2956 3062 3245 3117 excitatus
3274 3078 3395 3117 non
3431 3062 3567 3117 est?
3596 3065 3856 3118 Mortuus

2206 3152 2433 3208 ossium
2464 3151 2641 3207 Elisei
2674 3150 2774 3208 58
2806 3157 3081 3207 contactu
3113 3151 3423 3217 revixit";
3457 3157 3518 3207 et
3544 3152 3856 3207 hominum

2203 3241 2393 3299 factor
2422 3257 2543 3298 non
2576 3241 2761 3297 multo
2792 3240 3026 3297 facilius
3057 3241 3269 3296 virtute
3303 3240 3492 3296 Patris
3542 3241 3855 3297 suscitabi-

2205 3332 2350 3388 tur?
2400 3334 2547 3389 Vere
2604 3331 2785 3405 igitur
2839 3332 3184 3399 resurrexit,
3219 3336 3278 3385 et
3318 3329 3610 3387 redivivus
3639 3332 3856 3386 iterum

2206 3421 2516 3494 discipulis
2545 3421 2705 3477 visus
2737 3426 2849 3488 est,
2889 3426 2948 3476 et
3003 3426 3183 3476 testes
3240 3421 3694 3477 resurrectionis
3727 3420 3857 3493 ejus

515 3539 567 3575 ⁶²
599 3539 706 3595 Vid
758 3544 868 3595 cat.
904 3538 991 3603 l3,
1022 3553 1081 3591 η.
1115 3537 1204 3590 23.
1264 3535 1310 3571 ⁸³
1337 3535 1477 3591 Ibid.
1509 3552 1568 3591 η.
1602 3538 1692 3601 21,
1725 3543 1778 3591 et
1834 3544 1943 3592 cat.
1985 3541 2066 3606 l0,
2099 3556 2115 3593 ι

2210 3540 2285 3593 l9.
2347 3538 2394 3574 “
2423 3537 2624 3593 Matth.
2660 3554 2808 3599 xxvi.
2842 3538 2927 3590 67.
2992 3534 3037 3570 “
3068 3536 3205 3604 Luc,
3237 3554 3396 3601 XXIII,
3425 3538 3514 3592 45.
3573 3537 3618 3572 ⁸⁸
3651 3537 3853 3593 Matth.

438 3628 617 3677 xxvn,
649 3614 720 3666 60
796 3611 840 3646 ⁵⁷
871 3608 995 3664 ibid
1048 3611 1137 3663 51.
1194 3606 1243 3644 ⁸³
1282 3608 1406 3663 Vid.
1440 3614 1551 3663 cat.
1583 3610 1671 3678 14,
1731 3624 1790 3665 η.
1852 3612 1937 3665 19.
1969 3611 2014 3645 ⁸⁸
2043 3611 2115 3666 Ma

2210 3627 2245 3665 ι.
2306 3627 2386 3678 ιι,
2444 3611 2498 3665 3.

441 3687 534 3739 20.
593 3684 641 3718 ⁷³
671 3683 742 3738 ιν
772 3684 907 3754 Reg.
942 3696 1065 3747 xm,
1095 3682 1185 3735 21.

516 3800 593 3870 (1)
624 3792 826 3870 ’lSlmv.
856 3796 945 3853 Ita
973 3797 1306 3870 reperimus
1362 3794 1427 3870 in
1480 3793 1652 3870 codd.
1686 3794 1864 3852 Coisl.
1897 3796 2091 3853 Ottob.

444 3865 590 3929 lier
622 3868 869 3926 Casaub.
904 3870 972 3924 In
1002 3865 1178 3925 editis
1210 3874 1319 3933 est,
1352 3865 1594 3925 θ’κείων.

518 3944 596 4015 (2)
626 3941 764 4016 [legi
808 3945 1162 4016 τῇς-ταφῆς.
1183 4011 1198 4016 _
1224 3939 1602 3997 Desideratur
1648 3940 1745 3997 hic
1796 3938 2001 3996 titulus
2032 3941 2093 3996 in

442 4011 587 4071 mss'
622 4011 789 4069 Bodl.
824 4012 989 4069 Colb.
1025 4011 1224 4068 Morel.

517 4088 595 4156 (3)
620 4082 866 4144 Ἡσαΐας.
894 4083 1244 4141 Mutavimus
1273 4085 1370 4141 hic
1400 4085 1945 4157 interpunctionem
1966 4083 2092 4140 vul-

438 4158 752 4247 gata'tn,’in
783 4173 899 4247 qua
930 4161 1232 4247 punctum,
1275 4158 1932 4247 interrogansnponitur
1960 4161 2095 4239 post

439 4225 771 4302 ἔλευθιρίας,
802 4225 861 4285 et
906 4225 1045 4302 post
1071 4225 1265 4302 λοιπόν
1294 4225 1614 4301 Ιθείιιιιῖδὶ.
1650 4225 1818 4302 lianc
1840 4225 2090 4301 particu-

438 4303 565 4359 lam
596 4297 1002 4361 e'rasimus.‘et
1029 4297 1227 4354 λοιπόν
1278 4297 1919 4371 cuinpraacedentib'us
1948 4317 2093 4355 con—

429 4374 767 4448 junximus,
801 4389 872 4428 ex
900 4372 1071 4448 codd.
1097 4371 1276 4448 Coisl.
1306 4370 1483 4448 Colb.
1504 4377 1563 4426 et
1581 4388 1737 4448 vers.
1773 4372 1946 4448 Grod.

509 4449 592 4509 (4)
627 4443 755 4512 Περὶ
784 4450 885 4511 τῆς
913 4442 1271 4504 ἀναστάσεως.
1306 4443 1371 4497 D.
1427 4442 1523 4497 hic
1552 4443 1761 4497 titulus
1800 4443 1861 4498 in
1916 4441 2086 4497 codd.

438 4516 623 4574 Morel
667 4515 810 4572 Colb
852 4515 1016 4571 Bodl.
1039 4518 1160 4571 Roe
1184 4521 1275 4569 et!
1292 4513 1508 4570 ‘asaub.
1543 4514 1860 4569 Coislinius
1881 4514 2088 4569 habet:

435 4591 566 4646 Ὅτι
597 4587 814 4658 ἀνέστη,
844 4588 1000 4654 Quod
1049 4590 1372 4642 resurrexit.
1428 4586 1509 4641 De
1569 4586 2002 4641 resurrectione
2033 4591 2093 4641 et

438 4660 794 4719 ascensione
825 4667 915 4715 est
943 4663 1056 4715 cat.
1092 4661 1178 4713 14.

514 4735 592 4803 (5)
648 4732 773 4788 Τῶν
831 4728 1030 4785 ὀστέων
1089 4726 1402 4803 Ἐλισσαίου
1453 4726 1640 4802 νεκρὸς
1723 4729 1840 4803 ἁψε,
1888 4726 2085 4803 Δἐγήγ.

439 4798 714 4861 Phrasim
745 4805 916 4870 hanc,
951 4808 1194 4874 propter
1220 4798 1780 4875 repel.itam'voqem’
1798 4798 2085 4875 ἐγήγερται

440 4877 504 4932 iu
535 4875 711 4932 editis
739 4868 1222 4948 printerinissam.
1284 4868 1546 4928 restituit
1586 4868 2084 4948 ⁸ιιὶιιιξειηὶξιι-ἰιιιι-ιι.

438 4950 583 5015 Roe,
606 4944 835 5004 Casaub
885 4945 1051 5002 Bodl.
1078 4945 1483 5017 Suffragantur
1502 4945 1676 5017 Coisl.
1699 4944 1864 5017 Colb.
1891 4945 2086 5017 Ottob.

439 5026 501 5078 et
529 5013 705 5076 Gl‘od.
740 5022 888 5090 Mox,
919 5035 1113 5091 voces,
1143 5013 1523 5091 ᾠχῗμᾶλλον
1548 5014 2090 5091 εὐποπῴτερονᾲὲγες-

438 5110 612 5167 petat,
636 5107 721 5167 _ex
748 5087 891 5167 mss.
927 5087 1278 5167 Coisl._Roe,
1318 5088 1562 5144 Casaub.
1597 5088 1791 5167 _Ottob_.
1828 5094 1887 5143 et
1908 5087 2089 5167 _G_rod.

437 5157 809 5236 scripsimus,
839 5162 967 5236 loco
995 5158 1096 5214 οὐκ
1119 5157 1425 5236 ἐγήγερται,
1454 5158 1615 5236 quod
1642 5161 1822 5236 est__in
1855 5158 1967 5215 edd
2003 5175 2093 5236 _ex

437 5180 809 5236 scnpsnmus,
841 5180 967 5218 loco
995 5180 1096 5214 ουκ
1119 5180 1216 5233 εγη
1256 5180 1425 5231 ερται,
1454 5180 1615 5230 quoa
1642 5180 1733 5215 εει
1762 5180 1822 5214 In
1855 5180 1967 5215 eua
2022 5180 2092 5215 ex

434 5235 674 5320 iisdem.
702 5234 896 5292 Ottob.
933 5238 1198 5306 excepto,
1221 5180 1534 5303 itepanm
1562 5232 1692 5287 loco
1719 5228 1865 5285 ὅλων
1902 5230 2092 5303 scrip—

435 5324 625 5364 sumus

508 5381 582 5450 (6';
617 5378 900 5436 Descendit
955 5378 1029 5432 ad
1083 5376 1457 5450 subterranea.
1494 5372 1569 5450 εδς
1627 5374 1693 5429 τὰ
1729 5371 2087 5450 antixoona.

438 5447 603 5506 Idem
631 5467 848 5507 nomen
871 5457 980 5504 cat.
1009 5451 1040 5503 6
1069 5465 1108 5503 n
1161 5450 1224 5501 {5
1273 5447 1624 5502 tribuitloco
1657 5464 1831 5519 quem
1865 5447 2090 5502 Simoni

435 5540 610 5597 mago
637 5524 999 5597 destinatum
1033 5520 1216 5575 fuisse
1237 5519 1337 5597 ait.
1367 5534 1499 5597 eum
1525 5520 1929 5591 apostolorum
1954 5536 2090 5597 pre-

437 5591 629 5657 cibus.
662 5594 936 5650 sublimis
968 5592 1028 5646 in
1060 5606 1196 5662 aere
1235 5591 1438 5662 volans
1470 5592 1529 5645 in
1563 5598 1785 5647 terram
1819 5591 2085 5662 praecipi-

438 5674 600 5723 tatus
633 5673 740 5725 est.
776 5664 1054 5736 μέλΛοντα
1111 5661 1186 5736 εἷς
1242 5661 1309 5715 τὰ
1363 5662 1701 5736 καταχθᾷνια
1747 5661 2084 5736 κατάγεσθαι.

439 5740 558 5798 Nec
588 5734 811 5795 idcirco
842 5734 1118 5793 eumdem
1148 5734 1345 5790 locum
1375 5734 1546 5807 putes
1577 5735 1875 5792 damnatis
1897 5734 2090 5791 desti-

2558 3608 2605 3645 ⁷⁰
2631 3610 2760 3665 Jon.
2793 3625 2857 3680 ιι,
2894 3610 2976 3662 11.
3037 3607 3080 3643 τι
3123 3610 3248 3665 για.
3281 3615 3389 3664 cat.
3427 3611 3513 3677 14,
3546 3625 3601 3665 η.
3639 3612 3727 3677 17,
3765 3610 3853 3676 18,

2205 3801 2441 3863 natum,
2475 3795 2660 3869 inquo
2691 3801 2919 3851 veteres
2950 3794 3392 3869 distinebantur
3413 3795 3582 3866 justi.
3619 3797 3734 3852 Hos
3767 3801 3853 3853 ta-

2205 3886 2343 3926 men
2375 3871 2459 3925 uti
2491 3866 2765 3925 conclusos
2798 3869 2858 3922 in
2890 3866 3261 3923 tenebricoso
3294 3884 3551 3934 carcere,
3575 3884 3642 3923 ac
3668 3869 3849 3923 liber-

2204 3947 2343 4016 tatis
2366 3948 2604 4016 egentes
2626 3945 3014 4016 repraesentat
3037 3938 3164 4016 hie;
3175 3939 3549 4016 eosdemque
3571 3939 3679 4016 sub
3706 3955 3854 4016 mor-

2204 4014 2280 4069 tis
2307 4010 2579 4086 imperio,
2613 4010 2726 4086 cat.
2789 4012 2876 4077 14,
2932 4026 3097 4067 num.
3133 4013 3218 4074 19,
3254 4026 3320 4065 ac
3350 4010 3501 4064 forte
3531 4011 3709 4065 etiam
3742 4011 3850 4066 sub

2204 4084 2411 4157 aliqua
2434 4084 2657 4141 diaboli
2688 4088 3144 4157 potestate,_cat.
3208 4085 3289 4157 12,
3329 4098 3493 4139 num.
3531 4086 3616 4157 15,
3647 4090 3708 4138 et
3735 4089 3849 4139 cat.

2207 4154 2466 4221 14.num.
2490 4154 2743 4227 17,quod
2769 4172 2800 4210 e
2822 4155 3120 4227 veteribus
3142 4154 3364 4227 multos
3385 4154 3851 4227 sensisseatque

2204 4230 2378 4284 etiam
2414 4245 2445 4285 e
2476 4225 2908 4284 recentioribus
2940 4226 3590 4294 theologismunnullos
3620 4225 3852 4297 opinari

2203 4308 2412 4356 notum
2445 4305 2552 4356 est.
2588 4299 2792 4354 Varios
2842 4298 2914 4353 de
2957 4297 3172 4353 Christi
3204 4298 3279 4353 ad
3310 4298 3532 4352 inferos
3562 4297 3853 4353 descensu

2202 4381 2463 4428 veterum
2498 4387 2731 4427 errores
2761 4376 2931 4426 caute
2961 4370 3198 4426 evitavit
3226 4369 3743 4440 Cyrillus.Primus
3765 4373 3855 4423 est

2204 4461 2408 4500 eorum
2432 4445 2530 4515 qui
2556 4460 2765 4515 omnes
2789 4443 2851 4497 in
2872 4442 3105 4515 inferno
3129 4441 3301 4515 deteri
3312 4447 3400 4496 tos
3413 4457 3446 4515 a
3459 4441 3695 4515 Christo
3714 4440 3854 4496 libe-

2201 4524 2361 4572 ratos
2386 4512 2697 4573 docebant.
2722 4513 3017 4585 dequibus
3047 4514 3129 4568 ait
3156 4512 3525 4585 Philastrius.
3548 4512 3757 4585 hmres.
3795 4529 3850 4585 ιιι

2201 4587 2727 4655 class.Lxx1v,aller
2746 4584 3155 4651 sentientium,
3180 4584 3504 4655 nonnullos
3535 4601 3605 4637 ex
3632 4584 3850 4639 Judazis

2123 4660 2167 4724 D
2200 4661 2417 4732 quibus
2450 4654 2656 4714 deorat
2683 4658 2899 4713 Christi
2924 4657 3145 4732 agnitio
3176 4663 3235 4732 et
3263 4654 3432 4732 fides.
3459 4655 3596 4710 fidei
3628 4656 3707 4709 ibi
3745 4672 3850 4732 per

2200 4726 2335 4787 eum
2359 4732 2690 4804 praedicata
2714 4726 3109 4804 assentie'ntes
3124 4726 3847 4804 salvosfactos‘essequod

2198 4799 2431 4861 censuit
2459 4803 2642 4858 Clem.
2683 4802 2869 4861 Alex.,
2906 4799 3007 4853 lib.
3043 4815 3094 4853 vx
3126 4799 3356 4865 Stram,
3388 4816 3442 4869 p.
3477 4800 3579 4852 637
3610 4804 3669 4854 et
3698 4799 3800 4852 638
3829 4815 3843 4866 ;

2198 4876 2562 4951 utomittam
2594 4873 2842 4951 impium
2876 4870 3190 4951 Marcionis
3213 4886 3502 4951 errorem,
3537 4869 3847 4951 qui_Sodo-

2201 4948 2398 5013 mitas,
2431 4941 2771 5015 Cainum‘et
2799 4942 3072 5015 gentiles,
3104 4941 3359 5015 exclusis
3386 4941 3607 4996 Veteris
3637 4943 3845 5015 Testa-

2201 5012 2391 5074 menti
2409 5017 2611 5087 justis,
2645 5012 2895 5087 salutem
2928 5028 2962 5068 a
2991 5013 3221 5068 Christo
3250 5019 3607 5087 consecutos
3630 5012 3844 5087 aiebat,

2200 5084 2441 5144 auctore
2472 5090 2720 5146 Irenaeo.
2747 5084 2850 5140 lib.
2880 5101 2920 5150 ι,
2940 5100 3067 5157 cap.
3098 5088 3186 5141 27.
3220 5100 3383 5140 num.
3419 5087 3469 5139 3.
3496 5085 3716 5140 Definit
3738 5086 3850 5157 Cy-

2197 5160 2370 5215 rillus
2402 5175 2535 5214 cum
2568 5158 2683 5214 hic.
2719 5163 2843 5212 tum
2874 5162 2988 5211 cat.
3026 5158 3111 5225 14,
3144 5172 3312 5213 num.
3346 5159 3431 5213 19.
3466 5173 3678 5212 omnes
3710 5172 3851 5212 san-

2199 5237 2326 5287 ctos
2353 5237 2411 5286 et
2431 5231 2627 5301 justos
2649 5229 2931 5285 liberatos
2957 5243 3087 5301 esse
3109 5249 3133 5301 ςΔ
3159 5245 3267 5301 nec
3297 5228 3728 5285 dubitationem
3751 5228 3847 5283 ul-

2200 5303 2318 5359 lam
2351 5298 2916 5375 significavit._num
2965 5300 3069 5355 alii
3102 5298 3354 5375 liberati
3387 5301 3627 5375 fuerint.
3663 5302 3849 5375 Quam

2199 5371 2638 5431 cunctationem
2687 5373 3046 5428 advertimus
3100 5371 3160 5427 in
3210 5373 3537 5445 Greg.‘Naz.
3573 5378 3704 5427 orat
3756 5374 3845 5438 4-³,

2197 5466 2234 5520 p
2288 5450 2411 5503 693.
2449 5452 2505 5500 et
2534 5449 2758 5520 August
2788 5490 2800 5506 ,
2834 5444 3144 5520 lib.x_1_1_De
3175 5445 3304 5520 Gen.
3332 5443 3413 5520 :ad
3443 5446 3839 5520 litterqmmap.

2199 5514 2286 5584 33,
2322 5535 2484 5573 num.
2515 5521 2581 5572 63
2634 5518 2830 5572 luslos
2875 5515 3131 5588 Cyrillus
3161 5515 3232 5570 ab
3265 5515 3666 5588 subterraneis
3702 5514 3846 5567 loris

2196 5608 2304 5663 per
2333 5591 2629 5663 Christum
2660 5586 2938 5643 liberatos
2961 5588 3307 5663 pronuntiat
3332 5604 3344 5640 :
3378 5587 3521 5663 quid
3548 5586 3666 5663 illis
3694 5601 3844 5663 prae-

2199 5654 2360 5717 terea
2390 5662 2727 5721 contulerit.
2763 5654 3117 5732 quove‘illos
3151 5654 3539 5724 transtulerit,
3565 5656 3681 5711 alio
3713 5654 3842 5708 loco

2196 5734 2565 5791 commodius
2595 5733 2939 5790 disseratur.
