4152 6264
311 335 434 396 473

1191 335 1675 400 CATECHESIS
1718 338 1820 398 IV.
1867 337 1970 398 DE
2013 336 2275 398 DEGEM
2319 339 2856 402 DOGM!.TIBUS.

3617 348 3738 406 474

313 460 555 536 ἤρξαντο
583 459 790 516 πολλοὶ
853 461 1056 536 λέγειν,
1089 461 1173 518 ὅτι
1229 465 1370 540 Ἐγώ
1405 465 1516 539 εἶμι
1551 467 1578 522 ὁ
1600 466 1852 541 Χριστός·
1886 465 1976 521 καὶ

2093 475 2398 540 οωρειιιιιῐ
2426 473 2503 536 (5)
2531 488 2542 525 :
2571 471 2684 540 Ego
2713 486 2826 525 sum
2851 469 3189 537 Christus“;
3210 477 3269 527 et
3291 478 3426 544 post
3450 474 3574 530 hinc
3603 492 3740 532 ven-

322 552 524 625 μέλλει
559 550 754 606 λοιπὸν
788 549 1039 627 ἔρχεσθαι
1071 555 1132 608 τὸ
1168 552 1452 630 βδέλυγμα
1495 565 1597 627 τῆς
1629 556 1983 641 ἐρημώσεως,

321 639 498 714 ψευδῆ
560 642 796 715 Χριστοῦ
849 644 1226 718 προσηγορίαν
1286 647 1363 717 (1)
1422 646 1596 718 ἑαυτῷ
1655 639 1982 721 προστιθείς.

327 729 404 784 Σὺ
435 726 493 784 δὲ
526 749 622 801 μοι
655 733 745 783 τὸν
780 730 961 800 ἀΛηθῆ
1008 734 1258 805 Χριστὸν,
1291 733 1380 788 τὸν
1417 735 1537 788 Υἱὸν
1581 739 1678 788 τοῦ
1709 739 1843 789 Θεσιῦ
1889 735 1981 788 τὸν

329 820 624 894 μονογενῇ,
660 819 854 890 μηκέτι
889 815 1084 873 λοιπὸν
1133 821 1238 874 ἀπὸ
1267 828 1367 896 γῆς
1424 820 1742 896 ἐρχόμενον,
1777 821 1904 877 ἀλλ’
1933 823 1983 892 ἐξ

323 907 574 981 οὐρανῶν
607 904 908 983 προσδόκα,
943 908 1076 983 ὑπὲρ
1118 911 1326 964 ἄπισαν
1357 910 1633 980 ἀστραπὴν
1689 912 1779 966 καὶ
1835 911 1982 984 λαμ-

315 994 535 1066 πηδόνα
585 997 766 1073 φωτὸς
819 1001 937 1058 τοῖς
995 1003 1123 1052 πᾶσι
1181 1000 1533 1076 φαινόμενον,
1593 1000 1682 1054 ὑπ’
1732 1000 1980 1075 ἀγγέλων

315 1081 800 1161 δορυφορούμενον
835 1106 848 1119 ο
910 1086 1002 1141 ἳνα
1053 1085 1212 1163 κρίνῃ
1296 1094 1501 1158 ζῶντας
1559 1091 1648 1144 καὶ
1707 1089 1928 1164 νεκροὺς
1967 1136 1981 1160 ,

308 1174 400 1230 καὶ
465 1175 730 1249 βασιλεὺῃ
785 1179 859 1239 (2)
926 1175 1203 1250 βασιλείαν
1261 1177 1536 1251 οὐράνιον,
1595 1177 1841 1247 αἰώνιον,
1889 1177 1979 1234 καὶ

308 1263 678 1334 ἀτελεύτητον
714 1306 728 1319 .
793 1266 1126 1343 ’Λσφαλίζου
1183 1267 1281 1343 γάρ
1348 1290 1445 1340 μοι
1499 1269 1590 1324 καὶ
1643 1269 1695 1324 ἐν
1749 1269 1975 1342 τούτῳ,

308 1351 500 1422 ἔπειδή
535 1353 744 1409 πολλοί
775 1353 910 1409 εἰσιν
943 1355 994 1409 οἱ
1040 1355 1289 1430 λέγοντες
1340 1358 1502 1422 τέλος
1533 1358 1669 1414 εἶναι
1702 1366 1800 1428 τῆς
1845 1360 1978 1434 Χρι-

306 1447 408 1498 τοῦ
445 1442 750 1518 βασιλείας.

635 1535 792 1588 ΠΕΡΙ
835 1537 1036 1590 ΑΓΙΟΥ
1079 1536 1524 1594 ΗΝΕΥΜΑΤΟΣ
1565 1541 1661 1600 (3).

386 1623 477 1690 Ιζ’.
516 1621 740 1677 Πίστευε
768 1622 858 1677 καὶ
893 1623 972 1684 εἷς
1014 1624 1076 1678 τὸ
1135 1629 1352 1697 Πνεῦμα
1381 1626 1444 1680 τὸ
1494 1628 1671 1700 ἅγιον,
1729 1624 1819 1680 καὶ
1878 1627 1978 1696 τὴν

313 1710 484 1780 αὐτὴν
517 1707 614 1786 ἔχε
643 1713 766 1786 περὶ
802 1712 972 1767 αὐτοῦ
1005 1711 1182 1784 δόξαν,
1217 1715 1283 1784 ἢν
1317 1711 1622 1788 παρέλαϐες
1651 1710 1799 1791 ἔχειν
1850 1715 1974 1789 περὶ

2091 563 2224 613 tura
2271 564 2360 613 est
2404 559 2507 613 illa
2553 560 2890 614 abominatio
2919 559 3335 615 άθεοίαιὶοηὶεεδ
3379 561 3589 618 falsam
3623 565 3734 620 sibi

2091 648 2552 718 appellationem
2577 649 2675 703 59
2698 649 2910 703 Christi
2933 665 3245 720 usurpans.
3268 651 3350 704 Tu
3368 659 3565 708 autem
3591 655 3736 708 inihi

2090 753 2290 791 verum
2323 737 2642 798 Christum,
2669 739 2880 792 Filium
2907 738 3006 792 Dei
3039 737 3432 810 unigenitum,
3466 758 3587 796 non
3618 759 3738 798 am-

2090 826 2245 897 plius
2268 826 2394 897 jam
2424 843 2453 880 e
2488 833 2662 893 terra,
2697 827 2800 882 sed
2835 844 2864 880 e
2895 827 3059 882 caelis
3092 835 3403 883 venturum
3439 839 3732 902 exspecta,

2089 916 2380 971 universis
2402 932 2582 987 supra
2613 915 2808 988 fulgur
2830 933 3005 972 omne
3028 922 3339 972 etomnem
3357 919 3734 989 splendorem

2087 1005 2333 1060 luminis
2355 1005 2864 1076 conspiciendum,
2881 1007 3226 1079 angelorum
3249 1008 3530 1062 satellitio
3556 1009 3736 1080 stipa-

2089 1099 2212 1148 tum
2270 1100 2334 1148 ut
2365 1094 2520 1148 vivos
2551 1101 2610 1149 et
2641 1100 2906 1150 mortuos
2928 1095 3178 1166 judicet,
3209 1112 3278 1151 ac
3308 1113 3552 1169 regnum
3581 1097 3732 1152 obti-

2086 1189 2225 1239 neat
2265 1184 2524 1248 caeleste,
2559 1185 3011 1256 sempiternum,
3045 1193 3102 1240 et
3132 1186 3295 1240 omni
3336 1187 3454 1240 ﬁne
3486 1203 3728 1256 carens;

2083 1274 2128 1308 ⁸⁸
2159 1291 2297 1328 nam
2329 1281 2387 1328 et
2417 1273 2476 1328 in
2535 1274 2645 1328 hoc
2704 1291 2940 1345 quoque
3000 1281 3195 1330 certus
3253 1282 3311 1330 et
3340 1283 3547 1331 cautus
3579 1284 3731 1346 esto,

2086 1363 2570 1434 quandoquidem
2602 1363 2772 1418 multi
2800 1371 2940 1420 sunt
2959 1365 3059 1434 qui
3084 1365 3283 1420 dicant
3311 1366 3526 1421 Christi
3549 1384 3730 1440 regno

2084 1453 2264 1508 tinem
2294 1469 2421 1508 esse
2453 1454 2548 1523 (6).

2347 1537 2436 1590 DE
2476 1536 2751 1591 SPIRITU
2793 1535 3059 1592 SANCTO
3103 1537 3302 1608 [DOCMA
3345 1540 3464 1607 vu.]

2153 1627 2270 1682 XVI
2327 1625 2508 1681 Crede
2541 1630 2599 1679 et
2655 1625 2715 1679 in
2751 1624 3031 1696 Spiritum
3088 1632 3382 1694 sanctum,
3438 1626 3626 1697 deque
3662 1643 3730 1682 eo

2081 1714 2239 1769 idem
2271 1714 2488 1769 sentito
2520 1713 2677 1784 quod
2710 1713 2781 1768 de
2803 1715 2972 1768 Patre
2996 1720 3053 1768 et
3083 1713 3228 1768 Filio
3261 1714 3538 1785 accepisti
3565 1731 3577 1767 :
3611 1732 3730 1770 non

315 1802 533 1873 Ματρὸς
563 1801 653 1855 καὶ
685 1802 832 1855 Ποῦ·
868 1804 957 1856 καὶ
1021 1803 1096 1875 μή
1146 1803 1282 1858 κατά
1309 1803 1434 1866 τοὺς
1465 1805 1531 1859 τὰ
1561 1802 1819 1879 δύσφημα
1848 1804 1972 1881 περὶ

2089 1810 2282 1859 autem
2315 1803 2641 1859 secundum
2662 1820 2762 1857 eos
2779 1803 2880 1873 qui
2913 1803 3343 1858 contumeliosa
3374 1802 3445 1857 de
3466 1803 3594 1874 ipso
3623 1803 3731 1858 do-

315 1890 482 1946 αὐτὸνό
515 1888 890 1954 διδάσκοντας.
931 1891 1002 1945 Συ
1059 1889 1114 1946 δὲ
1157 1895 1410 1965 μάνθανε,
1442 1893 1526 1949 ὅτι
1581 1891 1635 1950 ἓν
1669 1894 1778 1950 ἐστι
1808 1899 1970 1950 τοῦτο

311 1981 377 2036 τὸ
423 1980 576 2056 ἅγιον
632 1985 874 2052 Πνεῦμα,
933 1978 1262 2056 ἀδιαίρετον,
1319 1981 1724 2056 πολυδῦναμον·
1784 1983 1972 2040 πολλᾶ

318 2071 414 2144 μὶν
449 2071 720 2147 ἐνεργοῦν,
754 2070 884 2125 αὐτὸ
917 2068 974 2125 δὲ
1023 2072 1096 2143 μὴ
1158 2071 1514 2145 μεριζόμενον
1539 2077 1634 2147 (4)·
1693 2074 1752 2128 τε.
1806 2077 1969 2149 γινῶι⁸

2082 1901 2236 1952 cent.
2260 1895 2304 1929 ⁸⁷
2353 1896 2434 1949 Tu
2467 1894 2642 1966 igitur
2670 1895 2831 1948 disce
2876 1910 3059 1948 unum
3109 1909 3237 1949 esse
3270 1894 3425 1949 hunc
3459 1901 3729 1949 sanctum

2083 1985 2386 2056 Spiritum,
2408 1983 2745 2049 indivisum,
2766 1983 3245 2055 multipotentem
3271 2001 3284 2050 ;
3307 1983 3404 2054 qui
3425 1999 3558 2037 cum
3583 1983 3730 2038 mul-

2082 2079 2141 2129 ta
2161 2073 2532 2144 efficiat,ipse
2553 2080 2749 2128 tamen
2774 2090 2892 2128 non
2914 2073 3260 2144 dispertitur
3285 2090 3297 2140 ;
3324 2073 3425 2143 qui
3447 2072 3732 2144 mysteria

385 2189 432 2224 ⁸⁴
463 2189 662 2244 Matth.
700 2205 845 2257 xx1v,
879 2191 930 2245 5.
965 2187 1014 2222 ⁸⁵
1045 2189 1187 2246 ibid.
1224 2193 1308 2246 15.
1341 2189 1388 2226 ⁸⁸
1427 2192 1550 2247 Vid.
1585 2199 1692 2246 cat.
1731 2195 1815 2258 15,
1850 2195 1904 2259 2,
1935 2193 1990 2244 2‘.

2089 2189 2100 2224 ⁷
2139 2192 2263 2246 Vid.
2292 2197 2401 2246 rat.
2437 2191 2524 2256 l6,
2556 2207 2613 2244 ιι.
2650 2191 2702 2260 3,
2735 2195 2794 2244 et
2822 2195 2927 2244 cat.
2964 2193 3049 2255 17,
3084 2205 3144 2243 ιι.
3179 2191 3231 2244 2.

386 2311 462 2380 (1)
528 2310 759 2382 Χριστος)
779 2379 793 2382 _
819 2305 1216 2382 προσηγορίαν.
1241 2381 1249 2382 7
1279 2311 1491 2365 Vocem
1540 2313 1778 2382 Χριστοῦ
1810 2310 1971 2365 addi-

317 2382 516 2438 dimus
548 2397 618 2434 ex
649 2379 839 2452 codd.
861 2379 1040 2436 Coisl.
1078 2379 1292 2436 'Ottob.
1351 2383 1512 2437 Colb.
1548 2379 1686 2452 Hoc,
1720 2383 1970 2438 Casaub.

318 2455 487 2508 Bodl.
549 2459 607 2524 et
664 2451 845 2506 simili
898 2453 1100 2524 phrasi
1158 2459 1252 2507 cat
1361 2457 1445 2520 15,
1508 2472 1565 2508 n.
1630 2451 1736 2508 lt:
1794 2463 1971 2524 atque

319 2525 380 2596 id
411 2523 983 2596 postulatoppositio
1017 2523 1076 2578 in
1098 2525 1382 2596 sequenti
1406 2525 1605 2596 phrasi
1638 2523 1969 2588 notata,’2ib

319 2593 377 2650 δὲ
414 2591 512 2665 μοι
542 2593 632 2668 τον
664 2591 873 2668 uligo-av
907 2591 1293 2668 szn6*{,_étc.
1332 2591 1449 2651 Vo‘x
1479 2597 1784 2668 προστιθείς
1818 2599 1969 2652 male

321 2664 594 2740 construi
627 2664 1010 2740 videturcum
1030 2667 1092 2720 τὸ
1119 2664 1418 2740 san-Wa
1444 2664 1970 2740 ac'supponendus

325 2737 616 2794 articulus
638 2737 664 2788 ὁ
683 2745 815 2792 ante
844 2735 1036 2808 ψευδῆ.
1063 2735 1244 2793 Codd.
1270 2735 1387 2794 ItOe
1405 2748 1464 2794 et
1484 2735 1724 2796 Casaub.
1751 2741 1972 2795 habent

321 2809 688 2884 περιτιρὴναι·
740 2810 954 2884 Qttob_..
1015 2816 1395 2884 προστεθῆναι.
1453 2813 1621 2866 Forte
1655 2813 1968 2884 legendum

319 2881 624 2954 προστιθὲν.
653 2881 1081 2954 ᾼιιῐίεῒιινὶειυιη
1104 2883 1366 2954 appellat
1386 2883 1572 2954 ipsam
1588 2881 1972 2939 abominatio-

324 2952 461 3010 nem
507 2952 911 3026 desolationis,
947 2963 1014 3008 ut
1044 2952 1233 3010 etcat.
1272 2959 1353 3008 13.
1389 2952 1443 3008 Ii.
1481 2960 1552 3011 9:
1609 2956 1712 3026 qui
1744 2956 1971 3010 scilicet

325 3025 793 3099 idolisomnibus
813 3027 1068 3095 rejectis,
1095 3027 1151 3080 in
1177 3025 1708 3099 Hierosolymitano
1727 3027 1969 3099 templo,

323 3097 932 3170 quodinstauraturus
961 3104 1070 3170 est.
1105 3098 1339 3163 sedens,
1375 3115 1436 3170 se
1470 3105 1750 3170 tanquam
1785 3097 1968 3154 Deum

321 3167 379 3225 et
399 3169 696 3223 Christum
721 3167 792 3222 ab
815 3167 1081 3239 deceptis
1101 3169 1318 3224 Judaais
1339 3169 1568 3226 adorari
1592 3167 1836 3238 iubebit,
1855 3176 1949 3226 cat
2001 3168 2044 3236 C

326 3245 410 3306 l5,
447 3258 504 3294 ιι.
541 3244 624 3294 15.
661 3239 1092 3294 Antichristum
1120 3256 1249 3295 esse
1271 3241 1776 3297 abominationem
1801 3243 1973 3297 deso-

321 3313 561 3385 lationis
593 3312 655 3365 in
681 3312 1033 3385 loco__sancto
1057 3318 1331 3385 stantem,
1353 3330 1530 3383 quam
1558 3315 1823 3369 Christus
1843 3319 1974 3385 post

323 3384 628 3440 Dianelem
662 3382 955 3453 praedixit,
991 3383 1312 3438 multorum
1337 3382 1636 3440 sententia
1667 3393 1794 3440 erat
1826 3382 1972 3440 teste

322 3458 756 3529 Chrysostomo.
791 3456 846 3529 in
881 3455 1257 3529 Matth.,_cap.
1291 3473 1456 3522 xmv;
1490 3463 1666 3529 atque
1698 3459 1779 3512 ita
1809 3457 1970 3512 mul-

323 3533 414 3583 tos
440 3525 644 3582 Patres
667 3525 926 3580 sensisse
954 3525 1232 3582 omnibus
1262 3537 1488 3582 notum.

396 3603 468 3666 (2)
505 3595 792 3671 βασιλεύῃ.
826 3598 912 3651 lta
956 3597 1206 3671 legimus
1238 3598 1296 3671 in
1331 3599 1502 3671 codd.
1555 3602 1694 3671 Roe.
1724 3598 1970 3654 Casaub.

321 3679 380 3728 et
407 3667 559 3726 vers.
593 3667 840 3724 Grodec.
877 3675 939 3722 tn
973 3667 1146 3724 editis
1179 3670 1445 3739 habetur,
1479 3667 1859 3744 βασιλεύοντα.
1887 3686 1975 3724 re-

325 3751 607 3814 gnantem.

398 3816 471 3879 (3)
507 3810 636 3868 ΙΙεοὶ
671 3807 768 3864 τοῦ
798 3809 980 3882 ἁγίου,
1014 3817 1121 3868 etc.
1157 3813 1332 3867 Deest
1354 3813 1448 3868 hic
1473 3813 1769 3882 titulusin
1801 3812 1971 3867 codd.

322 3886 484 3941 Colb.
521 3883 722 3958 Morel.
757 3890 815 3958 et
843 3880 1008 3938 Bodl.
1038 3885 1343 3958 lnrverbis,
1365 3885 1465 3952 τὴν
1490 3884 1659 3951 αὐτὴν
1690 3880 1803 3958 ἔχε,
1836 3891 1972 3958 etc.,

324 3959 485 4014 clara
517 3965 576 4012 et
621 3955 938 4028 luculenta,
959 3957 1298 4010 continetur
1329 3957 1515 4012 sancti
1547 3955 1799 4028 Spiritus
1830 3956 1971 4011 divi-

322 4031 647 4109 n_itat_is,_e.t
674 4027 1048 4109 u_nius_trium
1073 4044 1460 4109 personarum
1487 4027 1712 4084 natura;
1748 4028 1976 4109 protes-

326 4103 432 4157 sio.
469 4100 582 4156 Sed
616 4099 796 4172 hujus
846 4099 1119 4172 lectionis
1152 4101 1234 4153 vis
1283 4117 1400 4155 non
1436 4118 1640 4172 parum
1686 4099 1977 4172 minuitur

327 4174 558 4227 diversa
590 4170 858 4225 codicum
892 4171 1088 4228 Coisl..
1140 4173 1277 4231 Roe.
1313 4170 1538 4226 Casaub
1568 4217 1582 4235 ,
1618 4179 1675 4226 et
1707 4170 1974 4226 Grodecii

328 4243 603 4316 lectione,
635 4248 878 4316 quanta
905 4258 988 4316 ‘se
1020 4241 1237 4316 habet;
1279 4241 1368 4316 καὶ
1393 4242 1693 4316 1‘},v_690:}‘v
1727 4239 1822 4316 ἔχε
1852 4239 1973 4316 περὶ

326 4314 494 4370 αὐτοῦ
523 4307 967 4386 γνῶσινχέπειδή
1022 4310 1228 4386 πολλοί
1288 4307 1527 4386 εἰσινςοὶ
1604 4307 1803 4386 deesti
1827 4307 1974 4386 otii}

328 4381 601 4455 Casaub.)
625 4381 926 4457 idllototot
950 4388 1047 4457 τοῦ
1088 4382 1242 4457 ἁγίου
1303 4383 1724 4457 Ιίνεύματὸς,γοὶ
1755 4384 1818 4438 τὰ
1849 4383 1977 4438 δύσ-

330 4480 402 4536 φη
415 4479 489 4521 μα
514 4452 636 4536 πεξῖ
665 4452 1274 4536 α·5τοῇ-δι-δᾲσκοντὶς.“«
1299 4465 1356 4536 et
1384 4452 1701 4536 rectum_de
1727 4458 1853 4536 ipso
1878 4474 1976 4512 no-

2081 2315 2483 2366 consentanea
2513 2315 2603 2364 est
2631 2308 2808 2364 lectio
2829 2324 3008 2380 quam
3039 2307 3416 2363 retinuimus.
3443 2306 3725 2378 Spiritum

2083 2389 2374 2449 sanctum,
2401 2399 2519 2436 una
2549 2397 2682 2436 cum
2703 2381 2866 2440 Filio.
2895 2380 3050 2434 Patri
3082 2381 3408 2436 divinitate.
3428 2380 3726 2450 gloriﬁca-

2081 2456 2261 2512 tione.
2283 2455 2466 2512 cultu.
2503 2453 2856 2524 operatione
2882 2454 3101 2522 passim
3133 2452 3724 2524 consociat,eodem-

2081 2545 2194 2598 que
2217 2527 2394 2581 modo
2428 2541 2527 2579 eos
2546 2523 2895 2598 tacreaturis
2927 2525 3203 2598 secernit.
3237 2523 3510 2598 Quamvis
3542 2524 3603 2577 in
3635 2523 3722 2577 di-

2078 2595 2300 2668 gnitate
2332 2597 2582 2668 Spiritus
2616 2595 2803 2650 sancti
2827 2595 3242 2650 constituenda
3260 2595 3456 2649 minus
3482 2610 3550 2649 eo
3573 2600 3724 2649 tem-

2077 2688 2219 2745 pore
2245 2669 2630 2745 laboraretur.
2651 2673 2890 2745 exstant
2905 2674 3105 2745 tamen
3122 2668 3442 2723 luculenta:
3473 2683 3606 2745 cum
3628 2682 3723 2745 ve-

2077 2737 2421 2804 terum,tum
2448 2741 2625 2810 hujus
2645 2740 2834 2811 ipsius
2860 2741 3143 2809 temporis
3169 2747 3475 2793 auctorum
3496 2737 3568 2792 de
3589 2737 3719 2811 ejus

2077 2816 2380 2872 divinitate
2411 2809 2830 2877 auctoritates;
2865 2827 2972 2865 nec
3001 2812 3174 2865 facile
3222 2811 3483 2881 reperias
3512 2810 3613 2880 qui
3647 2809 3717 2864 de

2078 2889 2180 2943 illo
2203 2885 2439 2956 dignius
2457 2900 2523 2938 ac
2543 2883 2878 2942 sublimius.
2901 2882 3344 2956 quamCyrillus
3366 2882 3728 2956 nostcrdua-

2078 2961 2188 3015 bus
2210 2953 2618 3012 catechesibus
2644 2958 2706 3007 16
2730 2961 2788 3008 et
2814 2958 2900 3014 17.
2925 2961 2983 3006 et
3004 2954 3063 3006 in
3087 2954 3197 3007 hoc
3221 2953 3347 3023 ipso
3372 2954 3499 3007 loco
3531 2953 3728 3023 dispu-

2079 3031 2237 3086 tarit.
2271 3029 2521 3082 Arianos
2552 3027 2730 3080 etiam
2763 3025 3147 3094 blasphemiae
3180 3025 3241 3078 in
3274 3024 3553 3095 Spiritum
3585 3041 3727 3080 san-

2083 3111 2241 3159 ctum
2276 3116 2427 3155 reos.
2463 3113 2668 3152 eorum
2704 3097 2878 3150 tacito
2910 3097 3150 3150 nomine
3188 3097 3555 3166 pronuntiat,
3587 3095 3729 3151 dum

2123 3173 2336 3229 raviter
2365 3170 2660 3225 invehitur
2681 3169 2738 3222 iu
2759 3185 2859 3223 eos
2889 3168 2988 3238 qui
3011 3168 3354 3222 Trinitatem
3377 3168 3466 3221 vel
3497 3167 3728 3222 scinde-

2123 3193 2336 3229 ravuer
2367 3193 2660 3225 Invenitur
2681 3193 2738 3222 lu
2759 3193 2859 3223 reus
2889 3193 2988 3238 qui
3021 3193 3354 3222 ll'llllLdLUlll
3380 3193 3466 3221 vel
3497 3193 3728 3222 sculua-

2082 3193 2227 3302 Eant
2256 3243 2344 3298 vel
2375 3239 2836 3300 cont‘undebant.
2871 3246 2983 3294 cat.
3020 3242 3106 3306 16,
3135 3256 3193 3296 ιι.
3226 3241 3296 3294 4ε
3330 3239 3508 3309 idque
3539 3239 3629 3293 vel
3659 3255 3731 3294 ex

2083 3315 2441 3391 ignorantia,
2477 3313 2564 3366 vel
2599 3312 3157 3391 Opinioneﬂpietatis,
3192 3328 3250 3365 n.
3283 3312 3304 3364 1
3335 3328 3352 3391 _;
3386 3310 3730 3391 quoslocos

2085 3381 2288 3446 confer
2319 3402 2451 3441 cum
2484 3391 2578 3439 cat
2633 3381 2720 3450 11,
2753 3401 2808 3438 n.
2848 3381 2930 3436 l7.
2967 3383 3148 3438 Primi
3180 3389 3347 3436 erant
3371 3381 3592 3447 Ariani,
3626 3381 3728 3452 qui

2083 3461 2236 3532 apud
2263 3458 2816 3532 Athanasiumorat.
2844 3459 2892 3518 1,
2917 3471 2974 3508 ιι.
3005 3457 3058 3518 6,
3077 3455 3314 3532 divisas,
3339 3454 3729 3532 a_ba_l_ienatas,

2085 3525 2143 3589 et
2173 3533 2345 3598 longo
2387 3527 2711 3598 intervallo
2750 3533 3072 3593 separatas.
3107 3527 3316 3587 Patris.
3340 3527 3480 3598 Filii
3513 3533 3571 3581 et
3603 3525 3732 3596 Spi-

2084 3606 2233 3659 ritus
2265 3601 2452 3657 sancti
2499 3597 2805 3653 essentias.
2857 3612 3215 3666 prorsusque
3246 3605 3305 3652 et
3334 3597 3395 3652 in
3428 3597 3732 3652 infinitum

2084 3673 2406 3731 dissimiles
2438 3669 2710 3724 essentiis
2733 3673 2792 3721 et
2812 3668 3016 3738 gloriis
3045 3669 3213 3722 aiunt
3266 3669 3445 3723 Alteri
3474 3678 3600 3725 erat
3630 3670 3734 3724 Sa-

2085 3745 2351 3807 belliani,
2395 3757 2544 3813 quos
2593 3739 2812 3813 passim
2844 3739 3076 3813 refutat.
3111 3740 3732 3813 inculcansSpiritum

2085 3822 2354 3874 sanctum
2389 3809 2506 3868 non
2539 3809 2667 3865 esse
2716 3809 2904 3864 Patris
2962 3817 3065 3863 aut
3120 3810 3248 3862 Filii
3307 3811 3728 3881 prolationem,

2085 3891 2173 3946 vel
2203 3887 2467 3943 habitum
2501 3883 2560 3936 in
2593 3899 2732 3938 aera
2760 3881 3040 3935 dill'usum
3066 3897 3080 3944 ;
3113 3882 3216 3933 sed
3243 3881 3553 3939 viventem.
3590 3881 3731 3934 sub-

2085 3963 2414 4021 sistentem,
2441 3961 2902 4026 operantemque
2927 3957 3300 4024 potestatem,
3320 3958 3434 4006 cat.
3461 3955 3540 4014 16,
3562 3968 3726 4008 num.

2089 4037 2192 4088 14:
2225 4038 2337 4087 cat.
2376 4033 2460 4086 l7.
2492 4044 2532 4082 ιι
2595 4029 2646 4080 5.

2157 4075 2396 4175 (ὧνᾞῆ
2421 4075 2791 4175 ’ῥεῖῥιζέέλεκον
2829 4139 2842 4152 .
2905 4097 3137 4175 Legitur
3183 4095 3248 4175 in_
3293 4093 3464 4150 codd.
3505 4095 3727 4175 .Coisl.

2085 4167 2246 4241 Ro‘e',
2305 4167 2552 4228 Casaub.
2612 4169 2783 4224 Ottob
2819 4213 2831 4224 .
2901 4167 3442 4240 {lﬁ‘tvE‘ZYO'stLE‘IOV,
3502 4167 3562 4221 id
3619 4172 3727 4241 est,

2085 4239 2250 4302 alteri
2279 4249 2338 4299 in
2369 4261 2422 4298 se
2453 4249 2698 4312 aperanti
2729 4256 2839 4296 non
2865 4239 3189 4310 subjectum.
3225 4242 3363 4305 Qua;
3387 4255 3590 4312 revera
3618 4239 3726 4309 Cy-

2084 4319 2205 4374 rilli
2236 4309 2503 4372 doctrina
2533 4319 2641 4377 est,
2693 4314 2833 4368 dum
2865 4309 2976 4367 catt.
3043 4316 3126 4366 l7.
3185 4329 3347 4367 num.
3443 4309 3726 4380 Spiritum

2084 4396 2354 4446 sanctum
2388 4403 2457 4441 ex
2488 4385 2835 4441 auctoritate
2867 4401 3037 4456 agere
3080 4384 3284 4451 docet;
3319 4388 3377 4456 et
3406 4399 3547 4436 num
3589 4384 3634 4456 _9
3667 4381 3726 4436 in

2084 4463 2378 4516 Christum
2405 4458 2643 4530 proprio
2677 4463 2734 4511 et
2760 4452 2940 4530 insito
2971 4455 3084 4510 sibi
3127 4463 3291 4530 motu
3349 4452 3728 4508 descendisse

335 4523 362 4580 ἐι
387 4523 578 4585 titiam
604 4528 756 4600 habe
804 4529 962 4600 Multi
980 4528 1146 4600 enim
1168 4528 1351 4582 alieni
1381 4535 1523 4583 sunt
1543 4546 1576 4583 a
1599 4523 1815 4599 Spiritu
1838 4546 1942 4585 san

2089 4535 2168 4590 ait
2223 4523 2566 4600 αὐτοκινήτῷ
2613 4523 2922 4582 καταϐάσει.
2984 4531 3088 4586 Cat
3141 4529 3230 4584 26.
3265 4543 3426 4580 num.
3484 4530 3731 4600 itvocat

333 4600 621 4671 «cto.qui
668 4599 740 4655 de
789 4599 891 4653 illo
940 4599 1283 4669 blaspheme
1305 4601 1521 4655 docent
1579 4622 1604 4648 »
1637 4601 1775 4656 Utra
1804 4601 1978 4656 lectio

335 4674 536 4745 Cyrilli
563 4686 846 4745 germana
889 4671 982 4726 sit.
1017 4672 1267 4726 deﬁnire
1327 4690 1446 4727 non
1479 4672 1650 4727 facile
1704 4679 1810 4745 est.
1845 4689 1980 4745 cum

335 4743 584 4815 utraque
617 4743 746 4815 pari
773 4743 956 4815 ferme
989 4759 1108 4797 mss
1164 4759 1410 4799 numero
1433 4751 1493 4799 et
1521 4744 1870 4799 auctoritate
1889 4744 1978 4798 ni-

332 4813 505 4872 tatur_
527 4813 825 4870 Posterior
856 4813 1506 4887 minusemendationis
1533 4816 1867 4887 suspicione
1892 4816 1980 4871 la-

328 4889 518 4953 borat,
538 4904 605 4942 ac
627 4885 993 4959 temporibus
1011 4885 1135 4959 illis
1153 4887 1368 4956 quibus
1385 4888 1618 4958 parcius
1636 4885 1708 4940 de
1731 4888 1981 4959 Spiritus

329 4961 515 5018 sancti
549 4955 853 5013 divinitate
885 4955 1314 5026 disputabatur,
1344 4955 1790 5015 convenientior
1817 4960 1983 5015 vide-

334 5040 450 5089 tur.
486 5031 655 5086 Prior
693 5029 775 5083 uti
809 5027 1188 5101 blasphemos
1237 5029 1392 5098 ferit,
1425 5049 1526 5086 eos
1575 5032 1674 5101 qui
1709 5048 1878 5086 secus
1909 5031 1980 5086 de

328 5103 548 5176 Spiritu
587 5107 818 5176 sancto,
841 5115 909 5154 ac
928 5099 998 5176 de
1023 5103 1192 5155 Patre
1215 5107 1273 5155 et
1295 5103 1440 5176 Filio
1468 5099 1773 5176 sent—irent.
1803 5103 1980 5173 Atqui

329 5173 586 5248 C'yrillus
611 5179 728 5254 cat,
762 5174 848 5238 16,
882 5188 918 5224 ιι
974 5174 1284 5254 6‘ethsqu,
1336 5173 1751 5254 longogornine
1775 5190 1972 5254 recen-

328 5242 469 5303 séns
500 5263 601 5302 eos
631 5245 732 5315 qui
789 5258 963 5314 prava
993 5242 1064 5297 de
1097 5242 1317 5314 Spiritu
1376 5242 1580 5300 sancto
1633 5245 1979 5304 docuerant.

327 5320 628 5375 Simonem
659 5318 882 5382 Magum
919 5315 1190 5369 nominat.
1237 5318 1574 5373 Montanum
1599 5323 1657 5370 et
1689 5319 1977 5372 Manetem

328 5392 427 5462 qui
456 5407 516 5445 se
536 5389 816 5459 Spiritum
861 5393 1128 5462 sanctum
1157 5387 1369 5462 dixere
1397 5406 1413 5462 ;ﬁ
1441 5389 1748 5444 Gnosticos
1778 5397 1836 5443 et
1868 5390 1975 5443 Va-

329 5458 714 5523 leiitinia’nos,
738 5474 956 5530 eosque
984 5459 1083 5528 qui
1115 5458 1297 5514 alium
1322 5460 1603 5530 Spiritum
1641 5467 1913 5516 sanctum
1948 5476 1981 5514 a

325 5535 630 5590 Paracleto
652 5529 1118 5604 fingebantztum
1145 5529 1515 5604 Marcionitas
1530 5533 1706 5586 trium
1727 5533 1978 5587 Deorum

327 5613 674 5682 assertores.
709 5601 766 5682 et
795 5601 899 5682 qui
946 5601 1126 5655 alium
1177 5603 1488 5682 ianeteri,
1521 5604 1709 5682 alium
1736 5604 1977 5682 in_Novo

328 5680 704 5734 Testamento
730 5673 1006 5744 Spiritum
1034 5675 1474 5746 excogitarent;
1509 5675 1749 5730 nihilde
1774 5675 1845 5729 iis
1877 5675 1976 5746 qui

330 5749 616 5824 Spiritum
647 5750 918 5824 sanctum
939 5761 974 5799 ιι
995 5746 1166 5824 Patre
1192 5745 1258 5801 et
1285 5747 1430 5824 Filio
1454 5747 1732 5824 opinione
1755 5745 1980 5824 divide-

330 5815 497 5896 bant,
541 5818 709 5878 dicit.
754 5815 1152 5874 Nihilominus
1183 5818 1427 5876 omnino
1460 5815 1664 5895 C'yrilli
1692 5817 1978 5876 doctrinae

2088 4623 2221 4661 eum
2254 4597 2572 4659 maximam
2609 4607 2998 4672 potestatem;
3032 4604 3090 4652 et
3117 4600 3349 4672 catam.
3383 4614 3442 4653 n.
3476 4598 3562 4672 34,
3588 4597 3732 4672 sub-

2087 4678 2424 4733 stantialem
2457 4681 2514 4730 et
2536 4665 2892 4730 effectricem
2919 4671 3212 4728 virtutem.
3241 4666 3558 4742 ἐνεργητική
3584 4665 3737 4721 δύναο

2091 4770 2199 4821 μις,
2231 4756 2340 4804 etc.
2405 4745 2796 4821 Retinendam
2858 4750 3081 4821 tamen“
3113 4741 3388 4821 priorem?
3419 4741 3732 4821 lectionem

2088 4812 2558 4894 pro—bantimulta
2603 4817 2733 4871 loca
2789 4812 3145 4894 consimilia.
3178 4813 3238 4866 in
3270 4812 3484 4882 quibus
3531 4814 3734 4894 multi-

2086 4885 2302 4966 plicem
2336 4890 2589 4966 Spiritus
2651 4885 3428 4966 Operationemnrecensens,
3463 4891 3627 4966 cavet
3650 4901 3732 4966 _n_e

2085 4956 2399 5038 propterea
2444 4960 2666 5038 divisus
2694 4956 2998 5038 eredatpr;
3027 4956 3165 5038 Vide
3196 4962 3309 5012 cat.
3345 4959 3430 5022 16,
3464 4974 3520 5012 n.
3553 4959 3605 5026 3,
3644 4961 3728 5030 12,

2084 5029 2173 5099 25,
2198 5029 2318 5099 '30;
2355 5039 2412 5086 et
2441 5037 2536 5086 cat
2590 5034 2676 5086 17.
2711 5045 2769 5082 ιι.
2803 5032 2858 5090 2,
2890 5030 2943 5090 3,
2972 5030 3022 5084 ὅ,
3060 5029 3146 5084 18.

2158 5110 2228 5173 (5)
2260 5106 2422 5158 Multi
2470 5103 2592 5173 jam
2637 5101 2824 5173 dicere
2871 5106 3170 5173 cmperunt.
3205 5105 3314 5155 etc.
3347 5100 3613 5173 Idemide
3643 5102 3729 5157 Si-

2086 5171 2262 5232 mone
2292 5177 2450 5247 Mago
2474 5171 2555 5247 et
2583 5171 2901 5247 Menandro
2936 5172 3319 5247 nominatim.
3345 5179 3402 5227 et
3433 5172 3566 5247 aliis
3599 5174 3731 5244 qui-

2085 5248 2329 5305 busdam
2374 5244 2572 5316 i'mpiis
2621 5244 3031 5300 haaresiarchis
3061 5245 3410 5317 generatim,
3443 5245 3589 5299 dicit
3616 5249 3730 5301 cat°

2091 5323 2152 5375 15
2185 5337 2346 5374 ιιιιιιι.

2156 5393 2230 5462 (6)
2273 5391 2432 5446 Multi
2479 5395 2605 5444 sunt
2658 5389 2756 5458 qui
2807 5387 2994 5443 dicant
3054 5386 3253 5462 Christi
3305 5405 3557 5462 regnum,
3605 5394 3727 5462 etc.

2085 5460 2422 5518 Marcellum
2457 5465 2852 5532 Ancyranum.
2879 5469 2937 5515 et
2963 5460 3279 5515 Photinum
3309 5465 3437 5530 ejus
3470 5461 3728 5532 discipu-

2082 5535 2204 5590 lum
2239 5535 2533 5606 signiﬁcat
2556 5531 2858 5606 ;'quorum
2890 5533 3162 5586 haeresim
3195 5550 3387 5606 nuper
3417 5532 3473 5583 in
3509 5531 3733 5606 Galatia

2085 5604 2396 5662 emersiisse
2431 5605 2607 5660 tradit
2636 5610 2750 5658 cat.
2779 5606 2865 5659 15.
2900 5621 2959 5658 ιι.
2983 5608 3048 5657 2‘1
3101 5621 3216 5673 quo
3251 5604 3359 5658 loci
3389 5618 3517 5656 eam
3551 5604 3734 5655 linire-

2084 5679 2193 5734 sim
2236 5678 2504 5750 pluribus
2537 5675 2772 5733 refellit.
2830 5675 2967 5730 Vide
3018 5693 3148 5746 qum
3196 5674 3270 5729 ad
3317 5675 3475 5728 hunc
3534 5673 3729 5728 locum

2083 5751 2549 5810 subnotavimus.
