4152 6264
423 313 543 373 ιτς

1485 311 1551 371 S.
1597 309 1909 371 CYRILLI
1951 305 2366 369 HIEROSOL.
2413 307 2778 370 ARCHI‘EP.

3717 312 3854 372 176

423 442 606 504 novit.
641 445 700 496 et
727 441 927 496 omnia
957 445 1276 505 scrutatur,
1312 442 1488 496 etiam
1521 441 1816 512 profunda
1858 441 1960 496 Dei
1991 441 2073 507 ";

2194 458 2313 493 σκον
2343 438 2411 492 τὰ
2446 438 2737 513 μυστήρια,
2777 438 2839 493 τὸ
2897 436 3122 513 ἐρευνῶν
3172 437 3367 504 πάντα,
3422 440 3515 493 καὶ
3570 437 3638 494 τὰ
3695 439 3848 514 βάθη

424 531 524 602 qui
556 546 736 602 super
765 531 1081 587 Dominum
1113 532 1311 588 Iesum
1344 532 1641 586 Christum
1689 532 1750 585 in
1784 531 2075 586 columbae

422 620 618 692 specie
649 621 1054 688 descendit”;
1087 621 1133 656 ⁹⁰
1159 623 1258 694 qui
1282 623 1343 678 in
1363 622 1487 694 lege
1511 627 1570 675 et
1599 621 1904 692 prophetis
1935 637 2077 693 ope-

420 716 585 764 ratus
611 715 737 775 est;
764 710 860 781 qui
884 727 1042 765 nunc
1075 727 1312 782 quoque
1347 709 1622 782 baptismi
1660 716 1922 782 tempore
1955 712 2078 765 ani-

424 813 584 854 mam
617 805 778 856 tuam
812 799 1120 873 obsignat:
1154 801 1325 872 cujus
1357 802 1534 856 etiam
1581 801 1894 856 sanctitate
1925 817 2076 872 opus

423 889 604 945 habet
648 891 922 946 universa
964 891 1360 964 intelligibilis
1391 899 1640 958 natura;
1700 892 1760 946 in
1801 907 1978 962 quem
2025 890 2073 948 si

425 979 559 1051 quis
589 980 998 1053 blasphemam
1022 998 1221 1038 vocem
1246 984 1519 1037 emittere
1541 999 1721 1038 ausus
1745 982 1940 1046 fuerit,
1965 998 2076 1037 nec

424 1069 487 1125 in
519 1069 630 1125 hoc
661 1071 899 1139 saaculo,
935 1088 1041 1127 nec
1068 1072 1128 1126 in
1173 1072 1368 1127 futuro
1400 1072 1813 1128 remissionem
1837 1071 2074 1127 habitu-

424 1178 527 1216 rus
551 1159 697 1216 est“
725 1181 739 1229 ;
774 1163 873 1234 qui
907 1179 1040 1218 cum
1076 1164 1246 1219 Patre
1281 1169 1338 1219 et
1369 1164 1514 1219 Filio
1543 1162 1865 1218 divinitatis
1886 1163 2077 1236 gloria

425 1250 888 1320 condecoratur;
915 1270 1030 1324 quo
1067 1255 1243 1308 etiam
1276 1271 1424 1325 opus
1454 1253 1677 1309 habent
1705 1254 1944 1316 Throni,
1970 1253 2074 1308 do-

424 1341 924 1413 minationesque,
972 1343 1339 1414 principatus
1377 1350 1433 1397 et
1465 1341 1876 1414 potestates”.
1912 1343 2074 1398 Unus

425 1433 515 1482 est
543 1430 701 1483 enim
741 1431 913 1489 Deus.
974 1431 1189 1485 Christi
1225 1433 1432 1496 Pater;
1467 1437 1526 1485 et
1583 1447 1736 1486 unus
1790 1431 2074 1486 Dominus

421 1518 588 1572 Jesus
610 1518 712 1572 60
729 1519 996 1574 Christus
1025 1519 1090 1585 ⁸⁸,
1122 1519 1301 1575 unius
1332 1520 1430 1575 Dei
1456 1520 1668 1576 unicus
1701 1521 1883 1576 Filius
1909 1519 1953 1556 ⁹⁴
1978 1542 1992 1586 ;
2017 1525 2076 1576 et

421 1622 576 1661 unus
626 1608 879 1678 Spiritus
937 1616 1196 1668 sanctus.
1233 1609 1333 1680 qui
1393 1611 1596 1666 omnia
1655 1611 1987 1665 sanctificat
2017 1616 2076 1666 et

420 1695 693 1763 deificat;
727 1697 912 1768 quiin
944 1698 1071 1770 lege
1093 1704 1149 1754 et
1169 1699 1496 1771 prophetis,
1525 1700 1582 1754 in
1611 1700 1800 1754 Veteri
1829 1705 1888 1754 et
1917 1701 2070 1754 Novo

420 1786 793 1840 Testamento
826 1792 916 1841 est
941 1786 1195 1842 locutus.

496 1873 662 1928 XVII.
689 1875 806 1930 Hoc
827 1875 1195 1948 signaculum
1211 1878 1286 1946 (l)
1317 1877 1377 1931 in
1393 1882 1590 1932 mente
1605 1883 1705 1933 tua
1723 1865 2073 1949 semperha-

425 1963 597 2018 beto:
623 1964 778 2035 quod
801 1963 1044 2035 quidem
1080 1982 1236 2020 nunc
1272 1965 1374 2020 tibi
1407 1967 1748 2021 summatim
1785 1984 1888 2038 per
1913 1966 2078 2038 capi-

425 2057 552 2108 tum
583 2053 990 2109 recensionem
1035 2055 1296 2109 edictum
1328 2061 1454 2121 est;
1515 2057 1562 2110 si
1613 2073 1748 2111 vero
1791 2057 2077 2110 Dominus

424 2144 802 2208 concesserit,
837 2143 1104 2198 adhibita
1126 2159 1197 2199 ex
1220 2144 1536 2215 Scripturis
1564 2145 2076 2201 demonstratione

423 2247 529 2303 pro
560 2232 780 2288 viribus
806 2251 840 2288 a
870 2233 1042 2288 nobis
1073 2234 1310 2306 plenius
1342 2235 1706 2291 edisseretur
1759 2235 1808 2269 95
1839 2236 2081 2307 Oportet

427 2322 589 2376 enim
613 2323 769 2378 circa
790 2322 989 2378 divina
1009 2325 1085 2394 (2)
1105 2330 1163 2378 et
1184 2330 1388 2380 sancta
1410 2324 1550 2379 fidei
1578 2325 1859 2396 mysteria
1880 2341 1954 2380 ne
1978 2325 2083 2380 mi-

2181 532 2279 582 τοῦ
2338 531 2491 583 Θεοῦ·
2551 529 2614 583 τὸ
2671 527 2759 583 ἐπὶ
2815 529 2906 583 τὸν
2969 527 3161 603 Κύριον
3223 531 3430 598 Ἰησοῦν
3492 530 3726 602 Χριστὸν
3789 530 3850 586 ὲν

2186 615 2317 674 εἷ’δει
2371 623 2688 692 περιστερᾶς
2745 617 3025 682 κατελθόν’
3053 619 3117 674 τὸ
3170 617 3223 674 ἐν
3261 619 3418 692 νόμῳ
3471 619 3560 674 καὶ
3621 622 3853 698 προφή-

2182 728 2301 770 ταις
2361 705 2674 782 ἐνεργῆσαν·
2728 709 2791 763 τὸ
2848 707 2935 763 καὶ
2993 712 3087 764 νῦν
3141 708 3279 764 κατᾶ
3340 709 3433 763 τὸν
3490 709 3680 785 καιρὸν
3743 714 3855 764 τοῦ

2189 795 2562 870 βαπτίσματος
2619 797 2914 876 σφραγίζον
2971 819 3066 853 σου
3125 799 3226 868 τήν
3286 799 3474 872 ψυχήν
3506 801 3606 872 (3)·
3655 799 3720 854 οὗ
3751 798 3853 854 καὶ

2183 892 2326 941 πᾶσα
2353 888 2525 957 νοητὴ
2581 886 2740 964 φύσις
2796 886 2984 963 χρείαν
3044 885 3164 962 ἔχει
3218 893 3318 956 τῆς
3349 887 3670 963 ἁγιότητος·
3703 888 3786 949 εἷς
3823 889 3858 942 ’ὸ

2188 974 2589 1054 βλασφημῆσαί
2615 997 2699 1039 τις
2738 975 2827 1032 ἐὰν
2867 974 3150 1051 τολμήσῃ,
3201 975 3305 1032 οὐκ
3351 975 3470 1052 ἕχει
3500 976 3685 1055 ἄφεσιν
3721 976 3860 1032 οὗτε

2185 1062 2236 1120 ἰν
2269 1069 2349 1131 τῷ
2378 1064 2539 1120 «tam
2591 1065 2798 1138 τούτῳ,
2831 1061 2957 1120 οὔτε
3011 1064 3065 1121 ἰν
3119 1069 3198 1137 τῷ
3261 1062 3548 1138 μέλλοντιο
3581 1062 3716 1142 ὅπερ
3751 1065 3859 1121 σὺν

2187 1153 2356 1230 Πατρὶ
2388 1159 2460 1225 (4)
2491 1154 2581 1209 καὶ
2611 1155 2722 1226 Υἱῷ
2767 1158 2836 1228 τῇ
2891 1161 2992 1225 τῆς
3050 1154 3309 1225 θεότητος
3339 1152 3468 1229 δόξῃ
3521 1154 3852 1228 τετίμηται·

2185 1245 2246 1300 οὗ
2277 1243 2370 1299 καὶ
2411 1243 2601 1319 χρείαν
2651 1238 2843 1318 ἔχουσι
2903 1244 3087 1318 θρόνοι
3145 1243 3236 1299 καὶ
3293 1243 3637 1319 κυριότητες.
3671 1245 3854 1320 ἀρχαὶ

2183 1334 2272 1389 καὶ
2303 1333 2558 1404 ἐξουσίαι.
2612 1333 2702 1395 Εἷς
2732 1331 2835 1408 γάρ
2889 1332 3000 1389 ἐστι
3061 1333 3216 1401 Θεὸς,
3249 1334 3277 1388 6
3306 1337 3403 1389 τοῦ
3434 1336 3668 1406 Χριστοῦ
3725 1339 3851 1389 lla-

2179 1427 2305 1498 τήρ⁹
2366 1425 2454 1479 καὶ
2515 1426 2592 1484 εἷς
2646 1422 2841 1496 Κύριος
2901 1424 3112 1494 Ἰησοῦς
3169 1425 3399 1497 Χριστὸς
3439 1424 3467 1478 6
3506 1427 3606 1479 τοῦ
3671 1425 3858 1498 μόνον

2183 1518 2316 1569 Θεοῦ
2371 1514 2669 1588 μονογενὴς
2718 1513 2840 1575 Υἱός
2869 1516 2967 1585 (5)·
2999 1513 3088 1568 καὶ
3118 1509 3172 1568 ἓν
3200 1514 3263 1568 τὸ
3293 1517 3514 1585 Πνεῦμα
3569 1515 3631 1568 τὸ
3663 1514 3856 1590 ἅγιόν,

2181 1605 2244 1660 τὸ
2275 1603 2489 1658 πάντων
2520 1604 2831 1677 ἁγῖαστικὸν
2878 1603 2967 1658 καὶ
3024 1603 3298 1667 θεοποιὸν,
3329 1603 3392 1658 τὸ
3452 1604 3506 1658 ἐν
3561 1604 3718 1677 νόμῳ
3755 1598 3855 1659 καὶ

2181 1695 2532 1772 προφήταις,
2593 1692 2806 1764 Παλαιᾷ
2859 1713 2920 1748 τε
2973 1691 3063 1748 καὶ
3129 1697 3296 1768 Καινῇ
3355 1695 3601 1768 Διαθήκῃ
3660 1692 3858 1764 λαλῆ-

2187 1803 2303 1840 σαν.

2261 1874 2337 1931 ΙΖ“
2388 1871 2602 1942 Ταύτην
2631 1870 2726 1948 ἔχε
2780 1873 2880 1942 τὴν
2941 1870 3210 1949 σφραγῖδα
3263 1871 3317 1929 ἐν
3367 1877 3438 1947 τῇ
3500 1870 3712 1945 διανοίᾳ
3748 1894 3856 1930 σου

2185 1961 2436 2034 πάντοτε,
2469 1962 2592 2031 ἥτις
2620 1966 2712 2016 νῦν
2771 1963 2864 2034 μὲν
2926 1963 3062 2017 κατὰ
3117 1961 3588 2041 ἀκακεφαλαίωσιν
3618 1965 3853 2038 ἀκροθι-

2185 2058 2296 2128 γῶς
2357 2074 2441 2108 σοι
2475 2058 2545 2114 (6;
2603 2049 2834 2128 ε”ρηταιο
2869 2051 2917 2107 εἴ
2973 2049 3032 2108 δὲ
3079 2053 3358 2129 παράσχοι
3390 2054 3419 2108 6
3452 2052 3673 2126 Κύριος.
3709 2053 3864 2127 μετᾶ

2187 2145 2285 2206 τῆς
2329 2140 2389 2197 ἐκ
2417 2146 2524 2196 τῶν
2557 2145 2786 2216 Ι¹ραφῶν
2849 2139 3174 2210 ἀποδείξεως
3221 2141 3358 2197 κατᾶ
3404 2138 3632 2216 δοναμιν
3669 2141 3864 2218 ῥηθῦ-

2191 2253 2356 2290 σεται.
2392 2237 2483 2287 Δεῖ
2509 2231 2613 2306 γὰρ
2673 2230 2794 2306 περὶ
2851 2235 2959 2286 τῶν
3015 2232 3174 2286 θείων
3231 2233 3321 2287 καὶ
3379 2231 3547 2306 ἁγίων
3605 2239 3703 2302 τῆς
3760 2230 3866 2287 πῖ-

2190 2343 2358 2384 στεως
2421 2320 2761 2397 μυστηρίων,
2824 2317 2966 2392 μηδὲ
3019 2321 3082 2376 τὸ
3137 2321 3306 2396 τυγὸν
3332 2319 3456 2376 ἄνευ
3515 2325 3624 2377 τῶν
3687 2321 3860 2386 θείων

502 2440 546 2474 ³³
578 2441 778 2496 Matth.
812 2458 962 2505 xxn’,
995 2443 1048 2495 4.
1079 2440 1126 2476 ⁸⁸
1156 2442 1329 2497 Hebr.
1363 2459 1413 2502 ν.
1455 2444 1534 2498 14.
1569 2441 1616 2478 ⁴⁰
1646 2441 1790 2496 ibid.
1827 2444 1912 2496 i3.
1946 2443 1991 2478 ‘“
2027 2443 2077 2497 Ct

2194 2443 2234 2509 i,
2266 2457 2321 2495 η.
2361 2442 2445 2495 16.

436 2510 484 2547 ⁹³
517 2513 539 2568 1
569 2513 699 2567 Cor.
734 2529 851 2580 vni,
885 2515 935 2566 6.
968 2511 1016 2547 9‘
1050 2513 1172 2566 Vid.
1206 2521 1314 2568 cat.
1348 2517 1430 2579 16,
1466 2531 1524 2568 n.
1557 2517 1608 2568 6.
1642 2513 1690 2548 9‘
1728 2515 1852 2569 Vid.
1886 2520 1998 2570 cat.
2039 2517 2121 2581 l2,
2151 2530 2210 2568 n.
2244 2516 2310 2580 ὅς
2370 2518 2477 2566 cat.
2516 2513 2601 2577 l6,
2635 2514 2728 2564 n.l
2767 2517 2826 2566 et
2852 2512 2906 2568 2.

502 2639 574 2708 (1)
602 2639 712 2692 Hoc
758 2635 1121 2707 signaculum.
1158 2637 1461 2709 Significat
1501 2655 1567 2693 ea
1599 2655 1705 2693 vox
1741 2639 1976 2694 ﬁrmum
2024 2645 2083 2694 et

429 2708 798 2764 indelibilem
833 2711 1050 2762 mentis
1079 2708 1409 2764 assensum.
1444 2710 1554 2764 Sic.
1591 2717 1702 2765 cat.
1745 2715 1794 2778 4,
1826 2727 1966 2765 num
2025 2715 2077 2776 5,

421 2782 593 2852 jubet
619 2787 683 2834 ut
704 2780 905 2835 audita
929 2781 988 2835 in
1021 2781 1432 2836 catechesibus
1461 2798 1565 2851 per
1595 2783 1773 2836 finem
1795 2783 1856 2836 in
1881 2784 2078 2838 animo

429 2852 780 2924 obsignent;
816 2861 874 2906 et
902 2860 996 2907 cat
1049 2854 1114 2905 23
1171 2869 1226 2907 n.
1279 2855 1341 2906 18
1373 2894 1388 2920 ,
1433 2854 1515 2906 ait
1542 2871 1645 2924 per
1674 2871 1875 2910 vocem
1905 2857 2081 2908 Amen

427 2924 490 2978 in
515 2924 630 2978 line
649 2923 945 2996 orationis
972 2924 1312 2990 Dominicee,
1336 2923 1643 2994 superiOra
1667 2927 1963 2996 postulata
1984 2926 2082 2980 ob-

429 2995 669 3066 signari,
707 2995 813 3050 hoc
837 3006 926 3050 est
955 2997 1290 3066 approbari.
1336 2996 1548 3050 Eodem
1586 2995 1763 3052 sensu
1796 2998 1855 3052 in
1903 2999 2081 3052 Joan-

2192 2637 2367 2710 primi
2395 2654 2406 2703 ;
2437 2640 2636 2710 etcat.
2671 2651 2820 2710 seq_.,
2853 2651 2942 2710 n._
2974 2637 3051 2690 l2.
3103 2635 3440 2710 symbolum
3468 2636 3645 2710 etiam
3678 2643 3857 2693 ante-

2192 2692 2368 2782 quam
2395 2692 2733 2782 [scripturas
2756 2692 3018 2782 legerint
3037 2692 3360 2782 auditores,
3381 2707 3597 2782 illudve
3625 2692 3753 2779 ipse
3775 2725 3853 2764 ex

2193 2779 2510 2852 Scripturis
2534 2779 2918 2852 confirmarit.
2935 2785 3097 2833 certo
3122 2786 3179 2833 et
3200 2780 3562 2835 irrevocabili
3590 2795 3850 2834 assensu

2192 2851 2374 2924 recipi
2407 2853 2688 2924 praecipiti,
2725 2851 2952 2924 idcirco
2984 2857 3079 2905 cat
3134 2853 3196 2904 13
3254 2868 3314 2906 n.
3348 2855 3399 2909 9.
3432 2852 3512 2924 ait
3554 2851 3658 2904 hos
3691 2867 3842 2924 con:

2195 2921 2547 2979 ventus—non
2569 2924 2642 2977 ad
2665 2921 2840 2976 [idem
2864 2922 3118 2991 primum
3141 2923 3611 2993 concipiendam.
3638 2922 3743 2977 sed
3765 2921 3846 2978 ad

2191 2994 3017 3066 comparandamrilrmiorem
3073 3011 3269 3049 rerum
3323 2997 3448 3063 jam
3481 2993 3844 3066 creditarum

430 3065 525 3121 nis
571 3067 903 3139 Evangelio,
963 3065 1090 3138 cap.
1144 3085 1224 3132 Ill,
1273 3069 1359 3124 33.
1415 3070 1496 3123 ait
1523 3070 1776 3124 Joannes
1820 3071 2076 3140 Baptista
2109 3069 2150 3134 C
2190 3065 2621 3123 convictionem
2663 3065 2985 3120 institutos.
3019 3067 3133 3121 Nec
3175 3068 3424 3121 mirum:
3466 3065 3674 3122 ﬁdeles
3712 3068 3842 3135 jam

431 3155 566 3193 eum
598 3141 696 3206 qui
732 3140 949 3210 accipit
973 3140 1185 3194 Christi
1217 3140 1644 3199 testimonium.
1678 3142 1910 3207 signare
1941 3141 2078 3211 quia

433 3213 573 3264 Deus
597 3225 767 3284 cerac:
797 3219 916 3284 est;
947 3211 1103 3279 quod
1140 3220 1272 3284 est,
1325 3218 1388 3264 ut
1418 3212 1673 3284 explicat
1703 3213 1984 3284 Origenes
2017 3213 2078 3266 in

433 3288 642 3354 catena
671 3281 767 3354 ad_
794 3283 1101 3354 Joannem.
1138 3281 1195 3335 id
1236 3289 1392 3354 certa
1425 3283 1610 3337 animi
1651 3281 2077 3354 approbatione

433 3352 712 3406 καταθέσει
745 3348 935 3424 βεϐαίᾳ
966 3353 1027 3406 in
1059 3369 1120 3406 se
1153 3353 1495 3408 conﬁmare.

505 3425 747 3495 (2)(7ἰνοα
790 3424 996 3483 divina.
1028 3431 1135 3478 etc.
1198 3425 1361 3480 Hunc
1417 3426 1632 3484 locum.
1666 3443 1734 3481 ac
1786 3427 2081 3481 nonnulla

435 3495 653 3570 similia
684 3511 815 3566 quaa
845 3495 1303 3570 apudCyrillum
1326 3505 1668 3570 occurrunt,
1699 3498 1886 3570 carpit
1912 3499 2078 3554 Rive-

432 3572 526 3621 tus
557 3567 630 3621 ad
669 3567 1123 3639 oppugnandam
1175 3570 1606 3624 Catholicorum
1641 3569 1711 3624 de
1745 3567 2080 3625 traditionis

433 3639 784 3694 auctoritate
805 3656 872 3693 ac
903 3639 1254 3694 necessitate
1287 3642 1642 3695 sententiam
1688 3642 1791 3696 Cui
1817 3648 1906 3697 sat
1927 3642 2079 3696 mul-

431 3710 506 3785 tis
534 3711 597 3785 in
645 3712 1084 3785 Dissertatione
1120 3713 1292 3767 tertia
1337 3713 1617 3784 respondi
1672 3714 1772 3768 Hic
1827 3715 1901 3769 ad
1952 3714 2080 3785 ejus

433 3783 909 3854 intelligentiam.
928 3783 1218 3854 triplicem
1233 3826 1245 3848 ,
1262 3801 1391 3854 qua:
1408 3783 1583 3839 omne
1602 3792 1970 3840 momentum
1983 3783 2082 3840 au-

428 3853 562 3920 fert,
614 3853 1085 3928 observationem
1117 3853 1424 3910 subtexam
1447 3873 1486 3928 :7
1514 3860 1566 3909 1ο
1599 3857 1654 3910 Si
1687 3873 1919 3911 summo
1944 3857 2079 3928 jure

434 3933 657 3996 agatur.
695 3927 870 3982 verba
901 3929 1025 3982 haec
1059 3929 1386 3997 respicmnt
1406 3927 1781 3982 solummodo
1799 3929 2082 3983 articulos

437 3999 710 4069 superius
725 4000 1056 4070 propositos
1069 3999 1453 4053 deTrinitate.
1472 4015 1622 4069 quos
1644 4000 1896 4070 Cyrillus
1914 4017 2078 4054 num.

437 4085 558 4141 seq.
609 4070 786 4124 fidem
836 4071 1189 4141 simpliciter
1230 4071 1510 4141 appellat,
1541 4070 1630 4124 vel
1662 4071 1733 4125 ad
1757 4088 2080 4134 summum,

437 4087 558 4140 seq.
609 4087 786 4124 naem
836 4087 1189 4141 Simpliciter
1230 4087 1302 4140 ap
1350 4087 1510 4137 enat,
1541 4087 1630 4124 vel
1662 4087 1733 4125 aa
1757 4088 2080 4134 summum,

436 4140 766 4214 doctrinam
786 4142 1036 4214 symboli
1053 4148 1172 4196 tota
1185 4087 1636 4212 quagragesima
1649 4143 2081 4214 explanandam

436 4230 613 4283 quam
645 4213 898 4283 Cyrillus
924 4213 1139 4282 passim
1195 4220 1253 4266 et
1284 4214 1342 4266 in
1379 4215 1486 4268 hoc
1518 4214 1646 4268 loco
1684 4213 1812 4270 mea
1843 4222 2084 4269 senten-

438 4285 537 4357 tia.
569 4284 698 4353 ﬁdei
731 4285 969 4338 nomine
1003 4283 1311 4357 designat:
1333 4287 1476 4339 Cum
1510 4292 1722 4357 autem
1756 4287 1954 4357 Cyri!“
1983 4288 2079 4354 λα’

433 4356 611 4413 dicio.
645 4361 755 4429 cat.
792 4357 843 4429 Ei,
872 4373 909 4409 n
969 4357 1068 4429 12η
1089 4354 1419 4429 symbolum
1442 4356 1587 4410 nihil
1611 4357 1772 4412 aliud
1798 4354 1874 4412 sit
1903 4374 2081 4429 quam

2188 3140 2643 3204 dicebantur;et
2674 3143 2875 3192 monet
2905 3140 3145 3192 Procat..
3178 3155 3236 3192 n.
3271 3141 3322 3195 5.
3359 3143 3416 3194 et
3445 3145 3557 3192 cat.
3594 3141 3648 3194 5.
3689 3154 3748 3192 n.
3785 3140 3840 3204 2,

2188 3230 2260 3266 ne
2292 3210 2753 3281 appellationem
2804 3209 2959 3264 hanc
2992 3209 3176 3264 animi
3209 3209 3299 3264 sui
3329 3209 3686 3264 inﬁdelitate
3719 3209 3843 3264 vio-

2186 3284 2333 3338 lent.
2366 3284 2550 3336 Taceo
2589 3281 2660 3336 de
2719 3297 3022 3335 sacrorum
3081 3282 3499 3350 mysteriorum
3549 3281 3842 3344 doctrina.

2189 3370 2442 3426 quorum
2473 3353 2889 3426 probationem
2943 3352 3172 3426 distulit
3220 3361 3353 3426 post
3387 3353 3752 3425 baptismum
3781 3358 3847 3407 et

2189 3423 2414 3482 Pascha
2439 3442 2452 3479 :
2481 3423 2557 3480 an
2589 3425 2808 3479 idcirco
2858 3423 3229 3488 dubitanter,
3255 3424 3444 3479 donec
3469 3423 3849 3491 argumenta

2189 3500 2274 3553 eis
2307 3499 2679 3557 alferrentur.
2713 3496 2784 3551 ad
2818 3512 2886 3550 ea
2915 3495 3194 3550 accedere
3233 3497 3578 3552 concessit?
3608 3497 3710 3567 qui
3762 3497 3847 3552 ita

2191 3572 2424 3626 sentiat.
2458 3569 2983 3624 videritcat.18.n.
3014 3570 3097 3621 32.
3125 3567 3517 3632 Quamobrem
3555 3569 3680 3623 haac
3711 3584 3846 3623 ver-

2187 3642 2263 3696 ba
2285 3659 2296 3696 :
2319 3645 2392 3698 Ne
2411 3640 2552 3696 mihi
2571 3640 2792 3709 quidem
2813 3640 2929 3694 hac
2944 3642 3250 3708 proferenti
3270 3640 3598 3709 simpliciter
3617 3645 3842 3703 orer/as.

2191 3714 2432 3768 ﬁdentis
2457 3721 2589 3767 sunt
2617 3711 2871 3765 hominis
2900 3709 2970 3764 de
2993 3711 3454 3765 Christianorum
3490 3709 3841 3780 dogmatum

2187 3787 2452 3848 veritate,
2488 3801 2605 3838 non
2637 3783 2930 3838 dubitare.
2965 3782 3152 3836 donec
3183 3781 3537 3837 sufﬁcientia
3562 3783 3838 3838 aﬂ‘eran—

2189 3863 2285 3912 tur
2305 3861 2670 3925 argumenta,
2704 3853 3122 3924 permittentis.

2263 3932 2335 3995 t3)
2371 3923 2669 4001 Σφσαγὶζον
2702 3923 2796 3978 σου
2845 3925 2955 4001 ’τὴν
2999 3925 3205 3998 ψυχήν.
3249 3926 3316 3980 In
3369 3923 3568 3987 editis,
3602 3923 3840 4001 σφραγί-

2192 4004 2268 4067 ζει
2299 3995 2668 4070 scripsimus.
2700 3995 2976 4070 σραγίζον,
3011 3995 3427 4070 δι’ρνοηοωθη
3474 4016 3573 4070 σοο
3605 3995 3840 4055 addidi-

2193 4089 2323 4126 mus
2372 4069 2442 4125 εἰ
2490 4069 2656 4124 codd.
2694 4069 2865 4123 Coisl.
2925 4071 3064 4136 Roe,
3114 4069 3364 4124 Casaub.
3416 4069 3612 4126 Ottob.
3673 4070 3836 4128 Colb.

2192 4143 2355 4198 Bodl.
2390 4141 2533 4197 edit.
2578 4142 2637 4195 (ἶ.
2675 4141 2874 4195 Morel.

2257 4217 2334 4284 (4)
2365 4215 2539 4284 Ὅπερ
2573 4212 2665 4266 οὖν
2701 4212 2891 4284 ΙΙατρί.
2945 4217 3034 4267 etc
3088 4213 3168 4266 Ea
3196 4211 3432 4282 phrasis
3479 4214 3654 4269 aliter
3683 4212 3834 4284 legi-

2257 4231 2334 4284 μ)
2369 4231 2539 4270 υπεο
2573 4232 2665 4266 ουν
2701 4231 2891 4284 ιιατρι.
2945 4231 3034 4267 etc
3091 4231 3168 4266 na
3196 4231 3432 4282 pura51s
3479 4231 3654 4269 aliter
3685 4231 3736 4269 ie
3778 4231 3833 4267 ι-

2191 4292 2286 4340 tur
2317 4287 2376 4340 in
2401 4273 2570 4341 codd.
2604 4285 2779 4339 Coisl.
2815 4284 3006 4340 Ottob.
3059 4285 3200 4348 Roe,
3234 4285 3486 4340 Casaub.
3533 4294 3592 4341 et
3621 4231 3833 4341 (ἔνυξε-

2193 4360 2306 4428 cio.
2335 4360 2456 4413 sic:
2490 4357 2620 4428 ὅπερ
2652 4355 2784 4426 μετὰ
2833 4354 3037 4425 Ματρὸς
3091 4354 3182 4407 καὶ
3242 4354 3374 4407 Υἱοῦ
3557 4363 3656 4423 τῆς
3689 4356 3834 4427 ἀξίας

431 4411 876 4501 compendiaria
899 4411 1328 4501 praecipitor-um
1351 4428 1665 4501 Scriptura}
1679 4411 1937 4500 capituni
1957 4411 2080 4484 c612
2113 4437 2157 4500 ι)
2185 4411 2674 4501 “acanthi.
2727 4429 2826 4498 qui
2881 4411 3000 4481 cuin
3025 4411 3218 4501 'I_’atre
3247 4434 3298 4480 et
3322 4411 3500 4501 Ἑὶίιὸ
3539 4411 3834 4501 φ’ρᾑιᾶιίέ

428 4499 628 4564 lectio,
663 4500 879 4553 mirum
912 4515 1029 4552 non
1079 4503 1168 4551 est
1222 4499 1350 4566 ejus
1409 4499 1766 4556 doctrinam’
1796 4509 1974 4556 totam
2008 4517 2077 4555 ex

431 4571 747 4640 Scripturis
773 4569 956 4624 asseri
991 4577 1234 4640 etposse
1249 4577 1306 4623 et
1335 4570 1580 4636 debere;
1606 4589 1716 4627 nec
1747 4571 2078 4627 diffitentur

428 4642 736 4705 Catholici.
771 4659 903 4697 cum
929 4642 1159 4696 nullum
1193 4641 1252 4696 in
1276 4643 1544 4768 stymbolo
1561 4645 1773 4716 dogma
1803 4645 1930 4699 sola
1961 4653 2074 4699 tra-

432 4714 658 4768 ditione
692 4714 764 4768 ad
799 4731 907 4768 nos
936 4714 1261 4768 derivatum
1321 4715 1468 4768 acile
1515 4723 1854 4768 agnoscant.
1889 4720 1946 4768 2°
1968 4717 2072 4768 Lo-

432 4714 658 4770 ditione
692 4714 764 4768 ad
799 4731 907 4768 nos
936 4714 1261 4768 derivatum
1296 4714 1468 4768 facile
1515 4714 1854 4771 agnoscant.
1889 4720 1946 4770 2°
1968 4717 2072 4771 Lo-

429 4786 633 4858 quitur
649 4792 854 4841 auctor
876 4786 1083 4858 nonad
1113 4785 1675 4858 baptizatosquibus
1693 4789 1869 4842 fidem
1895 4788 2079 4844 semel

430 4857 491 4913 in
524 4858 818 4926 baptismo
867 4857 1064 4912 datam
1109 4863 1166 4911 et
1195 4857 1521 4928 professam
1554 4867 1893 4919 retractare.
1928 4859 2080 4915 etad

431 4944 747 4983 censuram
780 4944 948 4982 suam
972 4945 1245 4983 revocare
1263 4931 1458 4995 nefas;
1485 4932 1586 4987 sed
1610 4933 1684 4987 ad
1713 4933 2082 4986 catechume-

433 5016 544 5054 nos
569 4999 786 5075 quibus
817 4999 1122 5075 religionis
1170 5009 1386 5075 nostra;
1411 5074 1418 5075 ί
1447 5004 1661 5059 veritas
1695 5006 1882 5058 ﬁrmis
1905 5021 2078 5075 argu.

433 5070 654 5146 mentis
701 5071 1020 5124 asserenda
1049 5077 1191 5146 erat.
1228 5075 1286 5126 3ο
1311 5074 1425 5146 Sed
1458 5091 1652 5146 neque
1684 5077 1812 5130 istis
1843 5075 1913 5130 de
1940 5070 2076 5146 pro-

434 5141 763 5214 positarum
789 5156 992 5214 rerum,
1021 5142 1262 5214 veritate
1293 5141 1585 5204 dubitare.
1620 5153 1679 5201 et
1707 5153 1843 5202 ante
1873 5141 2076 5202 earum

435 5212 844 5290 probationem
867 5212 1160 5290 judicium
1183 5232 1352 5269 suum
1376 5219 1739 5290 suspendere
1766 5219 2074 5290 permittit.

433 5285 558 5338 Jam
588 5284 743 5337 enim
771 5283 1174 5352 superioribus
1205 5283 1615 5343 catechesibus
1649 5283 1824 5345 fidem
1856 5298 2077 5346 certam

435 5361 492 5407 et
521 5355 912 5409 indubitatam
943 5355 1015 5408 ab
1049 5355 1134 5408 eis
1159 5358 1365 5428 exagit.
1403 5360 1457 5411 ν.
1501 5363 1738 5418 Ρνοσαῑ..
1775 5379 1832 5416 n.
1867 5365 1918 5426 8,
1960 5365 1990 5416 5
2024 5370 2081 5416 et

439 5428 540 5491 i7;
575 5433 686 5482 cat.
725 5431 773 5499 1_.
809 5430 917 5499 n._l
957 5432 1014 5478 et
1044 5429 1118 5489 2;
1153 5435 1245 5481 cat
1300 5432 1350 5494 2,
1381 5447 1436 5484 n.
1473 5435 1504 5484 2
1536 5441 1594 5486 et
1625 5437 1694 5499 5;
1730 5441 1839 5488 cat.
1867 5435 1919 5496 3,
1953 5451 2012 5487 n.
2047 5435 2077 5486 3

437 5501 495 5546 et
527 5501 611 5552 15.
651 5502 710 5553 In
741 5495 1014 5574 hacipsa‘
1037 5500 1326 5574 catechesi
1362 5519 1477 5574 qua
1497 5495 2079 5574 jubet‘probationes

434 5569 788 5647 exspectari,
821 5565 1088 5647 singulos
1117 5569 1236 5647 fere
1269 5565 1549 5647 articulos
1576 5565 1784 5647 incipit
1813 5594 1848 5632 a
1882 5577 2076 5639 verbo.

431 5635 604 5719 Qrede
634 5661 647 5706 ;
679 5658 746 5696 ac
781 5635 1235 5719 propositamde
1267 5643 1548 5719 Trinitate
1568 5635 1898 5704 doctrinam
1930 5635 2077 5719 pra);

420 5710 575 5778 cipit
596 5720 882 5787 tanquam
913 5710 1215 5768 immobile
1240 5713 1608 5785 signaculum
1653 5721 1713 5774 in
1745 5710 1946 5776 animo
1967 5719 2075 5774 im-

2188 4496 2388 4557 honore
2418 4496 2810 4556 condecorat—us
2840 4506 2930 4553 est.
2969 4497 3186 4552 Eadem
3217 4499 3527 4569 utriusque
3549 4496 3818 4552 lectionis

2188 4576 2269 4628 vis
2293 4581 2607 4629 estznelas
2649 4571 2808 4626 enim
2857 4569 2915 4623 in
2946 4571 3241 4636 dignitatis
3295 4571 3498 4624 honore
3543 4569 3827 4640 >piritum_

2187 4653 2456 4701 sanetum
2488 4662 2608 4722 una
2638 4659 2772 4722 cum
2805 4642 2974 4722 Patre
3007 4645 3066 4694 et
3104 4636 3682 4722 lfuliohconjunge—re,
3716 4636 3832 4722 nisi

2187 4719 2366 4772 unius
2396 4714 2717 4771 divinitatis
2740 4712 3055 4784 participes
3077 4713 3216 4766 sint.
3251 4715 3506 4784 Primam
3530 4712 3732 4784 itaque
3754 4713 3833 4784 le-

2189 4790 2445 4843 ctionem
2477 4785 2676 4856 Cyrilli
2713 4783 2841 4839 esse
2874 4800 3048 4854 posse
3080 4801 3200 4840 non
3233 4783 3597 4856 dubitamus.
3623 4783 3724 4856 qui
3747 4783 3834 4839 di-

2188 4860 2492 4914 vinitatem
2517 4845 2758 4927 ἓ»ρὶτὶιυὶ
2790 4845 2993 4910 sancto
3025 4873 3180 4927 saepe
3201 4855 3490 4927 attribuit.
3521 4845 3757 4927 Siccat.
3782 4857 3832 4927 6,

2188 4948 2248 4987 n.
2282 4933 2350 4985 6:
2385 4931 2497 4997 Τῆς
2526 4924 2782 4999 θεότητος
2819 4932 2920 4994 τῆς
2969 4924 3209 4999 παριὶιῆς
3266 4926 3375 4981 ἐστι
3437 4925 3529 4981 σῦν
3557 4925 3640 4999 τῷ
3674 4924 3833 4983 Ilvati-

2193 5005 2430 5075 ματιτῷ
2472 4998 2611 5074 ἁγίῳ
2662 4999 2924 5060 κοινωνὸς
2957 4998 2985 5052 6
3018 4998 3142 5058 Υἱὸς
3187 4999 3510 5074 μονογενὴς·
3563 4998 3834 5075 υῑυὶηἱιᾳ-

3767 5070 3833 5125 tis

2261 5220 2339 5289 (5)
2371 5218 2678 5290 Μονογενής
2711 5217 2850 5279 Υἱὸς.
2886 5219 3044 5272 Inter
3074 5217 3199 5272 haec
3230 5234 3347 5291 quo
3388 5217 3567 5291 verba
3609 5221 3832 5291 repete—

2190 5291 2364 5346 batur
2394 5293 2456 5346 in
2488 5289 2663 5347 editis
2681 5307 2788 5344 vox
2847 5292 3000 5352 Θεοῦ,
3037 5306 3214 5360 quam
3265 5289 3702 5346 eliminavimus
3731 5301 3831 5343 au-

2191 5364 2459 5418 ctoritate
2492 5363 2662 5418 codd.
2691 5361 2866 5417 Coisl.
2909 5361 3098 5417 Ottob.
3153 5363 3290 5416 Boe.
3327 5363 3576 5417 Casaub.
3625 5369 3682 5416 et
3711 5374 3833 5413 ver—

2191 5435 2377 5490 sionis
2408 5435 2559 5490 Grod
2619 5437 2751 5489 Post
2779 5432 2903 5492 Υἱὸς
2935 5450 3004 5488 ex
3037 5432 3246 5487 iisdem
3279 5433 3605 5497 codicibus,
3639 5429 3829 5489 Ottob.

2191 5514 2433 5579 excepto
2489 5506 2824 5561 addidimus
2856 5505 3338 5579 coniunctionem
3369 5503 3476 5579 ξιαί.

2259 5572 2704 5651 (6)-’λκροθιγῶς
2736 5597 2840 5651 στέι-
2869 5579 3080 5651 Vocem
3099 5595 3186 5651 σοι
3209 5577 3638 5651 θάάίάίηπὲε-θκ
3662 5572 3841 5651 οοδᾲ⁹

2189 5645 2364 5705 Coisl.
2399 5645 2536 5708 Hoc.
2588 5645 2833 5705 Casaub.
2870 5650 3130 5721 etGrod.
3175 5656 3234 5704 et
3261 5647 3757 5721 praepositionem
3787 5645 3848 5701 ὲκ

2189 5729 2324 5777 ante
2353 5725 2462 5776 τῶν
2489 5725 2736 5798 Γραφῶν,
2771 5727 2828 5776 et
2857 5719 3032 5776 Coisl.
3068 5727 3126 5776 et
3155 5719 3348 5789 Ottob,
