4152 6276
342 340 462 398 489

1226 327 1707 392 CATECHESIS
1755 325 1856 385 ιν.
1905 324 2005 383 DE
2049 320 2299 383 DECEll
2349 323 2874 386 DOGMATIBUS.

3641 328 3761 387 490

345 470 398 524 οἱ
459 469 715 528 ἀσθενεῖς.
773 461 949 520 Καλὸν
1015 463 1110 536 μὲν
1163 463 1267 538 γὰρ
1323 460 1530 532 αὐτοῖς,
1589 456 1678 513 ἐὰν
1743 454 1990 529 μείνωσιν

2118 457 2347 527 nuptias
2372 457 2706 525 accedatur,
2742 474 2818 512 ne
2870 457 3215 513 scortationi
3255 458 3758 516 succumbantin-

345 559 422 622 ὡς
455 557 627 633 κάγὼ,
661 555 821 633 φησὶν
873 555 901 608 ὁ
960 550 1317 614 Ἀπόστολος’
1380 549 1428 604 εἲ
1485 546 1542 603 δὲ
1583 547 1682 602 οὐκ
1712 542 1994 620 ἐγκρατεύ-

350 669 524 716 ονται,
607 643 1030 722 γαμησάτωσαν·
1121 645 1366 715 κρεῖσσον
1446 639 1548 714 γάρ
1619 635 1729 691 ἔστι
1812 639 1996 709 γαμῆ-

344 758 455 809 σαι,
489 734 525 805 ἢ
585 737 910 809 πυροῦσθαι.
969 732 1050 788 Τά
1108 727 1164 784 δὲ
1219 729 1388 784 λοιπά
1442 725 1617 780 πάντα
1672 723 1992 797 ἐξοριζὲσθω

349 825 583 900 μακρὰν,
617 820 864 899 πορνεία,
901 821 1150 896 μοιχεία,
1179 818 1271 873 καὶ
1302 821 1405 870 πᾶν
1459 815 1523 870 τὸ
1564 820 1666 882 τῆς
1695 809 1991 872 ἀκολασίας

347 913 506 978 εἶδος·
540 913 865 985 τετῆρήσθω
896 908 954 964 δὲ
980 911 1041 963 τὸ
1074 912 1233 981 σῶμα
1281 911 1362 978 τῷ
1421 903 1604 979 Κυρίῳ
1633 905 1711 971 (1)
1740 900 1996 972 καθαρὸν,

343 1004 438 1058 ’ἱνα
466 1003 558 1058 καὶ
590 1002 620 1056 ὁ
652 1000 847 1076 Κύριος
880 993 1152 1072 ὶπιϐλὲψῃ
1208 1000 1290 1050 τῶ
1345 995 1580 1066 σώματι.
1623 990 1910 1065 Τρεφὲσθω
1941 986 1999 1043 δὲ

349 1093 414 1148 τὸ
447 1092 609 1165 σῶμα
641 1089 862 1158 σιτίοις,
887 1085 980 1142 ’ίνα
1018 1090 1104 1159 ζῇ,
1161 1084 1250 1140 καὶ
1286 1080 1699 1157 ἀνεμποδίστως
1730 1079 1995 1154 ὑπηρετῇ·

350 1181 414 1235 οὗ
450 1181 558 1252 μὴν
594 1178 686 1232 ἳνα
712 1177 850 1252 πρὸς
875 1174 1081 1251 τρυφὰς
1114 1169 1333 1245 ἐκδοθῇ.

881 1353 1009 1428 Περὶ
1045 1351 1350 1428 βρωμάτων

420 1447 544 1504 ΚΖ’.
575 1445 679 1502 Καὶ
709 1443 834 1518 περὶ
863 1446 1081 1520 τροφῶν
1135 1439 1272 1495 ἔστω
1320 1440 1448 1511 ὑμῖν
1475 1441 1644 1493 ταῦτα
1691 1435 1760 1490 τὰ
1790 1432 1996 1510 δόγμα-

345 1531 658 1603 ταοὲπειδὴ
688 1531 895 1589 πολλοὶ
926 1531 1016 1586 καὶ
1069 1531 1193 1605 περὶ
1245 1531 1311 1583 τὰ
1371 1528 1637 1605 βρώματα
1691 1524 1997 1581 πταίουσιν.

346 1627 415 1685 Οἱ
441 1626 537 1699 μὶν
559 1626 664 1700 γὰρ
693 1627 810 1683 τοῖς
867 1619 1258 1684 είδωλοθύτοις
1317 1615 1629 1694 ἀδιαφόρως
1656 1615 1997 1690 προσέρχον-

344 1736 454 1772 ται·
491 1716 543 1770 οἳ
575 1712 634 1768 δὲ
665 1713 886 1767 ἀσκοῦσι
923 1711 1040 1782 μὶν,
1073 1707 1453 1783 κατακρίνουσι
1517 1703 1574 1761 δὶ
1623 1707 1752 1767 τοὺς
1791 1704 1996 1768 ἐσθίον-

341 1824 464 1867 τας.
497 1803 586 1858 καὶ
618 1797 894 1878 διαφόρως
924 1798 976 1853 ἐν
1006 1803 1087 1868 τῷ
1115 1796 1243 1871 περὶ
1277 1797 1584 1870 βρωμάτων
1617 1792 1772 1868 λόγῳ
1827 1797 1992 1848 τινῶν
2028 1833 2076 1898 Β

360 1897 369 1898 ,
461 1897 467 1898 ,
732 1888 748 1898 .
785 1887 798 1898 .
1037 1887 1052 1898 .
1206 1884 1218 1898 .
1486 1888 1511 1898 ..
1676 1881 1689 1898 .
1736 1883 1783 1898 Α,
1986 1880 1996 1894 .

346 1897 383 1963 ἡ
445 1893 601 1966 ψυχὴ
655 1887 969 1964 μολύνεται,
1027 1884 1362 1962 ἀγνοούντων
1415 1888 1516 1938 τοῦ
1567 1903 1626 1938 τε
1674 1881 1868 1938 ἐσθίειν
1908 1880 1996 1936 καὶ

353 1985 430 2056 μή
462 1984 560 2044 τὰς
592 1978 896 2055 ὲπωφελεῖς
928 1976 1126 2038 αἰτίας.
1183 1975 1534 2046 Νηστεύομεν
1585 1975 1691 2048 γὰρ
1740 1971 1891 2028 οἷ’νου
1941 1992 1999 2027 τε

347 2074 438 2130 καὶ
470 2076 645 2147 κρεῶν
678 2065 1034 2145 ἀπεχόμενοι,
1070 2065 1176 2121 οὐχ
1207 2064 1282 2128 ὡς
1306 2061 1659 2138 βδελύγματα
1692 2066 1995 2136 μισοῦντες,

348 2161 495 2219 ἀλλά
522 2162 614 2217 τὸν
643 2159 832 2232 μισθὸν
881 2153 1312 2232 προσδοκῶντες·
1368 2155 1457 2207 ἳνα
1508 2153 1780 2222 αἲσθητῶν
1836 2152 1998 2226 ὑπερ-

349 2251 578 2315 ιδόντες,
609 2246 1008 2319 ἀπολαύσωμεν
1032 2249 1407 2317 πνευματικῆς
1437 2243 1524 2297 καὶ
1558 2249 1762 2312 νοητῆς
1793 2241 1994 2316 τραπὲ-

350 2347 467 2410 ζης-
501 2337 590 2394 καὶ
619 2338 713 2391 ἳνα
762 2338 853 2390 νῦν
885 2333 1195 2404 σπείραντες
1227 2329 1280 2385 ἐν
1312 2327 1646 2404 δάκρυσιν,ἐν
1678 2326 1997 2404 ἀγαλλιάσει

348 2428 652 2502 θερίσωμεν
711 2423 764 2478 ἐν
813 2427 893 2494 τῷ
951 2419 1215 2494 μέλλοντι
1276 2419 1452 2474 αἰῶνι.
1490 2419 1582 2487 Μὴ
1605 2417 1784 2472 τοίνυν
1832 2435 1998 2471 κατα-

349 2518 538 2594 φρόνει
569 2519 673 2568 τῶν
707 2511 1018 2579 ἐσθιόντων,
1069 2509 1159 2564 καὶ
1215 2505 1304 2562 διὰ
1359 2509 1462 2576 τὴν
1516 2508 1784 2578 σωμάτων
1843 2505 1999 2560 ἀσθὲ-

350 2626 500 2662 νειαν
537 2597 1086 2676 μεταλαμϐανόντων·
1125 2595 1266 2669 μηδὲ
1292 2596 1419 2671 ψὲγε
1473 2595 1600 2658 τοὺς
1661 2595 1836 2670 ὀλίγῳ
1867 2593 1998 2666 οἳνῳ

355 2693 703 2772 γρωμένους,
755 2689 844 2746 διὰ
897 2691 990 2745 τὸν
1046 2683 1326 2762 στόμαχον
1356 2686 1445 2740 καὶ
1476 2686 1572 2747 τὰς
1605 2685 1808 2746 πυκνὰς
1842 2685 1997 2748 ἀσθε-

353 2784 524 2845 νείας·
585 2782 671 2837 καὶ
725 2783 865 2853 μήτε
923 2777 1118 2838 αὐτοὺς
1177 2777 1251 2838 ὡς
1339 2773 1702 2849 ἁμαρτωλοὺς
1755 2772 2002 2849 κατακρί-

353 2894 450 2946 νῃς
615 2870 768 2939 Μήτε
797 2867 870 2929 ὡς
901 2865 1169 2940 ἀλλότρια
1229 2864 1374 2937 μίσει
1421 2863 1489 2918 τὰ
1544 2863 1693 2938 κρὲα·
1728 2860 1842 2917 οἶδε
1899 2861 1998 2937 γάρ

348 2981 501 3023 τινας
543 2956 828 3017 τοιούτους
885 2956 913 3010 ὁ
970 2950 1332 3020 Ἀπόστολος,
1393 2950 1593 3026 λέγων’
1658 2949 1998 3007 Κωλυόντων

350 3053 572 3124 γαμεῖν,
627 3046 924 3108 ἀπέχεσθαι
989 3042 1323 3118 βρωμάτων,
1396 3037 1432 3096 ἄ
1486 3042 1514 3096 ὁ
1591 3040 1723 3102 Θεὸς
1798 3035 2002 3094 ἔκτισεν

350 3139 426 3199 εἰς
511 3135 818 3211 μετάληψιν
901 3133 1038 3207 μετὰ
1116 3129 1466 3206 εὐχαριστίας
1545 3135 1664 3194 τοῖς
1759 3134 1994 3192 πιστοῖς.

2107 544 2284 600 firmi.
2319 547 2533 602 Bonum
2561 554 2638 602 est
2667 547 2830 601 enim
2855 549 2950 614 eis,
2995 549 3042 601 si
3091 551 3481 615 permanserit,
3540 552 3680 604 sicut
3711 557 3764 605 et

2104 650 2222 702 ego.
2259 635 2453 706 inquit
2483 635 2801 707 Apostolus
2834 653 2848 701 ;
2879 637 2928 690 si
2956 652 3081 690 vero
3111 652 3222 689 non
3250 652 3304 690 se
3334 639 3759 700 continent,nu-

2107 722 2234 776 bant
2261 739 2273 776 :
2310 725 2502 778 melius
2531 731 2606 779 est
2639 727 2782 778 enim
2813 724 3035 790 nubere,
3059 741 3224 793 quam
3253 726 3344 778 uri
3401 724 3469 778 ²².
3503 726 3756 798 Reliqua

2108 826 2240 864 vero
2263 812 2468 865 omnia
2497 812 2704 882 procul
2735 812 2830 868 65
2858 811 3228 883 ablegentur,
3263 813 3565 882 scortatio,
3597 814 3762 870 adul-

2107 899 2343 966 terium,
2379 905 2437 955 et
2469 917 2645 956 omne
2678 901 2933 955 lascivia:
2963 917 3150 972 genus
3178 925 3192 967 ;
3224 907 3606 958 conservetur
3621 921 3758 959 vero

2108 1003 2322 1058 corpus
2348 989 2596 1043 Domino
2629 987 3016 1055 mundum,ut
3033 989 3318 1044 Dominus
3342 990 3521 1045 etiam
3542 1007 3758 1062 corpus

2105 1082 2421 1146 respectet.
2469 1078 2770 1132 Nutriatur
2827 1083 3026 1132 autem
3066 1077 3371 1133 alimentis
3401 1083 3467 1133 ut
3494 1079 3666 1146 vivat,
3699 1085 3759 1135 et

2105 1165 2330 1236 absque
2348 1167 2772 1239 impedimento
2803 1167 3142 1237 famuletur,
3176 1174 3236 1224 at
3278 1185 3399 1225 non
3431 1175 3497 1224 ut
3524 1170 3755 1227 deliciis

2109 1257 2396 1312 tradatur.

2821 1349 2890 1402 De
2912 1349 3068 1406 cibis.

2177 1436 2400 1492 XXVII.
2435 1437 2515 1490 Ac
2545 1435 2618 1490 de
2648 1436 2795 1492 cibis
2829 1436 2944 1492 ista
2973 1437 3136 1492 vobis
3167 1438 3631 1509 prazscribantur
3663 1439 3767 1495 de-

2107 1530 2269 1579 creta
2303 1541 2315 1590 ;
2349 1524 2839 1595 quandoquidem
2889 1526 3061 1580 multi
3112 1527 3268 1582 circa
3307 1544 3472 1583 escas
3522 1544 3760 1600 quoque

2107 1613 2464 1683 impingunt.
2507 1615 2649 1668 Nam
2683 1613 2782 1667 alii
2812 1614 3054 1684 quidem
3087 1615 3262 1670 idolis
3294 1617 3600 1670 immolata
3632 1618 3764 1672 sine

2108 1702 2457 1757 discrimine
2489 1703 2844 1775 contingunt
2871 1704 2944 1774 (4)
2980 1703 3118 1770 ;alii
3153 1721 3287 1759 vero
3319 1705 3761 1760 exercitationis

2109 1808 2288 1847 causa
2319 1791 2648 1846 secundum
2679 1791 2947 1846 asceticm
2973 1793 3104 1846 vitae
3136 1793 3474 1848 institutum
3506 1795 3581 1865 [a
3609 1810 3760 1848 non-

2110 1881 2314 1950 nullis]
2348 1881 2673 1948 abstinent,
2708 1881 2995 1936 damnant
3025 1887 3224 1937 autem
3247 1899 3346 1937 eos
3378 1883 3478 1954 qui
3501 1883 3759 1939 mandu-

2109 1971 2332 2037 cant",
2359 1976 2416 2024 et
2440 1971 2521 2025 ita
2544 1971 2699 2024 varie
2731 1971 2886 2026 circa
2941 1970 3103 2025 cibos
3130 1972 3525 2042 quorumdam
3555 1973 3760 2028 anima

2109 2060 2394 2132 pelluitur
2423 2061 2486 2126 ³⁸,
2520 2059 2660 2114 dum
2685 2066 2743 2114 et
2772 2059 3170 2116 manducandi
3205 2067 3262 2115 et
3291 2061 3628 2118 abstinendi
3649 2064 3760 2117 uti-

2109 2151 2196 2206 les
2229 2167 2437 2206 causas
2461 2152 2752 2221 ignorant.
2785 2151 3132 2221 Jejunamus
3165 2152 3325 2207 enim
3381 2153 3512 2208 vino
3541 2159 3600 2209 et
3628 2171 3760 2210 car-

2110 2240 2286 2294 nibus
2320 2240 2712 2307 abstinentes,
2746 2257 2868 2295 non
2923 2257 2993 2296 ea
3031 2242 3201 2311 quasi
3261 2241 3497 2312 piacula
3547 2242 3759 2298 abhor-

2109 2337 2331 2398 rentes,
2361 2332 2464 2387 sed
2497 2333 2936 2403 exspectatione
2968 2333 3297 2399 mercedis;
3330 2333 3550 2388 utdum
3574 2334 3765 2388 sensi—

2111 2421 2257 2477 bilia
2289 2421 2444 2476 ultro
2489 2422 2953 2487 contemnimus,
2981 2421 3234 2493 spiritali
3285 2422 3763 2496 intelligibilique

2110 2526 2320 2566 mensa
2350 2509 2764 2581 perfruamur:
2799 2516 2980 2581 utque
3017 2527 3176 2566 nunc
3207 2511 3569 2566 seminantes
3599 2511 3656 2566 in
3677 2510 3762 2568 la-

2110 2598 2350 2670 crymis,
2385 2599 2444 2654 in
2478 2600 2870 2654 exsultatione
2919 2605 3213 2656 metamus
3263 2601 3324 2655 in
3355 2600 3572 2656 saeculo
3615 2618 3760 2656 ven-

2111 2692 2241 2742 turo
2274 2686 2340 2743 2⁵.
2376 2689 2456 2742 Ne
2487 2688 2665 2756 igitur
2693 2703 3010 2759 aspernare
3043 2705 3143 2742 eos
3177 2689 3277 2760 qui
3311 2689 3673 2744 manducent
3689 2687 3755 2756 9°,

2111 2781 2168 2832 et
2199 2776 2272 2831 ob
2304 2793 2618 2848 corporum
2651 2777 3122 2832 imbecillitatem
3140 2777 3338 2831 cibum
3357 2784 3600 2832 sumunt
3622 2795 3754 2844 ;ne-

2112 2883 2226 2938 que
2259 2866 2394 2920 illos
2421 2866 2825 2936 reprehendas
2859 2867 2961 2937 qui
2996 2865 3226 2920 modico
3272 2867 3406 2921 vino
3455 2873 3706 2924 utuntur
3738 2886 3752 2936 ;

2110 2962 2354 3027 propter
2378 2955 2749 3010 stomachum
2777 2961 2836 3009 et
2877 2957 3220 3026 frequentes
3264 2956 3706 3013 inﬁrmitates”
3739 2974 3753 3014 :

2112 3062 2258 3100 neve
2289 3061 2388 3100 eos
2421 3050 2704 3115 tanquam
2733 3051 3074 3116 peccatores
3107 3046 3611 3103 condemnes.l\'ec
3626 3065 3758 3104 vero

2115 3141 2400 3205 tanquam
2423 3134 2652 3190 alienas
2707 3135 2904 3189 oderis
2953 3151 3200 3191 carnes:
3235 3136 3570 3207 cujusmodi
3609 3154 3760 3194 non-

349 3198 952 3301 ‘Anaidpsvoq'roivbv
1011 3198 1269 3288 106mb,-
1313 3219 1390 3291 μὴ
1433 3218 1507 3280 ὡς
1542 3217 1852 3292 βδελυκτῶν
1903 3219 2002 3275 ἀπ-

2119 3198 2318 3280 ωιΠόδ
2348 3229 2591 3278 noverat
2619 3223 2953 3294 Apostolus,
2988 3240 3124 3278 cum
3156 3198 3414 3280 diceret:
3455 3226 3759 3282 Prohiben-

347 3312 642 3390 ἐχου,ἐπεὶ
673 3311 864 3386 μισθὸν
897 3309 996 3364 οὐκ
1051 3307 1220 3369 ἔχειςο
1283 3305 1412 3362 ἀλλ’
1468 3308 1544 3370 ὡς
1589 3308 1771 3363 καλῶν
1819 3305 1989 3364 ὅντων

346 3403 692 3478 ὑπερφρόνει,
727 3398 817 3455 διὰ
844 3399 910 3454 τά
939 3417 1273 3473 προκειμενα
1302 3398 1474 3467 νοητά
1501 3395 1790 3456 καλλίονα.

2119 3318 2254 3372 tium
2283 3318 2530 3384 nuptias,
2583 3315 2971 3370 abstinentiam
3027 3316 3512 3388 [praecipientium]
3545 3335 3580 3371 a
3608 3319 3763 3384 cibis,

2105 3421 2237 3474 quos
2291 3409 2432 3459 Deus
2483 3405 2688 3458 creavit
2747 3409 2809 3456 ut
2872 3420 2906 3457 a
2959 3403 3209 3472 ﬁdelibus
3268 3421 3390 3460 cum
3447 3409 3759 3475 gratiarum

345 3498 564 3553 actione
581 3493 970 3564 percipiantur
991 3490 1055 3544 ‘-’°.
1089 3489 1196 3554 Qui
1224 3489 1404 3561 igitur
1432 3488 1504 3543 ab
1538 3489 1631 3543 his
1659 3489 1943 3558 abstine=,
1978 3510 2096 3548 non
2130 3494 2296 3565 quasi
2330 3493 2401 3548 ab
2431 3492 2848 3548 abominandis
2877 3497 3222 3563 temperato,
3256 3493 3480 3566 alioqui
3525 3511 3751 3551 merce-

349 3587 488 3642 dem
510 3583 743 3639 nullam
768 3580 1078 3636 habiturus
1101 3596 1198 3647 es;
1224 3577 1326 3632 sed
1361 3583 1643 3648 tanquam
1675 3577 1829 3634 bona
1855 3583 2264 3652 praetermitte,
2296 3587 2538 3654 propter
2563 3581 2984 3653 intelligibilia,
3017 3599 3147 3652 quae
3182 3582 3286 3636 tibi
3318 3591 3750 3654 proponuntur.

353 3665 545 3722 multo
577 3661 849 3718 meliora.

432 3774 478 3807 ²²
506 3773 530 3825 Ι
565 3771 694 3825 Cor.
728 3784 826 3835 vn,
855 3769 912 3835 8,
943 3769 995 3821 9.
1027 3765 1074 3801 ³³
1099 3768 1265 3822 Rom.
1303 3782 1417 3837 xiv,
1449 3766 1480 3819 3
1504 3763 1551 3800 ²⁴
1580 3767 1603 3820 Ι
1641 3766 1770 3821 Cor.
1808 3784 1923 3836 vm,
1953 3772 2004 3826 7.

2118 3770 2268 3825 Psal.
2304 3786 2467 3837 cxxv,
2525 3772 2578 3824 5.
2638 3767 2686 3803 ³⁸
2745 3771 2913 3825 Rom.
2965 3785 3077 3837 xxv,
3109 3771 3160 3824 3.
3193 3767 3240 3804 ³⁸⁷
3273 3771 3464 3826 ITim.
3497 3789 3552 3842 ν,
3582 3774 3673 3828 23.
3707 3771 3756 3806 ³⁸

353 3856 380 3908 I
411 3852 540 3907 Tim
568 3866 646 3914 ιν,
680 3849 731 3902 3.

422 3979 503 4044 (1)
550 3975 642 4043 Τῷ
694 3969 898 4044 Κυρίῳ,
942 3975 1063 4044 etc.
1122 3971 1256 4044 Haec
1306 3975 1384 4044 et‘
1413 3973 1744 4044 sequentia
1826 3975 2003 4030 verba

355 4041 549 4117 usque
581 4041 654 4100 ad
697 4041 890 4117 σιτίοις
925 4043 1141 4097 desunt
1169 4043 1232 4097 in
1279 4041 1450 4117 codd.
1501 4041 1664 4098 Colb.
1728 4044 1889 4099 Bodl.
1950 4051 2008 4101 et

357 4115 508 4203 edit:
640 4115 840 4203 ξίφει.
875 4120 1117 4203 propter“
1139 4115 1906 4203 rvocemgm‘bp‘azﬂrepet‘itam.

430 4190 511 4260 (2)
543 4186 674 4260 Περξ
709 4185 1041 4260 βρωμάτων.
1076 4187 1250 4260 Deest
1305 4185 1400 4260 hic
1456 4185 1665 4260 titulus
1724 4187 1785 4241 in
1835 4187 2006 4244 codd.

355 4255 525 4317 Colb.
564 4255 724 4314 Bodl;
747 4255 954 4313 Morel.
992 4259 1131 4322 Roe,
1163 4255 1412 4311 Casaub.
1456 4256 1716 4312 Habetur
1764 4275 1899 4314 vero
1949 4260 2011 4314 in

356 4332 633 4432 (Zoisl.ft
654 4330 849 4386 Ottob.
899 4331 961 4384 in
999 4345 1162 4383 num.
1224 4343 1352 4398 sup.
1415 4334 1548 4398 post
1601 4327 1836 4399 σώματι,
1875 4337 2010 4386 ante

355 4411 661 4464 τοεφὲσθω.

395 4457 510 4545 ἰέ)
565 4457 663 4526 ίίαί
723 4472 864 4545 μήτε
919 4467 1132 4545 αὐτοὺς-
1167 4467 1241 4545 ᾡς
1303 4467 1693 4545 ’ἁμαρτωλοὺς
1759 4470 2015 4545 κατακρί-

359 4540 638 4618 militum
691 4540 869 4618 verba
926 4541 986 4596 in
1043 4541 1218 4618 editis
1249 4540 1338 4618 Iob
1401 4540 1816 4618 repetitionem
1849 4540 2018 4618 vocis

368 4612 510 4685 μήτε
549 4615 977 4688 praetermissa,
1031 4612 1400 4688 restituimus
1459 4628 1545 4688 ex_
1589 4612 1758 4688 codd.
1837 4615 2012 4669 Cois].

365 4683 570 4745 Ottob'
599 4691 740 4753 Roe,
773 4685 1020 4742 Casaub.
1045 4684 1209 4739 Colb.
1245 4689 1303 4738 et
1323 4699 1472 4738 vers.
1507 4683 1681 4738 Grod.

440 4761 518 4828 (4)
552 4759 660 4814 Alii
715 4759 876 4813 idolis
933 4757 1214 4828 immolata
1269 4757 1386 4828 sine
1424 4755 1769 4828 discrimine
1811 4759 2020 4812 contin-

367 4825 530 4902 gunt.
564 4829 725 4902 Multi
757 4827 1142 4902 hocnomine
1177 4825 1436 4902 hieretici
1481 4843 1515 4880 a
1567 4827 1899 4902 veteribus
1924 4845 2018 4883 re-

367 4897 671 4976 prehensi.
703 4903 768 4976 In
798 4900 1008 4976 primis
1035 4897 1354 4976 Nicolaitaa,
1389 4903 1538 4976 teste
1567 4898 1816 4976 Irenaeo,
1839 4899 1942 4954 lib.
1976 4917 2015 4964 ι,

372 4969 502 5044 bap.
537 4974 626 5040 26,
649 4989 707 5027 ιι.
743 4969 901 5044 3,'ab
933 4971 1060 5040 ipso
1084 4969 1312 5024 Christo
1371 4969 1500 5044 ejus
1551 4970 1792 5024 sceleris
1846 4988 2016 5044 accu«

369 5041 601 5109 santur,
638 5041 1531 5115 Apocalyps.cap._u,vers.lli,et
1561 5057 1708 5096 vers.
1740 5046 1808 5095 20
1835 5043 2014 5097 Justi-

370 5134 505 5179 nus,
543 5111 929 5186 Πίαιόῃηρίιιζ.
953 5111 1512 5186 r253,_Qhri_stianum
1539 5127 1893 5186 quemquam
1926 5131 2023 5186 ne-

369 5195 468 5260 gat
498 5187 594 5241 hic
625 5182 987 5260 cibisinlici,
1008 5183 1117 5260 sed_
1145 5183 1204 5236 id
1236 5182 1721 5260 inlliarcionitas,
1741 5182 2022 5260 ‘Valenti-

369 5254 604 5325 nianos,
641 5257 1054 5318 Basilidianos,
1088 5254 1545 5326 Saturnilianos,
1596 5255 1863 5326 aliosque
1893 5257 2015 5311 hai-

372 5331 594 5386 reticos
627 5328 914 5401 rejicit.ld
944 5331 1233 5401 praeterea
1253 5325 2018 5401 de_Val_entinianiscertum

371 5420 441 5458 ex
475 5397 851 5462 IrenaeoJib.
887 5397 1103 5468 1,7cap.
1140 5399 1190 5451 6.
1225 5413 1280 5451 n.
1318 5399 1368 5460 3,
1425 5397 1496 5451 de
1531 5398 1906 5453 Basilidianis
1965 5405 2022 5454 et

368 5471 868 5544 Carpocratianis,
896 5487 965 5544 ex
996 5468 1203 5524 eodem
1226 5485 1355 5544 cap.
1388 5470 1476 5533 28,
1510 5484 1569 5523 n.
1602 5472 1654 5522 2.
1711 5469 2014 5544 Quosude-

332 5539 511 5600 inde
542 5541 1193 5604 damnatabstinentes,
1254 5539 1506 5594 aliorum
1564 5557 1685 5595 non
1744 5541 2022 5595 similiter

371 5615 805 5672 abstinentiam
850 5612 1333 5683 reprehensores.
1387 5611 1424 5665 ii
1486 5618 1626 5666 sunt
1672 5629 1820 5683 quos
1866 5613 2021 5668 infra

372 5688 520 5745 dicit
547 5703 584 5744 a
615 5687 750 5741 vino
777 5690 837 5741 et
865 5682 1146 5740 carnibus
1185 5683 1355 5756 quasi
1385 5683 1639 5755 piaculis
1661 5682 2016 5742 abhorrere:

701 5804 963 5866 ΡΑι-ιιοι..
1008 5801 1118 5862 Gn.
1164 5798 1422 5866 XXXlil.

2115 3975 2176 4029 in
2209 3974 2415 4046 primis
2434 3979 2636 4030 autem
2667 3975 2951 4030 Tatianus
2979 3979 3039 4029 et
3065 3974 3585 4046 Encratitanren.
3609 3975 3718 4031 lib.
3747 3992 3763 4031 ι

2118 4044 2244 4118 cap.
2275 4048 2457 4118 28,~n.
2498 4047 2692 4118 1,7qui
2747 4044 3286 4118 reprehenduntur,
3337 4045 3495 4118 quod
3539 4045 3611 4103 ab
3642 4047 3770 4103 ani-

2118 4116 2294 4173 matis
2314 4116 2494 4172 rebus
2528 4116 2950 4189 abstinentiam
2981 4117 3345 4189 praeciperet.
3365 4116 3492 4172 Vini
3525 4135 3764 4189 quoque

2119 4205 2296 4244 usum
2328 4205 2464 4243 eum
2491 4188 2926 4244 condemnasse
2958 4187 3126 4244 testis
3143 4187 3326 4243 Clem.
3363 4187 3559 4251 Alex”?
3581 4187 3684 4244 lib:
3718 4206 3759 4244 ιι

2122 4261 2376 4332 Ρωάαση
2403 4276 2531 4330 cap.
2565 4259 2618 4330 2,
2652 4276 2763 4331 pag
2808 4261 2930 4323 158.
2964 4265 3021 4314 et
3077 4259 3196 4315 alii.
3241 4259 3384 4332 "Vid.
3446 4261 3762 4332 Epiphan.,

2123 4331 2336 4385 haeres.
2370 4347 2515 4399 χιιι,
2539 4347 2600 4385 n.
2622 4332 2678 4398 2,
2731 4337 2789 4385 et
2819 4348 2988 4397 van,
3039 4348 3096 4385 ιι.
3155 4333 3204 4387 1.
3239 4331 3509 4386 Εὺίοιιωῑ
3553 4348 3769 4402 aquam

2128 4402 2317 4457 solam
2349 4403 2410 4456 in
2442 4402 2740 4473 mysteriis
2767 4402 3212 4468 adhibebant,et
3240 4402 3315 4458 ab
3346 4403 3624 4457 animatis
3639 4403 3768 4458 abs-

2128 4473 2436 4528 tinebant:
2465 4474 2647 4544 Epiph
2680 4516 2692 4540 ,
2726 4475 2931 4529 hmres.
2967 4491 3101 4539 xxx,
3137 4491 3195 4528 ιι.
3233 4474 3316 4540 l6,
3343 4479 3403 4528 et
3439 4476 3517 4527 t5.
3553 4474 3771 4529 Eadem

2125 4545 2437 4600 Marcionis
2494 4545 2762 4611 haeresis,
2792 4562 2926 4600 reos
2966 4544 3196 4616 judicio
3250 4545 3643 4614 pronuntians
3667 4546 3767 4616 qui

2127 4632 2337 4672 carnes
2383 4621 2708 4687 gustarent,
2751 4621 3035 4687 tanquam
3074 4616 3307 4669 animas
3347 4616 3770 4687 comedentes;

2126 4685 2604 4760 Epiph.,ihaeres.
2637 4705 2768 4760 xm,
2792 4705 2851 4742 n.
2874 4685 2918 4741 ‘3
2945 4693 3003 4740 et
3037 4689 3118 4740 t2.
3144 4685 3467 4760 __Seve_riani
3505 4687 3578 4760 ab
3609 4686 3772 4743 omni

2127 4756 2386 4814 usulvini
2418 4759 2816 4821 abstinebant,
2851 4759 3024 4812 vitem
3055 4774 3089 4810 a
3127 4756 3362 4811 diabolo
3394 4759 3682 4814 consitam
3716 4764 3776 4813 et

2130 4831 2422 4902 serpentis
2454 4831 2678 4885 semine
2707 4834 3076 4902 procreatam
3093 4828 3352 4902 aientes:
3378 4830 3764 4902 Epiph.,haar.

2128 4899 2250 4969 ην,
2275 4919 2334 4956 n.
2371 4903 2396 4954 1
2424 4903 2639 4955 et2.De
2663 4899 3117 4955 Manichaeorum
3148 4899 3353 4954 electis
3384 4899 3771 4973 Augustinus,

2129 4973 2340 5027 hmresi
2371 4989 2518 5035 XLVI,
2553 4988 2682 5042 pag.
2715 4973 2777 5024 15
2811 4988 2823 5025 :
2863 4973 3022 5024 «Nec
3053 4976 3370 5026 vescuntur
3401 4973 3770 5029 carnibus....

2126 5065 2154 5094 «
2186 5060 2296 5116 nec
2323 5042 3152 5116 alimonialactisputuntur....
3181 5043 3379 5116 vinum
3398 5060 3517 5099 non
3536 5045 3771 5116 bibunt,

2133 5136 2160 5164 ι(
2186 5114 2454 5168 dicentes
2468 5115 2544 5167 fel
2575 5130 2702 5168 esse
2727 5113 3085 5184 principium
3106 5114 3501 5169 tenebrarum.
3519 5113 3772 5172 :Philas;

2131 5185 2528 5250 trius,_hmresi
2553 5201 2744 5256 χχχιιι,
2771 5201 2826 5238 ιιι
2849 5184 3047 5251 class,
3081 5185 3350 5241 nominat
3371 5187 3774 5256 Abstinentes,

2131 5257 2419 5328 quosdam
2443 5257 2504 5310 in
2536 5255 2716 5310 Gallis
2730 5255 3045 5327 ,Hispaniis
3077 5261 3136 5311 et
3151 5255 3775 5328 Aquitania,Gnosticoé

2129 5345 2251 5383 rum
2333 5335 2384 5412 et
2449 5328 2879 5408 Manichaeorum
2944 5329 3319 5412 particulam“
3338 5337 3611 5412 sequente,
3667 5331 3776 5412 qui

2131 5416 2192 5456 se
2239 5399 2490 5453 arabant
2519 5398 2794 5470 conjugia
2828 5415 2841 5464 ;
2875 5414 3040 5453 escas
3072 5415 3191 5453 non
3217 5416 3253 5455 a
3286 5398 3420 5466 Deo,
3452 5401 3554 5456 sed
3586 5417 3620 5455 a
3651 5398 3777 5456 dia-

2131 5416 2262 5524 bolo
2313 5470 2496 5524 factas
2533 5469 2830 5524 dicebant.
2855 5471 2920 5524 In
2951 5471 3043 5524 his
3075 5487 3224 5524 auos
3256 5471 3641 5524 reprehendit
3671 5472 3777 5524 Cv-

2127 5469 2262 5542 bolo
2313 5470 2496 5524 factas
2533 5469 2830 5525 dicebant.
2855 5471 2920 5524 In
2951 5471 3043 5524 his
3075 5487 3224 5537 quos
3256 5471 3641 5542 reprehendit
3671 5472 3779 5540 Cy-

2131 5541 2301 5613 rillus
2331 5546 2584 5612 possunt
2604 5542 2905 5596 numerari
2946 5541 3338 5607 Montanistm,
3375 5544 3474 5613 qui
3507 5559 3639 5596 cum
3664 5549 3782 5596 tres

2129 5612 2619 5686 Quadragesimas
2651 5630 2757 5686 per
2787 5629 3028 5680 annum,
3069 5612 3636 5686 etausterajejunia
3666 5613 3781 5665 ob-

2132 5684 2454 5756 servarent,
2493 5684 2824 5742 Catholicos
2856 5701 2986 5742 eam
3017 5684 3514 5746 consuetudinem
3544 5696 3664 5735 non
3692 5696 3783 5733 se-

3345 5800 3423 5859 16
