4152 6276
300 365 422 423 49⁸7

1177 361 1653 424 CATECHESIS
1697 362 1804 423 ιν.
1849 360 1955 420 DE
2001 361 2256 423 DEOEM
2305 366 2846 430 DOGMATIBUS.

3607 376 3727 435 498

370 493 472 547 AA'
528 488 881 564 Ἀλεξάνδρου
937 490 1041 566 γὰρ
1095 495 1192 546 τοῦ
1274 489 1599 549 Μακεδόνων
1680 489 1948 566 βασιλέως

2131 493 2370 551 XXXIV.
2407 497 2738 553 Alexandro
2762 498 2922 554 enim
2955 499 3340 556 Macedonum
3361 518 3498 574 rege
3521 503 3730 560 defun-

290 581 744 653 τελευτήσαντος,
775 580 864 636 καὶ
893 587 995 650 τῆς
1050 579 1330 656 βασιλείας
1390 581 1465 643 εἷς
1520 582 1780 656 τὲσσαρας
1814 577 1954 634 διαι-

295 673 547 746 ρεθείσης
579 672 777 746 ἀρχὰς,
811 669 890 732 εἷς
919 692 978 726 τε
1021 672 1120 739 τήν
1170 668 1521 727 Βαϐυλωνίαν
1554 670 1643 725 καί
1690 672 1788 739 τὴν
1836 671 1956 726 Μα-

293 758 563 831 κεδονίαν,
599 759 780 817 Ἀσίαν
835 781 894 815 τε
951 759 1041 814 καὶ
1088 760 1186 828 τήν
1245 758 1539 834 Αἴγυπτον·
1577 762 1652 821 εἷς
1681 763 1787 813 τῶν
1849 759 1949 826 τῆς

294 850 580 924 Αἰγύπτου
631 847 1056 925 βασιλευόντων,
1117 849 1461 922 Πτολεμαῖος
1503 850 1530 902 ὁ
1582 845 1954 925 Φιλάδελφος,

296 938 782 1014 φιλολογώτατος’
818 937 1106 1014 γενόμενος
1141 936 1413 1014 βασιλεὺς,
1452 938 1548 1002 τὰς
1577 937 1713 992 κατὰ
1755 958 1954 991 παντα-

295 1033 404 1104 χοῦ
441 1023 671 1104 βίϐλους
719 1026 1105 1100 συναθροίζων,
1155 1027 1302 1104 παρᾶ
1349 1026 1669 1102 Δημητρίου
1700 1031 1796 1080 τοῦ
1837 1032 1952 1081 Φα-

293 1115 536 1192 Ληρέως,
573 1121 671 1172 τοῦ
727 1123 827 1186 τῆς
891 1111 1260 1191 βιϐλιοθήκης
1328 1119 1660 1189 προνοητοῦ,
1693 1114 1953 1187 περὶτῶν

293 1210 541 1280 νομικῶν
594 1205 684 1261 καὶ
741 1210 1098 1282 προφητικῶν
1151 1205 1307 1269 θείων
1363 1209 1588 1282 Γραφῶν
1626 1203 1949 1266 ἐπακούσαςε

288 1297 384 1352 καὶ
419 1296 562 1352 πολὺ
592 1294 823 1352 κάλλιον
869 1295 1075 1371 κρίνας,
1135 1296 1196 1351 ού
1247 1295 1390 1371 παρᾶ
1445 1294 1684 1350 ἀκόντων
1718 1295 1952 1370 ἀναγκα-

288 1391 438 1448 στῶς
467 1385 534 1441 τᾶ
567 1381 759 1460 βιϐλία
784 1387 1107 1456 κτήσασθαι,
1138 1386 1265 1441 ἀλλ’
1309 1384 1694 1456 ἐξιλεώσασθαι
1748 1383 1951 1456 δώροις

292 1471 512 1546 μᾶλλον
541 1475 630 1528 καὶ
665 1473 822 1551 φιλίᾳ
851 1473 978 1536 τοὺς
1011 1471 1261 1548 ἔχοντας·
1295 1472 1387 1528 καί
1429 1472 1727 1547 γινώσκων,
1777 1471 1859 1527 ὅτι
1889 1474 1952 1528 τὸ

292 1566 388 1636 μὲν
422 1563 759 1641 ἀναγκαστὸν
805 1561 1060 1618 δολοῦται
1117 1563 1406 1630 πολλάκις,
1460 1559 1833 1639 ἀπροαιρέτως
1869 1560 1949 1617 δι-

290 1650 640 1724 δόμενον,τὸ
701 1649 748 1706 δ’
804 1650 864 1706 ἐκ
917 1653 1283 1726 προαιρέσεως
1340 1652 1720 1727 παρεχόμενον
1747 1654 1824 1726 (1)
1857 1653 1948 1707 σὺν

289 1739 523 1812 ἀληθείᾳ
550 1744 619 1813 τῇ
651 1741 796 1815 πάσῃ
859 1738 1132 1816 δωρεῖται’
1192 1739 1504 1816 Ἐλεαζάρῳ
1559 1745 1639 1813 τῷ
1697 1740 1819 1796 τότε
1850 1741 1944 1815 ἆρο

288 1835 490 1905 χιερεῖ,
523 1829 757 1885 πλεῖστα
815 1827 964 1899 δῶρα
1021 1830 1241 1902 πεμψας
1300 1828 1376 1891 εἰς
1435 1831 1525 1884 τὸν
1586 1829 1810 1894 ἐνταῦθα
1838 1836 1946 1886 τῶν
1979 1848 2028 1914 Β

283 1917 694 1990 Ἱεροσολύμων
746 1919 892 1986 ναὸν,
952 1913 1003 1990 ἕξ
1054 1917 1189 1973 κατᾶ
1219 1920 1392 1987 θυΛὴν
1449 1922 1558 1973 τῶν
1618 1915 1827 1974 δώδεκα
1853 1924 1949 1974 τοῦ

286 2007 517 2084 Ἰσραὴλ
567 2007 754 2086 φυλῶν
806 2009 944 2083 πρὸς
1000 2009 1187 2064 ἑαυτὸν
1241 2008 1318 2071 εἰς
1350 2007 1638 2084 ἑρμηνείαν
1699 2009 1947 2081 ἐποίησεν

282 2095 628 2153 ἀποστεῖλαι.
693 2098 824 2154 Εἶτα
880 2097 970 2152 καί
1029 2094 1126 2152 τού
1187 2096 1506 2169 θείαςῆμὴ
1560 2099 1656 2160 τὰς
1715 2094 1950 2174 βίϐλους

281 2189 440 2260 εἶναι,
491 2183 790 2261 λαμϐάνων
848 2187 1144 2263 ἀπόπειραν
1176 2190 1273 2262 (2),
1326 2189 1590 2264 καὶπρὸς
1639 2197 1702 2244 τὸ
1765 2191 1842 2262 μή
1875 2187 1948 2259 (3)

285 2275 577 2332 συνδυάσαι
635 2277 773 2352 πρὸς
829 2276 1114 2348 ἀλλήλους
1165 2277 1296 2340 τοὺς
1348 2276 1751 2341 ἀποσταλέντας
1810 2279 1948 2334 ὑπο·

289 2366 528 2430 πτεύσας
557 2369 656 2441 (4)·
715 2365 766 2421 ἐν
825 2369 895 2441 τῇ
954 2365 1224 2442 λεγομένῃ
1283 2366 1472 2441 Φάρῳ,
1501 2371 1572 2441 τῇ
1603 2369 1739 2444 πρὸς
1790 2367 1948 2425 Ἀλε-

288 2453 569 2531 ξάνδρειαν
616 2457 862 2530 κειμένῃ,
913 2460 1022 2510 τῶν
1077 2456 1538 2532 παραγενομενων
1599 2456 1948 2531 ἐρμηνευτῶν

285 2543 506 2618 ἑκάστῳ
565 2542 706 2600 ἴδιον
763 2545 909 2600 οἶκον
971 2545 1289 2617 ἀπονεῖμας,
1361 2544 1570 2618 ἑκάστῳ
1623 2547 1798 2608 πάσας
1853 2548 1947 2608 τὰς

283 2636 508 2712 Γραφᾶις
540 2633 826 2709 ἐπέτρεψεν
872 2633 1222 2710 ἑρμηνεῦσαι.
1280 2636 1499 2690 Τούτων
1534 2632 1592 2689 δὶ
1621 2634 1674 2689 ἐν
1706 2629 1950 2708 ἐϐδομή-

283 2745 460 2780 κοντα
513 2725 601 2779 καὶ
669 2722 765 2780 δύο
817 2725 1054 2799 ἡμέραις
1106 2725 1171 2780 τὸ
1229 2730 1457 2799 πρᾶγμα
1513 2723 1946 2798 πληρωσάντων,

288 2816 392 2876 τὰς
448 2817 589 2886 ὁμοῦ
644 2814 858 2869 πάντων
933 2813 1224 2890 ἑρμηνείας
1260 2858 1274 2882 ,
1330 2813 1392 2876 εὶς
1449 2814 1585 2869 κατὰ
1655 2812 1946 2892 διάφόρους

288 2901 480 2965 οἴκους
532 2902 806 2973 ἀλλήλοις
854 2905 931 2976 μὴ
973 2904 1284 2976 προσιέντες
1317 2905 1394 2977 (5)
1427 2902 1776 2974 ἐποιήσαντο,
1829 2925 1947 2958 συν-

285 2993 504 3069 αγαγὼν
565 2990 652 3047 ἐπὶ
708 2993 771 3047 τὸ
829 2991 981 3062 αὐτὸ,
1043 2991 1106 3046 ού
1167 2991 1332 3063 μόνον
1386 2992 1437 3047 ἐν
1480 2995 1770 3066 νοήμασιν,
1800 2991 1946 3048 ἀλλὰ

279 3082 375 3136 καὶ
408 3081 461 3136 ἐν
494 3080 699 3152 λέξεσιν
729 3085 876 3155 εὗρεν
909 3080 1255 3158 συμφώνους.
1307 3082 1384 3138 Οὑ
1434 3081 1536 3157 γὰρ
1595 3081 1956 3157 εύρεσιλογία’

277 3170 370 3225 καὶ
422 3172 692 3239 κατασκεή
757 3172 1110 3244 σοφισμάτων
1167 3170 1514 3246 ἀνθρωπίνων
1574 3172 1640 3241 ἦν
1695 3172 1756 3226 τὸ
1787 3171 1936 3247 γινό-

283 3279 471 3333 μενον·
532 3258 661 3314 ἀλλ’
714 3258 774 3314 ἑκ
830 3259 1145 3332 Πνεύματος
1203 3258 1380 3335 ἁγίου,
1435 3261 1470 3330 ἡ
1519 3265 1626 3315 τῶν
1677 3263 1748 3333 (6)
1802 3260 1939 3335 ἁγίῳ

281 3347 557 3421 Πνεύματι
618 3347 968 3420 λαληθεισῶν
1022 3347 1182 3404 θείων
1235 3353 1462 3427 Γραφῶν
1507 3348 1772 3426 ἑρμηνεία
1817 3372 1944 3406 συν-

282 3436 552 3495 ετελεῖτο.
638 3442 646 3448 ’

353 3529 480 3586 AE'.
541 3526 766 3585 Τούτων
811 3526 907 3590 τὰς
941 3525 1111 3582 εἴκοσι
1167 3524 1262 3582 δύο
1320 3523 1550 3604 βίϐλους
1594 3527 1939 3603 ἀναγίνωσκε,

281 3617 425 3692 πρὸς
457 3614 516 3672 δὲ
543 3618 610 3670 τὰ
631 3615 920 3693 ἀπόκρυφα
971 3614 1140 3689 μηδὲν
1182 3615 1276 3692 ἔχε
1333 3617 1538 3674 κοινόν.
1595 3617 1804 3680 Ταύτας
1839 3618 1937 3690 μό-

281 3728 378 3768 νας
441 3705 645 3780 μελὲτα
695 3704 1030 3777 σπουδαίως,
1089 3705 1149 3770 ἃς
1205 3705 1294 3761 καὶ
1355 3705 1406 3761 ἐν
1450 3705 1748 3779 Ἐκκλησία
1808 3707 1942 3780 μετᾶ

279 3793 593 3870 παῤῥησίας
638 3795 1094 3870 ἀναγινώσκομεν,
1155 3793 1304 3849 Πολὺ
1365 3816 1461 3850 σου
1513 3798 1934 3873 φρονιμώτεροι,

276 3884 370 3938 καὶ
420 3877 803 3956 εύλαϐἐστεροι
853 3886 931 3956 (7)
973 3884 1109 3952 ἦσαν
1156 3884 1207 3938 οἱ
1256 3883 1579 3953 ἀπόστολοι,
1609 3885 1699 3939 καὶ
1743 3887 1794 3940 οἱ
1844 3887 1938 3962 ἀρ-

281 3977 442 4048 χαῖοι
505 3971 814 4042 ἐπίσκοποι,
872 3973 926 4026 o't
982 3978 1082 4041 τῆς
1144 3971 1468 4042 Ἐκκλησίας
1523 3973 1843 4050 προστάται,
1881 3977 1937 4030 οἱ

275 4060 478 4124 ταύτας
522 4057 877 4133 παραδόντες.
942 4060 1017 4114 Σὺ
1049 4058 1161 4131 οὖν,
1218 4059 1400 4117 τέκνον
1455 4069 1555 4132 τῆς
1615 4063 1938 4134 Ἐκκλήσίας

283 4147 357 4204 ὢν
396 4155 476 4223 μή
509 4150 898 4225 παραχάραττε
945 4148 1074 4212 τοὺς
1131 4151 1382 4223 θεσμοὺς.
1419 4151 1516 4206 Καὶ
1574 4159 1673 4222 τῆς
1707 4157 1781 4227 (8)
1839 4154 1934 4227 μὶν

351 4332 422 4400 (1)
459 4332 866 4403 [Ιαρεχομςνονἴ
901 4329 1076 4396 Editi,
1122 4325 1428 4401 διδόμενον.
1463 4333 1542 4387 Ne
1572 4349 1679 4387 vox
1725 4335 1932 4390 eadem

279 4403 343 4478 in
367 4401 586 4478 eadem
617 4401 904 4478 l'inoabis
950 4407 1340 4478 repeteretur,
1393 4404 1762 4478 scripsimus,
1797 4426 1930 4478 παρ-

279 4470 574 4546 έχὸμινον,
607 4489 676 4527 ex
707 4473 907 4546 Coisl.,
962 4470 1381 4546 Roe,Casaub.
1418 4480 1476 4528 et
1502 4470 1748 4546 Grodec.
1783 4470 1932 4543 Mox,

279 4544 414 4599 loco
438 4547 558 4627 τοῖς
587 4548 733 4628 πᾶσι,
755 4545 912 4634 quod
934 4545 1314 4644 manifestum
1342 4545 1929 4644 mendumrqp‘ntLinet,

2060 4544 2180 4619 τών,
2209 4563 2280 4601 ex
2310 4545 2510 4630 Coislz,
2566 4544 2896 4627 Ottobon.,'_
2919 4547 3035 4600 Roe
3067 4551 3124 4599 et

281 4616 614 4687 posuimus,
649 4617 714 4669 τ’
767 4619 932 4689 πάσῃ,
984 4633 1054 4671 ex
1101 4615 1314 4671 iisdem
1369 4634 1512 4672 mss.
1547 4623 1604 4672 et
1633 4619 1932 4689 Ottobon.,

284 4686 452 4742 Colb.
485 4703 554 4742 ac
585 4635 748 4742 Bmi‘l.

284 4686 452 4742 Colb.
485 4703 554 4742 ac
585 4686 748 4742 Bodl.

353 4758 432 4829 (2)
467 4752 771 4834 Λαμϐἆνων
829 4755 1148 4834 ἀπόπειραν.
1209 4759 1464 4830 Mallem,
1523 4756 1932 4834 lvﬁQ/awisump-

281 4837 484 4906 tum,_
513 4836 615 4906 aut
669 4829 1453 4906 dnouezpa'zawvtemperati-us,
1507 4829 1665 4906 quod
1713 4829 1937 4906 legitur

279 4903 341 4956 in
375 4901 506 4956 cod.
542 4901 1096 4976 O‘ttobonianotsed
1137 4901 1457 4957 delendum
1506 4901 1676 4975 foret,
1713 4901 1932 4976 λαμϐά-

279 4992 409 5038 νων,
446 4973 605 5043 quod
637 4973 857 5028 ibidem
888 4973 1159 5029 habetur.

353 5047 442 5119 (3)_
461 5043 556 5119 Καὶ
589 5043 726 5119 πρὸς
755 5043 818 5098 τὸ
847 5045 946 5114 μή,
982 5051 1091 5100 etc.
1139 5047 1314 5119 Totus
1344 5045 1440 5100 hic
1469 5045 1634 5119 locus
1673 5065 1929 5119 sequens

279 5116 340 5187 in
373 5115 554 5171 editis
583 5115 734 5172 mire
760 5123 1075 5187 corruptus
1102 5122 1245 5171 erat.
1267 5118 1348 5170 Ex
1373 5134 1511 5172 mss.
1537 5118 1710 5173 facile
1733 5115 1932 5176 emen—

278 5186 679 5262 davimus.“Ac
711 5186 1489 5262 primurn_pr;epositionem
1520 5188 1656 5262 πρός
1703 5197 1838 5246 ante
1869 5191 1930 5244 τὸ

280 5259 378 5329 μή.
400 5259 744 5315 addidimus
762 5277 832 5314 ex
855 5259 1025 5314 codd.
1051 5259 1250 5330 Coisl.,
1276 5260 1494 5327 Ottob.,
1515 5259 1654 5330 Roe,
1679 5263 1927 5318 Casaub.

275 5333 513 5386 tametsi
535 5331 784 5388 minime
809 5332 1146 5386 necessaria
1167 5329 1450 5386 videatur.
1479 5333 1627 5387 Loco
1663 5331 1924 5387 ὐποπτεύ-

277 5421 388 5464 σας.
423 5403 556 5486 lego
589 5401 947 5486 ἐποπτεύσας,
999 5402 1150 5486 nihil
1201 5407 1396 5486 tam‘en
1446 5404 1507 5486 i-n
1565 5410 1726 5486 textu
1784 5423 1926 5486 mss:

274 5473 626 5549 auctoritate
658 5474 976 5549 destitutus
1006 5473 1246 5549 mutavi.
1285 5475 1415 5528 Haec
1437 5476 1554 5530 duo
1577 5477 1752 5549 varba
1773 5478 1930 5549 apud

275 5547 457 5621 Clem.
481 5545 803 5621 Alexandr.
830 5546 1163 5621 promiscue
1185 5550 1676 5621 sumuntur.Ante
1698 5545 1929 5621 πληρω-

276 5615 481 5674 σάντων
513 5617 720 5675 addidi
747 5615 1047 5686 ex_Coisl.,
1080 5619 1220 5688 Roe,
1255 5617 1501 5674 Casaub.
1537 5615 1926 5688 etﬂGrodecio,

273 5690 333 5747 τὸ
365 5693 621 5768 πρᾶγμα,
658 5696 718 5745 et
746 5693 881 5761 post
907 5686 1217 5764 ἑρμηνείας,
1243 5689 1556 5745 relativum
1590 5687 1670 5759 ἅς,
1707 5708 1779 5747 ex
1811 5686 1928 5748 Boe

2067 586 2178 648 cto,
2215 599 2515 656 regnoque
2547 588 2675 658 ejus
2699 588 2758 642 in
2791 593 3046 660 quatuor
3079 589 3448 662 principatus
3506 592 3714 663 diviso,

2067 671 2450 743 Babyloniam
2502 682 2560 730 et
2590 677 3012 745 Macedoniam,
3048 679 3245 734 Asiam
3285 685 3342 734 et
3373 683 3677 753 ‘Egyptum
3705 704 3720 753 ;

2066 775 2221 816 unus
2257 780 2459 818 eorum
2493 766 2592 836 qui
2627 766 2688 819 in
2717 768 2956 838 Egypto
2987 775 3331 840 regnarunt,
3365 771 3721 828 Ptolemaeus

2065 852 2419 920 cognomine
2434 853 3224 925 Philadelphus,litterarum
3247 857 3720 916 studiosissimus

2064 937 2364 1010 princeps,
2391 940 2531 996 dum
2555 942 2739 997 libros
2757 943 3155 1016 undecunque
3187 946 3511 1018 colligeret,
3545 965 3580 1004 a
3610 949 3722 1004 De-

2064 1027 2278 1082 metrio
2309 1029 2595 1087 Phalereo
2623 1031 3002 1089 bibliothecas
3034 1041 3440 1105 procuratore,
3475 1035 3546 1092 de
3576 1036 3722 1092 divi-

2063 1113 2156 1169 nis
2196 1115 2342 1189 legis
2397 1125 2455 1173 et
2510 1121 2939 1192 prophetarum
2998 1123 3319 1194 Scripturis
3372 1121 3613 1182 audivit.
3642 1127 3724 1181 Ac

2063 1204 2250 1260 multo
2274 1207 2460 1263 satius
2482 1209 2786 1279 judicans,
2811 1228 2930 1267 non
2955 1211 3026 1266 ab
3050 1212 3248 1267 invitis
3271 1230 3378 1284 per
3398 1213 3515 1268 vim
3538 1214 3721 1270 libros

2061 1308 2292 1363 parare,
2317 1296 2418 1351 sed
2443 1297 2615 1354 donis
2637 1301 2834 1370 potius
2857 1305 2917 1355 et
2945 1301 3207 1357 amicitia
3227 1319 3602 1373 possessores
3624 1304 3721 1360 de-

2063 1384 2279 1437 mereri
2299 1401 2464 1450 ;cum
2489 1387 2686 1454 sciret,
2707 1389 2766 1443 id
2788 1389 2946 1459 quod
2967 1390 3018 1443 vi
3042 1397 3444 1462 extorquetur,
3472 1409 3540 1447 eo
3561 1394 3720 1464 quod

2063 1478 2280 1542 prater
2306 1475 2673 1531 voluntatem
2713 1478 2903 1547 detur,
2955 1497 3364 1551 saepenumero
3414 1481 3551 1537 dolo
3583 1500 3716 1538 cor-

2070 1561 2304 1632 rumpi;
2341 1564 2498 1633 quod
2528 1582 2660 1619 vero
2694 1572 2902 1637 sponte
2937 1568 3268 1635 exhibetur,
3296 1569 3356 1623 id
3383 1586 3518 1624 cum
3548 1573 3715 1626 omni

2063 1651 2403 1707 sinceritate
2435 1653 2646 1708 donari
2674 1671 2687 1709 :
2724 1655 2922 1710 missis
2949 1657 3022 1711 ad
3044 1658 3382 1713 Eleazarum
3415 1675 3714 1715 summum

2063 1743 2204 1794 tunc
2235 1741 2519 1812 temporis
2550 1743 2915 1813 pontiﬁcem,
2953 1744 3228 1815 plurimis
3277 1745 3350 1800 ad
3381 1747 3714 1802 ornandum

2062 1828 2605 1900 Hierosolymorum
2625 1831 2912 1903 templum
2931 1832 3104 1888 isthic
3127 1835 3387 1904 positum
3407 1834 3601 1904 donis,
3622 1853 3714 1891 se-

2061 1933 2170 1971 nos
2199 1917 2270 1972 de
2303 1919 2551 1990 singulis
2575 1919 2883 1976 duodecim
2917 1922 3154 1976 Israelis
3185 1922 3474 1992 tribubus,
3505 1925 3606 1994 qui
3639 1924 3715 1978 li-

2060 2006 2200 2061 bros
2230 2007 2785 2079 interpretarentur,
2819 2011 2894 2065 ad
2917 2027 2978 2066 se
3009 2011 3269 2084 delegari
3299 2011 3459 2068 fecit.
3493 2013 3717 2069 Deinde

2060 2100 2259 2150 autem
2280 2102 2347 2150 ut
2368 2097 2739 2168 experiretur
2760 2115 2835 2153 an
2858 2099 3017 2166 libri,
3042 2116 3253 2168 necne,
3277 2100 3461 2156 divini
3484 2102 3713 2171 forent;

2059 2184 2431 2255 prospiciens
2454 2203 2528 2241 ne
2561 2185 2716 2241 inter
2747 2204 2809 2242 se
2845 2187 3014 2242 missi
3042 2187 3400 2259 interpretes
3432 2191 3713 2245 conveni-

2058 2278 2214 2341 rent,
2242 2290 2447 2330 eorum
2469 2277 2794 2348 unicuique
2826 2276 2887 2332 in
2919 2277 3050 2333 loco
3082 2277 3184 2348 qui
3217 2277 3435 2333 dicitur
3486 2281 3716 2336 Pharus

2061 2377 2230 2417 secus
2263 2364 2683 2420 Alexandriam
2707 2366 2841 2434 sito,
2874 2367 3176 2438 propriam
3201 2367 3388 2423 mdem
3420 2369 3714 2436 attribuit,

2060 2450 2426 2524 singulisque
2458 2454 2762 2510 universas
2784 2455 3117 2528 Scripturas
3142 2457 3521 2528 interpretari
3545 2475 3716 2514 man-

2058 2538 2234 2595 davit.
2267 2543 2414 2597 Cum
2435 2558 2568 2597 vero
2591 2542 2678 2597 illi
2701 2543 2876 2598 intra:
2899 2543 3026 2599 dies
3052 2546 3424 2618 septuaginta
3444 2546 3593 2601 duos
3615 2564 3713 2602 ne-

2057 2630 2280 2701 gotium
2312 2631 2724 2701 absolvissent,
2748 2650 2852 2689 rex
2878 2635 3148 2689 omnium
3173 2635 3352 2690 simul
3380 2636 3714 2691 translatio-

2057 2736 2186 2786 nes,
2222 2737 2370 2792 quas
2393 2723 2683 2793 separatis
2705 2722 3046 2788 domiciliis,
3079 2723 3155 2778 ad
3186 2739 3318 2778 sese
3351 2730 3556 2780 mutuo
3589 2741 3711 2781 non

2057 2813 2408 2869 accedentes
2437 2813 2906 2882 elaboraverant,
2932 2815 2992 2868 in
3015 2831 3202 2868 unum
3234 2815 3566 2884 conferens,
3592 2833 3712 2871 non

2055 2902 2118 2956 in
2159 2902 2472 2957 sententiis
2521 2901 2738 2969 solum,
2791 2902 2893 2956 sed
2945 2908 3005 2957 et
3033 2902 3180 2973 ipsis
3210 2903 3272 2957 in
3304 2903 3495 2960 verbis
3536 2906 3712 2976 plane

2055 2991 2497 3046 consentientes
2519 2991 2758 3061 reperit.
2788 2992 2913 3044 Non
2937 2991 3096 3045 enim
3115 2992 3430 3047 verborum
3453 2993 3714 3049 inventio

2056 3080 2526 3134 ethumanarum
2547 3079 2978 3149 sophismatum
2997 3080 3316 3136 artiﬁcium
3331 3087 3459 3136 erat
3485 3082 3545 3136 id
3564 3101 3712 3155 opus

2057 3169 2160 3224 sed
2191 3169 2444 3240 Spiritus
2499 3169 2687 3224 sancti
2743 3168 2955 3224 inflatu
2994 3169 3331 3225 divinarum
3366 3171 3706 3243 Scriptura-

2053 3276 2186 3314 rum
2227 3275 2261 3314 a
2291 3263 2494 3314 sancto
2545 3257 2764 3331 Spiritu
2812 3257 3167 3316 dictatarum
3219 3259 3492 3317 confecta
3517 3261 3705 3318 inter-

2053 3350 2324 3421 pretatio.

2119 3529 2342 3584 XXXV.
2378 3528 2596 3582 Harum
2627 3526 2755 3598 lege
2787 3525 2970 3581 libros
3000 3526 3148 3582 duos
3179 3532 3239 3582 et
3267 3526 3491 3601 viginti,
3515 3529 3696 3585 nihil-

2050 3633 2165 3688 que
2195 3633 2329 3672 cum
2361 3615 2716 3687 apocryphis
2764 3614 2978 3670 habeto
3009 3631 3347 3672 commune.
3378 3621 3489 3674 Eos
3537 3619 3696 3675 solos

2049 3705 2311 3761 studiose
2341 3704 2630 3760 meditare
2661 3709 2719 3758 et
2747 3720 2935 3771 versa,
2960 3721 3107 3775 quos
3139 3705 3319 3761 etiam
3341 3705 3403 3761 in
3433 3707 3698 3764 Ecclesia

2049 3812 2184 3850 cum
2215 3800 2376 3850 certa
2410 3794 2628 3849 ﬁducia
2656 3793 2910 3865 legimus
2934 3811 2948 3860 ;
2981 3793 3170 3848 multo
3192 3794 3608 3865 prudentiores
3638 3801 3697 3852 et

2047 3883 2422 3956 religiosores
2453 3889 2507 3938 te
2540 3887 2710 3938 erant
2745 3881 3021 3954 apostoli,
3054 3889 3113 3936 et
3154 3889 3378 3938 veteres
3435 3884 3695 3956 episcopi

2047 3975 2323 4031 Ecclesia;
2354 3979 2612 4030 rectores
2664 3974 2763 4044 qui
2799 3990 2899 4029 eos
2931 3973 3029 4028 69
3063 3973 3396 4028 tradidere:
3445 3980 3505 4028 tu
3537 3992 3674 4048 ergo

2047 4064 2206 4119 ﬁlius
2231 4063 2506 4119 Ecclesia)
2525 4079 2662 4119 cum
2689 4063 2789 4128 sis,
2817 4078 2891 4117 ne
2918 4062 3078 4131 leges
3099 4063 3324 4134 positas
3347 4067 3692 4122 transverte.

2045 4157 2114 4208 Et
2141 4154 2356 4208 veteris
2379 4153 2620 4224 quidem
2650 4152 3031 4220 Testamenti,
3052 4159 3117 4207 ut
3147 4151 3371 4207 dictum
3405 4159 3511 4217 est,
3545 4152 3694 4209 duos

2045 4337 2105 4387 et
2132 4331 2379 4387 Casaub.
2413 4329 2637 4386 Deinde
2654 4331 2854 4386 vocem
2879 4328 3228 4398 ἐποιήσαντο,
3258 4331 3320 4385 in
3351 4331 3497 4387 duas
3522 4347 3690 4386 voces

2044 4401 2304 4492 ἐποιήσαν
2329 4401 2390 4492 τὶό
2413 4403 2779 4492 distractam,
2802 4402 3218 4492 coniunximus
3242 4419 3314 4484 ex
3342 4403 3543 4470 Coisl.,
3574 4405 3692 4458 Roe

2045 4481 2116 4548 et_
2160 4474 2407 4548 Casaub.
2446 4475 2593 4548 _Proi
2635 4474 2987 4548 συναγωγών,
3047 4474 3414 4548 scripsimus,
3436 4493 3682 4548 ξυναγα-

3196 4545 3400 4599 asaub.
3433 4545 3692 4601 Tandem

2045 4614 2174 4674 loco
2207 4619 2630 4688 συμφωνοῦντας
2691 4617 3061 4688 scripsimus,
3120 4614 3444 4688 συμφώνους
3485 4633 3555 4672 ex
3576 4618 3691 4672 eis-

2045 4635 2174 4674 loco
2207 4637 2630 4691 συμφωνουντας
2691 4635 3061 4688 scnpsxmus,
3120 4635 3444 4741 ωμὲωνους
3485 4635 3555 4672 ex
3576 4635 3690 4672 els-

2044 4690 2198 4767 dem.
2233 4691 2313 4767 D_e
2345 4687 3084 4767 cellulisetinspiratione
3120 4687 3180 4767 “L
3208 4686 3226 4767 ι’
3262 4757 3295 4767 η
3329 4687 3690 4760 interpetum

2041 4762 2155 4816 fuit
2183 4761 2391 4816 eadem
2422 4761 2627 4815 multis
2665 4757 2839 4829 longo
2877 4758 3087 4829 ordine
3119 4757 3390 4829 Patribus
3424 4757 3690 4815 commu-

2042 4834 2136 4888 nis
2167 4832 2390 4904 Opinio,
2425 4849 2556 4902 quae
2583 4831 2645 4884 in
2666 4831 2777 4885 hac
2804 4828 3139 4884 litterarum
3160 4828 3290 4884 luce
3314 4829 3542 4886 nullam
3564 4833 3690 4904 jam

2045 4905 2222 4959 ﬁdem
2255 4903 2452 4958 habet.

2120 4978 2198 5045 (4)
2228 4975 2419 5040 Forte,
2441 4970 2796 5031 ἐποπτεύσας.

2218 5049 2260 5097 Π
2301 5039 2552 5104 οσιὲντες.
2586 5045 2775 5110 Forte,
2805 5039 3144 5116 προσιόντες.
3178 5043 3330 5099 Εῡιτ.

2115 5119 2188 5172 (6‘
2332 5120 2462 5169 τῶν.
2521 5114 2638 5167 Τῶν
2697 5114 3046 5172 scripsimus
3096 5113 3225 5168 loco
3276 5119 3330 5169 τᾶ

2115 5113 2188 5186 (6)
2220 5113 2282 5172 'H
2332 5120 2462 5169 τῶν.
2521 5114 2638 5167 Τῶν
2697 5113 3046 5186 scripsimus
3096 5113 3225 5168 loco
3276 5118 3356 5186 τῷ
3412 5133 3482 5171 ex
3513 5117 3688 5176 codd.

2042 5184 2242 5256 Coisl.,
2272 5191 2411 5253 Roe,
2444 5185 2714 5253 Casaub.,
2747 5184 2938 5256 Ottob.
2978 5202 2990 5238 :

2042 5255 2236 5333 ἁγίων,
2262 5266 2320 5333 et
2351 5259 2662 5333 omittitur,
2699 5255 2992 5333 Πνεύματι.

2117 5331 2191 5414 (7)
2222 5323 2756 5414 Καὶ-εὐλαϐίστεροι,
2819 5323 2952 5414 Haec
3008 5328 3350 5385 addidimus
3401 5347 3470 5386 ex
3516 5330 3688 5387 codd.

2041 5400 2241 5468 Coisl.,
2275 5401 2492 5466 Ottob.,
2529 5403 2668 5463 Roe,
2712 5400 2958 5456 Casaub.

2113 5477 2185 5538 (8)
2221 5473 2316 5526 Καὶ
2346 5478 2445 5539 τῆς
2518 5475 2669 5526 Ante
2725 5472 2848 5526 haac
2896 5471 3072 5545 verba
3101 5471 3243 5545 legit
3272 5473 3589 5528 Grodecius
3619 5472 3692 5526 ti-

2041 5547 2252 5611 tulum,
2290 5546 2356 5599 Le
2388 5545 2540 5599 libris
2572 5560 2748 5615 quem
2781 5545 2842 5598 in
2874 5544 3041 5598 nullo
3075 5544 3184 5599 ms.
3219 5546 3421 5600 codice
3462 5545 3686 5615 reperi-

2039 5636 2192 5674 mus.
2222 5617 2403 5672 Paulo
2426 5613 2777 5688 postfmeib;
2800 5616 3106 5688 posuimus
3139 5615 3265 5671 loco
3288 5615 3382 5680 ὡς,
3415 5632 3484 5669 ex
3512 5613 3684 5669 codd.

2037 5689 2238 5760 Coisl.,
2271 5688 2486 5756 Ottob.,
2521 5689 2659 5758 Hoc,
2692 5688 2939 5744 Casaub.

3032 5185 3094 5240 in
3121 5186 3233 5241 hoc
3281 5185 3414 5242 vero
3450 5189 3684 5261 legitur,
