4152 6264
454 332 575 395 ιον

1519 330 1585 392 Β.
1631 327 1945 393 CYRILLI
1988 320 2405 389 HIEROSOL.
2450 320 2824 384 ARCHIEP.

3751 322 3876 387 500

460 481 640 538 supra
668 462 874 537 viginti
921 463 1110 523 libros
1154 463 1481 534 meditare;
1532 481 1703 538 quos,
1737 464 1786 520 si
1837 461 2139 527 discendi,

2251 453 2465 518 [αλαῖας
2499 455 2796 525 Διαθήκης,
2830 451 2905 516 ὡς
2932 450 3167 527 εἴρηται,
3199 451 3294 517 τὰς
3321 449 3494 509 εἴκοσι
3526 450 3624 511 δύο
3678 453 3879 528 μελετα

463 552 657 609 studio
690 552 935 625 teneris,
961 553 1337 623 nominatim,
1365 571 1458 610 me
1484 554 1792 620 recitante,
1813 552 2114 607 memoriae

462 642 712 717 inﬁgere
744 641 935 699 stude.
970 642 1137 716 Legis
1157 645 1319 699 enim
1343 648 1480 700 sunt
1501 644 1678 716 primi
1697 642 1961 714 quinque
1981 639 2121 695 libri

464 728 660 798 Mosis,
705 733 974 801 Genesis,
1006 732 1262 802 Exodus,
1316 733 1624 804 Leviticus,
1675 731 1936 799 Numeri,
1970 731 2121 785 Deu-

467 822 890 880 teronomium.
922 821 1084 894 Inde,
1117 823 1285 879 Jesus
1339 823 1499 881 ﬁlius
1543 824 1694 878 Nave
1721 840 1736 889 ;
1764 826 1823 877 et
1848 819 2119 876 Judicum

465 911 642 983 liber,
676 911 777 986 qui
807 928 927 968 una
943 928 1080 969 cum
1109 912 1266 968 Ruth
1288 912 1578 984 septimus
1599 915 1970 967 numeratur.
1994 908 2119 963 Cae-

467 1006 733 1058 terorum
779 1017 915 1057 vero
966 1001 1389 1058 historicorum
1437 1001 1749 1071 librorum,
1783 1002 2121 1072 Regnorum

468 1091 698 1165 primus
727 1094 786 1146 et
815 1090 1132 1161 secundus,
1182 1108 1336 1147 unus
1396 1095 1486 1146 est
1514 1090 1671 1162 apud
1729 1088 2006 1143 Hebrzeos
2050 1086 2123 1141 li-

468 1179 607 1247 ber;
638 1195 794 1235 unus
825 1179 990 1250 item,
1022 1180 1232 1235 tertius
1282 1195 1419 1235 cum
1452 1183 1686 1251 quarto.
1722 1175 2124 1247 Similiterque

470 1269 627 1342 apud
652 1285 754 1326 eos
782 1269 1280 1342 Paralipomenon
1301 1269 1531 1341 primus
1552 1271 1607 1324 et
1623 1265 1944 1335 secundus,
1967 1280 2124 1322 unus

472 1364 564 1416 est
590 1359 774 1415 liber:
803 1359 1122 1431 Esdrazque
1152 1358 1381 1432 primus
1412 1364 1470 1414 et
1511 1357 1808 1414 secundus
1864 1373 1971 1429 pro
2003 1371 2123 1410 uno

475 1456 768 1510 censetur.
801 1451 1014 1507 Esther
1039 1449 1426 1507 duodecimus
1460 1456 1551 1506 est
1579 1450 1767 1505 liber:
1810 1453 1869 1505 et
1897 1449 1959 1504 hi
1993 1448 2127 1520 qui-

476 1540 613 1596 dem
645 1538 932 1597 historici.
967 1537 1245 1596 Versibus
1279 1539 1483 1611 scripti
1516 1543 1655 1594 sunt
1672 1538 1937 1611 quinque
1965 1536 2122 1604 :Job,

474 1629 851 1686 Psalmorum
880 1628 1051 1699 liber,
1083 1629 1418 1699 Proverbia,
1448 1628 1854 1694 Ecclesiastes,
1887 1631 1947 1683 et
1974 1627 2124 1682 Can-

477 1721 662 1776 ticum
691 1719 1079 1786 canticorum,
1109 1719 1208 1791 qui
1233 1719 1385 1775 liber
1414 1731 1504 1776 est
1525 1718 1791 1776 decimus
1813 1718 2122 1790 septimus.

2234 540 2483 621 βίϐλους·
2519 543 2599 613 ἃς,
2632 542 2678 598 εἰ
2711 542 3029 622 φιλομαθὴς
3066 542 3377 620 τυγχάνεις,
3407 541 3545 617 ἐμοῦ
3595 542 3879 619 λὲγοντος,

2230 634 2492 707 ὀνομαστὶ
2525 633 2833 706 μεμνῆσθαι
2881 628 3207 688 σπούδασον.
3266 634 3378 689 Τοῦ
3433 631 3610 707 νόμου
3647 634 3745 707 μὲν
3774 635 3877 710 γάρ

2234 723 2366 779 εἶσιν
2401 722 2454 778 αἱ
2485 722 2726 784 Μωσέως
2753 725 2973 798 Πρῶται
3020 721 3180 778 πέντε
3229 715 3442 797 βίϐλοι,
3496 720 3728 785 Γένεσις.
3760 724 3881 797 Ἐξ-

2230 810 2377 882 οδος,
2411 811 2716 884 Λευῖτικὸν,
2772 810 3051 888 Ἀριθμοὶ,
3099 812 3545 888 Δευτερονόμιον,
3611 812 3771 885 Ἑξῆς
3803 810 3882 883 δὲ,

2230 902 2441 973 Ἰησοῦς
2469 901 2584 962 υἱὸς
2616 901 2794 969 Ναυῆο
2845 899 2936 955 καὶ
2965 899 3029 955 τὸ
3074 902 3180 955 τῶν
3232 901 3446 974 Κριτῶν
3507 904 3583 971 (2)
3618 901 3755 975 μετᾶ
3780 909 3883 972 τῆς

2228 990 2383 1047 Ῥοὺο
2418 985 2633 1066 βιϐλίον
2674 983 2915 1064 ἕϐδομον
2954 987 3379 1064 ἀριθμούμενον.
3427 992 3552 1048 Τῶν
3583 988 3643 1047 δὲ
3672 990 3885 1047 λοιπῶν

2229 1083 2520 1157 ἱστορικῶν
2557 1073 2810 1155 βιϐλίων,
2845 1080 2878 1147 ἡ
2912 1077 3104 1152 πρώτη
3127 1078 3218 1133 καὶ
3251 1081 3285 1150 ἡ
3320 1076 3542 1153 δευτέρα
3583 1085 3693 1136 τῶν
3728 1087 3885 1137 Βασι-

2233 1170 2424 1241 λειῶν,
2460 1168 2557 1243 μία
2613 1168 2742 1243 παρ’
2799 1161 3080 1242 Ἑϐραίοις
3129 1165 3241 1222 ἐστὶ
3297 1163 3493 1244 βίϐλος
3526 1168 3627 1243 μία
3684 1168 3883 1240 δέ,καὶ

2230 1262 2267 1332 ἡ
2298 1258 2453 1336 τρίτη
2511 1257 2602 1313 καὶ
2635 1258 2669 1327 ἡ
2700 1256 2953 1333 τετάρτη.
3010 1255 3252 1329 Ὁμοίως
3311 1253 3369 1312 δὲ
3419 1259 3549 1333 παρ’
3577 1257 3766 1323 αὐτοῖς
3796 1258 3885 1315 καὶ

2229 1354 2337 1404 τῶν
2396 1343 2892 1422 Παραλειπομένων
2949 1347 2985 1416 ἡ
3034 1346 3226 1423 πρώτη
3291 1345 3447 1416 καὶὴ
3480 1344 3724 1425 δευτέρα,
3790 1349 3891 1423 μία

2230 1439 2487 1514 τυγχάνει
2550 1431 2768 1512 βίϐλος·
2826 1437 2917 1491 καὶ
2973 1439 3069 1492 τοῦ
3127 1433 3333 1511 Ἔσδρα
3388 1439 3423 1507 ἡ
3482 1438 3676 1512 πρώτη
3735 1441 3889 1510 καὶὴ

2236 1526 2459 1603 δευτέρα
2492 1526 2589 1599 μία
2626 1524 2969 1602 λελόγισταν
3031 1520 3309 1597 δωδεκάτη
3369 1521 3562 1603 βίϐλος
3593 1531 3630 1598 ἡ
3661 1530 3887 1604 Ἐσθήρ.

2236 1618 2337 1679 Καὶ
2368 1618 2437 1674 τὰ
2470 1616 2564 1688 μὲν
2598 1614 2846 1689 ἱστορικὰ
2889 1619 3077 1672 ταῦτα.
3136 1614 3211 1670 Τὰ
3268 1614 3326 1671 δὲ
3383 1617 3623 1694 στιχηρᾶι
3652 1621 3726 1693 (3)
3754 1640 3893 1695 τυγ-

2238 1706 2392 1783 χάνει
2422 1706 2601 1772 πέντε,
2657 1699 2806 1773 Ἰὼϐ,
2835 1702 2925 1760 καὶ
2960 1699 3157 1781 βίϐλος
3197 1702 3471 1779 Ψαλμων,
3529 1706 3618 1762 καὶ
3685 1710 3889 1782 "apo:-

482 1809 825 1881 Sequuntur
853 1785 1185 1880 prophetici
1217 1809 1483 1880 quinque
1508 1826 1522 1877 ;
1544 1807 1861 1864 duodecim
1878 1785 2131 1878 prophe-

2251 1797 2384 1871 μίαι,
2410 1795 2502 1851 καὶ
2533 1794 2988 1866 Ἐκκλησιαστὴς,
3044 1794 3136 1850 καὶ
3186 1799 3375 1869 ’ᾼσμα
3431 1795 3685 1870 ᾀσμάτων
3722 1797 3890 1855 ἑπτα-

480 1903 675 1958 tarum
705 1896 858 1955 liber
877 1913 1032 1955 unus
1056 1919 1071 1965 ;
1096 1898 1261 1954 Isaiae
1282 1914 1438 1953 unus
1462 1915 1475 1965 ;
1501 1897 1771 1954 Ieremia:
1802 1913 1934 1952 cum
1960 1900 2131 1952 Barn-

481 1987 614 2055 cho,
646 1984 1194 2045 Lamentationibus
1225 1991 1284 2043 et
1307 1986 1572 2057 Epistola
1600 1986 1697 2057 (1),
1732 2002 1887 2040 unus
1919 2002 1933 2053 ;
1963 1984 2128 2040 dein-

482 2076 576 2147 de,
608 2074 898 2146 Ezechiel,
934 2080 993 2130 et
1021 2075 1284 2132 Dianelis
1315 2075 1488 2146 liber,
1523 2075 1749 2132 Veteris
1770 2073 2130 2131 Testamenti

484 2164 781 2224 secundus
811 2181 991 2237 supra
1010 2165 1380 2227 vicesimum.

551 2345 794 2405 XXXVI.
829 2344 969 2401 Novi
1025 2349 1226 2402 autem
1283 2346 1645 2403 Testamenti
1703 2350 1847 2405 sunt
1875 2348 2131 2416 quatuor

483 2435 771 2491 duntaxat
798 2432 1150 2505 Evangelia;
1200 2450 1337 2491 nam
1395 2439 1610 2491 caetera
1664 2434 1816 2490 falso
1848 2433 2137 2503 inscripta

485 2529 644 2592 sunt,
679 2528 737 2577 et
765 2521 945 2578 noxia
958 2521 1022 2576 ‘2.
1084 2523 1461 2594 Scripserunt
1487 2529 1545 2580 et
1573 2522 1879 2580 Manichaei
1926 2537 2134 2579 secun-

486 2614 628 2671 dum
656 2613 943 2668 Thomam
959 2610 1359 2683 Evangelium,
1385 2612 1542 2683 quod
1560 2613 1912 2685 evangelicae
1934 2609 2137 2682 appel-

486 2702 728 2760 lationis
748 2700 1073 2774 fragrantia
1085 2699 1435 2770 coloratum,
1457 2700 1886 2773 simpliciorum
1908 2699 2139 2756 animas

491 2790 839 2862 corrumpit.
865 2789 1111 2861 Suscipe
1136 2793 1193 2843 et
1212 2789 1527 2849 duodecim
1550 2789 1955 2861 apostolorum
1975 2791 2138 2852 Acta;

489 2885 551 2937 et
576 2880 840 2952 insuper,
875 2884 1105 2950 septem
1142 2879 1463 2935 catholicas
1509 2879 1823 2951 Epistolas,
1852 2877 2048 2934 Jacobi
2082 2881 2143 2932 et

487 2969 670 3035 Petri,
696 2968 941 3025 Joannis
973 2972 1031 3023 et
1057 2966 1221 3023 Judae
1251 2984 1263 3022 :
1288 2967 1525 3037 deinde,
1550 2966 1709 3039 quod
1743 2967 2023 3023 omnibus
2054 2968 2144 3020 est

486 3076 593 3132 pro
613 3056 939 3131 signaculo,
962 3062 1022 3113 et
1036 3062 1404 3128 postremum
1428 3063 1519 3113 est
1539 3057 1968 3129 discipulorum
1993 3069 2141 3126 opus

2232 1884 2552 1943 ’καιδέκατον
2615 1880 2853 1960 βιϐλίον.
2913 1883 3038 1942 Ἐπὶ
3095 1881 3152 1940 δὲ
3179 1884 3398 1949 τούτοις
3456 1887 3519 1943 τὰ
3574 1890 3895 1966 προφητικᾶ

2236 1978 2414 2033 πέντε·
2445 1979 2553 2031 τῶν
2598 1971 2808 2030 δώδεκα
2838 1978 3135 2051 προφητῶν
3172 1974 3268 2048 μία
3302 1970 3516 2050 βίϐλος,
3545 1976 3636 2032 καὶ
3667 1976 3892 2034 Ἡσαΐου

2242 2065 2361 2141 μία,
2387 2065 2476 2121 καὶ
2521 2064 2787 2139 Ἱερεμίου
2842 2062 2940 2136 μία
2991 2067 3064 2131 (4)
3097 2065 3233 2138 μετᾶ
3283 2064 3530 2141 Βαροὺχ,
3587 2067 3680 2122 καὶ
3738 2070 3888 2145 Θρή-

2239 2178 2370 2228 νων,
2401 2156 2493 2210 καὶ
2537 2152 2891 2224 Ἐπιστολῆς·
2952 2154 3070 2208 εἷτα
3125 2153 3409 2225 Ἰεζεκιηλ’
3470 2156 3558 2212 καὶ
3589 2158 3625 2226 ἡ
3655 2161 3756 2212 τοῦ
3786 2164 3891 2215 Δκ.

2241 2241 2392 2315 νιήλ,
2421 2239 2867 2316 εἴκοστηδευτὲρα
2900 2237 3097 2317 βίϐλος
3124 2245 3225 2308 τῆς
3253 2241 3821 2316 ΗαλαιᾶςΔιαθήκης.

2316 2333 2426 2402 AC’.
2456 2337 2562 2402 Τῆς
2597 2329 2653 2386 δὲ
2684 2337 2883 2400 Καινῆς
2916 2333 3210 2403 Διαθήκης,
3249 2332 3317 2388 τὰ
3372 2334 3602 2409 τέσσαρα
3658 2334 3798 2409 μόρια
3825 2341 3900 2392 (Si)

2244 2419 2575 2497 Εὐαγγὲλια·
2608 2419 2673 2475 τᾶ
2734 2417 2791 2474 δὲ
2848 2418 3020 2475 λοιπὰ
3074 2417 3483 2500 ψευδεπίγραφα
3531 2424 3619 2479 καὶ
3659 2419 3905 2501 βλαϐερᾶ

2242 2511 2503 2587 τυγχάνει
2536 2553 2551 2567 .
2609 2510 2886 2585 Ἒγραψαν
2972 2507 3063 2564 καὶ
3148 2511 3454 2586 Μανιχαϊοι
3534 2511 3628 2568 καὶ
3700 2518 3905 2587 Θωμᾶν

2246 2599 2583 2676 Εὐαγγέλιον
2619 2641 2634 2670 ,
2721 2598 2852 2674 ὅπερ
2888 2642 2902 2669 ,
2984 2602 3054 2673 (6)
3110 2605 3215 2670 τῆς
3288 2597 3681 2677 εύδαγγελικῆς
3731 2622 3905 2676 πρνσ-

2247 2690 2488 2764 ωνυμίας
2543 2687 3042 2765 ἑπικεχρωσμὲνον,
3104 2687 3399 2768 διαφθείρει
3453 2691 3550 2755 τὰς
3581 2693 3765 2768 ψυχας
3793 2697 3905 2749 τῶν

2248 2780 2632 2857 ἁπλουστέρων
2669 2823 2683 2837 .
2742 2777 2917 2855 Δέχου
2977 2775 3034 2835 δὶ
3088 2780 3180 2836 καὶ
3231 2781 3327 2843 τὰς
3368 2780 3527 2852 ἑπτὰ,
3588 2778 3853 2841 Ἰακώϐου
3886 2828 3901 2855 ,

2248 2869 2589 2927 ἀποστόλων·
2623 2870 2758 2945 πρὸς
2785 2867 3002 2932 τούτοις
3036 2866 3094 2924 δὲ
3131 2869 3223 2925 καὶ
3266 2870 3361 2932 τὰς
3422 2871 3576 2942 ἑπτὰ,
3612 2867 3900 2942 Ἰακώϐου,

2247 2962 2335 3016 καὶ
2372 2958 2597 3034 Πέτρου,
2631 2959 2907 3027 Ἰωάννου,
2942 2958 3033 3014 καὶ
3073 2956 3251 3014 Ἰούδα
3301 2958 3599 3025 καθολικᾶκ
3645 2963 3902 3020 Ἐπιστο-

2250 3048 2802 3124 λάς-ἐπισφράγισμα
2852 3045 2911 3103 δὲ
2961 3051 3069 3103 τῶν
3128 3049 3367 3119 πάντων,
3398 3050 3491 3105 καὶ
3544 3052 3804 3125 μαθητῶν
3836 3052 3901 3108 τὸ

486 3147 655 3204 Pauli
686 3145 1135 3218 quatuordecim
1157 3146 1471 3218 Epistolas.
1497 3146 1748 3218 Reliqua
1777 3162 1911 3201 vero
1943 3145 2139 3201 omnis

2251 3137 2582 3209 τελευταῖον,
2611 3139 2708 3201 τὰς
2739 3136 2958 3193 Παύλου
3004 3135 3393 3213 δεκατέσσαρας
3441 3137 3792 3202 Ἐπιστολάς.
3823 3142 3903 3196 Τὰ

488 3242 654 3293 extra
682 3236 746 3294 in
777 3234 1036 3295 secundo
1078 3235 1170 3306 [ac
1202 3235 1391 3307 nullo]
1435 3235 1642 3291 ordine
1675 3236 2043 3293 habeantur:
2081 3238 2140 3290 et

560 3325 609 3361 ιε
645 3325 772 3381 Vid.
806 3330 912 3379 cat.
946 3327 998 3392 6,
1032 3340 1091 3381 η.
1127 3327 1215 3378 31.

597 3452 648 3523 1)
676 3452 780 3523 Est
807 3449 1058 3523 Bar_u_chi
1082 3466 1134 3523 rc.
1168 3467 1217 3504 Vl
1247 3450 1507 3523 inVulg.

592 3518 646 3593 2)
675 3521 752 3579 Τὸ
779 3523 890 3593 τῶν
918 3521 1155 3590 Κριτῶν.
1213 3518 1547 3593 Articulum
1600 3518 1664 3575 τό
1718 3521 2045 3593 adjecimus
2076 3537 2147 3593 ex

502 3591 673 3653 codd.
707 3591 907 3661 Coisl.,
958 3595 1097 3662 Bos,
1145 3592 1419 3662 Casaub.,
1473 3593 1750 3648 similiter
1792 3591 2079 3651 articulos
2108 3592 2143 3659 ἡ

500 3671 637 3724 ante
670 3663 859 3738 πρώτη
895 3658 1220 3738 ἐμή-δευτέρα,
1254 3682 1324 3720 ex
1353 3658 1568 3721 iisdem
1598 3669 1656 3720 et
1688 3666 1949 3738 Ottobon
2002 3658 2148 3738 Cum

502 3738 562 3793 in
596 3732 892 3792 historicis
920 3732 1376 3808 librisprimum
1398 3742 1457 3791 et
1483 3736 1811 3808 secundum
1841 3737 2040 3791 Esdraa
2071 3735 2149 3790 ci-

501 3816 605 3875 tat,
641 3808 816 3880 primi
836 3808 1076 3880 nomine
1099 3807 1714 3880 intellexissevidetur
1743 3809 2145 3880 apocryphum

501 3879 770 3937 nostrum
804 3879 1082 3945 tertium;
1136 3885 1194 3933 et
1234 3879 1502 3941 secundi.
1534 3885 1770 3934 nostros
1801 3879 2058 3950 primum
2091 3884 2151 3933 et

501 3951 867 4015 secundum;
893 3967 1031 4006 nam
1064 3950 1222 4006 hunc
1252 3967 1374 4007 non
1406 3950 1512 4005 sub
1545 3951 1862 4018 Nehemiee,
1906 3951 2009 4006 sed
2041 3950 2148 4005 sub

498 4023 694 4083 Esdrze
727 4021 929 4077 laudat
958 4021 1223 4083 nomine.
1261 4027 1373 4077 cat.
1409 4024 1493 4089 16,
1529 4038 1588 4077 n.
1615 4022 1702 4077 28.

572 4095 648 4167 (3)
678 4091 1310 4167 Exta-qpai_.__lta_codd.
1367 4092 1677 4167 Colbert.,i
1707 4095 1847 4159 Roe,
1900 4092 2146 4148 Casaub.

497 4162 674 4233 Editi,
719 4162 1252 4238 viti9'_librar_iun_1_,
1301 4162 1591 4238 στοιχηρά.
1650 4166 1998 4238 Quanquam
2030 4170 2150 4219 tres

503 4239 791 4293 duntaxat
820 4235 1155 4306 Salomonis
1177 4235 1362 4290 libros
1383 4235 1488 4306 pro
1508 4235 1816 4291 Canonicis
1840 4240 2148 4301 memoret,

501 4304 901 4365 Ecclesiastici
925 4310 1124 4360 tamen
1147 4312 1205 4361 et
1226 4304 1539 4377 Sapientiae
1557 4307 1725 4363 libris
1745 4307 1953 4363 eodem
1974 4307 2149 4363 modo

502 4396 620 4452 quo
648 4378 883 4436 caeteris
940 4376 1148 4452 utitur,
1188 4378 1577 4452 posteriorem
1612 4379 1807 4452 etiam
1849 4377 2149 4452 Salomoni

500 4449 770 4521 tribuens
799 4453 912 4505 cat.
945 4450 999 4513 9,
1030 4464 1091 4504 n.
1122 4449 1157 4501 2
1189 4454 1247 4502 et
1276 4451 1360 4502 16.
1397 4449 1511 4504 Hos
1531 4449 1682 4505 forte
1715 4449 1922 4505 habuit
1952 4450 2013 4505 in
2043 4450 2150 4506 du.

500 4522 618 4581 biis
650 4522 720 4578 de
753 4521 969 4592 quibus
990 4537 1059 4592 n._
1085 4520 1172 4586 33,
1207 4535 1326 4574 non
1358 4526 1515 4592 certe
1558 4521 1617 4576 in
1649 4520 1864 4592 noxiis.

575 4596 646 4666 (4)
677 4588 943 4667 Ἱερεμίου
1000 4588 1114 4663 μία.
1177 4593 1391 4647 Vocem
1424 4588 1544 4661 μία,
1578 4592 1653 4647 ad
1704 4591 2151 4667 distinctionem

508 4671 568 4722 et
587 4662 1073 4738 perspicuitatem
1098 4667 1292 4738 textus
1315 4668 1709 4738 opportunam
1732 4662 2063 4738 adjecimus
2085 4680 2155 4738 ex

508 4683 568 4722 et
633 4683 1073 4738 ersplcuuatem
1098 4683 1290 4719 tenus
1315 4683 1709 4733 opportunam
1732 4683 2063 4733 αιῃθοιῐηυε
2085 4683 2145 4720 ex

507 4683 636 4793 eos.
672 4738 810 4794 Roe.
845 4736 1098 4791 Minores
1126 4734 1446 4806 prophetas
1469 4733 1797 4805 majoribus
1819 4736 2145 4805 prmmittit.

506 4815 573 4867 ut
603 4809 665 4869 in
697 4807 904 4864 multis
932 4813 1195 4862 veterum
1226 4806 1506 4878 catalogis
1541 4847 1555 4874 ,
1602 4811 1659 4860 et
1688 4806 1904 4861 Grmcis
1937 4807 2156 4862 Biblio-

505 4896 640 4935 rum
672 4897 814 4934 mss.
852 4878 1223 4934 ordinantur.
1257 4878 1561 4933 Dianelem
1590 4878 1822 4949 legebat
1848 4883 1915 4933 ut
1944 4895 2052 4934 nos
2082 4896 2154 4933 ex

506 4949 927 5006 Theodotionis
955 4950 1223 5005 versione
1258 4967 1270 5003 :
1304 4965 1434 5015 nec,
1469 4954 1533 5004 ut
1562 4950 1850 5005 mentitur
1892 4950 2152 5016 Rivetus,

509 5021 816 5076 Canticum
847 5020 1023 5093 trium
1056 5037 1398 5093 puerorum,
1435 5020 1584 5077 Belis
1614 5027 1674 5076 et
1711 5021 1989 5077 draconis
2026 5022 2150 5076 his-

503 5092 845 5174 toriamnac
876 5090 1160 5172 Susanna)
1201 5098 1496 5174 ereutum,
1530 5093 1618 5174 uti
1648 5093 1986 5174 apocrypha
2014 5093 2157 5174 reji-

507 5161 718 5235 ciebat.
754 5161 887 5235 Haec
917 5162 1076 5235 enim
1111 5164 1332 5235 passim
1380 5164 1464 5219 uti
1498 5180 1527 5217 e
1561 5161 1801 5220 Daniele
1833 5161 1999 5219 nullo
2031 5161 2153 5219 dis-

513 5233 761 5307 crimine
788 5232 961 5287 citat:
986 5232 1420 5289 imo—Susanna}
1443 5235 1692 5291 historia
1748 5237 1860 5307 ipsi
1896 5236 2156 5292 Danielis

515 5304 824 5375 exordium
856 5308 1005 5371 erat,
1038 5308 1102 5359 ut
1130 5310 1292 5375 patet
1319 5322 1389 5360 ex
1420 5313 1531 5360 cat.
1570 5310 1655 5375 16,
1685 5324 1746 5363 n.
1772 5304 1868 5362 ⁷31.

580 5380 653 5440 (5)
688 5374 864 5448 Μόνα.
900 5376 1058 5448 Hanc
1086 5374 1285 5431 vecem
1316 5377 1655 5435 addidimus
1682 5396 1750 5434 ex
1780 5379 1981 5448 Coisl.,
2013 5381 2154 5448 Roe,

500 5447 756 5509 Casaub.
791 5452 851 5502 et
880 5446 1052 5501 Grod.

581 5523 658 5591 t6)
684 5520 854 5592 Ὅπερ
887 5513 1106 5592 εὐωδίᾳ,
1132 5519 1634 5592 etc._Parliculam
1654 5518 1832 5592 ὥσπερ
1864 5522 2020 5577 inter
2048 5522 2155 5577 has

509 5588 680 5648 voces
738 5588 1151 5663 interpositam
1180 5588 1671 5663 _eliminarimus,
1728 5588 1935 5648 auctor
1981 5593 2152 5649 codd.

510 5663 714 5727 Coisl.,
748 5660 964 5730 Ottob.,
993 5662 1134 5730 Boe,
1167 5660 1440 5730 Casaub.,
1471 5660 1683 5729 Colbf,
1734 5664 1921 5729 Bodl.,
1953 5663 2151 5719 Morel.

511 5743 571 5797 et
600 5733 774 5795 Grod.
808 5728 959 5792 Post?
987 5728 1298 5807 ἐπωνυμίας
1331 5732 1531 5789 addidi
1562 5728 1942 5808 participium
1973 5731 2152 5788 ἐπικε-

2254 3225 2308 3284 δέ
2338 3226 2507 3283 λοιπὰ
2536 3227 2727 3298 πάντα,
2759 3221 2860 3297 ἔξω
2891 3228 2966 3301 (7)
3028 3227 3225 3283 κείσθω
3280 3227 3332 3285 ἐν
3393 3225 3647 3304 δευτέρῳ·
3680 3229 3771 3285 καὶ
3801 3230 3903 3286 ὅσα

2255 3444 2626 3520 χρωσμένον,
2687 3461 2759 3501 ex
2814 3445 2983 3520 codd.
3058 3445 3220 3520 Colb.
3281 3448 3482 3504 Morel.
3537 3453 3598 3503 et
3653 3447 3903 3505 Grodec.

2257 3514 2471 3591 Melius
2493 3516 2793 3591 videretur
2818 3514 3292 3591 énzxexpwuivpv,
3325 3521 3577 3588 tinctum,
3606 3520 3767 3591 quod
3800 3521 3907 3576 ha-

2256 3589 2522 3664 beturiu
2551 3588 2723 3664 codd.
2757 3591 2873 3644 Roe
2907 3588 3262 3664 et'CaSaub.
3293 3597 3353 3664 et
3380 3588 3911 3664 corruptelegitur

2253 3662 2316 3734 in
2346 3660 2547 3728 Coisl.,
2582 3657 3128 3734 ἐπιχειρισμὲνον.Αι
3157 3663 3423 3734 eamdem
3446 3657 3775 3734 rim'habet'
3790 3680 3911 3718 vox

2256 3729 2821 3809 ἐπικεχρωσμᾷνον,ἐι
2846 3729 3181 3809 ’χρῶτεςλνθὶ
3223 3737 3409 3809 χρῶτα
3438 3732 3692 3809 deducta
3716 3750 3731 3799 ;
3766 3751 3907 3806 qum

2255 3822 2366 3860 vox
2397 3803 2463 3858 in
2489 3803 2662 3858 bonis
2692 3803 3034 3877 auctoribus
3064 3803 3442 3877 ﬂagrantiam
3476 3803 3802 3875 quamdam
3833 3823 3910 3862 ex

2257 3878 2514 3949 tinctura
2543 3882 2920 3949 emanantem
2951 3875 3241 3949 designat.
3275 3876 3548 3949 Cyrillus,
3568 3883 3682 3933 cat.
3714 3880 3807 3932 21.
3842 3895 3905 3935 n.

2258 3952 2309 4017 1,
2342 3949 2420 4002 ait
2451 3946 2771 4020 Christum,
2804 3946 2946 4002 dum
2978 3946 3667 4020 iurJordane'baptizatus
3696 3949 3906 4005 ablue-

2256 4025 2440 4081 retur,
2477 4017 2795 4092 tincturam
2828 4034 2948 4092 sua}
2992 4019 3317 4092 divinitatis
3365 4017 3536 4092 aquis
3589 4021 3907 4092 indidisse,

2253 4093 2361 4163 τῶν
2396 4090 2768 4163 χρωτῷν,λνθΙ
2805 4089 3061 4163 χρώνων,
3085 4096 3185 4157 τῆς
3207 4087 3464 4162 θεότητός
3488 4087 3755 4163 μεταδοὺς
3784 4087 3907 4154 τοῖς

2257 4110 2361 4143 των
2396 4107 2652 4162 χρωτων,
2681 4107 2768 4144 vel
2805 4107 2820 4118 ’⁸
2848 4108 3060 4158 ρωνων,
3085 4110 3185 4157 της
3207 4107 3464 4162 υεοτητος
3488 4107 3755 4163 μετασους
3784 4113 3849 4146 το
3862 4114 3907 4154 ις

2257 4158 2432 4214 ὕδασιο
2467 4161 2624 4234 unde
2658 4107 3169 4234 ipsze‘t'ragratiam
3197 4173 3621 4234 conceperunt.
3656 4167 3910 4226 Procat.

2257 4252 2318 4306 ri.
2346 4235 2429 4287 15.
2455 4233 2622 4288 Certe
2647 4249 2768 4288 non
2791 4232 2994 4306 odoris
3011 4234 3273 4305 quidem,
3298 4232 3401 4290 sed
3423 4236 3654 4306 saporis
3675 4236 3912 4293 ratione

2262 4305 2333 4360 de
2361 4306 2557 4359 fructu
2587 4305 2764 4377 vetito
2797 4304 2941 4377 dicit
2970 4305 3138 4377 Greg.
3167 4307 3361 4377 Nysa,
3393 4304 3543 4373 orat,
3571 4309 3631 4362 in
3660 4324 3739 4377 xx.
3759 4325 3913 4363 mar-

2260 4384 2422 4447 tyres,
2455 4392 2510 4450 p_.
2545 4377 2669 4442 509,
2702 4373 2932 4447 εὖχροίᾳ
2957 4373 3064 4450 τινὶ
3086 4372 3184 4450 καί
3214 4372 3387 4449 ἦδονῇ
3436 4372 3673 4450 γεύσεως
3726 4375 3911 4433 ἐπικε-

2263 4445 2608 4521 χρωσμένος,
2639 4445 3062 4521 suavi—Quodam
3093 4448 3269 4504 colore
3305 4445 3373 4504 et'
3407 4445 3692 4520 voluptate
3720 4457 3913 4519 gustus

2185 4515 2228 4579 Ι)
2261 4515 2989 4594 ῥὸίοιὴιυδιρροοειὶγρδίμπι
3012 4536 3132 4574 non
3155 4526 3431 4594 numerat
3449 4515 3705 4594 Cyrillus
3721 4515 3793 4577 in
3814 4523 3878 4577 in
3894 4554 3912 4565 -

2262 4592 2551 4664 diceNovi
2576 4590 2960 4664 Iestamenti,
2993 4607 3242 4662 eamque
3271 4591 3360 4647 uti
3380 4590 3784 4664 apocrypham
3813 4610 3913 4650 re-

2262 4663 2510 4736 pudiare
2537 4662 2768 4736 videtur
2795 4667 2908 4716 cat.
2943 4664 3029 4736 15_,
3063 4679 3227 4736 num.
3265 4666 3328 4717 13
3352 4662 3524 4736 et‘16.
3548 4662 3695 4736 Ejus
3708 4671 3913 4721 tamen

2261 4732 2618 4791 testimoniis
2649 4750 2803 4806 smpe
2833 4749 2902 4788 ac
2928 4732 3109 4806 veluti
3140 4735 3507 4806 imprudens,
3530 4732 3609 4793 ei
3630 4736 3915 4793 familiari

2264 4807 2392 4879 ejus
2424 4804 2874 4879 consuetudine,
2905 4804 3113 4879 utitur.

2334 4878 2410 4946 (7}
2439 4876 2600 4945 Ἒξω.
2636 4876 2757 4931 Vox
2785 4892 2854 4931 ea
2904 4893 3025 4933 non
3080 4876 3333 4933 habetur
3371 4878 3433 4935 in
3482 4878 3654 4937 codd.
3705 4880 3915 4946 Coisl.,

2264 4950 2480 5019 Ottob.,
2512 4951 2652 5017 Boe,
2678 4947 2926 5003 Casaub.
2959 4954 3017 5002 et
3040 4948 3218 5020 Crod.
3249 4951 3420 5020 quasi
3447 4958 3695 5007 caeteros
3722 4951 3917 5007 libros

2263 5037 2383 5076 non
2416 5018 2582 5076 eXtra
2606 5034 2917 5086 canonem,
2952 5018 3056 5074 sed
3082 5018 3343 5077 secundo
3370 5027 3600 5078 tantum
3645 5022 3774 5078 loco
3807 5024 3918 5077 ha-

2262 5091 2389 5165 beri
2413 5092 2652 5165 juberet
2671 5090 2956 5165 Cyrillus:
2981 5091 3084 5165 sed
3104 5090 3225 5159 ille,
3250 5096 3519 5164 quamvis
3535 5111 3599 5151 re
3622 5095 3917 5165 quosdam

2264 5162 2447 5219 libros
2477 5162 2833 5229 distinxerit,
2867 5178 3016 5231 quos
3046 5163 3105 5217 in
3147 5162 3375 5220 canone
3423 5182 3543 5221 non
3594 5162 3919 5222 includens

2266 5234 2525 5291 secundo
2548 5240 2746 5289 tamen
2764 5233 2895 5288 loco
2907 5233 3132 5288 habuit.
3150 5250 3219 5289 ac
3231 5235 3396 5291 nullo
3409 5236 3755 5293 discrimine
3777 5254 3917 5292 cum

2265 5305 2745 5380 protocanonicis
2759 5304 2935 5380 citat;
2959 5306 3226 5380 oratione
3244 5311 3440 5363 tamen
3457 5308 3755 5380 duplicem
3779 5326 3922 5380 apo-

2265 5375 2621 5451 cryphorum
2645 5375 2914 5451 ordinem
2944 5392 3064 5451 non
3106 5375 3266 5446 facit,
3300 5385 3367 5433 ut
3393 5379 3484 5451 vel
3505 5375 3574 5451 ex
3616 5379 3794 5436 modo
3819 5375 3920 5436 se-

2265 5445 2584 5522 quentibus
2610 5445 2800 5503 verbis
2820 5452 2999 5522 patet.
3021 5449 3233 5522 itaque
3256 5445 3388 5506 vox
3438 5448 3491 5504 ἐν
3522 5447 3758 5522 δευτέρῳ
3789 5468 3920 5507 non

2261 5519 2497 5594 secundo
2528 5524 2778 5594 tantum,
2812 5519 2915 5573 sed
2934 5519 3090 5594 nullo
3108 5520 3335 5594 inloco,
3363 5527 3542 5593 atque
3562 5519 3921 5594 idem'quod

2263 5590 2363 5672 ἔξω
2396 5592 2693 5672 significat
2717 5606 2729 5643 :
2754 5606 2885 5672 qua:
2906 5606 3026 5672 nhon
3048 5591 3317 5672 insolens
3335 5590 3491 5672 apud
3513 5590 3788 5672 auctores
3810 5595 3919 5672 lur-

2256 5660 2356 5738 jus
2387 5660 2546 5738 vo'cis
2568 5661 2900 5738 usurpatio.
2934 5660 3027 5716 Sic
3047 5663 3202 5738 Na_z._,
3235 5660 3417 5738 carni.
3454 5668 3504 5733 1,
3536 5682 3666 5738 pag.
3691 5668 3761 5722 29
3791 5682 3806 5721 :
3837 5667 3919 5722 Τὸ

2265 5728 2362 5810 μὲν
2391 5734 2511 5789 καθ’
2557 5728 2992 5807 ἡμᾶςδευτὲρου
3047 5728 3247 5788 κείσθω
3304 5728 3500 5812 λόγου.
3537 5728 3670 5804 ἶ)νέ
3691 5738 3769 5794 ad
3819 5754 3923 5797 nos
