4152 6276
400 293 526 358 508

405 447 541 508 nisi
569 447 636 507 in
671 448 870 507 titulis
894 445 1289 521 catecheseon,
1315 457 1371 508 et
1393 454 1456 508 in
1489 455 1676 509 variis
1698 447 1931 530 Cyrilli
1957 449 2281 524 sententiis,
2316 453 2569 532 sparsim
2599 462 2654 512 et
2687 458 2781 513 uti
2811 457 2872 510 in
2905 457 3103 527 frusta
3135 447 3424 525 defectum
3446 455 3726 508 exstaret.
3763 446 3833 508 In

405 543 672 605 nonullis
701 554 893 605 tamen
922 564 1058 605 mss.
1087 553 1220 624 post
1251 545 1423 607 verba
1449 566 1582 628 qux
1604 566 1910 608 numerum
1947 550 2020 607 12
2047 547 2378 620 absolvunt,
2411 557 2720 632 reperitur
2749 545 3112 631 Symbolum
3141 546 3449 608 Nicxnum
3479 545 3551 606 de
3597 545 3832 625 integro

403 640 809 722 descriptum:
843 662 959 724 quo
989 651 1214 719 factum
1242 654 1347 715 est,
1381 653 1442 704 ut
1473 645 1631 706 hunc
1664 644 1878 706 traditi
1908 645 2185 726 Symboli
2206 658 2266 708 et
2292 648 2800 729 interpretationis
2829 644 3058 728 Cyrilli
3089 646 3594 727 assignaverimus
3617 643 3826 720 locum,

405 759 752 822 quanquam
785 751 846 800 ut
881 749 1085 818 fatear
1113 743 1274 822 quod
1298 762 1388 803 res
1417 752 1518 817 est,
1555 743 1760 804 ultima
1792 764 1955 804 num.
1994 747 2088 818 13,
2119 745 2407 826 periodus
2438 745 2671 801 Βλέπετε
2703 745 2794 799 οὗν
2825 751 2970 818 etc.,
3003 743 3219 807 Videte
3239 744 3470 822 itaque,
3499 749 3642 816 elc.,
3676 743 3830 803 mihi

407 839 692 900 videatur
720 838 803 900 ad
831 838 1182 919 Symbolum
1216 841 1504 902 traditum
1530 849 1858 924 pertinere.

493 937 590 1000 VI.
621 937 733 999 Ex
763 937 955 998 verbis
983 937 1302 1000 catechesis
1328 947 1678 1020 superioris,
1703 961 1866 1002 num.
1901 944 2002 1014 13,
2033 941 2248 1022 quibus
2276 944 2451 1022 longo
2485 944 2967 1023 Quadregesimx
3000 950 3175 1004 totius
3203 947 3396 1023 spatio
3423 938 3701 1020 Symboli
3729 957 3834 1000 ex-

399 1037 768 1114 positionem
795 1054 832 1098 a
853 1056 912 1096 se
945 1035 1296 1098 tradendam
1323 1044 1412 1098 ait
1443 1048 1678 1117 auctor,
1711 1049 1936 1100 certum
1965 1051 2045 1100 est
2077 1038 2228 1101 hanc
2256 1049 2589 1104 orationem
2615 1042 2708 1104 vel
2722 1044 3002 1104 extremis
3028 1048 3248 1123 prima
3282 1035 3835 1118 Quadragesimalis

411 1132 812 1205 hebdomade,
844 1134 939 1195 vel
965 1135 1182 1214 primis
1208 1135 1480 1196 secundae
1510 1134 1722 1197 diebus
1742 1138 2194 1218 pronuntiatam
2224 1158 2340 1200 esse
2361 1161 2381 1198 .·
2411 1159 2594 1221 eaque
2622 1151 2755 1202 erat
2779 1139 3114 1220 singularis
3141 1137 3436 1200 Ecclesia:
3473 1134 3830 1215 Hierosoly-

405 1233 661 1292 mitana'
689 1231 1062 1305 consuetudo,
1099 1240 1166 1293 ut
1186 1252 1298 1313 per
1327 1234 1749 1315 quadraginta
1775 1235 1896 1296 dies
1915 1234 2272 1316 Symbolum
2293 1244 2468 1318 prius
2499 1238 2791 1299 traditum
2824 1237 3281 1319 explicaretur:
3321 1234 3481 1317 quod
3528 1243 3830 1294 testantem

408 1327 758 1391 audivimus
784 1329 1073 1392 Joannem
1108 1329 1339 1412 Cyrilli
1365 1352 1771 1406 successorem,
1807 1335 1866 1393 in
1900 1337 2232 1395 testimonio
2262 1355 2443 1416 supra
2477 1335 2822 1417 Prxloquio
2861 1344 2925 1396 in
2956 1335 3301 1397 catechesim
3333 1343 3636 1416 quartam,
3666 1351 3830 1392 num.

412 1431 451 1489 3
481 1426 762 1508 allegato.
797 1428 868 1489 In
898 1427 1168 1489 omnibus
1197 1447 1334 1491 vero
1365 1429 1510 1492 aliis
1542 1440 1659 1492 tam
1695 1431 2027 1493 Occidentis
2060 1451 2235 1512 quam
2267 1432 2535 1494 Orientis
2565 1435 2880 1504 Ecclesi-is,
2904 1454 3160 1514 quarum
3191 1434 3443 1514 quidem
3465 1441 3688 1493 exstent
3715 1448 3834 1490 mo-

405 1537 714 1601 numenta,
745 1527 855 1588 sub
883 1538 1150 1589 extrema
1178 1527 1362 1590 solum
1400 1529 1884 1609 Quadragesimx
1910 1541 2172 1612 tempora
2202 1531 2556 1612 Symbolum
2594 1533 2969 1614 baptizandis
2997 1532 3349 1593 tradebatur
3375 1549 3388 1590 :
3423 1549 3547 1603 nec,
3582 1540 3646 1590 ut
3677 1530 3829 1591 Hie—

414 1625 752 1706 rosolymis,
785 1625 1089 1706 pluribus,
1119 1626 1361 1687 seduno
1392 1628 1712 1704 duntaxat,
1747 1639 1851 1690 aut
1882 1629 1964 1690 ad
1989 1651 2282 1690 summum
2329 1650 2444 1690 uno
2476 1635 2534 1691 et
2561 1631 2749 1692 altero
2777 1652 3032 1692 sermone
3067 1631 3395 1712 explanari
3425 1627 3664 1690 solebat.
3704 1627 3834 1688 Du-

419 1721 580 1782 bium
613 1742 751 1784 vero
781 1722 1012 1784 nnllum
1042 1733 1146 1797 est,
1179 1725 1325 1806 quin
1355 1723 1639 1786 Ecclesiae
1668 1725 2242 1808 Hierosolymitanx
2272 1726 2627 1788 consuetudo
2657 1727 2848 1789 multo
2896 1725 3112 1788 utilior
3150 1735 3308 1799 esset,
3339 1726 3441 1786 cui
3461 1744 3600 1785 sane
3629 1743 3833 1805 accep-

418 1829 544 1881 tum
570 1824 809 1902 referre
837 1821 1104 1883 debemus
1127 1829 1452 1904 pretiosum
1481 1824 1588 1885 hoc
1617 1825 2032 1886 Catechescon
2069 1826 2562 1905 Cyri/[tonorum
2593 1847 2762 1908 opus.

491 1921 566 1981 V.
598 1919 784 1981 Hanc
812 1927 1143 1982 orationem
1173 1921 1520 1983 contulimus
1547 1941 1678 1983 cum
1707 1922 1880 1984 codd.
1921 1922 2202 1998 Coislin.,
2240 1924 2379 2000 Roe,
2417 1925 2698 1989 Casaub..
2752 1924 3028 1986 Ottobon.
3075 1923 3435 2005 Symbolum
3472 1920 3832 2000 Hierosoly-

413 2025 710 2080 mitanum
741 2038 814 2081 ex
842 2026 970 2101 ipso
1004 2018 1242 2101 Cy-rillo
1269 2020 1572 2082 collectum
1602 2023 1661 2082 ei
1688 2021 2094 2103 appinximus.
2135 2023 2263 2098 Qua
2293 2023 2364 2083 de
2389 2043 2456 2084 re
2484 2023 2739 2084 dicemus
2770 2023 2834 2084 in
2863 2023 3268 2085 observatione
3292 2022 3610 2102 peculiari.

1327 296 1802 360 CATECHESIS
1843 297 1915 359 ν.
1960 299 2066 360 DE
2110 299 2286 360 FIDE
2331 302 2433 362 ET
2476 302 2878 364 SYMBOLO.
3708 297 3829 358 506

1649 2287 2370 2383 ΚΑΤΗΧΗΣΙΣ
2457 2290 2560 2382 E’

1865 2451 2389 2508 ΦΩΤΙΖΟΜΕΝΩΝ.

436 2579 508 2659 ἓν
538 2577 944 2659 Ἱεροσολῦμοις
972 2578 1373 2659 σχεδιασθεῖσα,
1406 2584 1566 2659 Περὶ-
1597 2582 1864 2659 ΠίστεωςΔ
1911 2583 2000 2659 καὶ
2059 2583 2360 2659 ἀνάγνωσις
2385 2580 2444 2636 ἐκ
2471 2589 2581 2659 τῆς.
2621 2584 2770 2659 πρὸςΔ
2831 2578 3154 2659 Ἐϐραίουςὴ
3201 2586 3361 2639 Ἔστι
3391 2602 3626 2659 ειπιστις⁸
3647 2653 3657 2659 ι
3677 2580 3836 2637 ἐλπι-

437 2604 508 2635 ιιιν
556 2604 944 2656 ιεροσοΛυμοις
972 2604 1373 2658 σχεοιασθεισα,
1409 2604 1537 2659 ιιερι
1597 2604 1854 2644 ιιιστεως’
1911 2604 2000 2637 και
2059 2604 2158 2638 ανα
2195 2604 2357 2644 νωσις
2385 2604 2444 2636 εκ
2471 2604 2572 2652 της
2621 2604 2760 2658 προς
2833 2604 3141 2659 ιοραιους·
3213 2604 3361 2639 non
3391 2604 3620 2642 επιστις
3677 2604 3836 2637 εΛπι-

436 2649 676 2724 ζομὲνων
705 2651 1000 2716 ὑπόστασις
1025 2658 1099 2728 (1)
1131 2654 1488 2730 πραγμάτων,
1522 2651 1752 2731 ἔλεγχος
1810 2653 1873 2710 οὗ
1935 2604 2316 2798 Ξὶῗτζέμένὲἒν.
2350 2656 2436 2710 Ἐν
2485 2654 2656 2729 ταύτῃ
2716 2656 2816 2730 γὰρ
2876 2655 3343 2732 ἐμαρτυρήθησαν
3378 2655 3428 2708 οἱ
3454 2649 3836 2728 πρεσϐύτεροι,

1125 3005 1808 3092 CA'I‘ECHESIS
1881 3004 1944 3094 V
2004 3005 2192 3093 ILL
2213 3007 2562 3093 UMINA
2582 3006 3109 3114 NDORUM,

416 3180 882 3262 Hierosolymis
913 3185 1356 3264 extemporalis
1386 3185 1576 3255 dicta,
1611 3185 1701 3245 De
1730 3184 1906 3257 Fide;
1951 3189 2007 3245 et
2064 3184 2252 3246 lectio
2282 3202 2359 3247 ex
2387 3186 2669 3265 Epistola
2721 3187 2800 3248 ad
2833 3186 3126 3247 Hebraeos
3157 3185 3229 3221 ‘9‘
3263 3204 3276 3246 :
3309 3183 3429 3244 Est
3455 3191 3647 3244 autem
3676 3179 3823 3258 ﬁdes

489 3273 874 3344 speratarum
896 3264 1229 3327 substantia
1258 3285 1458 3326 rerum
1487 3265 1603 3346 (2),
1639 3271 1933 3327 convictio
1964 3285 2170 3326 earum
2198 3285 2330 3348 qua:
2357 3264 2475 3328 non
2507 3267 2809 3329 videntur.
2843 3266 2913 3327 In
2941 3267 3051 3328 hac
3071 3268 3220 3327 enim
3251 3265 3649 3326 testimonium
3681 3281 3823 3322 con-

493 3345 682 3404 secuti
705 3356 845 3406 sunt
864 3365 1044 3407 senes.
1079 3352 1196 3407 etc.

493 3354 682 3404 secuti
705 3356 845 3406 sunt
864 3365 1044 3419 senes,
1079 3354 1196 3407 etc.

494 3635 568 3692 A'.
623 3631 849 3691 Ἦλίκον
906 3634 1034 3709 ὑμῖν
1090 3634 1306 3710 ἀξίωμα
1361 3631 1579 3691 δίδωσιν
1631 3635 1658 3689 ὁ
1713 3633 1910 3711 Κύριος
1966 3634 2071 3690 ἀπὸ

2257 3639 2300 3694 Ι.
2334 3642 2620 3704 Quantam
2641 3639 2689 3676 ⁵ο
2708 3639 2871 3695 vobis
2892 3639 3239 3713 dignitatem
3261 3637 3527 3694 conferat
3548 3633 3832 3691 Dominus

415 3725 517 3776 τοῦ
543 3725 622 3796 (3)
651 3727 1084 3799 κατηχουμὲνων
1141 3728 1415 3801 τάγματος
1477 3725 1552 3788 εἷς
1607 3725 1670 3780 τὸ
1697 3729 1805 3779 τῶν
1862 3729 2067 3780 πιστῶν

2197 3727 2255 3782 ιΙ)
2268 3728 2476 3783 ordine
2490 3729 3051 3784 catechumenorum
3075 3728 3149 3783 ad
3163 3727 3429 3782 fidelium
3445 3725 3716 3780 ordinem
3734 3740 3832 3777 vos

423 3812 870 3886 μετατιθέμενος,
903 3814 1122 3879 Παῦλος
1155 3817 1183 3872 ὁ
1222 3813 1530 3878 ἀπόστολος
1578 3815 1864 3892 παριστὰς,
1915 3814 2066 3892 φησί·

2197 3819 2568 3887 mansierens,
2601 3824 2991 3892 reprassentat
3019 3817 3322 3889 apostolus
3356 3815 3592 3882 Paulus,
3628 3814 3790 3868 aiens
3817 3827 3830 3866 :

421 3903 620 3965 Πιστὸς
669 3905 697 3958 ὁ
757 3906 908 3971 Θεὸς,
967 3905 1038 3960 δι’
1123 3911 1184 3962 οῦ
1271 3905 1545 3978 ἰκλῆθητε
1621 3905 1701 3968 εἷς
1786 3905 2075 3960 κοινωνίαν

2197 3908 2390 3964 Fidelis
2420 3909 2576 3971 Deus,
2587 3926 2691 3980 per
2720 3926 2879 3979 quem
2908 3911 3091 3964 vocati
3120 3909 3244 3962 estis
3274 3909 3330 3960 in
3359 3907 3671 3961 societatem
3700 3902 3834 3956 Filii

421 3997 522 4048 τοῦ
571 3994 699 4049 Υἱοῦ
757 3997 926 4051 αὐτοῦ
979 3998 1159 4068 Ἰησοῦ
1215 4001 1477 4072 Χριστοῦ,
1538 4001 1670 4052 Θεοῦ
1723 3995 1824 4071 γὰρ
1883 3999 2075 4051 πιστοῦ

2197 3998 2305 4067 ejus
2334 3999 2461 4054 Jesu
2492 3998 2698 4055 Christi
2731 3997 2800 4052 ⁵³.
2835 3999 2976 4052 Cum
3022 3996 3182 4052 enim
3212 3997 3366 4050 Deus
3391 3993 3569 4064 ﬁdelis
3619 3990 3831 4063 appel-

422 4078 794 4155 καλουμένου,
823 4085 912 4140 καὶ
945 4085 1008 4139 σὺ
1037 4084 1238 4156 ταύτην
1297 4088 1398 4154 τὴν
1452 4085 1824 4162 προσηγορίαν
1860 4079 2075 4158 λαμϐά-

2197 4088 2361 4157 letur,
2397 4093 2459 4142 tu
2491 4105 2726 4159 quoque
2759 4088 3030 4142 eamdem
3079 4085 3298 4157 accipis
3348 4082 3831 4155 appellationem,

424 4190 557 4241 νεις,
595 4171 732 4248 μέγα
792 4167 1090 4247 λαμϐάνων
1149 4175 1383 4248 ἁξιωμα.
1441 4176 1642 4249 Ὥσπερ
1670 4175 1770 4250 γὰρ
1829 4171 2075 4229 καλεῖται

2197 4195 2402 4250 magna
2422 4185 2629 4233 auctus
2651 4179 2954 4252 dignitate.
2976 4173 3484 4243 Quemadmodum
3503 4172 3661 4228 enim
3679 4173 3834 4226 Deus

421 4258 554 4321 Θεὸς
588 4261 812 4335 ἀγαθὸς,
842 4263 933 4318 καὶ
985 4259 1213 4336 δίκαιος,
1245 4265 1336 4318 καὶ
1384 4263 1792 4337 παντοκράτωρ,
1843 4262 1932 4316 καὶ
1977 4259 2079 4330 δη-

424 4349 692 4424 μιουργὸς
725 4351 834 4406 τῶν
866 4351 1037 4425 ὅλων,
1070 4351 1212 4408 οὕτω
1244 4353 1334 4407 καὶ
1365 4351 1580 4414 πιστός.
1615 4353 1845 4426 Λόγισαι
1892 4349 2074 4407 τοίνυν

420 4438 501 4504 εἷς
549 4441 742 4496 ὁποῖον
801 4442 1016 4516 ἀξίωμα
1075 4438 1400 4513 ἀναϐαίνεις,
1433 4447 1566 4499 Θεοῦ
1630 4440 1852 4516 μέλλων
1902 4463 2076 4518 προσ-

421 4529 658 4605 ηγορίας
689 4532 928 4607 γίνεσθαι
957 4533 1242 4597 κοινωνός.

494 4620 571 4678 Β“.
601 4618 730 4676 Ὧδε
761 4622 852 4677 οὗν
887 4627 1128 4694 ζητεῖται
1187 4627 1258 4696 (li)
1319 4622 1540 4690 λοιπὸν,
1597 4623 1692 4678 ἳνα
1718 4643 1803 4684 τις
1835 4621 1886 4692 ἐξ
1923 4623 2075 4695 ὑμῶν

424 4711 616 4773 πιστὸς
664 4709 724 4766 ἐκ
779 4709 1136 4784 συνειδήσεως
1196 4713 1410 4789 εὖρεθῆ.
1468 4710 1673 4788 Ἄνδρα
1727 4713 1830 4788 γὰρ
1886 4713 2077 4768 πιστὸν

420 4796 584 4875 ἔργον
644 4801 788 4856 ἰστίν
850 4800 1046 4878 εὖρεῖν,
1081 4801 1265 4880 φησίν
1304 4803 1412 4879 οὐχ
1460 4801 1550 4857 ἳνα
1605 4800 1727 4875 ἐμοὶ
1781 4798 1952 4876 δείξῃς
1983 4823 2077 4857 σου

421 4913 522 4964 την
555 4888 860 4962 συνείδησιν
896 4890 981 4964 (οὗ
1011 4891 1114 4967 γὰρ
1175 4891 1278 4947 ὑπὸ
1316 4891 1663 4967 ἀνθρωπίνης
1714 4891 1923 4968 ἡμέρας
1956 4890 2076 4945 ἀνα-

2186 4273 2427 4322 vocatur
2454 4266 2669 4336 bonus,
2704 4267 3002 4339 etjustus,
3032 4273 3090 4322 et
3114 4265 3493 4336 omnipotens
3525 4262 3672 4334 [seu
3702 4276 3834 4314 om-

2187 4356 2354 4410 nium
2386 4355 2766 4427 dominator],
2800 4362 2860 4412 et
2887 4357 3297 4411 universorum
3328 4352 3620 4420 conditor,
3653 4350 3736 4404 ita
3780 4352 3838 4403 et

2184 4446 2380 4515 ﬁdelis.
2410 4449 2637 4518 Reputa
2662 4446 2841 4519 igitur
2869 4447 2942 4502 ad
2965 4450 3246 4517 quantam
3275 4441 3615 4515 proveheris
3644 4438 3832 4510 digni-

2186 4542 2389 4603 tatem,
2422 4537 2630 4592 divina)
2662 4535 3078 4608 appellationis
3109 4533 3403 4605 particeps
3433 4530 3687 4585 futurus.

2256 4627 2323 4679 II.
2361 4627 2463 4682 Hic
2487 4627 2614 4698 jam
2665 4626 2968 4696 quarritur,
3018 4629 3084 4678 ut
3130 4621 3324 4677 ﬁdelis
3373 4620 3473 4691 qui
3525 4637 3596 4674 ex
3643 4617 3831 4684 vobis,

2189 4715 2516 4770 secundum
2536 4715 2807 4770 intimam
2830 4711 3278 4779 conscientiam,
3299 4707 3629 4780 reperiatur
3647 4708 3711 4762 ⁵³.
3742 4708 3836 4762 Vi-

2186 4821 2311 4859 rum
2361 4805 2520 4859 enim
2567 4804 2779 4873 ﬁdelem
2831 4804 3074 4871 reperire
3126 4815 3388 4868 magnum
3434 4812 3568 4867 opus
3623 4803 3721 4862 est,
3755 4797 3838 4851 ait

2189 4893 2478 4964 [Sriptura
2535 4892 2635 4964 53.]
2689 4893 2815 4946 Non
2872 4895 2938 4944 ut
2991 4887 3139 4944 mihi
3197 4893 3360 4943 tuam
3410 4886 3834 4943 conscientiam

491 5028 564 5064 ιν
596 5026 771 5083 Hebr.
805 5045 882 5096 xx,
917 5030 967 5082 1.
998 5025 1047 5062 ⁵³
1084 5027 1211 5082 Vid.
1249 5029 1462 5083 Procat.
1496 5044 1556 5081 ιι.
1590 5029 1622 5080 6
1652 5031 1702 5080 et
1732 5032 1842 5081 cat.
1880 5029 1927 5094 l,
1963 5042 2022 5081 ιι.
2051 5027 2075 5079 4

2215 5027 2238 5080 Ι
2267 5027 2398 5080 Cor.
2425 5043 2439 5079 ι
2468 5066 2481 5092 ,
2515 5028 2568 5080 9.
2600 5024 2649 5058 5’
2679 5025 2703 5077 Ι
2733 5025 2863 5079 Cor.
2897 5041 2968 5094 ιν,
3001 5027 3054 5079 2.
3086 5021 3136 5057 ⁵³
3165 5024 3330 5077 Prov.
3366 5039 3460 5090 xx,
3493 5025 3545 5077 6.

493 5174 570 5244 (1)
600 5171 940 5234 Ὑπόστασις.
983 5174 1050 5228 In
1081 5173 1191 5228 bac
1221 5190 1360 5227 voce
1409 5172 1630 5228 desinit
1679 5171 1835 5243 apud
1885 5171 2075 5244 editos

424 5243 661 5302 codices
689 5244 979 5316 allegatus
1009 5244 1276 5316 Apostoli
1325 5244 1490 5299 locus
1524 5261 1537 5297 :
1571 5250 1814 5316 caeteras
1845 5243 2073 5298 addidi-

421 5333 557 5374 mus
585 5333 655 5372 ex
686 5315 856 5371 codd.
892 5315 1077 5371 Coisl.’
1101 5315 1294 5371 Ottob.
1329 5317 1472 5382 Roe,
1503 5321 1561 5369 et
1589 5315 1766 5371 Grod.

496 5390 575 5456 (2)
605 5388 802 5443 Lectio
835 5387 960 5442 haec
992 5387 1379 5442 conﬁrmatur
1409 5403 1480 5441 ex
1504 5405 1543 5441 ιι
1598 5388 1651 5441 4.

496 5392 552 5456 (2
605 5390 802 5443 Lectio
835 5390 960 5442 haec
992 5390 1379 5442 confirmatur
1409 5403 1480 5441 ex
1504 5405 1543 5441 ιι
1598 5390 1651 5441 4.

493 5390 742 5586 (ἔδέἊπὸ
788 5461 912 5513 τοῦ.
960 5459 1494 5540 Ανιὶοιιίιιιιμὴιιιιο
1548 5457 1948 5540 supplevimus
2001 5473 2074 5512 ex

495 5531 532 5586 d
579 5572 593 5586 .
626 5532 769 5586 Roe.
801 5535 861 5584 et
889 5530 1132 5585 Casaub.
1161 5547 1175 5586 :
1210 5546 1557 5586 scrmsnmus
1588 5537 1765 5586 etiam
1800 5525 2074 5586 μετατιθὲ-

421 5525 593 5587 codd.
626 5532 769 5597 Roe,
801 5535 861 5584 et
889 5530 1132 5585 Casaub.
1161 5547 1175 5598 ;
1210 5529 1557 5601 scripsimus
1588 5525 1765 5586 etiam
1799 5525 2075 5601 μετατιθὲ-

421 5620 608 5682 μεδος,
641 5618 712 5659 ex
742 5601 913 5659 codd.
946 5602 1144 5674 Coisl.,
1179 5600 1396 5670 Ottob.,
1442 5604 1584 5674 Roe,
1641 5600 1916 5672 Casaub.,
1940 5600 2070 5658 loco

2189 5164 2648 5242 μετατιθεμένοις.

2256 5244 2332 5313 (4—)
2365 5239 2636 5309 Ζητεῖται.
2683 5239 2990 5296 Editorum
3042 5241 3218 5297 lectio
3251 5246 3359 5308 est,
3396 5243 3623 5309 ζητεῖτε,
3658 5254 3834 5310 quam

2185 5313 2633 5368 emendavimus
2667 5329 2736 5368 ex
2771 5313 2947 5383 Coisl.
2981 5317 3040 5367 et
3068 5313 3258 5369 Ottob.
3294 5319 3354 5368 et
3382 5313 3633 5383 allegato
3679 5315 3837 5383 Apo—

2187 5385 2321 5440 stoli
2354 5390 2538 5456 textu.
2571 5387 2718 5451 Mox,
2753 5390 2888 5438 ante
2922 5382 3074 5456 ὑμῶν
3109 5385 3436 5456 adjecimus
3465 5381 3833 5456 praepositio:

2183 5474 2321 5512 nem
2348 5454 2420 5525 ἐξ,
2451 5456 2798 5512 auctoritate
2831 5453 3000 5511 codd.
3032 5453 3210 5513 Coisl'.
3243 5458 3384 5523 Roe,
3416 5453 3640 5510 Casaub
3698 5453 3836 5504 Post

2185 5524 2441 5597 sequens
2474 5545 2542 5582 ex
2573 5527 2903 5582 Proverbiis
2937 5529 3368 5597 testimonium,
3392 5524 3730 5580 addidimus
3762 5537 3830 5576 ex

2183 5599 2354 5656 codd.
2390 5603 2532 5670 Roe,
2562 5605 2622 5656 et
2650 5599 2921 5668 Casaub,
2954 5599 3141 5684 φησίν.
