4152 6276
354 258 472 317 507

1412 246 1475 308 S.
1518 248 1834 310 CYRILLI
1877 245 2289 316 HIEROSOL.
2338 252 2702 316 ARCHIEP.

3644 249 3786 310 508

357 392 726 447 demonstres
757 386 974 457 (neque
1005 382 1166 438 enim
1198 381 1269 438 ab
1315 382 1576 438 humano
1609 382 1703 437 die
1727 382 2000 454 judican-

2129 384 2386 460 ιρίνεσθαι
2421 385 2687 458 μὲλλεις)·
2745 379 2872 438 ἁλλ’
2922 379 3012 437 ’ίνα
3039 379 3119 454 τῷ
3148 384 3265 453 Θεῷ
3323 377 3498 454 δείξῃς
3554 387 3652 450 τῆς
3689 378 3788 434 πί-

355 481 465 536 dus
497 496 558 535 es
575 478 644 548 5‘)
670 495 683 532 :
721 475 823 532 sed
854 480 920 529 ut
948 475 1066 528 Deo
1100 472 1239 527 fidei
1271 473 1675 528 sinceritatem
1707 472 2007 535 ostendas,

355 571 456 642 qui
491 572 788 624 scrutatur
839 581 1014 619 renes
1046 568 1103 618 et
1132 562 1309 618 corda
1339 562 1405 631 ⁸⁵,
1441 567 1498 617 et
1528 563 1629 633 qui
1662 565 1824 616 novit
1854 563 2011 633 cogi—

354 660 612 714 tationes
660 655 974 710 hominum
1007 651 1071 708 5°.
1123 653 1395 724 Magnum
1451 651 1733 722 quiddam
1787 657 1877 706 ost
1927 650 2012 703 vir

357 747 572 812 ﬁdelis,
607 749 665 800 et
682 743 886 814 quovis
911 741 1088 796 divite
1113 741 1347 796 divitior
1367 740 1599 796 exsistit
1618 741 1820 795 Fidelis
1849 739 2008 794 enim

355 838 463 892 viri
495 842 572 890 est
606 841 751 890 totus
779 831 1014 887 mundus
1066 830 1390 885 divitiarum
1409 828 1478 897 ⁵⁷,
1529 831 1608 898 (1)
1641 830 1702 884 in
1733 846 1802 884 eo
1851 828 2008 900 quod

357 927 520 998 ipsas
552 923 804 996 despicit
833 928 893 977 et
922 920 1250 977 conculcat.
1279 921 1424 974 Nam
1450 919 1551 990 qui
1584 919 1842 974 exterius
1864 919 2008 974 divi-

355 1021 444 1070 tes
475 1019 634 1077 sunt,
671 1012 905 1068 etiamsi
959 1011 1148 1066 multa
1203 1009 1571 1082 possideant,
1621 1015 1911 1080 quantum
1935 1009 2008 1065 ad

358 1105 622 1160 animam
671 1101 873 1174 inopia
916 1100 1298 1157 cruciantur:
1353 1105 1576 1170 quanto
1627 1100 1787 1155 enim
1838 1100 2012 1171 plura

359 1199 743 1268 congregant,
778 1197 940 1247 tanto
971 1191 1183 1261 majori
1216 1206 1421 1245 eorum
1455 1207 1586 1261 qua:
1618 1190 1834 1245 desunt
1863 1190 2015 1245 desi-

360 1284 526 1340 derio
548 1282 970 1338 conﬁciuntur.
997 1284 1070 1335 At
1109 1279 1302 1334 ﬁdelis
1332 1280 1532 1346 homo,
1567 1279 1726 1351 quod
1757 1281 2012 1337 maxime

361 1371 711 1430 admirabile
736 1371 1020 1437 videatur,
1053 1369 1114 1424 in
1139 1375 1484 1440 paupertate
1505 1369 1665 1424 dives
1687 1375 1793 1436 est,
1820 1370 2013 1424 sciens

363 1465 526 1519 enim
558 1461 713 1533 quod
739 1460 1090 1514 indumenta
1114 1463 1341 1514 tantum
1377 1464 1435 1513 et
1463 1458 1749 1513 alimenta
1795 1459 2014 1514 habere

360 1568 604 1608 necesse
635 1551 730 1617 sit,
754 1551 968 1620 hisque
999 1554 1314 1604 contentus
1333 1549 1398 1614 ⁵⁸,
1423 1548 1655 1604 divitias
1683 1549 2014 1612 conculcat.

429 1644 529 1699 IIl.
563 1645 762 1714 Neque
795 1658 928 1696 vero
960 1639 1118 1711 apud
1150 1657 1257 1694 nos
1287 1645 1518 1694 tantum
1554 1639 1632 1710 (2}
1665 1639 1764 1709 qui
1796 1639 2012 1694 Christi

2122 496 2286 539 στεως
2317 477 2380 531 τὸ
2413 475 2636 547 ἄδολον,
2685 479 2764 547 τῷ
2824 473 3064 542 ἐτάζοντι
3120 471 3346 549 νεφροὺς
3402 471 3492 526 καὶ
3524 468 3789 545 καρδίας,

2118 565 2206 619 καὶ
2264 565 2584 642 γινώσκοντι
2641 563 2768 626 τοὺς
2830 561 3223 637 διαλογισμοὺς
3283 566 3389 616 τῶν
3445 561 3784 637 ἀνθρώπων.

2120 653 2276 730 Μέγα
2305 677 2354 710 τι
2385 655 2613 731 πρᾶγμά
2671 653 2782 710 ἐστι
2813 655 3001 714 πιστὸς
3033 651 3190 725 ἀνὴρ,
3248 651 3443 712 παντὸς
3500 648 3785 706 πλουσίου

2118 748 2402 821 τυγχάνων
2457 743 2865 820 πλουσιώτερος
2899 789 2912 802 .
2975 745 3086 799 Τοῦ
3140 745 3333 797 πιστοῦ
3387 740 3488 817 γὰρ
3549 739 3682 803 ὅλος
3753 743 3784 797 ὁ

2118 835 2326 910 κόσμος
2378 841 2486 891 τῶν
2551 835 2878 911 χρημάτων,
2935 838 3015 905 τῷ
3071 835 3150 906 (4)
3211 833 3568 908 ὑπερφρονεῖν
3638 829 3786 884 αὐτᾶ

2117 925 2206 980 καὶ
2265 930 2587 980 καταπατεῖν
2615 967 2629 982 .
2690 924 2758 982 Οἱ
2823 924 2917 996 μὲν
2973 923 3072 997 γάρ
3127 921 3264 976 κατὰ
3317 922 3380 974 τὸ
3439 920 3779 996 φαινόμενον

2119 1013 2510 1084 πλουτοῦντες,
2541 1015 2630 1069 καὶ
2664 1010 2853 1068 πολλᾶ
2899 1011 3232 1084 κεκτημένοι
3273 1007 3500 1078 πένητές
3531 1008 3636 1064 εἰσι
3663 1010 3779 1078 τὴν

2120 1107 2329 1180 ψυχήν
2364 1103 2477 1176 ὅσῳ
2516 1103 2620 1180 γὰρ
2678 1099 2864 1157 πολλὰ
2919 1099 3225 1175 συνάγουσι,
3283 1100 3528 1171 τοσούτῳ
3657 1103 3776 1154 τῶν

2122 1191 2422 1249 λειπόντων
2453 1192 2714 1265 ἐπιθυμίᾳ
2760 1193 3042 1260 τήκονται.
3086 1191 3148 1246 Ὁ
3199 1187 3256 1244 δὲ
3298 1190 3490 1253 πιστὸς
3518 1189 3681 1262 ἀνὴρ,
3712 1187 3786 1244 τὸ

2120 1283 2576 1357 παραδοξότατον,
2612 1280 2665 1336 ἐν
2715 1281 2871 1352 πενίᾳ
2910 1279 3159 1335 πλουτεῖ·
3221 1275 3380 1341 εἰδὼς
3409 1277 3535 1354 γὰρ,
3567 1276 3652 1333 ὅτι
3685 1274 3780 1332 δεῖ

2127 1373 2289 1445 μόνον
2321 1370 2468 1448 ἔχειν
2501 1370 2850 1443 σκεπάσματα
2887 1368 2976 1424 καὶ
3027 1369 3253 1443 τροφὰς,
3285 1368 3373 1422 καὶ
3423 1366 3640 1429 τούτοις
3671 1367 3782 1441 ἀρ-

2121 1461 2407 1536 κούμενος,
2438 1462 2718 1531 πεπάτηκε
2746 1460 2837 1514 τὸν
2869 1463 3129 1515 πλοῦτον.

2195 1645 2266 1699 Γ“.
2299 1643 2404 1700 Καὶ
2432 1644 2493 1698 ού
2525 1645 2653 1717 παρ’
2692 1643 2827 1715 ἡμῖν
2875 1662 2937 1718 γε
2988 1640 3202 1713 μόνοις,
3232 1645 3347 1702 τοῖς
3377 1640 3476 1709 τὴν
3502 1642 3599 1695 τοῦ
3631 1639 3782 1714 Χρι-

364 1737 461 1791 73
485 1733 727 1790 nomine
760 1748 1095 1793 censemur,
1119 1747 1333 1802 magna
1355 1736 1445 1785 est
1471 1729 1606 1784 ﬁdei
1639 1729 2014 1785 commcnda-

2129 1737 2248 1788 πτοῦ
2275 1731 2641 1809 προσηγορίαν
2688 1729 2930 1806 ἔχουσιν,
2964 1731 3100 1807 μέγα
3128 1730 3190 1785 τὸ
3237 1735 3338 1800 τῆς
3369 1729 3601 1790 πίστεώς
3632 1727 3779 1784 ἑστιν

360 1826 443 1881 tio
474 1844 487 1879 :
518 1839 721 1879 verum
755 1823 930 1878 etiam
965 1821 1238 1876 universa
1269 1838 1400 1891 qua)
1434 1819 1494 1874 in
1525 1819 1746 1874 mundo
1795 1837 2008 1893 gerun-

362 1918 481 1982 tur,
515 1919 573 1968 et
601 1912 672 1968 ab
707 1912 791 1968 eis
824 1927 1059 1983 quoque
1091 1910 1191 1981 qui
1224 1909 1404 1964 alieni
1439 1915 1579 1964 sunt
1624 1909 1695 1964 ab
1727 1910 2010 1979 Ecclesia,

362 2022 470 2077 per
485 2005 658 2060 ﬁdem
677 2005 1099 2076 transiguntur.
1120 2004 1232 2056 Per
1245 2001 1422 2056 ﬁdem
1437 2007 1729 2058 extraneae
1744 2018 2011 2073 personas

363 2093 974 2166 nuptialibuslegibus
986 2091 1824 2163 conjunguntur;alienusque
1836 2093 2013 2147 homo

363 2199 676 2254 corporum
711 2187 770 2236 et
794 2180 1188 2252 pecuniarum
1210 2179 1564 2246 alienarum,
1591 2196 1697 2250 per
1719 2196 1848 2235 eam
1881 2196 2012 2250 quae

363 2273 426 2327 in
459 2270 859 2327 contractibus
881 2269 1246 2340 sponsalitiis
1265 2273 1354 2322 est
1384 2267 1584 2334 ﬁdem,
1608 2269 2012 2324 communica-

362 2364 524 2418 tione
555 2361 833 2418 donatur.
868 2359 1007 2414 Fide
1063 2359 1241 2414 etiam
1289 2359 1562 2413 consistit
1613 2360 2011 2430 agricultura:

365 2469 488 2507 non
519 2451 682 2507 enim
715 2448 964 2519 suscipit
991 2447 1246 2512 labores,
1279 2448 1378 2518 qui
1403 2454 1720 2518 proventus
1751 2456 2016 2520 receptu-

364 2556 498 2596 rum
531 2557 592 2596 se
625 2556 744 2594 non
775 2537 980 2592 credit.
1011 2537 1149 2592 Fide
1183 2537 1506 2593 decurrunt
1526 2539 1798 2594 homines
1829 2557 2013 2608 mare,

365 2627 509 2683 dum
541 2629 750 2700 exiguo
809 2626 968 2697 ligno
1021 2624 1352 2689 credentes,
1386 2625 1796 2681 ﬁrmissimum
1846 2633 2016 2683 terra)

366 2718 729 2772 elementum
749 2714 1013 2770 instabili
1031 2714 1319 2770 ﬂuctuum
1340 2715 1654 2788 agitatione
1678 2722 2020 2786 permutant

365 2805 610 2861 incertis
641 2805 859 2877 spebus
891 2821 1021 2861 sese
1079 2804 1400 2872 tradentes,
1447 2804 1728 2876 omnique
1759 2807 2019 2862 anchora

367 2895 647 2950 tutiorem
679 2894 1170 2950 circumferentes
1211 2893 1409 2948 ﬁdem.
1447 2893 1555 2948 Per
1585 2894 1763 2949 ﬁdem
1814 2896 2014 2967 itaque

366 2985 650 3055 pleraque
680 2983 1015 3039 consistunt
1036 2981 1346 3036 hominum
1362 2981 1596 3052 negotia
1617 2999 1629 3035 :
1648 2998 1843 3053 neque
1860 2983 2016 3054 apud

2120 1822 2354 1896 ἂξίωμα“
2386 1821 2532 1878 ἀλλὰ
2573 1823 2676 1898 γὰρ
2732 1825 2822 1876 καί
2875 1821 3048 1875 πάντα
3102 1819 3170 1874 τὰ
3227 1819 3280 1874 ἐν
3333 1823 3412 1891 τῷ
3465 1838 3662 1892 κοσμῳ
3687 1838 3784 1872 τε-

2119 1911 2382 1985 λούμενα,
2413 1911 2503 1967 καὶ
2533 1911 2601 1966 τὰ
2634 1910 2738 1966 ὑπὸ
2767 1915 2874 1965 τῶν
2906 1908 3225 1983 ἀλλοτρίων
3271 1915 3372 1978 τῆς
3418 1905 3777 1978 Ἐκκλησίας,

2117 2004 2186 2075 τῇ
2218 2001 2395 2055 πίστει
2424 2001 2680 2056 τελεῖται.
2715 1999 2895 2055 Πίστει
2951 1999 3078 2061 τοὺς
3134 1998 3573 2071 ἆπεξενωμὲνους
3603 2017 3779 2072 γαμι-

2119 2091 2206 2146 κοὶ
2237 2090 2400 2164 νόμοι
2433 2091 2787 2145 συνάπτουσιν
2836 2089 2912 2150 είς
2959 2087 3176 2144 ταυτόν’
3221 2088 3309 2143 καὶ
3344 2085 3626 2162 ἄνθρωπος
3659 2084 3772 2141 ἆλ-

2123 2181 2366 2249 λότριος,
2401 2179 2669 2252 σωμάτων
2711 2179 2800 2233 καὶ
2854 2179 3156 2252 χρημάτων
3207 2175 3520 2253 ἀλλοτρίων
3555 2178 3651 2248 (5),
3686 2171 3779 2229 διὰ

2118 2272 2219 2339 τὴν
2251 2269 2305 2324 ἐν
2337 2273 2599 2344 γαμικοῖς
2657 2263 3019 2340 συμϐολαίοις
3074 2266 3279 2335 πίστιν,
3311 2264 3546 2341 γίνεται-
3568 2285 3778 2320 κοινω-

2120 2359 2234 2422 νός.
2268 2358 2453 2414 Πίστει
2511 2358 2601 2412 καὶ
2657 2356 2897 2433 γεωργία
2954 2356 3284 2412 συνίσταταιο
3345 2357 3373 2410 ὁ
3424 2355 3527 2429 γὰρ
3565 2356 3640 2428 μή
3674 2375 3777 2408 πι-

2123 2448 2322 2504 στεύων
2377 2445 2647 2521 λήψεσθαι
2700 2447 3100 2523 καρποφορίαν,
3160 2445 3270 2520 οὐχ
3329 2444 3590 2517 ὑπομένει
3643 2443 3772 2506 τοὺς

2121 2539 2396 2611 καμάτους
2424 2581 2438 2596 .
2500 2535 2684 2591 Πίστει
2740 2533 3159 2596 Θαλαττεύοντες
3203 2533 3477 2608 ἄνθρωποι
3511 2577 3527 2603 ,
3574 2553 3774 2608 μικρο-

2119 2628 2268 2699 τάτῳ
2307 2624 2452 2698 ξύλῳ
2484 2623 2878 2693 πιστεύσαντες,
2935 2625 3034 2692 τήν
3095 2623 3320 2678 ἄστατον
3377 2626 3485 2677 τῶν
3516 2622 3771 2695 γυμάτων

2124 2719 2317 2797 φορὰν,
2372 2719 2469 2771 τοῦ
2527 2714 2883 2791 στερῥοτάτου
2949 2714 3252 2787 στοιχείου,
3309 2719 3411 2781 τῆς
3465 2718 3590 2786 γῆς,
3625 2711 3772 2766 ἀντι-

2122 2805 2602 2871 καταλλάττονται,
2649 2801 2879 2874 ἀδήλοις
2935 2801 3160 2865 ἓαυτοὺς
3208 2799 3541 2863 ἐπιδιδόντες
3572 2799 3778 2870 ἐλπίσι,

2122 2896 2212 2952 καὶ
2290 2895 2468 2966 πάσης
2514 2892 2753 2968 ἀγκύρας
2809 2892 3209 2970 ἀσφαλεστέραν
3288 2890 3612 2965 ἐπαγόμενοι
3667 2891 3767 2959 τὴν

2122 2986 2300 3042 πίστιν
2335 3030 2348 3044 .
2410 2985 2556 3040 Κατᾶ
2637 2982 2818 3039 πίστιν
2893 2982 3072 3038 τοίδυν
3144 2983 3437 3052 συνέστηκε
3490 2981 3558 3036 τὰ
3612 2980 3768 3036 πλεῖ-

362 3090 469 3128 nos
501 3073 659 3128 solos
692 3072 773 3127 ita
801 3089 1152 3143 persuasum
1177 3075 1287 3137 est,
1338 3087 1538 3125 verum
1573 3072 1770 3138 etiam,
1824 3078 1890 3127 ut
1919 3073 2010 3128 di—

2129 3098 2226 3132 στα
2263 3079 2370 3130 τῶν
2403 3072 2700 3148 ἀνθρώπων
2731 3073 3040 3149 πράγματα·
3102 3072 3190 3126 καὶ
3251 3070 3313 3125 οὐ
3344 3071 3472 3144 παρ’
3509 3071 3644 3142 ἡμῖν
3681 3069 3778 3142 μό-

365 3167 525 3217 ctum
560 3166 668 3225 est,
704 3161 861 3231 apud
921 3176 1020 3214 eos
1073 3161 1173 3230 qui
1225 3175 1259 3214 a
1304 3160 1475 3214 nobis
1507 3165 1644 3214 sunt
1696 3160 1877 3216 alieni
1910 3165 2007 3235 (3).

432 3284 481 3318 ⁵⁴
511 3286 536 3339 l
566 3285 696 3339 Cor.
730 3301 806 3352 ιν,
837 3286 887 3338 3.
965 3282 1012 3317 ⁵⁸
1039 3283 1196 3339 Psal.
1229 3301 1324 3352 vn,
1387 3286 1470 3338 10.
1547 3283 1594 3319 ⁵⁸
1651 3285 1808 3342 Psal.
1863 3305 2023 3356 xcm,
2085 3295 2171 3347 11.

365 3373 441 3424 v1,
475 3359 529 3411 8.

435 3472 510 3542 (1)
541 3471 659 3526 Hoc
690 3475 797 3537 est,
827 3472 992 3525 totius
1019 3470 1210 3524 mundi
1239 3471 1475 3526 divitia

435 3546 511 3612 (2)
546 3545 728 3619 Neque
755 3542 906 3619 apud
935 3549 1292 3619 nostantum,
1310 3549 1439 3619 _etc.
1470 3543 1738 3619 Occurrit
1761 3545 2009 3619 vulgatae

367 3620 426 3670 et
466 3615 690 3695 centies
749 3629 782 3667 a
837 3613 1184 3695 Christianas
1230 3612 1544 3695 religionis
1600 3612 2011 3695 defensoribus

364 3686 631 3741 contritas
661 3701 1024 3757 paganorum
1052 3685 1392 3757 objectioni,
1427 3703 1605 3756 quam
1654 3690 1901 3745 Ruﬁnus
1932 3691 2014 3745 ita

365 3758 547 3812 refert
577 3756 776 3828 expos.
813 3757 1071 3828 Symboli
1099 3757 1177 3830 ad
1229 3756 1471 3830 verbum
1534 3759 1750 3814 Credo:
1802 3763 2015 3830 Pagani

366 3831 520 3884 nobis
550 3831 783 3900 objicere
805 3830 996 3895 solent,
1029 3829 1178 3898 quod
1204 3829 1401 3896 religio
1427 3835 1636 3895 nostra,
1669 3833 1803 3899 quia
1830 3829 2015 3887 ratio—

367 3901 526 3954 nibus
557 3902 755 3969 deﬁcit.
781 3903 838 3954 in
873 3901 985 3954 solo
1035 3901 1294 3954 credendi
1318 3901 1672 3968 persuasione
1702 3902 1966 3957 consistat
1994 3921 2013 3958 .'

368 3977 416 4027 et
446 3973 565 4026 ideo
595 3972 924 4027 ostendimus
947 3988 1044 4025 nec
1065 3973 1157 4041 agi
1185 3987 1280 4042 nec
1300 3976 1443 4024 stare
1462 3970 1680 4042 aliquid
1701 3988 1874 4042 posse,
1906 3977 2015 4028 nisi

365 4046 698 4116 praecesserit
729 4044 810 4098 vis
840 4043 1114 4116 credendi.
1149 4041 1339 4096 Habes
1371 4058 1443 4116 ea
1469 4041 1540 4116 de
1560 4059 1634 4096 re
1657 4041 1831 4100 verba
1861 4046 2012 4100 Celsi

368 4113 522 4186 apud
555 4115 886 4186 Origenem.
933 4113 1036 4166 lib.
1093 4130 1112 4186 Vl
1159 4119 1376 4186 contra
1432 4113 1783 4186 Epicureum
1833 4116 2012 4183 hunc,

368 4183 498 4260 pag.
526 4187 578 4251 8,
604 4193 661 4240 et
677 4185 1056 4260 conjunctam
1075 4183 1774 4260 Origeni‘srefutationem
1798 4187 1894 4242 isti
1917 4190 2016 4260 Cy-

369 4253 622 4312 rillianaa
663 4253 1162 4327 argumentationi
1193 4253 1580 4311 simillimam.
1615 4253 2013 4314 Valentiniani

2123 3187 2237 3228 νοις
2265 3168 2428 3220 τοῦτο
2458 3161 2802 3218 πεπίστευται
2837 3206 2854 3234 ,
2886 3160 3032 3217 ἀλλὰ
3057 3159 3150 3215 καὶ
3205 3159 3353 3236 παρὰ
3381 3164 3496 3221 τοῖς
3527 3156 3716 3230 ἔξωθεν
3753 3201 3769 3217 .

2275 3289 2324 3324 ⁵⁷
2352 3292 2520 3348 Prov.
2579 3306 2714 3358 xvu,
2774 3291 2827 3357 6,
2887 3286 3214 3343 secundum
3242 3285 3401 3345 LXX.
3503 3284 3769 3341 5slTim.

2121 3477 2226 3534 lib.
2254 3496 2350 3545 xu,
2402 3495 2528 3549 cap.
2567 3481 2618 3544 1,
2671 3481 2723 3544 2,
2758 3479 2827 3543 3;
2889 3475 3396 3549 Chrysostomum,
3457 3475 3678 3549 horna!
3715 3471 3775 3528 in

2120 3553 2148 3605 1
2179 3551 2437 3616 Timoth.,
2472 3547 2602 3620 pag.
2635 3550 2738 3603 406
2765 3565 2778 3613 ς
2812 3547 3184 3620 Theodoret.,
3208 3550 3285 3602 De
3314 3547 3589 3620 curandis,
3620 3547 3770 3601 Grai-

2122 3638 2310 3676 corum
2340 3616 2608 3691 affectio;
2656 3626 2803 3674 orat.
2841 3623 2858 3673 1
2899 3620 2974 3672 De
3002 3619 3128 3688 ﬁde,
3163 3635 3293 3691 pag.
3326 3620 3450 3691 479.
3481 3616 3580 3686 qui
3611 3631 3774 3691 pon-

2122 3693 2290 3748 nulla
2301 3687 2610 3763 ex'Cyrillo
2624 3698 2827 3747 nostro
2847 3687 3292 3761 transcrips—iss'e
3313 3688 3540 3743 videtur
3564 3705 3578 3751 ;
3602 3687 3772 3763 ϐιζος.

2123 3781 2346 3836 magn.,
2381 3758 2623 3832 Dialog.,
2644 3763 2760 3836 lib.
2793 3779 2868 3826 ιν,
2901 3778 3026 3832 cap.
3063 3758 3130 3828 1“;
3184 3763 3634 3836 Damascenum,
3666 3758 3770 3836 l_ib.

2122 3853 2195 3893 1v.
2221 3830 2270 3889 c.
2296 3840 2352 3889 11
2381 3852 2392 3900 ;
2418 3830 2624 3888 omnes
2643 3835 2753 3889 hoc
2773 3830 3187 3905 argumentum
3206 3831 3416 3886 iisdem
3441 3830 3772 3905 quibusCy-

2121 3907 2292 3961 rillus
2325 3905 2654 3974 rationibus
2688 3902 3066 3976 pertractant.
3109 3905 3400 3976 Caeterum
3454 3902 3772 3976 auctoritas

2126 3979 2221 4033 cui
2253 3994 2362 4032 nos
2389 3975 2629 4032 credere
2654 3974 2828 4046 jubet
2847 3975 3123 4047 Cyrillus,
3155 3981 3244 4031 est
3274 3975 3460 4045 ipsius
3484 3974 3585 4047 Dei
3618 3989 3772 4028 reve-

2125 4066 2209 4113 ra,
2257 4050 2428 4119 cujus
2474 4045 2671 4102 verbis
2721 4045 3039 4119 credimus,
3070 4046 3212 4101 dum
3261 4045 3636 4119 dogmatibus
3675 4061 3778 4116 per

2129 4121 2307 4175 ﬁdem
2329 4118 2711 4183 assentimur,
2731 4118 2904 4184 infra,
2930 4135 3092 4173 num.
3122 4121 3207 4173 10.
3231 4118 3777 4171 Atinstrumentum

2128 4197 2187 4247 et
2212 4192 2435 4246 canalis
2467 4208 2583 4261 quo
2623 4189 2923 4245 credenda
2979 4189 3152 4244 nobis
3207 4189 3695 4261 transmittuntur
3725 4191 3781 4261 et

2127 4259 2534 4330 innotescunt,
2566 4279 2686 4317 non
2723 4268 2813 4317 est
2844 4277 2912 4314 ex
2944 4262 3073 4331 ejus
3104 4266 3302 4314 mente
3345 4259 3592 4331 prmcise
3623 4259 3779 4313 Scri-

370 4325 1072 4405 prmtereauﬁdem‘nobis
1103 4331 1387 4405 tanquam
1421 4327 1797 4397 simplicibus
1822 4338 1881 4385 et
1905 4332 2018 4405 im-
2049 4335 2096 4399 D
2127 4339 2302 4405 ptura
2329 4350 2495 4389 sacra
2522 4325 2536 4388 Ξ
2589 4332 2694 4405 ιιοᾴ
2725 4325 3034 4405 Ecclesia,
3067 4349 3146 4405 ex_
3169 4347 3286 4405 qua
3319 4325 3603 4405 credendi
3635 4347 3775 4385 nor-

370 4396 578 4472 peritis
597 4397 1042 4472 relinquebant;
1069 4396 1179 4450 sibi
1199 4412 1332 4472 vero
1358 4396 1638 4472 tanquam
1659 4407 1869 4472 natura
1899 4402 2019 4457 sal-

372 4467 541 4540 ilatis,
574 4467 885 4526 scientiam
909 4471 1131 4542 γνῶσιν,
1160 4467 1316 4542 unde
1366 4467 1644 4535 Gno’stici,
1671 4471 2022 4542 liberaliter

375 4543 754 4608 tribuebant;
790 4540 929 4612 qum
973 4540 1240 4612 scientia,
1275 4544 1499 4612 tantum
1543 4541 1724 4612 aiﬁde
1777 4543 2024 4599 distaret

375 4621 664 4696 quantum
695 4610 1110 4696 spiritualeﬁab‘
1139 4610 1382 4696 animali
1414 4627 1427 4663 :
1460 4611 1618 4696 apud
1633 4613 1830 4696 gem.
1855 4615 2019 4696 Aler.

373 4683 477 4742 lib.
510 4703 551 4742 ιι
582 4683 809 4752 Str-0151.,
843 4701 972 4757 pag.
1007 4684 1132 4757 363,
1170 4699 1287 4757 quo
1319 4683 1464 4757 loco_
1485 4689 1601 4737 tam
1630 4683 1766 4757 illos
1795 4685 2026 4740 haereti-

373 4775 492 4824 cos,
530 4773 707 4829 quam
738 4755 1011 4828 genitiles,
1035 4756 1136 4829 qui
1171 4755 1347 4810 ﬁdem
1381 4755 1902 4829 calumniabantur
1936 4758 2020 4812 uti

375 4845 497 4884 rem
528 4827 767 4884 inanem
803 4834 876 4899 et
923 4828 1255 4893 barbaram,
1303 4843 1430 4899 pag.
1483 4830 1605 4893 362,
1661 4844 1731 4881 ex
1757 4827 2018 4899 ipsorum

375 4845 497 4884 rem
528 4845 767 4884 manem
817 4844 876 4882 et
923 4844 1255 4893 barbaram,
1343 4844 1430 4899 ag.
1483 4844 1605 4893 soz,
1661 4844 1772 4881 ex:
1821 4845 2018 4883 sorum

374 4899 775 4972 gentiliumet
801 4898 1216 4972 haereticorum
1251 4844 1392 4953 ﬁdei
1413 4899 1626 4972 elogiis
1648 4846 1885 4954 refellit.
1911 4902 2022 4956 Ma-

373 4969 587 5043 meum
607 4969 769 5024 nullr
781 4971 966 5043 magis
981 4971 1262 5043 illecebra
1277 4970 1825 5043 capiebantﬁdeles,
1843 4988 2021 5043 quam

377 5040 749 5099 conﬁdenter
761 5040 1051 5111 promissa
1063 5040 1729 5110 veritatisintelligentia
1747 5060 1758 5109 ;
1781 5040 2018 5098 excluso

375 5113 742 5171 auctoritatis
765 5117 823 5184 et
843 5111 979 5165 ﬁdei
995 5114 1158 5184 jugo,
1175 5129 1290 5182 quo
1311 5113 1644 5168 Catholicos
1665 5113 1737 5168 ab
1759 5115 2022 5171 Ecclesia

375 5185 562 5258 premi
586 5183 1006 5258 querebantur.
1034 5183 1148 5239 Hac
1167 5184 1296 5254 ipsa
1317 5185 1544 5258 ratione
1567 5184 1642 5240 ad
1669 5202 1730 5240 se
1747 5186 1821 5240 ad
1844 5186 2020 5241 Mani-

374 5253 1070 5330 chmorumipartesuolim
1108 5253 1468 5330 per-tractum
1506 5257 1724 5311 fatetur
1745 5259 2019 5330 Augusti-

374 5347 508 5390 nus.
543 5328 644 5384 lib.
677 5326 750 5383 De
799 5326 1046 5400 utilitate
1098 5327 1372 5400 credendi,
1396 5344 1533 5400 cap.
1585 5331 1634 5389 1,
1666 5345 1732 5400 n.
1755 5331 1808 5392 2,
1838 5326 2019 5400 quem

371 5402 591 5457 librum
623 5399 696 5455 ad
719 5397 1103 5454 refellendam
1128 5398 1366 5452 inanem
1390 5397 1554 5452 illam
1579 5404 1636 5452 et
1659 5397 1876 5455 falsam
1903 5403 2020 5455 Ma-

291 5483 294 5486 ’
368 5473 735 5530 nichaaorum
757 5469 1248 5543 pollicitationem
1264 5469 1847 5543 comp_osuit.Videsis
1863 5489 2008 5543 prae-

368 5551 460 5602 ter
481 5545 689 5601 citatos
707 5541 999 5607 auctores,
1032 5541 1380 5608 Arnobium,
1405 5541 1507 5593 lib.
1531 5557 1568 5594 1|
1593 5550 1785 5597 contra
1805 5541 2015 5610 Gentes,

369 5616 607 5690 Euseb.,
631 5615 736 5675 lib.
773 5632 790 5672 ι
822 5616 1071 5686 Ρνκραν.
1103 5629 1320 5683 evang.,
1379 5627 1506 5682 cap.
1565 5615 1617 5669 5.
1675 5629 1806 5685 pag.
1842 5615 1927 5685 15,
1961 5620 2020 5670 et

2129 4401 2288 4461 mam
2320 4405 2618 4476 suscipere
2647 4404 2933 4459 debemus
2972 4401 3375 4458 inviolabilem
3412 4408 3470 4457 et
3500 4403 3775 4458 immuta-

2131 4477 2333 4535 bilem.
2357 4477 2513 4532 infra
2538 4493 2703 4531 num.
2739 4480 2824 4530 12.

2204 4550 2276 4618 (3)
2303 4547 2410 4614 Qui
2466 4565 2498 4602 a
2549 4548 2703 4602 nobis
2756 4553 2884 4601 sunt
2937 4544 3143 4618 alieni,
3193 4543 3339 4617 παρᾶ
3394 4536 3774 4618 τοῖς-ἔξωθεν,

2135 4615 2397 4674 Gentiles
2419 4620 2662 4674 omnino
2695 4619 2927 4673 videtur
2959 4615 3310 4689 intelligere,
3335 4634 3469 4672 cum
3501 4615 3660 4672 dicat
3681 4633 3778 4671 eos

2132 4691 2462 4761 Scripturas
2484 4707 2602 4745 non
2626 4690 2888 4761 recipere
2910 4706 3038 4761 quo
3059 4690 3399 4744 charactere
3423 4704 3524 4761 pro
3533 4689 3660 4758 prie
3680 4689 3782 4743 de-

2141 4760 2333 4833 signat
2361 4763 2590 4817 Grzecos
2625 4760 2764 4816 cat.’
2800 4763 2885 4827 18,
2918 4778 2977 4816 n.
3021 4760 3108 4828 40,
3144 4761 3229 4815 sic
3267 4760 3778 4833 catechumenum

2133 4828 2298 4887 vdeat
2334 4839 2679 4888 extraneum
2736 4835 2975 4899 Procat.,
3013 4849 3072 4886 n.
3129 4835 3226 4887 l2:
3264 4831 3356 4897 Μὴ
3389 4828 3517 4903 λέγε
3545 4834 3625 4903 τῷ
3657 4828 3776 4900 ἔξω.

2136 4905 2412 4984 _Design_at
2441 4911 2639 4984 autem
2670 4904 2766 4984 hic
2791 4909 2981 4958 sectas
3013 4902 3527 4984 philosophorum,
3551 4902 3623 4958 de
3655 4904 3778 4984 qui-

2129 4975 2240 5048 bus
2271 4977 2572 5048 Origenes,
2608 4975 2746 5029 fidei
2805 4975 3222 5048 necessitatem
3282 4991 3352 5029 ex
3388 4975 3538 5048 ipso
3587 4975 3779 5045 genti-

2129 5046 2276 5102 lium
2306 5045 2418 5102 usu
2449 5047 2889 5114 demonstrans,
2922 5046 3004 5101 ait
3023 5045 3128 5103 lib.
3153 5063 3172 5100 1
3197 5052 3341 5100 cont.
3368 5045 3527 5118 Cela,
3550 5063 3662 5118 pag
3713 5049 3777 5101 9:

3649 5119 3776 5184 Quis

2200 5259 2273 5328 (4)
2304 5261 2412 5328 Τῷ.
2447 5262 2528 5315 Ex
2551 5259 2686 5344 cod.
2713 5260 3135 5344 Roeiedititd.
3170 5260 3274 5344 Hic
3295 5260 3779 5344 Cy‘rillus‘verum

2129 5345 2370 5411 sensum
2402 5334 2593 5402 aperit
2613 5333 2976 5404 prophetica:
2997 5332 3328 5390 sententiae.
3353 5332 3424 5386 de
3446 5333 3607 5388 ﬁdeli
3633 5332 3779 5387 divi-

2129 5406 2345 5457 tuarum
2378 5403 2558 5459 totius
2593 5403 2798 5458 mundi
2844 5403 3108 5458 domino.
3165 5403 3449 5458 Similiter
3482 5405 3773 5460 Horatius.

2125 5471 2345 5556 libLm,‘
2512 5477 2594 5556 l9,
2625 5478 2951 5556 Contemptae
3000 5474 3261 5556 dom-inus
3305 5476 3647 5556 splendidior
3673 5447 3773 5556 rei:

2196 5545 2270 5614 (5)
2304 5542 2660 5619 Ἀλλοτρίῳν.
2691 5542 3056 5604 Εξιω’νοοθω
3081 5542 3486 5619 supplevimus
3507 5564 3578 5604 ex
3605 5547 3776 5604 codd.

2128 5616 2267 5686 Roe,
2301 5621 2361 5673 et
2388 5616 2637 5676 Casaub.
3153 5616 3172 5619 ”
3195 5616 3214 5619 ”
3730 5635 3732 5638 '
