  <div class='ocr_page' id='page_1' title='image "/cluster/home/n/w/nwhite01/storage/ocr_20150623/33/mdp.39015078384412/262.png"; bbox 0 0 4152 6276; ppageno 0'>
   <div class='ocr_carea' id='block_1_1' title="bbox 407 307 528 370">
    <p class='ocr_par' dir='ltr' id='par_1_1' title="bbox 407 307 528 370">
     <span class='ocr_line' id='line_1_1' title="bbox 407 307 528 370; baseline 0 -2"><span class='ocrx_word' id='word_1_1' title='bbox 407 307 528 370; x_wconf 80' lang='lat'>509</span> 
     </span>
    </p>
   </div>
   <div class='ocr_carea' id='block_1_2' title="bbox 1332 305 2880 372">
    <p class='ocr_par' dir='ltr' id='par_1_2' title="bbox 1332 305 2880 372">
     <span class='ocr_line' id='line_1_2' title="bbox 1332 305 2880 372; baseline 0.001 -4"><span class='ocrx_word' id='word_1_2' title='bbox 1332 306 1814 371; x_wconf 83' lang='lat' dir='ltr'>CATECHESIS</span> <span class='ocrx_word' id='word_1_3' title='bbox 1857 306 1930 368; x_wconf 83' lang='lat' dir='ltr'>V.</span> <span class='ocrx_word' id='word_1_4' title='bbox 1979 307 2078 368; x_wconf 90' lang='lat' dir='ltr'>DE</span> <span class='ocrx_word' id='word_1_5' title='bbox 2122 305 2301 368; x_wconf 87' lang='lat' dir='ltr'>FIDE</span> <span class='ocrx_word' id='word_1_6' title='bbox 2345 309 2441 370; x_wconf 81' lang='grc' dir='ltr'>ΕΤ</span> <span class='ocrx_word' id='word_1_7' title='bbox 2486 310 2880 372; x_wconf 87' lang='lat' dir='ltr'>SYMBOLO.</span> 
     </span>
    </p>
   </div>
   <div class='ocr_carea' id='block_1_3' title="bbox 3707 314 3827 374">
    <p class='ocr_par' dir='ltr' id='par_1_3' title="bbox 3707 314 3827 374">
     <span class='ocr_line' id='line_1_3' title="bbox 3707 314 3827 374; baseline 0.017 -2"><span class='ocrx_word' id='word_1_8' title='bbox 3707 314 3827 374; x_wconf 77' lang='grc'>510</span> 
     </span>
    </p>
   </div>
   <div class='ocr_carea' id='block_1_4' title="bbox 411 435 2079 518">
    <p class='ocr_par' dir='ltr' id='par_1_4' title="bbox 411 435 2064 518">
     <span class='ocr_line' id='line_1_4' title="bbox 411 435 2064 518; baseline 0.006 -26"><span class='ocrx_word' id='word_1_9' title='bbox 411 439 596 500; x_wconf 78' lang='grc' dir='ltr'><strong>καθὼς</strong></span> <span class='ocrx_word' id='word_1_10' title='bbox 657 435 890 516; x_wconf 60' lang='grc' dir='ltr'><strong>εἴρηται.</strong></span> <span class='ocrx_word' id='word_1_11' title='bbox 950 439 1062 495; x_wconf 71' lang='grc' dir='ltr'><strong>Κᾶν</strong></span> <span class='ocrx_word' id='word_1_12' title='bbox 1088 442 1190 516; x_wconf 78' lang='grc' dir='ltr'>γὰρ</span> <span class='ocrx_word' id='word_1_13' title='bbox 1227 443 1302 516; x_wconf 80' lang='grc' dir='ltr'><strong>μὴ</strong></span> <span class='ocrx_word' id='word_1_14' title='bbox 1363 441 1633 518; x_wconf 69' lang='grc' dir='ltr'><strong>δέχωνται</strong></span> <span class='ocrx_word' id='word_1_15' title='bbox 1682 442 1777 502; x_wconf 84' lang='grc' dir='ltr'>τὰς</span> <span class='ocrx_word' id='word_1_16' title='bbox 1832 437 2064 516; x_wconf 64' lang='grc' dir='ltr'><strong>Γραφᾶς,</strong></span> 
     </span>
    </p>
   </div>
   <div class='ocr_carea' id='block_1_5' title="bbox 2197 435 3826 518">
    <p class='ocr_par' dir='ltr' id='par_1_5' title="bbox 2197 443 3826 518">
     <span class='ocr_line' id='line_1_5' title="bbox 2197 443 3826 518; baseline 0.004 -24"><span class='ocrx_word' id='word_1_17' title='bbox 2197 443 2325 499; x_wconf 46' lang='lat' dir='ltr'>tam</span> <span class='ocrx_word' id='word_1_18' title='bbox 2359 445 2587 500; x_wconf 87' lang='lat' dir='ltr'>etiamsi</span> <span class='ocrx_word' id='word_1_19' title='bbox 2641 445 2972 516; x_wconf 88' lang='lat' dir='ltr'>Scripturas</span> <span class='ocrx_word' id='word_1_20' title='bbox 3025 461 3145 500; x_wconf 90' lang='lat' dir='ltr'>non</span> <span class='ocrx_word' id='word_1_21' title='bbox 3193 444 3504 517; x_wconf 82' lang='lat' dir='ltr'>recipiant,</span> <span class='ocrx_word' id='word_1_22' title='bbox 3554 446 3826 518; x_wconf 85' lang='lat' dir='ltr'>proprias</span> 
     </span>
    </p>
   </div>
   <div class='ocr_carea' id='block_1_6' title="bbox 418 526 2072 606">
    <p class='ocr_par' dir='ltr' id='par_1_6' title="bbox 418 526 2072 606">
     <span class='ocr_line' id='line_1_6' title="bbox 418 526 2072 606; baseline 0 -25"><span class='ocrx_word' id='word_1_23' title='bbox 418 526 596 582; x_wconf 72' lang='grc' dir='ltr'><strong>οἰκεῖα</strong></span> <span class='ocrx_word' id='word_1_24' title='bbox 628 526 684 582; x_wconf 77' lang='grc' dir='ltr'>δὲ</span> <span class='ocrx_word' id='word_1_25' title='bbox 708 550 827 584; x_wconf 87' lang='grc' dir='ltr'><strong>τινα</strong></span> <span class='ocrx_word' id='word_1_26' title='bbox 855 530 1209 606; x_wconf 74' lang='grc' dir='ltr'>προσφέρωσι</span> <span class='ocrx_word' id='word_1_27' title='bbox 1256 534 1333 605; x_wconf 85' lang='grc'>(1)</span> <span class='ocrx_word' id='word_1_28' title='bbox 1389 529 1716 606; x_wconf 68' lang='grc' dir='ltr'><strong>διδάγματα,</strong></span> <span class='ocrx_word' id='word_1_29' title='bbox 1748 529 1921 584; x_wconf 78' lang='grc' dir='ltr'>πίστει</span> <span class='ocrx_word' id='word_1_30' title='bbox 1977 529 2072 582; x_wconf 74' lang='grc' dir='ltr'>κά-</span> 
     </span>
    </p>
   </div>
   <div class='ocr_carea' id='block_1_7' title="bbox 419 615 1022 693">
    <p class='ocr_par' dir='ltr' id='par_1_7' title="bbox 419 615 1022 693">
     <span class='ocr_line' id='line_1_7' title="bbox 419 615 1022 693; baseline 0.005 -22"><span class='ocrx_word' id='word_1_31' title='bbox 419 621 570 671; x_wconf 81' lang='grc' dir='ltr'><strong>κεῖνα</strong></span> <span class='ocrx_word' id='word_1_32' title='bbox 601 615 1022 693; x_wconf 74' lang='grc' dir='ltr'>παραδέχονται.</span> 
     </span>
    </p>
   </div>
   <div class='ocr_carea' id='block_1_8' title="bbox 491 705 2072 782">
    <p class='ocr_par' dir='ltr' id='par_1_8' title="bbox 491 705 2072 782">
     <span class='ocr_line' id='line_1_8' title="bbox 491 705 2004 763; baseline 0.001 -3"><span class='ocrx_word' id='word_1_33' title='bbox 491 707 545 760; x_wconf 89' lang='grc' dir='ltr'>Δ¹</span> <span class='ocrx_word' id='word_1_34' title='bbox 601 707 657 763; x_wconf 88' lang='grc' dir='ltr'>Ἐ</span> <span class='ocrx_word' id='word_1_35' title='bbox 710 707 721 724; x_wconf 77' lang='grc'><strong>“</strong></span> <span class='ocrx_word' id='word_1_36' title='bbox 819 709 832 723; x_wconf 74' lang='grc'><strong>“</strong></span> <span class='ocrx_word' id='word_1_37' title='bbox 974 710 983 727; x_wconf 88' lang='lat'><strong><em>&#39;</em></strong></span> <span class='ocrx_word' id='word_1_38' title='bbox 1165 709 1178 729; x_wconf 72' lang='lat'>&#39;</span> <span class='ocrx_word' id='word_1_39' title='bbox 1238 714 1264 724; x_wconf 71' lang='grc'><strong>”</strong></span> <span class='ocrx_word' id='word_1_40' title='bbox 1502 709 1515 726; x_wconf 68' lang='grc'>⁸</span> <span class='ocrx_word' id='word_1_41' title='bbox 1645 716 1671 726; x_wconf 75' lang='grc'>’⁸</span> <span class='ocrx_word' id='word_1_42' title='bbox 1868 713 1929 738; x_wconf 80' lang='grc'><em>“·</em></span> <span class='ocrx_word' id='word_1_43' title='bbox 1991 705 2004 724; x_wconf 75' lang='grc'><em>“</em></span> 
     </span>
     <span class='ocr_line' id='line_1_9' title="bbox 550 705 2072 782; baseline -0.003 -18"><span class='ocrx_word' id='word_1_44' title='bbox 550 751 565 764; x_wconf 92' lang='grc'>.</span> <span class='ocrx_word' id='word_1_45' title='bbox 666 728 723 760; x_wconf 88' lang='grc' dir='ltr'><strong>πι</strong></span> <span class='ocrx_word' id='word_1_46' title='bbox 775 729 872 776; x_wconf 83' lang='grc' dir='ltr'><strong>την</strong></span> <span class='ocrx_word' id='word_1_47' title='bbox 925 729 1104 762; x_wconf 86' lang='grc' dir='ltr'><strong>πιστιν</strong></span> <span class='ocrx_word' id='word_1_48' title='bbox 1159 729 1295 782; x_wconf 83' lang='grc' dir='ltr'><strong>υμας</strong></span> <span class='ocrx_word' id='word_1_49' title='bbox 1344 710 1441 780; x_wconf 75' lang='grc' dir='ltr'><strong>τήν</strong></span> <span class='ocrx_word' id='word_1_50' title='bbox 1491 707 1672 779; x_wconf 77' lang='grc' dir='ltr'><strong>αληθη</strong></span> <span class='ocrx_word' id='word_1_51' title='bbox 1731 705 1886 763; x_wconf 81' lang='grc' dir='ltr'><strong>καλει</strong></span> <span class='ocrx_word' id='word_1_52' title='bbox 1921 728 2006 761; x_wconf 66' lang='grc' dir='ltr'><strong>Ααι</strong></span> <span class='ocrx_word' id='word_1_53' title='bbox 2037 708 2072 775; x_wconf 80' lang='grc' dir='ltr'>ἡ</span> 
     </span>
    </p>
   </div>
   <div class='ocr_carea' id='block_1_9' title="bbox 423 794 2076 873">
    <p class='ocr_par' dir='ltr' id='par_1_9' title="bbox 423 794 2076 873">
     <span class='ocr_line' id='line_1_10' title="bbox 423 794 2076 873; baseline 0 -23"><span class='ocrx_word' id='word_1_54' title='bbox 423 797 669 870; x_wconf 69' lang='grc' dir='ltr'><strong>σήμερον</strong></span> <span class='ocrx_word' id='word_1_55' title='bbox 700 796 1001 872; x_wconf 76' lang='grc' dir='ltr'>ἀνάγνωσις</span> <span class='ocrx_word' id='word_1_56' title='bbox 1031 794 1330 873; x_wconf 79' lang='grc' dir='ltr'>γενομένη,</span> <span class='ocrx_word' id='word_1_57' title='bbox 1377 801 1475 867; x_wconf 73' lang='grc' dir='ltr'><strong>τὴν</strong></span> <span class='ocrx_word' id='word_1_58' title='bbox 1538 796 1663 854; x_wconf 81' lang='grc' dir='ltr'>ὁδὸν</span> <span class='ocrx_word' id='word_1_59' title='bbox 1722 798 1850 870; x_wconf 80' lang='grc' dir='ltr'><strong>ὑμῖν</strong></span> <span class='ocrx_word' id='word_1_60' title='bbox 1904 816 2076 870; x_wconf 76' lang='grc' dir='ltr'><strong>παρα-</strong></span> 
     </span>
    </p>
   </div>
   <div class='ocr_carea' id='block_1_10' title="bbox 421 885 2073 963">
    <p class='ocr_par' dir='ltr' id='par_1_10' title="bbox 421 885 2073 963">
     <span class='ocr_line' id='line_1_11' title="bbox 421 885 2073 963; baseline -0.001 -24"><span class='ocrx_word' id='word_1_61' title='bbox 421 887 684 957; x_wconf 66' lang='grc' dir='ltr'><strong>στήσασα,</strong></span> <span class='ocrx_word' id='word_1_62' title='bbox 742 892 861 949; x_wconf 82' lang='grc' dir='ltr'><strong>πῶς</strong></span> <span class='ocrx_word' id='word_1_63' title='bbox 921 885 1004 942; x_wconf 83' lang='grc' dir='ltr'>δεῖ</span> <span class='ocrx_word' id='word_1_64' title='bbox 1052 894 1132 961; x_wconf 83' lang='grc' dir='ltr'><strong>τῷ</strong></span> <span class='ocrx_word' id='word_1_65' title='bbox 1191 894 1304 961; x_wconf 88' lang='grc' dir='ltr'>Θεῷ</span> <span class='ocrx_word' id='word_1_66' title='bbox 1355 889 1443 944; x_wconf 81' lang='grc' dir='ltr'>καὶ</span> <span class='ocrx_word' id='word_1_67' title='bbox 1507 890 1644 961; x_wconf 81' lang='grc' dir='ltr'><strong>ὑμᾶς</strong></span> <span class='ocrx_word' id='word_1_68' title='bbox 1698 889 2073 963; x_wconf 74' lang='grc' dir='ltr'>εὐαρεστῆσαι·</span> 
     </span>
    </p>
   </div>
   <div class='ocr_carea' id='block_1_11' title="bbox 424 974 2075 1053">
    <p class='ocr_par' dir='ltr' id='par_1_11' title="bbox 424 974 2075 1053">
     <span class='ocr_line' id='line_1_12' title="bbox 424 974 2075 1053; baseline 0.002 -25"><span class='ocrx_word' id='word_1_69' title='bbox 424 974 556 1053; x_wconf 73' lang='grc' dir='ltr'>φησὶ</span> <span class='ocrx_word' id='word_1_70' title='bbox 588 975 715 1050; x_wconf 75' lang='grc' dir='ltr'><strong>γὰρ,</strong></span> <span class='ocrx_word' id='word_1_71' title='bbox 767 975 849 1030; x_wconf 81' lang='grc' dir='ltr'><strong>ὅτι</strong></span> <span class='ocrx_word' id='word_1_72' title='bbox 901 979 1078 1053; x_wconf 81' lang='grc' dir='ltr'>χωρὶς</span> <span class='ocrx_word' id='word_1_73' title='bbox 1108 977 1339 1040; x_wconf 84' lang='grc' dir='ltr'><strong>πίστεως</strong></span> <span class='ocrx_word' id='word_1_74' title='bbox 1397 977 1658 1033; x_wconf 72' lang='grc' dir='ltr'><strong>ἀδύνατόν</strong></span> <span class='ocrx_word' id='word_1_75' title='bbox 1717 976 1856 1032; x_wconf 81' lang='grc' dir='ltr'><strong>ἐστιν</strong></span> <span class='ocrx_word' id='word_1_76' title='bbox 1892 978 2075 1051; x_wconf 83' lang='grc' dir='ltr'><strong>εὐαρε-</strong></span> 
     </span>
    </p>
   </div>
   <div class='ocr_carea' id='block_1_12' title="bbox 422 1063 2079 1143">
    <p class='ocr_par' dir='ltr' id='par_1_12' title="bbox 422 1063 2079 1143">
     <span class='ocr_line' id='line_1_13' title="bbox 422 1063 2079 1143; baseline 0 -24"><span class='ocrx_word' id='word_1_77' title='bbox 422 1070 642 1134; x_wconf 78' lang='grc' dir='ltr'><strong>στῆσαι.</strong></span> <span class='ocrx_word' id='word_1_78' title='bbox 688 1065 829 1122; x_wconf 85' lang='grc' dir='ltr'><strong>Ηότε</strong></span> <span class='ocrx_word' id='word_1_79' title='bbox 882 1067 984 1143; x_wconf 83' lang='grc' dir='ltr'>γὰρ</span> <span class='ocrx_word' id='word_1_80' title='bbox 1016 1069 1350 1138; x_wconf 76' lang='grc' dir='ltr'><strong>προθήσεται</strong></span> <span class='ocrx_word' id='word_1_81' title='bbox 1381 1072 1451 1141; x_wconf 85' lang='grc'>(2)</span> <span class='ocrx_word' id='word_1_82' title='bbox 1508 1065 1795 1142; x_wconf 75' lang='grc' dir='ltr'>ἅνθρωπος</span> <span class='ocrx_word' id='word_1_83' title='bbox 1852 1063 2079 1121; x_wconf 79' lang='grc' dir='ltr'><strong>δουλεῦ-</strong></span> 
     </span>
    </p>
   </div>
   <div class='ocr_carea' id='block_1_13' title="bbox 419 1154 2075 1233">
    <p class='ocr_par' dir='ltr' id='par_1_13' title="bbox 419 1154 2075 1233">
     <span class='ocr_line' id='line_1_14' title="bbox 419 1154 2075 1233; baseline 0.001 -24"><span class='ocrx_word' id='word_1_84' title='bbox 419 1160 606 1228; x_wconf 83' lang='grc' dir='ltr'><strong>σαιτῷ</strong></span> <span class='ocrx_word' id='word_1_85' title='bbox 637 1161 774 1229; x_wconf 85' lang='grc' dir='ltr'>Θεῷ,</span> <span class='ocrx_word' id='word_1_86' title='bbox 812 1157 890 1230; x_wconf 79' lang='grc' dir='ltr'><strong>μὴ</strong></span> <span class='ocrx_word' id='word_1_87' title='bbox 919 1159 1213 1226; x_wconf 64' lang='grc' dir='ltr'><strong>πιστεύων,</strong></span> <span class='ocrx_word' id='word_1_88' title='bbox 1267 1160 1350 1214; x_wconf 77' lang='grc' dir='ltr'><strong>ὅτι</strong></span> <span class='ocrx_word' id='word_1_89' title='bbox 1380 1158 1582 1233; x_wconf 88' lang='grc' dir='ltr'><strong>γίνεται</strong></span> <span class='ocrx_word' id='word_1_90' title='bbox 1617 1154 2025 1232; x_wconf 81' lang='grc' dir='ltr'>μισθαποδότης</span> <span class='ocrx_word' id='word_1_91' title='bbox 2061 1175 2075 1227; x_wconf 88' lang='grc'><strong>;</strong></span> 
     </span>
    </p>
   </div>
   <div class='ocr_carea' id='block_1_14' title="bbox 424 1245 2075 1328">
    <p class='ocr_par' dir='ltr' id='par_1_14' title="bbox 424 1245 2075 1328">
     <span class='ocr_line' id='line_1_15' title="bbox 424 1245 2075 1328; baseline 0.002 -28"><span class='ocrx_word' id='word_1_92' title='bbox 424 1245 559 1301; x_wconf 81' lang='grc' dir='ltr'><strong>πότε</strong></span> <span class='ocrx_word' id='word_1_93' title='bbox 589 1247 969 1320; x_wconf 79' lang='grc' dir='ltr'><strong>παρθευνεύσει</strong></span> <span class='ocrx_word' id='word_1_94' title='bbox 1019 1248 1181 1320; x_wconf 83' lang='grc' dir='ltr'>κόρη,</span> <span class='ocrx_word' id='word_1_95' title='bbox 1214 1249 1250 1318; x_wconf 83' lang='grc' dir='ltr'>ἦ</span> <span class='ocrx_word' id='word_1_96' title='bbox 1281 1249 1370 1303; x_wconf 82' lang='grc' dir='ltr'>καὶ</span> <span class='ocrx_word' id='word_1_97' title='bbox 1425 1251 1765 1328; x_wconf 73' lang='grc' dir='ltr'><strong>σωφρονήσει</strong></span> <span class='ocrx_word' id='word_1_98' title='bbox 1822 1245 1963 1319; x_wconf 78' lang='grc' dir='ltr'><strong>νέος,</strong></span> <span class='ocrx_word' id='word_1_99' title='bbox 1999 1247 2075 1320; x_wconf 80' lang='grc' dir='ltr'>μή</span> 
     </span>
    </p>
   </div>
   <div class='ocr_carea' id='block_1_15' title="bbox 425 1334 2076 1412">
    <p class='ocr_par' dir='ltr' id='par_1_15' title="bbox 425 1334 2076 1412">
     <span class='ocr_line' id='line_1_16' title="bbox 425 1334 2076 1412; baseline 0 -23"><span class='ocrx_word' id='word_1_100' title='bbox 425 1334 718 1402; x_wconf 76' lang='grc' dir='ltr'><strong>πιστεύων,</strong></span> <span class='ocrx_word' id='word_1_101' title='bbox 753 1334 837 1391; x_wconf 78' lang='grc' dir='ltr'><strong>ὅτι</strong></span> <span class='ocrx_word' id='word_1_102' title='bbox 866 1343 968 1406; x_wconf 79' lang='grc' dir='ltr'><strong>τῆς</strong></span> <span class='ocrx_word' id='word_1_103' title='bbox 1015 1337 1225 1412; x_wconf 77' lang='grc' dir='ltr'><strong>ἁγνείας</strong></span> <span class='ocrx_word' id='word_1_104' title='bbox 1255 1338 1563 1409; x_wconf 66' lang='grc' dir='ltr'><strong>ἀμάραντός</strong></span> <span class='ocrx_word' id='word_1_105' title='bbox 1615 1337 1727 1392; x_wconf 79' lang='grc' dir='ltr'><strong>ἐστι</strong></span> <span class='ocrx_word' id='word_1_106' title='bbox 1776 1337 2076 1406; x_wconf 73' lang='grc' dir='ltr'><strong>στὲφανοςς</strong></span> 
     </span>
    </p>
   </div>
   <div class='ocr_carea' id='block_1_16' title="bbox 423 1422 2076 1504">
    <p class='ocr_par' dir='ltr' id='par_1_16' title="bbox 423 1422 2076 1504">
     <span class='ocr_line' id='line_1_17' title="bbox 423 1422 2076 1504; baseline -0.001 -23"><span class='ocrx_word' id='word_1_107' title='bbox 423 1422 746 1498; x_wconf 74' lang='grc' dir='ltr'><strong>Ὀφθαλμὸς</strong></span> <span class='ocrx_word' id='word_1_108' title='bbox 822 1446 1002 1496; x_wconf 78' lang='grc' dir='ltr'><strong>πασης</strong></span> <span class='ocrx_word' id='word_1_109' title='bbox 1084 1425 1442 1497; x_wconf 77' lang='grc' dir='ltr'><strong>συνειδήσεώς</strong></span> <span class='ocrx_word' id='word_1_110' title='bbox 1499 1425 1610 1482; x_wconf 85' lang='grc' dir='ltr'><strong>ἐστι</strong></span> <span class='ocrx_word' id='word_1_111' title='bbox 1667 1426 1991 1504; x_wconf 72' lang='grc' dir='ltr'><strong>φωτιστικὸς</strong></span> <span class='ocrx_word' id='word_1_112' title='bbox 2041 1426 2076 1493; x_wconf 78' lang='grc' dir='ltr'>ἡ</span> 
     </span>
    </p>
   </div>
   <div class='ocr_carea' id='block_1_17' title="bbox 422 1512 2077 1592">
    <p class='ocr_par' dir='ltr' id='par_1_17' title="bbox 422 1512 2077 1592">
     <span class='ocr_line' id='line_1_18' title="bbox 422 1512 2077 1592; baseline 0.003 -26"><span class='ocrx_word' id='word_1_113' title='bbox 422 1512 626 1582; x_wconf 85' lang='grc' dir='ltr'><strong>πίστις,</strong></span> <span class='ocrx_word' id='word_1_114' title='bbox 685 1514 775 1569; x_wconf 80' lang='grc' dir='ltr'>καὶ</span> <span class='ocrx_word' id='word_1_115' title='bbox 831 1513 1090 1579; x_wconf 76' lang='grc' dir='ltr'><strong>συνέσεως</strong></span> <span class='ocrx_word' id='word_1_116' title='bbox 1141 1515 1502 1589; x_wconf 76' lang='grc' dir='ltr'><strong>ἐμποιητικὸς</strong></span> <span class='ocrx_word' id='word_1_117' title='bbox 1719 1513 1860 1592; x_wconf 73' lang='grc' dir='ltr'><strong>λέγει</strong></span> <span class='ocrx_word' id='word_1_118' title='bbox 1917 1516 2077 1590; x_wconf 83' lang='grc' dir='ltr'>γάρὸ</span> 
     </span>
    </p>
   </div>
   <div class='ocr_carea' id='block_1_18' title="bbox 424 1603 2079 1680">
    <p class='ocr_par' dir='ltr' id='par_1_18' title="bbox 424 1603 2079 1680">
     <span class='ocr_line' id='line_1_19' title="bbox 424 1603 2079 1680; baseline 0.002 -23"><span class='ocrx_word' id='word_1_119' title='bbox 424 1605 736 1680; x_wconf 72' lang='grc' dir='ltr'>προφήτης·</span> <span class='ocrx_word' id='word_1_120' title='bbox 797 1604 895 1658; x_wconf 84' lang='grc' dir='ltr'>Καὶ</span> <span class='ocrx_word' id='word_1_121' title='bbox 955 1603 1042 1660; x_wconf 75' lang='grc' dir='ltr'><strong>ἐὰν</strong></span> <span class='ocrx_word' id='word_1_122' title='bbox 1107 1607 1182 1678; x_wconf 68' lang='grc' dir='ltr'><strong>μὴ</strong></span> <span class='ocrx_word' id='word_1_123' title='bbox 1245 1606 1586 1675; x_wconf 75' lang='grc' dir='ltr'><strong>πιστεύσητε,</strong></span> <span class='ocrx_word' id='word_1_124' title='bbox 1636 1603 1760 1661; x_wconf 77' lang='grc' dir='ltr'>οὐδὲ</span> <span class='ocrx_word' id='word_1_125' title='bbox 1821 1607 1896 1679; x_wconf 72' lang='grc' dir='ltr'><strong>μὴ</strong></span> <span class='ocrx_word' id='word_1_126' title='bbox 1958 1628 2079 1661; x_wconf 88' lang='grc' dir='ltr'><strong>συν-</strong></span> 
     </span>
    </p>
   </div>
   <div class='ocr_carea' id='block_1_19' title="bbox 425 1691 2081 1769">
    <p class='ocr_par' dir='ltr' id='par_1_19' title="bbox 425 1691 2081 1769">
     <span class='ocr_line' id='line_1_20' title="bbox 425 1691 2081 1769; baseline 0.004 -25"><span class='ocrx_word' id='word_1_127' title='bbox 425 1698 524 1762; x_wconf 79' lang='grc' dir='ltr'>ἤτε</span> <span class='ocrx_word' id='word_1_128' title='bbox 553 1695 655 1762; x_wconf 74' lang='grc'>(4).</span> <span class='ocrx_word' id='word_1_129' title='bbox 690 1693 1022 1769; x_wconf 78' lang='grc' dir='ltr'><strong>Ἐμφράττει</strong></span> <span class='ocrx_word' id='word_1_130' title='bbox 1053 1693 1296 1768; x_wconf 82' lang='grc' dir='ltr'><strong>στόματα</strong></span> <span class='ocrx_word' id='word_1_131' title='bbox 1353 1691 1590 1750; x_wconf 87' lang='grc' dir='ltr'><strong>λεόντων</strong></span> <span class='ocrx_word' id='word_1_132' title='bbox 1622 1697 1656 1764; x_wconf 82' lang='grc' dir='ltr'>ἡ</span> <span class='ocrx_word' id='word_1_133' title='bbox 1683 1695 1884 1764; x_wconf 87' lang='grc' dir='ltr'><strong>πίστις,</strong></span> <span class='ocrx_word' id='word_1_134' title='bbox 1945 1697 2081 1751; x_wconf 75' lang='grc' dir='ltr'><strong>κατὰ</strong></span> 
     </span>
    </p>
   </div>
   <div class='ocr_carea' id='block_1_20' title="bbox 2178 533 3829 607">
    <p class='ocr_par' dir='ltr' id='par_1_20' title="bbox 2178 533 3829 607">
     <span class='ocr_line' id='line_1_21' title="bbox 2178 533 3829 607; baseline 0.003 -22"><span class='ocrx_word' id='word_1_135' title='bbox 2178 549 2312 587; x_wconf 87' lang='lat' dir='ltr'>vero</span> <span class='ocrx_word' id='word_1_136' title='bbox 2336 533 2623 604; x_wconf 89' lang='lat' dir='ltr'>quasdam</span> <span class='ocrx_word' id='word_1_137' title='bbox 2646 536 2897 590; x_wconf 78' lang='lat' dir='ltr'>afferant</span> <span class='ocrx_word' id='word_1_138' title='bbox 2919 533 3239 605; x_wconf 77' lang='lat' dir='ltr'>doctrinas,</span> <span class='ocrx_word' id='word_1_139' title='bbox 3262 535 3500 590; x_wconf 89' lang='lat' dir='ltr'>easdem</span> <span class='ocrx_word' id='word_1_140' title='bbox 3522 536 3700 591; x_wconf 87' lang='lat' dir='ltr'>etiam</span> <span class='ocrx_word' id='word_1_141' title='bbox 3723 553 3829 607; x_wconf 90' lang='lat' dir='ltr'>per</span> 
     </span>
    </p>
   </div>
   <div class='ocr_carea' id='block_1_21' title="bbox 2181 622 2706 694">
    <p class='ocr_par' dir='ltr' id='par_1_21' title="bbox 2181 622 2706 694">
     <span class='ocr_line' id='line_1_22' title="bbox 2181 622 2706 694; baseline 0.004 -18"><span class='ocrx_word' id='word_1_142' title='bbox 2181 622 2359 678; x_wconf 89' lang='lat' dir='ltr'>ﬁdem</span> <span class='ocrx_word' id='word_1_143' title='bbox 2391 624 2706 694; x_wconf 90' lang='lat' dir='ltr'>recipiunt.</span> 
     </span>
    </p>
   </div>
   <div class='ocr_carea' id='block_1_22' title="bbox 2250 713 3830 785">
    <p class='ocr_par' dir='ltr' id='par_1_22' title="bbox 2250 713 3830 785">
     <span class='ocr_line' id='line_1_23' title="bbox 2250 713 3830 785; baseline 0.003 -18"><span class='ocrx_word' id='word_1_144' title='bbox 2250 715 2340 768; x_wconf 91' lang='lat' dir='ltr'>IV.</span> <span class='ocrx_word' id='word_1_145' title='bbox 2370 713 2455 768; x_wconf 81' lang='lat' dir='ltr'>Ad</span> <span class='ocrx_word' id='word_1_146' title='bbox 2487 713 2665 768; x_wconf 86' lang='lat' dir='ltr'>ﬁdem</span> <span class='ocrx_word' id='word_1_147' title='bbox 2691 730 2886 769; x_wconf 84' lang='lat' dir='ltr'>veram</span> <span class='ocrx_word' id='word_1_148' title='bbox 2919 731 3018 768; x_wconf 92' lang='lat' dir='ltr'>vos</span> <span class='ocrx_word' id='word_1_149' title='bbox 3051 718 3216 768; x_wconf 89' lang='lat' dir='ltr'>vocat</span> <span class='ocrx_word' id='word_1_150' title='bbox 3244 719 3302 769; x_wconf 92' lang='lat' dir='ltr'>et</span> <span class='ocrx_word' id='word_1_151' title='bbox 3322 713 3612 771; x_wconf 88' lang='lat' dir='ltr'>hodierna</span> <span class='ocrx_word' id='word_1_152' title='bbox 3633 715 3830 785; x_wconf 89' lang='lat' dir='ltr'>lectio,</span> 
     </span>
    </p>
   </div>
   <div class='ocr_carea' id='block_1_23' title="bbox 2178 802 3829 876">
    <p class='ocr_par' dir='ltr' id='par_1_23' title="bbox 2178 802 3829 876">
     <span class='ocr_line' id='line_1_24' title="bbox 2178 802 3829 876; baseline 0.002 -20"><span class='ocrx_word' id='word_1_153' title='bbox 2178 802 2331 857; x_wconf 88' lang='lat' dir='ltr'>viam</span> <span class='ocrx_word' id='word_1_154' title='bbox 2364 803 2526 858; x_wconf 85' lang='lat' dir='ltr'>vobis</span> <span class='ocrx_word' id='word_1_155' title='bbox 2557 802 2853 875; x_wconf 81' lang='lat' dir='ltr'>designas,</span> <span class='ocrx_word' id='word_1_156' title='bbox 2896 821 3002 875; x_wconf 90' lang='lat' dir='ltr'>per</span> <span class='ocrx_word' id='word_1_157' title='bbox 3029 821 3207 874; x_wconf 88' lang='lat' dir='ltr'>quam</span> <span class='ocrx_word' id='word_1_158' title='bbox 3256 821 3357 860; x_wconf 90' lang='lat' dir='ltr'>vos</span> <span class='ocrx_word' id='word_1_159' title='bbox 3381 821 3616 875; x_wconf 88' lang='lat' dir='ltr'>quoque</span> <span class='ocrx_word' id='word_1_160' title='bbox 3656 821 3829 876; x_wconf 85' lang='lat' dir='ltr'>Opor-</span> 
     </span>
    </p>
   </div>
   <div class='ocr_carea' id='block_1_24' title="bbox 2180 891 3829 964">
    <p class='ocr_par' dir='ltr' id='par_1_24' title="bbox 2180 891 3829 964">
     <span class='ocr_line' id='line_1_25' title="bbox 2180 891 3829 964; baseline 0.002 -20"><span class='ocrx_word' id='word_1_161' title='bbox 2180 895 2265 944; x_wconf 90' lang='lat' dir='ltr'>tet</span> <span class='ocrx_word' id='word_1_162' title='bbox 2292 891 2526 962; x_wconf 84' lang='lat' dir='ltr'>placere</span> <span class='ocrx_word' id='word_1_163' title='bbox 2561 893 2716 946; x_wconf 90' lang='lat' dir='ltr'>Deo:</span> <span class='ocrx_word' id='word_1_164' title='bbox 2764 894 2847 948; x_wconf 91' lang='lat' dir='ltr'>ait</span> <span class='ocrx_word' id='word_1_165' title='bbox 2880 894 3062 958; x_wconf 90' lang='lat' dir='ltr'>enim,</span> <span class='ocrx_word' id='word_1_166' title='bbox 3098 895 3226 948; x_wconf 88' lang='lat' dir='ltr'>sine</span> <span class='ocrx_word' id='word_1_167' title='bbox 3289 893 3404 948; x_wconf 91' lang='lat' dir='ltr'>ﬁde</span> <span class='ocrx_word' id='word_1_168' title='bbox 3462 893 3829 964; x_wconf 85' lang='lat' dir='ltr'>impossibile</span> 
     </span>
    </p>
   </div>
   <div class='ocr_carea' id='block_1_25' title="bbox 2181 981 3827 1054">
    <p class='ocr_par' dir='ltr' id='par_1_25' title="bbox 2181 981 3827 1054">
     <span class='ocr_line' id='line_1_26' title="bbox 2181 981 3827 1054; baseline 0.002 -20"><span class='ocrx_word' id='word_1_169' title='bbox 2181 996 2309 1036; x_wconf 92' lang='lat' dir='ltr'>esse</span> <span class='ocrx_word' id='word_1_170' title='bbox 2325 981 2556 1051; x_wconf 84' lang='lat' dir='ltr'>placere</span> <span class='ocrx_word' id='word_1_171' title='bbox 2572 982 2635 1038; x_wconf 67' lang='grc' dir='ltr'>ιθ.</span> <span class='ocrx_word' id='word_1_172' title='bbox 2657 983 2901 1048; x_wconf 85' lang='lat' dir='ltr'>Quando</span> <span class='ocrx_word' id='word_1_173' title='bbox 2923 982 2970 1016; x_wconf 83' lang='grc'>⁶⁰</span> <span class='ocrx_word' id='word_1_174' title='bbox 2993 983 3152 1038; x_wconf 90' lang='lat' dir='ltr'>enim</span> <span class='ocrx_word' id='word_1_175' title='bbox 3171 983 3327 1054; x_wconf 88' lang='lat' dir='ltr'>apud</span> <span class='ocrx_word' id='word_1_176' title='bbox 3340 1000 3401 1037; x_wconf 90' lang='lat' dir='ltr'>se</span> <span class='ocrx_word' id='word_1_177' title='bbox 3416 989 3633 1038; x_wconf 77' lang='lat' dir='ltr'>statuet</span> <span class='ocrx_word' id='word_1_178' title='bbox 3652 983 3827 1038; x_wconf 87' lang='lat' dir='ltr'>homo</span> 
     </span>
    </p>
   </div>
   <div class='ocr_carea' id='block_1_26' title="bbox 2179 1071 3826 1143">
    <p class='ocr_par' dir='ltr' id='par_1_26' title="bbox 2179 1071 3826 1143">
     <span class='ocr_line' id='line_1_27' title="bbox 2179 1071 3826 1143; baseline 0.002 -19"><span class='ocrx_word' id='word_1_179' title='bbox 2179 1071 2296 1125; x_wconf 92' lang='lat' dir='ltr'>Deo</span> <span class='ocrx_word' id='word_1_180' title='bbox 2329 1072 2546 1126; x_wconf 82' lang='lat' dir='ltr'>servire</span> <span class='ocrx_word' id='word_1_181' title='bbox 2585 1072 2684 1143; x_wconf 84' lang='lat'>(6),</span> <span class='ocrx_word' id='word_1_182' title='bbox 2725 1072 2790 1126; x_wconf 82' lang='lat' dir='ltr'>ni</span> <span class='ocrx_word' id='word_1_183' title='bbox 2848 1071 3038 1127; x_wconf 89' lang='lat' dir='ltr'>ullum</span> <span class='ocrx_word' id='word_1_184' title='bbox 3083 1073 3284 1128; x_wconf 80' lang='lat' dir='ltr'>credat</span> <span class='ocrx_word' id='word_1_185' title='bbox 3316 1078 3826 1129; x_wconf 88' lang='lat' dir='ltr'>remuneratorem</span> 
     </span>
    </p>
   </div>
   <div class='ocr_carea' id='block_1_27' title="bbox 2179 1159 3830 1234">
    <p class='ocr_par' dir='ltr' id='par_1_27' title="bbox 2179 1159 3830 1234">
     <span class='ocr_line' id='line_1_28' title="bbox 2179 1159 3830 1234; baseline 0.003 -22"><span class='ocrx_word' id='word_1_186' title='bbox 2179 1159 2303 1214; x_wconf 83' lang='lat' dir='ltr'>fore</span> <span class='ocrx_word' id='word_1_187' title='bbox 2351 1160 2379 1214; x_wconf 77' lang='lat' dir='ltr'>‘I</span> <span class='ocrx_word' id='word_1_188' title='bbox 2445 1161 2688 1225; x_wconf 86' lang='lat' dir='ltr'>Quando</span> <span class='ocrx_word' id='word_1_189' title='bbox 2747 1161 3098 1234; x_wconf 77' lang='lat' dir='ltr'>virginitatis</span> <span class='ocrx_word' id='word_1_190' title='bbox 3150 1163 3520 1233; x_wconf 89' lang='lat' dir='ltr'>propositum</span> <span class='ocrx_word' id='word_1_191' title='bbox 3581 1162 3830 1234; x_wconf 92' lang='lat' dir='ltr'>arripiet</span> 
     </span>
    </p>
   </div>
   <div class='ocr_carea' id='block_1_28' title="bbox 2180 1250 3829 1324">
    <p class='ocr_par' dir='ltr' id='par_1_28' title="bbox 2180 1250 3829 1324">
     <span class='ocr_line' id='line_1_29' title="bbox 2180 1250 3829 1324; baseline 0.003 -20"><span class='ocrx_word' id='word_1_192' title='bbox 2180 1250 2400 1321; x_wconf 90' lang='lat' dir='ltr'>puella,</span> <span class='ocrx_word' id='word_1_193' title='bbox 2435 1251 2523 1305; x_wconf 88' lang='lat' dir='ltr'>vel</span> <span class='ocrx_word' id='word_1_194' title='bbox 2559 1255 2755 1307; x_wconf 90' lang='lat' dir='ltr'>castus</span> <span class='ocrx_word' id='word_1_195' title='bbox 2778 1253 2888 1307; x_wconf 88' lang='lat' dir='ltr'>erit</span> <span class='ocrx_word' id='word_1_196' title='bbox 2910 1254 3166 1324; x_wconf 86' lang='lat' dir='ltr'>juvenis,</span> <span class='ocrx_word' id='word_1_197' title='bbox 3197 1253 3316 1308; x_wconf 88' lang='lat' dir='ltr'>nisi</span> <span class='ocrx_word' id='word_1_198' title='bbox 3351 1271 3480 1309; x_wconf 90' lang='lat' dir='ltr'>esse</span> <span class='ocrx_word' id='word_1_199' title='bbox 3504 1253 3706 1310; x_wconf 88' lang='lat' dir='ltr'>credat</span> <span class='ocrx_word' id='word_1_200' title='bbox 3727 1253 3829 1309; x_wconf 89' lang='lat' dir='ltr'>im-</span> 
     </span>
    </p>
   </div>
   <div class='ocr_carea' id='block_1_29' title="bbox 2182 1340 3829 1398">
    <p class='ocr_par' dir='ltr' id='par_1_29' title="bbox 2182 1340 3829 1398">
     <span class='ocr_line' id='line_1_30' title="bbox 2182 1340 3829 1398; baseline 0.003 -5"><span class='ocrx_word' id='word_1_201' title='bbox 2182 1340 2652 1397; x_wconf 85' lang='lat' dir='ltr'>marcessibilem</span> <span class='ocrx_word' id='word_1_202' title='bbox 2685 1342 2971 1397; x_wconf 84' lang='lat' dir='ltr'>castitatis</span> <span class='ocrx_word' id='word_1_203' title='bbox 2997 1359 3275 1398; x_wconf 85' lang='lat' dir='ltr'>coronam</span> <span class='ocrx_word' id='word_1_204' title='bbox 3296 1342 3340 1378; x_wconf 78' lang='lat'>“</span> <span class='ocrx_word' id='word_1_205' title='bbox 3363 1343 3389 1397; x_wconf 73' lang='lat' dir='ltr'>‘I</span> <span class='ocrx_word' id='word_1_206' title='bbox 3418 1343 3591 1398; x_wconf 89' lang='lat' dir='ltr'>Fides</span> <span class='ocrx_word' id='word_1_207' title='bbox 3620 1343 3829 1398; x_wconf 87' lang='lat' dir='ltr'>oculus</span> 
     </span>
    </p>
   </div>
   <div class='ocr_carea' id='block_1_30' title="bbox 2183 1430 3833 1504">
    <p class='ocr_par' dir='ltr' id='par_1_30' title="bbox 2183 1430 3833 1504">
     <span class='ocr_line' id='line_1_31' title="bbox 2183 1430 3833 1504; baseline 0.004 -20"><span class='ocrx_word' id='word_1_208' title='bbox 2183 1435 2270 1484; x_wconf 90' lang='lat' dir='ltr'>est</span> <span class='ocrx_word' id='word_1_209' title='bbox 2299 1430 2723 1485; x_wconf 86' lang='lat' dir='ltr'>conseientiam</span> <span class='ocrx_word' id='word_1_210' title='bbox 2753 1447 2991 1486; x_wconf 91' lang='lat' dir='ltr'>omnem</span> <span class='ocrx_word' id='word_1_211' title='bbox 3019 1433 3390 1499; x_wconf 88' lang='lat' dir='ltr'>illuminans,</span> <span class='ocrx_word' id='word_1_212' title='bbox 3415 1438 3474 1488; x_wconf 89' lang='lat' dir='ltr'>et</span> <span class='ocrx_word' id='word_1_213' title='bbox 3494 1433 3833 1504; x_wconf 77' lang='lat' dir='ltr'>intelligen-</span> 
     </span>
    </p>
   </div>
   <div class='ocr_carea' id='block_1_31' title="bbox 2182 1520 3830 1594">
    <p class='ocr_par' dir='ltr' id='par_1_31' title="bbox 2182 1520 3830 1594">
     <span class='ocr_line' id='line_1_32' title="bbox 2182 1520 3830 1594; baseline 0.003 -21"><span class='ocrx_word' id='word_1_214' title='bbox 2182 1520 2324 1574; x_wconf 84' lang='lat' dir='ltr'>tiam</span> <span class='ocrx_word' id='word_1_215' title='bbox 2357 1521 2594 1591; x_wconf 91' lang='lat' dir='ltr'>pariens</span> <span class='ocrx_word' id='word_1_216' title='bbox 2619 1539 2633 1587; x_wconf 91' lang='lat'><strong>;</strong></span> <span class='ocrx_word' id='word_1_217' title='bbox 2658 1521 2803 1576; x_wconf 90' lang='lat' dir='ltr'>dicit</span> <span class='ocrx_word' id='word_1_218' title='bbox 2841 1522 3001 1576; x_wconf 91' lang='lat' dir='ltr'>enim</span> <span class='ocrx_word' id='word_1_219' title='bbox 3051 1523 3367 1594; x_wconf 85' lang='lat' dir='ltr'>propheta:</span> <span class='ocrx_word' id='word_1_220' title='bbox 3399 1526 3469 1578; x_wconf 83' lang='lat' dir='ltr'>Et</span> <span class='ocrx_word' id='word_1_221' title='bbox 3499 1526 3548 1578; x_wconf 97' lang='lat' dir='ltr'>si</span> <span class='ocrx_word' id='word_1_222' title='bbox 3574 1540 3683 1579; x_wconf 86' lang='lat' dir='ltr'>non</span> <span class='ocrx_word' id='word_1_223' title='bbox 3714 1541 3830 1580; x_wconf 86' lang='lat' dir='ltr'>cre-</span> 
     </span>
    </p>
   </div>
   <div class='ocr_carea' id='block_1_32' title="bbox 2181 1608 3830 1680">
    <p class='ocr_par' dir='ltr' id='par_1_32' title="bbox 2181 1608 3830 1680">
     <span class='ocr_line' id='line_1_33' title="bbox 2181 1608 3830 1680; baseline 0.002 -16"><span class='ocrx_word' id='word_1_224' title='bbox 2181 1608 2456 1676; x_wconf 82' lang='lat' dir='ltr'>dideritis,</span> <span class='ocrx_word' id='word_1_225' title='bbox 2486 1627 2598 1664; x_wconf 88' lang='lat' dir='ltr'>non</span> <span class='ocrx_word' id='word_1_226' title='bbox 2628 1610 2946 1680; x_wconf 73' lang='lat' dir='ltr'>intelligetis</span> <span class='ocrx_word' id='word_1_227' title='bbox 2974 1612 3038 1669; x_wconf 85' lang='grc'>⁶².</span> <span class='ocrx_word' id='word_1_228' title='bbox 3091 1611 3354 1667; x_wconf 86' lang='lat' dir='ltr'>Obstruit</span> <span class='ocrx_word' id='word_1_229' title='bbox 3395 1612 3542 1667; x_wconf 91' lang='lat' dir='ltr'>ﬁdes</span> <span class='ocrx_word' id='word_1_230' title='bbox 3574 1631 3676 1668; x_wconf 89' lang='lat' dir='ltr'>ora</span> <span class='ocrx_word' id='word_1_231' title='bbox 3707 1613 3830 1670; x_wconf 90' lang='lat' dir='ltr'>leo-</span> 
     </span>
    </p>
   </div>
   <div class='ocr_carea' id='block_1_33' title="bbox 2184 1698 3829 1771">
    <p class='ocr_par' dir='ltr' id='par_1_33' title="bbox 2184 1698 3829 1771">
     <span class='ocr_line' id='line_1_34' title="bbox 2184 1698 3829 1771; baseline 0.001 -17"><span class='ocrx_word' id='word_1_232' title='bbox 2184 1717 2350 1767; x_wconf 89' lang='lat' dir='ltr'>num,</span> <span class='ocrx_word' id='word_1_233' title='bbox 2378 1698 2446 1768; x_wconf 72' lang='lat'>63,</span> <span class='ocrx_word' id='word_1_234' title='bbox 2473 1700 2646 1771; x_wconf 84' lang='lat' dir='ltr'>juxta</span> <span class='ocrx_word' id='word_1_235' title='bbox 2678 1700 2980 1755; x_wconf 88' lang='lat' dir='ltr'>Danielem</span> <span class='ocrx_word' id='word_1_236' title='bbox 3012 1719 3026 1768; x_wconf 89' lang='lat'><strong>;</strong></span> <span class='ocrx_word' id='word_1_237' title='bbox 3062 1700 3133 1755; x_wconf 93' lang='lat' dir='ltr'>de</span> <span class='ocrx_word' id='word_1_238' title='bbox 3155 1701 3284 1771; x_wconf 90' lang='lat' dir='ltr'>ipso</span> <span class='ocrx_word' id='word_1_239' title='bbox 3307 1700 3468 1755; x_wconf 92' lang='lat' dir='ltr'>enim</span> <span class='ocrx_word' id='word_1_240' title='bbox 3500 1700 3642 1756; x_wconf 90' lang='lat' dir='ltr'>dicit</span> <span class='ocrx_word' id='word_1_241' title='bbox 3674 1703 3829 1756; x_wconf 85' lang='lat' dir='ltr'>Scri-</span> 
     </span>
    </p>
   </div>
   <div class='ocr_carea' id='block_1_34' title="bbox 423 1780 2079 1878">
    <p class='ocr_par' dir='ltr' id='par_1_34' title="bbox 423 1780 2074 1862">
     <span class='ocr_line' id='line_1_35' title="bbox 423 1780 2074 1862; baseline 0.003 -26"><span class='ocrx_word' id='word_1_242' title='bbox 423 1783 518 1836; x_wconf 87' lang='grc' dir='ltr'><strong>τὸν</strong></span> <span class='ocrx_word' id='word_1_243' title='bbox 553 1780 761 1850; x_wconf 71' lang='grc' dir='ltr'><strong>Δανιὴλ</strong></span> <span class='ocrx_word' id='word_1_244' title='bbox 793 1787 891 1856; x_wconf 85' lang='grc'>(5)·</span> <span class='ocrx_word' id='word_1_245' title='bbox 947 1783 1079 1860; x_wconf 82' lang='grc' dir='ltr'>φησί</span> <span class='ocrx_word' id='word_1_246' title='bbox 1122 1785 1224 1858; x_wconf 74' lang='grc' dir='ltr'>γὰρ</span> <span class='ocrx_word' id='word_1_247' title='bbox 1275 1787 1310 1854; x_wconf 74' lang='grc' dir='ltr'>ἡ</span> <span class='ocrx_word' id='word_1_248' title='bbox 1345 1785 1530 1862; x_wconf 73' lang='grc' dir='ltr'><strong>Γραφὴ</strong></span> <span class='ocrx_word' id='word_1_249' title='bbox 1588 1785 1712 1860; x_wconf 85' lang='grc' dir='ltr'><strong>περὶ</strong></span> <span class='ocrx_word' id='word_1_250' title='bbox 1772 1786 1958 1855; x_wconf 71' lang='grc' dir='ltr'><strong>αὐτοῦ,</strong></span> <span class='ocrx_word' id='word_1_251' title='bbox 1993 1788 2074 1841; x_wconf 74' lang='grc' dir='ltr'>ὅτι</span> 
     </span>
    </p>
   </div>
   <div class='ocr_carea' id='block_1_35' title="bbox 2197 1780 3830 1878">
    <p class='ocr_par' dir='ltr' id='par_1_35' title="bbox 2197 1789 3830 1862">
     <span class='ocr_line' id='line_1_36' title="bbox 2197 1789 3830 1862; baseline -0.001 -18"><span class='ocrx_word' id='word_1_252' title='bbox 2197 1795 2392 1862; x_wconf 87' lang='lat' dir='ltr'>ptura:</span> <span class='ocrx_word' id='word_1_253' title='bbox 2453 1789 2648 1844; x_wconf 83' lang='lat' dir='ltr'>Daniel</span> <span class='ocrx_word' id='word_1_254' title='bbox 2692 1791 2917 1845; x_wconf 84' lang='lat' dir='ltr'>eductus</span> <span class='ocrx_word' id='word_1_255' title='bbox 2965 1795 3040 1844; x_wconf 89' lang='lat' dir='ltr'>est</span> <span class='ocrx_word' id='word_1_256' title='bbox 3069 1789 3134 1845; x_wconf 85' lang='lat' dir='ltr'>de</span> <span class='ocrx_word' id='word_1_257' title='bbox 3167 1791 3312 1853; x_wconf 81' lang='lat' dir='ltr'>lacu,</span> <span class='ocrx_word' id='word_1_258' title='bbox 3370 1795 3420 1844; x_wconf 87' lang='lat' dir='ltr'>et</span> <span class='ocrx_word' id='word_1_259' title='bbox 3464 1790 3622 1844; x_wconf 84' lang='lat' dir='ltr'>nulla</span> <span class='ocrx_word' id='word_1_260' title='bbox 3680 1791 3830 1846; x_wconf 62' lang='lat' dir='ltr'>la‘sio</span> 
     </span>
    </p>
   </div>
   <div class='ocr_carea' id='block_1_36' title="bbox 425 1867 2076 1945">
    <p class='ocr_par' dir='ltr' id='par_1_36' title="bbox 425 1867 2076 1945">
     <span class='ocr_line' id='line_1_37' title="bbox 425 1867 2076 1945; baseline 0.006 -24"><span class='ocrx_word' id='word_1_261' title='bbox 425 1867 741 1945; x_wconf 79' lang='grc' dir='ltr'>Ἀνηνέχθη</span> <span class='ocrx_word' id='word_1_262' title='bbox 804 1869 1005 1940; x_wconf 68' lang='grc' dir='ltr'><strong>Δανιὴλ</strong></span> <span class='ocrx_word' id='word_1_263' title='bbox 1061 1871 1122 1926; x_wconf 79' lang='grc' dir='ltr'>ἐκ</span> <span class='ocrx_word' id='word_1_264' title='bbox 1179 1876 1276 1927; x_wconf 82' lang='grc' dir='ltr'><strong>τοῦ</strong></span> <span class='ocrx_word' id='word_1_265' title='bbox 1335 1872 1560 1943; x_wconf 82' lang='grc' dir='ltr'>λάκκου,</span> <span class='ocrx_word' id='word_1_266' title='bbox 1617 1873 1706 1928; x_wconf 83' lang='grc' dir='ltr'>καὶ</span> <span class='ocrx_word' id='word_1_267' title='bbox 1760 1880 1904 1929; x_wconf 81' lang='grc' dir='ltr'><strong>πᾶσα</strong></span> <span class='ocrx_word' id='word_1_268' title='bbox 1961 1872 2076 1932; x_wconf 81' lang='grc' dir='ltr'><strong>δια-</strong></span> 
     </span>
    </p>
   </div>
   <div class='ocr_carea' id='block_1_37' title="bbox 423 1959 2080 2036">
    <p class='ocr_par' dir='ltr' id='par_1_37' title="bbox 423 1959 2080 2036">
     <span class='ocr_line' id='line_1_38' title="bbox 423 1959 2080 2036; baseline 0.002 -24"><span class='ocrx_word' id='word_1_269' title='bbox 423 1959 603 2036; x_wconf 70' lang='grc' dir='ltr'>φθορά</span> <span class='ocrx_word' id='word_1_270' title='bbox 665 1959 774 2035; x_wconf 80' lang='grc' dir='ltr'>οὐχ</span> <span class='ocrx_word' id='word_1_271' title='bbox 861 1960 1056 2031; x_wconf 78' lang='grc' dir='ltr'><strong>εὑρέθη</strong></span> <span class='ocrx_word' id='word_1_272' title='bbox 1118 1960 1171 2015; x_wconf 80' lang='grc' dir='ltr'>ἐν</span> <span class='ocrx_word' id='word_1_273' title='bbox 1223 1961 1394 2034; x_wconf 78' lang='grc' dir='ltr'><strong>αὐτῷ,</strong></span> <span class='ocrx_word' id='word_1_274' title='bbox 1472 1961 1554 2016; x_wconf 80' lang='grc' dir='ltr'><strong>ὁτι</strong></span> <span class='ocrx_word' id='word_1_275' title='bbox 1635 1960 1938 2017; x_wconf 75' lang='grc' dir='ltr'><strong>ἐπίστευσεν</strong></span> <span class='ocrx_word' id='word_1_276' title='bbox 2030 1963 2080 2018; x_wconf 78' lang='grc' dir='ltr'><strong>ἐν</strong></span> 
     </span>
    </p>
   </div>
   <div class='ocr_carea' id='block_1_38' title="bbox 422 2045 2075 2128">
    <p class='ocr_par' dir='ltr' id='par_1_38' title="bbox 422 2045 2075 2128">
     <span class='ocr_line' id='line_1_39' title="bbox 422 2045 2075 2128; baseline 0.001 -26"><span class='ocrx_word' id='word_1_277' title='bbox 422 2052 504 2119; x_wconf 82' lang='grc' dir='ltr'><strong>τῷ</strong></span> <span class='ocrx_word' id='word_1_278' title='bbox 535 2051 654 2120; x_wconf 83' lang='grc' dir='ltr'>Θεῷ</span> <span class='ocrx_word' id='word_1_279' title='bbox 693 2047 879 2105; x_wconf 78' lang='grc' dir='ltr'><strong>αὐτοῦ.</strong></span> <span class='ocrx_word' id='word_1_280' title='bbox 941 2051 1094 2106; x_wconf 84' lang='grc' dir='ltr'><strong>Ἔστι</strong></span> <span class='ocrx_word' id='word_1_281' title='bbox 1152 2071 1204 2105; x_wconf 83' lang='grc' dir='ltr'>τι</span> <span class='ocrx_word' id='word_1_282' title='bbox 1261 2055 1358 2105; x_wconf 74' lang='grc' dir='ltr'><strong>τοῦ</strong></span> <span class='ocrx_word' id='word_1_283' title='bbox 1413 2045 1676 2105; x_wconf 77' lang='grc' dir='ltr'><strong>διαϐόλου</strong></span> <span class='ocrx_word' id='word_1_284' title='bbox 1733 2049 2075 2128; x_wconf 72' lang='grc' dir='ltr'><strong>δεινότερον;</strong></span> 
     </span>
    </p>
   </div>
   <div class='ocr_carea' id='block_1_39' title="bbox 425 2134 2077 2216">
    <p class='ocr_par' dir='ltr' id='par_1_39' title="bbox 425 2134 2077 2216">
     <span class='ocr_line' id='line_1_40' title="bbox 436 2134 2077 2195; baseline 0.007 -43"><span class='ocrx_word' id='word_1_285' title='bbox 436 2134 524 2191; x_wconf 64' lang='grc' dir='ltr'>ςλ)</span> <span class='ocrx_word' id='word_1_286' title='bbox 551 2138 564 2156; x_wconf 59' lang='grc' dir='ltr'><strong>ς</strong></span> <span class='ocrx_word' id='word_1_287' title='bbox 679 2136 693 2155; x_wconf 60' lang='grc' dir='ltr'>ι</span> <span class='ocrx_word' id='word_1_288' title='bbox 819 2137 831 2156; x_wconf 71' lang='grc' dir='ltr'>ι</span> <span class='ocrx_word' id='word_1_289' title='bbox 970 2143 992 2153; x_wconf 73' lang='grc'><strong>.-</strong></span> <span class='ocrx_word' id='word_1_290' title='bbox 1195 2137 1266 2195; x_wconf 59' lang='grc' dir='ltr'>,δκ</span> <span class='ocrx_word' id='word_1_291' title='bbox 1349 2136 1376 2194; x_wconf 66' lang='grc' dir='ltr'>ἕ</span> <span class='ocrx_word' id='word_1_292' title='bbox 1412 2161 1430 2170; x_wconf 86' lang='lat'>_</span> <span class='ocrx_word' id='word_1_293' title='bbox 1584 2141 1604 2159; x_wconf 73' lang='grc' dir='ltr'>η</span> <span class='ocrx_word' id='word_1_294' title='bbox 1813 2137 1836 2158; x_wconf 74' lang='grc' dir='ltr'>ν</span> <span class='ocrx_word' id='word_1_295' title='bbox 1964 2163 1980 2174; x_wconf 76' lang='lat'><strong>_</strong></span> <span class='ocrx_word' id='word_1_296' title='bbox 2064 2143 2077 2163; x_wconf 61' lang='grc' dir='ltr'>ι</span> 
     </span>
     <span class='ocr_line' id='line_1_41' title="bbox 425 2139 2077 2216; baseline 0.004 -25"><span class='ocrx_word' id='word_1_297' title='bbox 425 2159 457 2191; x_wconf 89' lang='grc' dir='ltr'>α</span> <span class='ocrx_word' id='word_1_298' title='bbox 521 2157 573 2191; x_wconf 69' lang='grc' dir='ltr'>ια</span> <span class='ocrx_word' id='word_1_299' title='bbox 602 2158 694 2192; x_wconf 85' lang='grc' dir='ltr'><strong>και</strong></span> <span class='ocrx_word' id='word_1_300' title='bbox 726 2159 864 2214; x_wconf 83' lang='grc' dir='ltr'><strong>προς</strong></span> <span class='ocrx_word' id='word_1_301' title='bbox 901 2160 1090 2194; x_wconf 87' lang='grc' dir='ltr'><strong>τουτον</strong></span> <span class='ocrx_word' id='word_1_302' title='bbox 1152 2161 1214 2194; x_wconf 89' lang='grc' dir='ltr'>ου</span> <span class='ocrx_word' id='word_1_303' title='bbox 1254 2161 1306 2194; x_wconf 91' lang='grc' dir='ltr'>εν</span> <span class='ocrx_word' id='word_1_304' title='bbox 1378 2160 1528 2216; x_wconf 69' lang='grc' dir='ltr'><strong>τερον</strong></span> <span class='ocrx_word' id='word_1_305' title='bbox 1585 2139 1756 2196; x_wconf 72' lang='grc' dir='ltr'><strong>οπλον</strong></span> <span class='ocrx_word' id='word_1_306' title='bbox 1810 2161 2012 2216; x_wconf 73' lang='grc' dir='ltr'><strong>εχομον</strong></span> <span class='ocrx_word' id='word_1_307' title='bbox 2043 2146 2077 2211; x_wconf 73' lang='grc' dir='ltr'>ἡ</span> 
     </span>
    </p>
   </div>
   <div class='ocr_carea' id='block_1_40' title="bbox 422 2227 2084 2309">
    <p class='ocr_par' dir='ltr' id='par_1_40' title="bbox 422 2227 2084 2309">
     <span class='ocr_line' id='line_1_42' title="bbox 422 2227 2084 2309; baseline 0.002 -27"><span class='ocrx_word' id='word_1_308' title='bbox 422 2227 522 2296; x_wconf 80' lang='grc' dir='ltr'><strong>τήν</strong></span> <span class='ocrx_word' id='word_1_309' title='bbox 555 2227 764 2298; x_wconf 82' lang='grc' dir='ltr'><strong>πίστιν,</strong></span> <span class='ocrx_word' id='word_1_310' title='bbox 800 2228 1089 2300; x_wconf 81' lang='grc' dir='ltr'><strong>ἀσώματον</strong></span> <span class='ocrx_word' id='word_1_311' title='bbox 1125 2229 1310 2302; x_wconf 67' lang='grc' dir='ltr'><strong>θυρεὸν</strong></span> <span class='ocrx_word' id='word_1_312' title='bbox 1355 2231 1472 2283; x_wconf 82' lang='grc' dir='ltr'><strong>κατ’</strong></span> <span class='ocrx_word' id='word_1_313' title='bbox 1530 2227 1732 2304; x_wconf 66' lang='grc' dir='ltr'>ἐχθροῦ</span> <span class='ocrx_word' id='word_1_314' title='bbox 1788 2231 1864 2303; x_wconf 84' lang='grc' dir='ltr'>μή</span> <span class='ocrx_word' id='word_1_315' title='bbox 1897 2252 2084 2309; x_wconf 69' lang='grc' dir='ltr'><strong>φαινο-</strong></span> 
     </span>
    </p>
   </div>
   <div class='ocr_carea' id='block_1_41' title="bbox 432 2314 2083 2395">
    <p class='ocr_par' dir='ltr' id='par_1_41' title="bbox 432 2314 2083 2395">
     <span class='ocr_line' id='line_1_43' title="bbox 432 2314 2083 2395; baseline 0.002 -23"><span class='ocrx_word' id='word_1_316' title='bbox 432 2314 615 2391; x_wconf 77' lang='grc' dir='ltr'><strong>μένου.</strong></span> <span class='ocrx_word' id='word_1_317' title='bbox 651 2316 1010 2375; x_wconf 77' lang='grc' dir='ltr'><strong>’Δποστέλλει</strong></span> <span class='ocrx_word' id='word_1_318' title='bbox 1048 2321 1143 2393; x_wconf 76' lang='grc' dir='ltr'>μὶν</span> <span class='ocrx_word' id='word_1_319' title='bbox 1175 2321 1275 2395; x_wconf 75' lang='grc' dir='ltr'>γὰρ</span> <span class='ocrx_word' id='word_1_320' title='bbox 1303 2320 1437 2395; x_wconf 75' lang='grc' dir='ltr'><strong>βὲλη</strong></span> <span class='ocrx_word' id='word_1_321' title='bbox 1473 2318 1724 2390; x_wconf 85' lang='grc' dir='ltr'><strong>ποικίλα,</strong></span> <span class='ocrx_word' id='word_1_322' title='bbox 1776 2321 1864 2375; x_wconf 78' lang='grc' dir='ltr'>καὶ</span> <span class='ocrx_word' id='word_1_323' title='bbox 1922 2342 2083 2376; x_wconf 80' lang='grc' dir='ltr'><strong>κατα-</strong></span> 
     </span>
    </p>
   </div>
   <div class='ocr_carea' id='block_1_42' title="bbox 423 2403 2077 2483">
    <p class='ocr_par' dir='ltr' id='par_1_42' title="bbox 423 2403 2077 2483">
     <span class='ocr_line' id='line_1_44' title="bbox 423 2403 2077 2483; baseline 0.002 -24"><span class='ocrx_word' id='word_1_324' title='bbox 423 2403 630 2474; x_wconf 74' lang='grc' dir='ltr'><strong>τοξεύει</strong></span> <span class='ocrx_word' id='word_1_325' title='bbox 665 2403 716 2460; x_wconf 71' lang='grc' dir='ltr'>ἐν</span> <span class='ocrx_word' id='word_1_326' title='bbox 745 2427 1062 2480; x_wconf 80' lang='grc' dir='ltr'><strong>σκοτομηνῃ</strong></span> <span class='ocrx_word' id='word_1_327' title='bbox 1091 2405 1219 2468; x_wconf 78' lang='grc' dir='ltr'><strong>τοὺς</strong></span> <span class='ocrx_word' id='word_1_328' title='bbox 1255 2407 1331 2479; x_wconf 77' lang='grc' dir='ltr'><strong>μή</strong></span> <span class='ocrx_word' id='word_1_329' title='bbox 1359 2409 1652 2483; x_wconf 70' lang='grc' dir='ltr'><strong>νήφοντας·</strong></span> <span class='ocrx_word' id='word_1_330' title='bbox 1686 2406 1839 2477; x_wconf 85' lang='grc' dir='ltr'><strong>ἀλλ’,</strong></span> <span class='ocrx_word' id='word_1_331' title='bbox 1889 2405 2077 2479; x_wconf 77' lang='grc' dir='ltr'><strong>ἐπειδὴ</strong></span> 
     </span>
    </p>
   </div>
   <div class='ocr_carea' id='block_1_43' title="bbox 435 2490 2082 2571">
    <p class='ocr_par' dir='ltr' id='par_1_43' title="bbox 435 2490 2082 2571">
     <span class='ocr_line' id='line_1_45' title="bbox 435 2490 2082 2571; baseline 0.003 -24"><span class='ocrx_word' id='word_1_332' title='bbox 435 2494 512 2564; x_wconf 82' lang='grc' dir='ltr'><strong>μὴ</strong></span> <span class='ocrx_word' id='word_1_333' title='bbox 545 2492 789 2568; x_wconf 80' lang='grc' dir='ltr'><strong>φαίνεται</strong></span> <span class='ocrx_word' id='word_1_334' title='bbox 849 2493 877 2548; x_wconf 83' lang='grc' dir='ltr'><strong>ὁ</strong></span> <span class='ocrx_word' id='word_1_335' title='bbox 935 2492 1154 2569; x_wconf 71' lang='grc' dir='ltr'>ἐχθρὸς,</span> <span class='ocrx_word' id='word_1_336' title='bbox 1213 2490 1536 2570; x_wconf 74' lang='grc' dir='ltr'><strong>περίϐλημα</strong></span> <span class='ocrx_word' id='word_1_337' title='bbox 1589 2497 1841 2570; x_wconf 73' lang='grc' dir='ltr'><strong>κραταιὸν</strong></span> <span class='ocrx_word' id='word_1_338' title='bbox 1875 2492 2082 2571; x_wconf 76' lang='grc' dir='ltr'><strong>ἔχομεν</strong></span> 
     </span>
    </p>
   </div>
   <div class='ocr_carea' id='block_1_44' title="bbox 431 2586 2082 2663">
    <p class='ocr_par' dir='ltr' id='par_1_44' title="bbox 431 2586 2082 2663">
     <span class='ocr_line' id='line_1_46' title="bbox 431 2586 2082 2663; baseline 0.002 -23"><span class='ocrx_word' id='word_1_339' title='bbox 431 2587 534 2653; x_wconf 76' lang='grc' dir='ltr'><strong>τήν</strong></span> <span class='ocrx_word' id='word_1_340' title='bbox 564 2589 766 2658; x_wconf 82' lang='grc' dir='ltr'><strong>πίστιν,</strong></span> <span class='ocrx_word' id='word_1_341' title='bbox 825 2588 964 2642; x_wconf 79' lang='grc' dir='ltr'><strong>κατὰ</strong></span> <span class='ocrx_word' id='word_1_342' title='bbox 1018 2587 1110 2642; x_wconf 88' lang='grc' dir='ltr'>τὸν</span> <span class='ocrx_word' id='word_1_343' title='bbox 1167 2587 1526 2660; x_wconf 75' lang='grc' dir='ltr'><strong>Ἀπόστολον,</strong></span> <span class='ocrx_word' id='word_1_344' title='bbox 1579 2586 1824 2663; x_wconf 74' lang='grc' dir='ltr'><strong>λεγοντα·</strong></span> <span class='ocrx_word' id='word_1_345' title='bbox 1860 2590 1945 2646; x_wconf 86' lang='grc' dir='ltr'><strong>Ἐν</strong></span> <span class='ocrx_word' id='word_1_346' title='bbox 1981 2594 2082 2646; x_wconf 82' lang='grc' dir='ltr'>πᾶ-</span> 
     </span>
    </p>
   </div>
   <div class='ocr_carea' id='block_1_45' title="bbox 441 2674 2084 2756">
    <p class='ocr_par' dir='ltr' id='par_1_45' title="bbox 441 2674 2084 2756">
     <span class='ocr_line' id='line_1_47' title="bbox 441 2674 2084 2756; baseline 0.004 -24"><span class='ocrx_word' id='word_1_347' title='bbox 441 2698 522 2732; x_wconf 90' lang='grc' dir='ltr'>σιν</span> <span class='ocrx_word' id='word_1_348' title='bbox 580 2674 938 2742; x_wconf 78' lang='grc' dir='ltr'><strong>ἀναλαϐόντες</strong></span> <span class='ocrx_word' id='word_1_349' title='bbox 993 2679 1085 2735; x_wconf 88' lang='grc' dir='ltr'><strong>τὸν</strong></span> <span class='ocrx_word' id='word_1_350' title='bbox 1159 2681 1347 2756; x_wconf 78' lang='grc' dir='ltr'><strong>θυρεὸν</strong></span> <span class='ocrx_word' id='word_1_351' title='bbox 1427 2684 1527 2746; x_wconf 78' lang='grc' dir='ltr'><strong>τῆς</strong></span> <span class='ocrx_word' id='word_1_352' title='bbox 1581 2683 1869 2750; x_wconf 81' lang='grc' dir='ltr'><strong>πίστεως,</strong></span> <span class='ocrx_word' id='word_1_353' title='bbox 1929 2704 1979 2738; x_wconf 89' lang='grc' dir='ltr'>εν</span> <span class='ocrx_word' id='word_1_354' title='bbox 2038 2685 2084 2756; x_wconf 81' lang='grc' dir='ltr'>ᾧ</span> 
     </span>
    </p>
   </div>
   <div class='ocr_carea' id='block_1_46' title="bbox 439 2765 2084 2846">
    <p class='ocr_par' dir='ltr' id='par_1_46' title="bbox 439 2765 2084 2846">
     <span class='ocr_line' id='line_1_48' title="bbox 439 2765 2084 2846; baseline 0.004 -23"><span class='ocrx_word' id='word_1_355' title='bbox 439 2765 726 2840; x_wconf 73' lang='grc' dir='ltr'><strong>δυνήσεσθε</strong></span> <span class='ocrx_word' id='word_1_356' title='bbox 781 2773 957 2826; x_wconf 86' lang='grc' dir='ltr'><strong>πάντα</strong></span> <span class='ocrx_word' id='word_1_357' title='bbox 1010 2771 1080 2827; x_wconf 76' lang='grc' dir='ltr'><strong>τὰ</strong></span> <span class='ocrx_word' id='word_1_358' title='bbox 1138 2770 1274 2846; x_wconf 69' lang='grc' dir='ltr'><strong>βέλη</strong></span> <span class='ocrx_word' id='word_1_359' title='bbox 1331 2776 1428 2827; x_wconf 78' lang='grc' dir='ltr'><strong>τοῦ</strong></span> <span class='ocrx_word' id='word_1_360' title='bbox 1484 2777 1732 2846; x_wconf 75' lang='grc' dir='ltr'><strong>πονηροῦ</strong></span> <span class='ocrx_word' id='word_1_361' title='bbox 1787 2775 1854 2828; x_wconf 76' lang='grc' dir='ltr'><strong>τὰ</strong></span> <span class='ocrx_word' id='word_1_362' title='bbox 1909 2796 2084 2830; x_wconf 88' lang='grc' dir='ltr'><strong>πεπυ-</strong></span> 
     </span>
    </p>
   </div>
   <div class='ocr_carea' id='block_1_47' title="bbox 433 2855 2081 2937">
    <p class='ocr_par' dir='ltr' id='par_1_47' title="bbox 433 2855 2081 2937">
     <span class='ocr_line' id='line_1_49' title="bbox 433 2855 2081 2937; baseline 0.004 -25"><span class='ocrx_word' id='word_1_363' title='bbox 433 2858 656 2932; x_wconf 62' lang='grc' dir='ltr'><strong>ρωμένα</strong></span> <span class='ocrx_word' id='word_1_364' title='bbox 714 2855 918 2918; x_wconf 71' lang='grc' dir='ltr'><strong>σϐέσαι.</strong></span> <span class='ocrx_word' id='word_1_365' title='bbox 981 2860 1380 2937; x_wconf 80' lang='grc' dir='ltr'><strong>Πεπυρωμένον</strong></span> <span class='ocrx_word' id='word_1_366' title='bbox 1441 2861 1718 2926; x_wconf 77' lang='grc' dir='ltr'><strong>πολλάκις</strong></span> <span class='ocrx_word' id='word_1_367' title='bbox 1768 2861 1928 2936; x_wconf 70' lang='grc' dir='ltr'><strong>βέλος</strong></span> <span class='ocrx_word' id='word_1_368' title='bbox 1962 2863 2081 2918; x_wconf 80' lang='grc' dir='ltr'><strong>ἐπι-</strong></span> 
     </span>
    </p>
   </div>
   <div class='ocr_carea' id='block_1_48' title="bbox 429 2946 2081 3025">
    <p class='ocr_par' dir='ltr' id='par_1_48' title="bbox 429 2946 2081 3025">
     <span class='ocr_line' id='line_1_50' title="bbox 429 2946 2081 3025; baseline 0.004 -23"><span class='ocrx_word' id='word_1_369' title='bbox 429 2947 629 3019; x_wconf 79' lang='grc' dir='ltr'><strong>θυμίας</strong></span> <span class='ocrx_word' id='word_1_370' title='bbox 679 2949 912 3025; x_wconf 76' lang='grc' dir='ltr'><strong>αἷσχρᾶς</strong></span> <span class='ocrx_word' id='word_1_371' title='bbox 969 2948 1176 3020; x_wconf 73' lang='grc' dir='ltr'><strong>ἡδονῆς</strong></span> <span class='ocrx_word' id='word_1_372' title='bbox 1230 2951 1288 3005; x_wconf 83' lang='grc' dir='ltr'><strong>ἐκ</strong></span> <span class='ocrx_word' id='word_1_373' title='bbox 1319 2946 1580 3006; x_wconf 76' lang='grc' dir='ltr'><strong>διαϐόλου</strong></span> <span class='ocrx_word' id='word_1_374' title='bbox 1611 2950 1903 3024; x_wconf 68' lang='grc' dir='ltr'><strong>πέμπεται·</strong></span> <span class='ocrx_word' id='word_1_375' title='bbox 1956 2952 2081 3008; x_wconf 85' lang='grc' dir='ltr'><strong>ἀλλ’</strong></span> 
     </span>
    </p>
   </div>
   <div class='ocr_carea' id='block_1_49' title="bbox 430 3039 2078 3117">
    <p class='ocr_par' dir='ltr' id='par_1_49' title="bbox 430 3039 2078 3117">
     <span class='ocr_line' id='line_1_51' title="bbox 430 3039 2078 3117; baseline 0.004 -25"><span class='ocrx_word' id='word_1_376' title='bbox 430 3040 464 3107; x_wconf 83' lang='grc' dir='ltr'><strong>ἡ</strong></span> <span class='ocrx_word' id='word_1_377' title='bbox 498 3039 675 3101; x_wconf 85' lang='grc' dir='ltr'><strong>πίστις</strong></span> <span class='ocrx_word' id='word_1_378' title='bbox 734 3040 1119 3117; x_wconf 74' lang='grc' dir='ltr'><strong>ὑπογράφουσα</strong></span> <span class='ocrx_word' id='word_1_379' title='bbox 1172 3042 1270 3110; x_wconf 76' lang='grc' dir='ltr'><strong>τὴν</strong></span> <span class='ocrx_word' id='word_1_380' title='bbox 1329 3043 1528 3116; x_wconf 78' lang='grc' dir='ltr'><strong>κρίσιν,</strong></span> <span class='ocrx_word' id='word_1_381' title='bbox 1586 3043 1932 3117; x_wconf 76' lang='grc' dir='ltr'><strong>καταψύξασα</strong></span> <span class='ocrx_word' id='word_1_382' title='bbox 1987 3045 2078 3100; x_wconf 83' lang='grc' dir='ltr'><strong>τὸν</strong></span> 
     </span>
    </p>
   </div>
   <div class='ocr_carea' id='block_1_50' title="bbox 427 3124 1143 3205">
    <p class='ocr_par' dir='ltr' id='par_1_50' title="bbox 427 3124 1143 3205">
     <span class='ocr_line' id='line_1_52' title="bbox 427 3124 1143 3205; baseline 0.006 -24"><span class='ocrx_word' id='word_1_383' title='bbox 427 3132 578 3198; x_wconf 78' lang='grc' dir='ltr'><strong>νοῦν,</strong></span> <span class='ocrx_word' id='word_1_384' title='bbox 611 3124 850 3184; x_wconf 76' lang='grc' dir='ltr'><strong>σϐέννυσι</strong></span> <span class='ocrx_word' id='word_1_385' title='bbox 873 3131 936 3184; x_wconf 90' lang='grc' dir='ltr'><strong>τὸ</strong></span> <span class='ocrx_word' id='word_1_386' title='bbox 962 3131 1143 3205; x_wconf 70' lang='grc' dir='ltr'><strong>βέλος.</strong></span> 
     </span>
    </p>
   </div>
   <div class='ocr_carea' id='block_1_51' title="bbox 495 3217 2070 3297">
    <p class='ocr_par' dir='ltr' id='par_1_51' title="bbox 495 3217 2070 3297">
     <span class='ocr_line' id='line_1_53' title="bbox 495 3217 2070 3297; baseline 0.003 -21"><span class='ocrx_word' id='word_1_387' title='bbox 495 3221 569 3276; x_wconf 83' lang='grc' dir='ltr'>Ε¹.</span> <span class='ocrx_word' id='word_1_388' title='bbox 604 3220 698 3275; x_wconf 81' lang='grc' dir='ltr'>Καὶ</span> <span class='ocrx_word' id='word_1_389' title='bbox 730 3217 906 3283; x_wconf 78' lang='grc' dir='ltr'><strong>πολὺς</strong></span> <span class='ocrx_word' id='word_1_390' title='bbox 947 3221 975 3275; x_wconf 83' lang='grc' dir='ltr'><strong>ὁ</strong></span> <span class='ocrx_word' id='word_1_391' title='bbox 1005 3221 1258 3297; x_wconf 77' lang='grc' dir='ltr'><strong>περὶτῆς</strong></span> <span class='ocrx_word' id='word_1_392' title='bbox 1307 3220 1541 3285; x_wconf 82' lang='grc' dir='ltr'><strong>πίστεως</strong></span> <span class='ocrx_word' id='word_1_393' title='bbox 1594 3221 1780 3297; x_wconf 81' lang='grc' dir='ltr'><strong>λόγος,</strong></span> <span class='ocrx_word' id='word_1_394' title='bbox 1828 3224 1920 3279; x_wconf 84' lang='grc' dir='ltr'>καὶ</span> <span class='ocrx_word' id='word_1_395' title='bbox 1971 3224 2070 3280; x_wconf 79' lang='grc' dir='ltr'>οὐκ</span> 
     </span>
    </p>
   </div>
   <div class='ocr_carea' id='block_1_52' title="bbox 421 3305 2066 3389">
    <p class='ocr_par' dir='ltr' id='par_1_52' title="bbox 421 3305 2066 3389">
     <span class='ocr_line' id='line_1_54' title="bbox 421 3305 2066 3389; baseline 0.004 -26"><span class='ocrx_word' id='word_1_396' title='bbox 421 3307 648 3386; x_wconf 81' lang='grc' dir='ltr'><strong>ἀρκετὸς</strong></span> <span class='ocrx_word' id='word_1_397' title='bbox 675 3310 811 3382; x_wconf 74' lang='grc' dir='ltr'><strong>ἡμῖν</strong></span> <span class='ocrx_word' id='word_1_398' title='bbox 845 3311 873 3364; x_wconf 86' lang='grc' dir='ltr'>ὁ</span> <span class='ocrx_word' id='word_1_399' title='bbox 905 3315 1007 3372; x_wconf 80' lang='grc' dir='ltr'><strong>πᾶς</strong></span> <span class='ocrx_word' id='word_1_400' title='bbox 1042 3316 1142 3379; x_wconf 80' lang='grc' dir='ltr'>τῆς</span> <span class='ocrx_word' id='word_1_401' title='bbox 1194 3305 1403 3386; x_wconf 80' lang='grc' dir='ltr'><strong>ἡμέρας</strong></span> <span class='ocrx_word' id='word_1_402' title='bbox 1460 3308 1811 3387; x_wconf 78' lang='grc' dir='ltr'><strong>διηγομὲνοις</strong></span> <span class='ocrx_word' id='word_1_403' title='bbox 1843 3311 2066 3389; x_wconf 76' lang='grc' dir='ltr'>χρόνοςο</span> 
     </span>
    </p>
   </div>
   <div class='ocr_carea' id='block_1_53' title="bbox 491 3451 2079 3584">
    <p class='ocr_par' dir='ltr' id='par_1_53' title="bbox 491 3451 2074 3584">
     <span class='ocr_line' id='line_1_55' title="bbox 491 3451 2074 3526; baseline 0.006 -21"><span class='ocrx_word' id='word_1_404' title='bbox 491 3451 542 3487; x_wconf 78' lang='lat'><strong><em>59</em></strong></span> <span class='ocrx_word' id='word_1_405' title='bbox 570 3452 746 3508; x_wconf 81' lang='lat' dir='ltr'>Hebr.</span> <span class='ocrx_word' id='word_1_406' title='bbox 804 3468 880 3520; x_wconf 74' lang='lat' dir='ltr'>xv,</span> <span class='ocrx_word' id='word_1_407' title='bbox 932 3455 984 3510; x_wconf 88' lang='lat'>6.</span> <span class='ocrx_word' id='word_1_408' title='bbox 1057 3453 1106 3488; x_wconf 85' lang='grc'>⁶⁰</span> <span class='ocrx_word' id='word_1_409' title='bbox 1171 3455 1295 3511; x_wconf 85' lang='lat' dir='ltr'>Vid.</span> <span class='ocrx_word' id='word_1_410' title='bbox 1337 3463 1446 3513; x_wconf 88' lang='lat' dir='ltr'>cat.</span> <span class='ocrx_word' id='word_1_411' title='bbox 1489 3459 1574 3526; x_wconf 87' lang='grc'><strong>18,</strong></span> <span class='ocrx_word' id='word_1_412' title='bbox 1622 3474 1682 3513; x_wconf 93' lang='lat' dir='ltr'>n.</span> <span class='ocrx_word' id='word_1_413' title='bbox 1720 3462 1769 3514; x_wconf 90' lang='grc'>1.</span> <span class='ocrx_word' id='word_1_414' title='bbox 1845 3460 1886 3495; x_wconf 85' lang='grc'>⁶¹</span> <span class='ocrx_word' id='word_1_415' title='bbox 1918 3461 1941 3513; x_wconf 95' lang='grc' dir='ltr'><strong>Ι</strong></span> <span class='ocrx_word' id='word_1_416' title='bbox 1972 3462 2074 3516; x_wconf 88' lang='lat' dir='ltr'>Pet</span> 
     </span>
     <span class='ocr_line' id='line_1_56' title="bbox 499 3525 1990 3584; baseline 0.003 -5"><span class='ocrx_word' id='word_1_417' title='bbox 499 3525 646 3580; x_wconf 87' lang='lat' dir='ltr'>Dan.</span> <span class='ocrx_word' id='word_1_418' title='bbox 679 3542 755 3584; x_wconf 79' lang='lat' dir='ltr'>v1.</span> <span class='ocrx_word' id='word_1_419' title='bbox 787 3528 876 3581; x_wconf 86' lang='lat'>23.</span> <span class='ocrx_word' id='word_1_420' title='bbox 981 3526 1026 3561; x_wconf 82' lang='grc'>⁸⁸</span> <span class='ocrx_word' id='word_1_421' title='bbox 1055 3526 1075 3581; x_wconf 97' lang='lat' dir='ltr'>l</span> <span class='ocrx_word' id='word_1_422' title='bbox 1107 3528 1261 3582; x_wconf 87' lang='lat' dir='ltr'>Petr.</span> <span class='ocrx_word' id='word_1_423' title='bbox 1311 3544 1364 3584; x_wconf 86' lang='lat' dir='ltr'>v.</span> <span class='ocrx_word' id='word_1_424' title='bbox 1423 3532 1474 3584; x_wconf 84' lang='lat'>9.</span> <span class='ocrx_word' id='word_1_425' title='bbox 1585 3529 1630 3564; x_wconf 76' lang='lat'><strong>“</strong></span> <span class='ocrx_word' id='word_1_426' title='bbox 1661 3529 1816 3584; x_wconf 87' lang='lat' dir='ltr'>Psal.</span> <span class='ocrx_word' id='word_1_427' title='bbox 1848 3548 1903 3584; x_wconf 68' lang='grc' dir='ltr'>ιι.</span> <span class='ocrx_word' id='word_1_428' title='bbox 1938 3533 1990 3584; x_wconf 92' lang='grc'>3.</span> 
     </span>
    </p>
   </div>
   <div class='ocr_carea' id='block_1_54' title="bbox 2197 3451 2788 3584">
    <p class='ocr_par' dir='ltr' id='par_1_54' title="bbox 2197 3456 2788 3584">
     <span class='ocr_line' id='line_1_57' title="bbox 2197 3456 2788 3524; baseline -0.012 -9"><span class='ocrx_word' id='word_1_429' title='bbox 2197 3502 2204 3515; x_wconf 95' lang='grc'>.</span> <span class='ocrx_word' id='word_1_430' title='bbox 2242 3462 2294 3515; x_wconf 77' lang='grc'>4.</span> <span class='ocrx_word' id='word_1_431' title='bbox 2372 3456 2418 3492; x_wconf 84' lang='grc'>⁶²</span> <span class='ocrx_word' id='word_1_432' title='bbox 2447 3458 2557 3512; x_wconf 80' lang='lat' dir='ltr'>Isa.</span> <span class='ocrx_word' id='word_1_433' title='bbox 2607 3471 2703 3524; x_wconf 78' lang='lat' dir='ltr'>vn,</span> <span class='ocrx_word' id='word_1_434' title='bbox 2735 3457 2788 3521; x_wconf 84' lang='lat'>9,</span> 
     </span>
     <span class='ocr_line' id='line_1_58' title="bbox 2197 3529 2691 3584; baseline -0.01 1"><span class='ocrx_word' id='word_1_435' title='bbox 2197 3530 2452 3584; x_wconf 77' lang='lat' dir='ltr'>&#39;Ephes.</span> <span class='ocrx_word' id='word_1_436' title='bbox 2497 3544 2568 3584; x_wconf 78' lang='lat' dir='ltr'>Vl.</span> <span class='ocrx_word' id='word_1_437' title='bbox 2609 3529 2691 3581; x_wconf 83' lang='lat'>16.</span> 
     </span>
    </p>
   </div>
   <div class='ocr_carea' id='block_1_55' title="bbox 2287 3546 2691 3602">
    <p class='ocr_par' dir='ltr' id='par_1_55' title="bbox 2287 3546 2691 3602">
     <span class='ocr_line' id='line_1_59' title="bbox 2287 3546 2691 3602; baseline -0.012 -17"><span class='ocrx_word' id='word_1_438' title='bbox 2287 3546 2452 3602; x_wconf 85' lang='lat' dir='ltr'>pnes.</span> <span class='ocrx_word' id='word_1_439' title='bbox 2497 3546 2568 3596; x_wconf 79' lang='lat' dir='ltr'>Vl,</span> <span class='ocrx_word' id='word_1_440' title='bbox 2609 3546 2691 3581; x_wconf 86' lang='grc' dir='ltr'>ιυ.</span> 
     </span>
    </p>
   </div>
   <div class='ocr_carea' id='block_1_56' title="bbox 419 3523 876 3592">
    <p class='ocr_par' dir='ltr' id='par_1_56' title="bbox 419 3523 876 3592">
     <span class='ocr_line' id='line_1_60' title="bbox 419 3523 876 3592; baseline 0.004 -13"><span class='ocrx_word' id='word_1_441' title='bbox 419 3523 469 3559; x_wconf 77' lang='grc'>⁶⁴</span> <span class='ocrx_word' id='word_1_442' title='bbox 499 3525 646 3580; x_wconf 87' lang='lat' dir='ltr'>Dan.</span> <span class='ocrx_word' id='word_1_443' title='bbox 679 3542 755 3592; x_wconf 78' lang='lat' dir='ltr'>v1,</span> <span class='ocrx_word' id='word_1_444' title='bbox 787 3528 876 3581; x_wconf 87' lang='lat'>23.</span> 
     </span>
    </p>
   </div>
   <div class='ocr_carea' id='block_1_57' title="bbox 425 3599 609 3652">
    <p class='ocr_par' dir='ltr' id='par_1_57' title="bbox 425 3599 609 3652">
     <span class='ocr_line' id='line_1_61' title="bbox 425 3599 609 3652; baseline -0.005 -1"><span class='ocrx_word' id='word_1_445' title='bbox 425 3613 486 3652; x_wconf 92' lang='lat' dir='ltr'>n.</span> <span class='ocrx_word' id='word_1_446' title='bbox 523 3599 609 3650; x_wconf 79' lang='grc'>19.</span> 
     </span>
    </p>
   </div>
   <div class='ocr_carea' id='block_1_58' title="bbox 981 3526 1990 3602">
    <p class='ocr_par' dir='ltr' id='par_1_58' title="bbox 981 3526 1990 3602">
     <span class='ocr_line' id='line_1_62' title="bbox 981 3526 1990 3602; baseline 0.007 -22"><span class='ocrx_word' id='word_1_447' title='bbox 981 3526 1026 3561; x_wconf 79' lang='grc'>⁸⁸</span> <span class='ocrx_word' id='word_1_448' title='bbox 1055 3526 1075 3581; x_wconf 96' lang='lat' dir='ltr'>l</span> <span class='ocrx_word' id='word_1_449' title='bbox 1107 3528 1261 3582; x_wconf 86' lang='lat' dir='ltr'>Petr.</span> <span class='ocrx_word' id='word_1_450' title='bbox 1311 3544 1364 3595; x_wconf 76' lang='grc' dir='ltr'>ν,</span> <span class='ocrx_word' id='word_1_451' title='bbox 1423 3532 1474 3584; x_wconf 95' lang='grc'>9.</span> <span class='ocrx_word' id='word_1_452' title='bbox 1585 3529 1630 3564; x_wconf 72' lang='grc'>⁸⁸</span> <span class='ocrx_word' id='word_1_453' title='bbox 1661 3529 1816 3596; x_wconf 88' lang='lat' dir='ltr'>Psal,</span> <span class='ocrx_word' id='word_1_454' title='bbox 1848 3548 1903 3602; x_wconf 71' lang='grc' dir='ltr'>ιι,</span> <span class='ocrx_word' id='word_1_455' title='bbox 1938 3533 1990 3587; x_wconf 90' lang='grc'>3.</span> 
     </span>
    </p>
   </div>
   <div class='ocr_carea' id='block_1_59' title="bbox 426 3728 2072 3814">
    <p class='ocr_par' dir='ltr' id='par_1_59' title="bbox 426 3728 2072 3814">
     <span class='ocr_line' id='line_1_63' title="bbox 426 3728 2072 3814; baseline 0.005 -33"><span class='ocrx_word' id='word_1_456' title='bbox 426 3752 453 3780; x_wconf 85' lang='grc' dir='ltr'>ιι</span> <span class='ocrx_word' id='word_1_457' title='bbox 479 3729 626 3814; x_wconf 64' lang='lat' dir='ltr'>puis</span> <span class='ocrx_word' id='word_1_458' title='bbox 647 3728 720 3783; x_wconf 90' lang='lat' dir='ltr'>ad</span> <span class='ocrx_word' id='word_1_459' title='bbox 747 3730 1423 3814; x_wconf 66' lang='lat' dir='ltr'>philo50phizestudium</span> <span class='ocrx_word' id='word_1_460' title='bbox 1461 3748 1798 3814; x_wconf 77' lang='lat' dir='ltr'>conversus,</span> <span class='ocrx_word' id='word_1_461' title='bbox 1823 3739 1881 3814; x_wconf 80' lang='lat' dir='ltr'>et</span> <span class='ocrx_word' id='word_1_462' title='bbox 1922 3734 2072 3814; x_wconf 79' lang='lat' dir='ltr'>forte</span> 
     </span>
    </p>
   </div>
   <div class='ocr_carea' id='block_1_60' title="bbox 425 3801 2070 3878">
    <p class='ocr_par' dir='ltr' id='par_1_60' title="bbox 425 3801 2070 3878">
     <span class='ocr_line' id='line_1_64' title="bbox 425 3801 2070 3878; baseline 0.005 -26"><span class='ocrx_word' id='word_1_463' title='bbox 425 3825 451 3852; x_wconf 84' lang='grc' dir='ltr'>ιι</span> <span class='ocrx_word' id='word_1_464' title='bbox 474 3802 714 3878; x_wconf 76' lang='lat' dir='ltr'>fortuna</span> <span class='ocrx_word' id='word_1_465' title='bbox 746 3801 1220 3878; x_wconf 64' lang='grc' dir='ltr'><strong>ἀποκλῃριυτικῶς</strong></span> <span class='ocrx_word' id='word_1_466' title='bbox 1239 3805 1475 3873; x_wconf 86' lang='lat' dir='ltr'>(mallem</span> <span class='ocrx_word' id='word_1_467' title='bbox 1505 3813 1708 3860; x_wconf 79' lang='lat' dir='ltr'>vertere</span> <span class='ocrx_word' id='word_1_468' title='bbox 1734 3805 2070 3878; x_wconf 84' lang='lat' dir='ltr'>destinato),</span> 
     </span>
    </p>
   </div>
   <div class='ocr_carea' id='block_1_61' title="bbox 433 3873 2076 3947">
    <p class='ocr_par' dir='ltr' id='par_1_61' title="bbox 433 3873 2076 3947">
     <span class='ocr_line' id='line_1_65' title="bbox 433 3873 2076 3947; baseline 0.002 -19"><span class='ocrx_word' id='word_1_469' title='bbox 433 3894 455 3921; x_wconf 76' lang='grc' dir='ltr'>ι</span> <span class='ocrx_word' id='word_1_470' title='bbox 473 3890 535 3928; x_wconf 92' lang='lat' dir='ltr'>se</span> <span class='ocrx_word' id='word_1_471' title='bbox 552 3873 886 3947; x_wconf 80' lang='lat' dir='ltr'>inaliquam</span> <span class='ocrx_word' id='word_1_472' title='bbox 901 3873 1393 3947; x_wconf 85' lang='lat' dir='ltr'>philosophorum</span> <span class='ocrx_word' id='word_1_473' title='bbox 1409 3883 1633 3931; x_wconf 78' lang='lat' dir='ltr'>sectam</span> <span class='ocrx_word' id='word_1_474' title='bbox 1647 3877 1974 3947; x_wconf 89' lang='lat' dir='ltr'>conjiciens</span> <span class='ocrx_word' id='word_1_475' title='bbox 1987 3873 2076 3934; x_wconf 82' lang='lat' dir='ltr'>vel</span> 
     </span>
    </p>
   </div>
   <div class='ocr_carea' id='block_1_62' title="bbox 433 3944 2076 4018">
    <p class='ocr_par' dir='ltr' id='par_1_62' title="bbox 433 3944 2076 4018">
     <span class='ocr_line' id='line_1_66' title="bbox 433 3944 2076 4018; baseline 0.005 -22"><span class='ocrx_word' id='word_1_476' title='bbox 433 3969 458 3996; x_wconf 81' lang='grc' dir='ltr'>ιι</span> <span class='ocrx_word' id='word_1_477' title='bbox 487 3951 553 4000; x_wconf 89' lang='lat' dir='ltr'>ut</span> <span class='ocrx_word' id='word_1_478' title='bbox 572 3944 826 4018; x_wconf 80' lang='lat' dir='ltr'>alicujus</span> <span class='ocrx_word' id='word_1_479' title='bbox 848 3944 1106 4001; x_wconf 79' lang='lat' dir='ltr'>doctoris</span> <span class='ocrx_word' id='word_1_480' title='bbox 1129 3944 1343 4003; x_wconf 84' lang='lat' dir='ltr'>habeat</span> <span class='ocrx_word' id='word_1_481' title='bbox 1371 3949 1632 4018; x_wconf 88' lang='lat' dir='ltr'>copiam;</span> <span class='ocrx_word' id='word_1_482' title='bbox 1657 3944 1831 4004; x_wconf 41' lang='lat' dir='ltr'>alit-er</span> <span class='ocrx_word' id='word_1_483' title='bbox 1851 3950 1923 4004; x_wconf 90' lang='lat' dir='ltr'>ad</span> <span class='ocrx_word' id='word_1_484' title='bbox 1947 3967 2076 4004; x_wconf 89' lang='lat' dir='ltr'>eam</span> 
     </span>
    </p>
   </div>
   <div class='ocr_carea' id='block_1_63' title="bbox 433 4016 2078 4088">
    <p class='ocr_par' dir='ltr' id='par_1_63' title="bbox 433 4016 2078 4088">
     <span class='ocr_line' id='line_1_67' title="bbox 433 4016 2078 4088; baseline 0.004 -20"><span class='ocrx_word' id='word_1_485' title='bbox 433 4042 457 4068; x_wconf 84' lang='grc' dir='ltr'>ιι</span> <span class='ocrx_word' id='word_1_486' title='bbox 487 4034 549 4072; x_wconf 91' lang='lat' dir='ltr'>se</span> <span class='ocrx_word' id='word_1_487' title='bbox 568 4016 842 4087; x_wconf 86' lang='lat' dir='ltr'>applicat.</span> <span class='ocrx_word' id='word_1_488' title='bbox 865 4034 1040 4088; x_wconf 91' lang='lat' dir='ltr'>quam</span> <span class='ocrx_word' id='word_1_489' title='bbox 1055 4016 1570 4088; x_wconf 76' lang='lat' dir='ltr'>quiacreditillam</span> <span class='ocrx_word' id='word_1_490' title='bbox 1593 4028 1815 4076; x_wconf 86' lang='lat' dir='ltr'>sectam</span> <span class='ocrx_word' id='word_1_491' title='bbox 1832 4022 2078 4088; x_wconf 88' lang='lat' dir='ltr'>reliquis</span> 
     </span>
    </p>
   </div>
   <div class='ocr_carea' id='block_1_64' title="bbox 433 4089 2080 4162">
    <p class='ocr_par' dir='ltr' id='par_1_64' title="bbox 433 4089 2080 4162">
     <span class='ocr_line' id='line_1_68' title="bbox 433 4089 2080 4162; baseline 0.005 -24"><span class='ocrx_word' id='word_1_492' title='bbox 433 4114 458 4138; x_wconf 84' lang='grc' dir='ltr'>ιι</span> <span class='ocrx_word' id='word_1_493' title='bbox 487 4089 1002 4162; x_wconf 64' lang='lat' dir='ltr'>praestantiorem?</span> <span class='ocrx_word' id='word_1_494' title='bbox 1019 4106 1136 4162; x_wconf 83' lang='lat' dir='ltr'>non</span> <span class='ocrx_word' id='word_1_495' title='bbox 1152 4091 1311 4145; x_wconf 91' lang='lat' dir='ltr'>enim</span> <span class='ocrx_word' id='word_1_496' title='bbox 1337 4099 1636 4162; x_wconf 84' lang='lat' dir='ltr'>exspectat</span> <span class='ocrx_word' id='word_1_497' title='bbox 1653 4093 1839 4148; x_wconf 90' lang='lat' dir='ltr'>donec</span> <span class='ocrx_word' id='word_1_498' title='bbox 1861 4089 2080 4148; x_wconf 87' lang='lat' dir='ltr'>auditis</span> 
     </span>
    </p>
   </div>
   <div class='ocr_carea' id='block_1_65' title="bbox 432 4159 2082 4236">
    <p class='ocr_par' dir='ltr' id='par_1_65' title="bbox 432 4159 2082 4236">
     <span class='ocr_line' id='line_1_69' title="bbox 432 4159 2082 4236; baseline 0.006 -26"><span class='ocrx_word' id='word_1_499' title='bbox 432 4186 458 4211; x_wconf 90' lang='grc' dir='ltr'>ιι</span> <span class='ocrx_word' id='word_1_500' title='bbox 477 4159 744 4236; x_wconf 81' lang='lat' dir='ltr'>omnium</span> <span class='ocrx_word' id='word_1_501' title='bbox 761 4161 1248 4236; x_wconf 82' lang='lat' dir='ltr'>philosophorum</span> <span class='ocrx_word' id='word_1_502' title='bbox 1265 4159 1644 4232; x_wconf 81' lang='lat' dir='ltr'>opinionibus</span> <span class='ocrx_word' id='word_1_503' title='bbox 1659 4181 1976 4236; x_wconf 89' lang='lat' dir='ltr'>earumque</span> <span class='ocrx_word' id='word_1_504' title='bbox 1992 4181 2082 4220; x_wconf 83' lang='lat' dir='ltr'>va-</span> 
     </span>
    </p>
   </div>
   <div class='ocr_carea' id='block_1_66' title="bbox 431 4231 2079 4304">
    <p class='ocr_par' dir='ltr' id='par_1_66' title="bbox 431 4231 2079 4304">
     <span class='ocr_line' id='line_1_70' title="bbox 431 4231 2079 4304; baseline 0.005 -22"><span class='ocrx_word' id='word_1_505' title='bbox 431 4256 459 4282; x_wconf 85' lang='lat'><strong>«</strong></span> <span class='ocrx_word' id='word_1_506' title='bbox 483 4231 796 4304; x_wconf 86' lang='lat' dir='ltr'>rietatibus</span> <span class='ocrx_word' id='word_1_507' title='bbox 833 4238 957 4286; x_wconf 90' lang='lat' dir='ltr'>tum</span> <span class='ocrx_word' id='word_1_508' title='bbox 973 4231 1339 4304; x_wconf 82' lang='lat' dir='ltr'>singularum</span> <span class='ocrx_word' id='word_1_509' title='bbox 1355 4237 1820 4291; x_wconf 87' lang='lat' dir='ltr'>astructionibus</span> <span class='ocrx_word' id='word_1_510' title='bbox 1832 4231 1932 4292; x_wconf 80' lang='lat' dir='ltr'>aut</span> <span class='ocrx_word' id='word_1_511' title='bbox 1951 4237 2079 4291; x_wconf 89' lang='lat' dir='ltr'>sub-</span> 
     </span>
    </p>
   </div>
   <div class='ocr_carea' id='block_1_67' title="bbox 435 4303 2085 4372">
    <p class='ocr_par' dir='ltr' id='par_1_67' title="bbox 435 4303 2085 4372">
     <span class='ocr_line' id='line_1_71' title="bbox 435 4303 2085 4372; baseline 0.004 -17"><span class='ocrx_word' id='word_1_512' title='bbox 435 4327 462 4353; x_wconf 84' lang='lat'><strong><em>«</em></strong></span> <span class='ocrx_word' id='word_1_513' title='bbox 490 4303 990 4367; x_wconf 88' lang='lat' dir='ltr'>versionibus,ita</span> <span class='ocrx_word' id='word_1_514' title='bbox 1028 4303 1269 4359; x_wconf 84' lang='lat' dir='ltr'>demum</span> <span class='ocrx_word' id='word_1_515' title='bbox 1310 4307 1661 4363; x_wconf 85' lang='lat' dir='ltr'>electionem</span> <span class='ocrx_word' id='word_1_516' title='bbox 1708 4308 1902 4363; x_wconf 81' lang='lat' dir='ltr'>faciat.</span> <span class='ocrx_word' id='word_1_517' title='bbox 1929 4308 2085 4372; x_wconf 84' lang='lat' dir='ltr'>Quod</span> 
     </span>
    </p>
   </div>
   <div class='ocr_carea' id='block_1_68' title="bbox 2186 1878 3832 1949">
    <p class='ocr_par' dir='ltr' id='par_1_68' title="bbox 2186 1878 3832 1949">
     <span class='ocr_line' id='line_1_72' title="bbox 2186 1878 3832 1949; baseline -0.001 -15"><span class='ocrx_word' id='word_1_518' title='bbox 2186 1882 2409 1934; x_wconf 81' lang='lat' dir='ltr'>inventa</span> <span class='ocrx_word' id='word_1_519' title='bbox 2440 1885 2514 1934; x_wconf 85' lang='lat' dir='ltr'>est</span> <span class='ocrx_word' id='word_1_520' title='bbox 2544 1880 2601 1933; x_wconf 87' lang='lat' dir='ltr'>in</span> <span class='ocrx_word' id='word_1_521' title='bbox 2633 1897 2714 1946; x_wconf 83' lang='lat' dir='ltr'>eo,</span> <span class='ocrx_word' id='word_1_522' title='bbox 2755 1882 2889 1949; x_wconf 85' lang='lat' dir='ltr'>quia</span> <span class='ocrx_word' id='word_1_523' title='bbox 2923 1879 3160 1934; x_wconf 80' lang='lat' dir='ltr'>credidit</span> <span class='ocrx_word' id='word_1_524' title='bbox 3189 1878 3247 1933; x_wconf 89' lang='lat' dir='ltr'>in</span> <span class='ocrx_word' id='word_1_525' title='bbox 3296 1880 3403 1933; x_wconf 88' lang='lat' dir='ltr'>Deo</span> <span class='ocrx_word' id='word_1_526' title='bbox 3432 1895 3529 1933; x_wconf 83' lang='lat' dir='ltr'>suo</span> <span class='ocrx_word' id='word_1_527' title='bbox 3552 1878 3616 1934; x_wconf 71' lang='grc'>⁸⁸.</span> <span class='ocrx_word' id='word_1_528' title='bbox 3655 1881 3832 1934; x_wconf 89' lang='lat' dir='ltr'>Estne</span> 
     </span>
    </p>
   </div>
   <div class='ocr_carea' id='block_1_69' title="bbox 2185 1967 3834 2039">
    <p class='ocr_par' dir='ltr' id='par_1_69' title="bbox 2185 1967 3834 2039">
     <span class='ocr_line' id='line_1_73' title="bbox 2185 1967 3834 2039; baseline -0.001 -16"><span class='ocrx_word' id='word_1_529' title='bbox 2185 1968 2511 2039; x_wconf 86' lang='lat' dir='ltr'>quidquam</span> <span class='ocrx_word' id='word_1_530' title='bbox 2539 1968 2772 2024; x_wconf 88' lang='lat' dir='ltr'>diabolo</span> <span class='ocrx_word' id='word_1_531' title='bbox 2805 1968 3128 2024; x_wconf 90' lang='lat' dir='ltr'>terribilius</span> <span class='ocrx_word' id='word_1_532' title='bbox 3158 1967 3184 2022; x_wconf 78' lang='lat' dir='ltr'>‘I</span> <span class='ocrx_word' id='word_1_533' title='bbox 3215 1969 3376 2039; x_wconf 88' lang='lat' dir='ltr'>atqui</span> <span class='ocrx_word' id='word_1_534' title='bbox 3407 1968 3640 2024; x_wconf 90' lang='lat' dir='ltr'>nullum</span> <span class='ocrx_word' id='word_1_535' title='bbox 3671 1967 3834 2023; x_wconf 88' lang='lat' dir='ltr'>aliud</span> 
     </span>
    </p>
   </div>
   <div class='ocr_carea' id='block_1_70' title="bbox 2185 2058 3838 2130">
    <p class='ocr_par' dir='ltr' id='par_1_70' title="bbox 2185 2058 3838 2130">
     <span class='ocr_line' id='line_1_74' title="bbox 2185 2058 3838 2130; baseline -0.001 -17"><span class='ocrx_word' id='word_1_536' title='bbox 2185 2058 2466 2114; x_wconf 77' lang='lat' dir='ltr'>adversus</span> <span class='ocrx_word' id='word_1_537' title='bbox 2495 2058 2666 2113; x_wconf 90' lang='lat' dir='ltr'>illum</span> <span class='ocrx_word' id='word_1_538' title='bbox 2698 2059 2985 2113; x_wconf 84' lang='lat' dir='ltr'>habemus</span> <span class='ocrx_word' id='word_1_539' title='bbox 3041 2075 3347 2114; x_wconf 84' lang='lat' dir='ltr'>armorum</span> <span class='ocrx_word' id='word_1_540' title='bbox 3403 2075 3588 2130; x_wconf 81' lang='lat' dir='ltr'>genus</span> <span class='ocrx_word' id='word_1_541' title='bbox 3621 2063 3838 2130; x_wconf 67' lang='lat' dir='ltr'>praeter</span> 
     </span>
    </p>
   </div>
   <div class='ocr_carea' id='block_1_71' title="bbox 2188 2146 3835 2220">
    <p class='ocr_par' dir='ltr' id='par_1_71' title="bbox 2188 2146 3835 2220">
     <span class='ocr_line' id='line_1_75' title="bbox 2188 2146 3835 2220; baseline -0.001 -18"><span class='ocrx_word' id='word_1_542' title='bbox 2188 2148 2372 2202; x_wconf 87' lang='lat' dir='ltr'>ﬁdem</span> <span class='ocrx_word' id='word_1_543' title='bbox 2389 2149 2470 2202; x_wconf 71' lang='grc' dir='ltr'>σει</span> <span class='ocrx_word' id='word_1_544' title='bbox 2515 2154 2746 2204; x_wconf 87' lang='lat' dir='ltr'>scutum</span> <span class='ocrx_word' id='word_1_545' title='bbox 2794 2149 3237 2220; x_wconf 89' lang='lat' dir='ltr'>incorporeum,</span> <span class='ocrx_word' id='word_1_546' title='bbox 3269 2146 3552 2203; x_wconf 83' lang='lat' dir='ltr'>adversus</span> <span class='ocrx_word' id='word_1_547' title='bbox 3603 2148 3835 2202; x_wconf 86' lang='lat' dir='ltr'>hostem</span> 
     </span>
    </p>
   </div>
   <div class='ocr_carea' id='block_1_72' title="bbox 2187 2237 3838 2309">
    <p class='ocr_par' dir='ltr' id='par_1_72' title="bbox 2187 2237 3838 2309">
     <span class='ocr_line' id='line_1_76' title="bbox 2187 2237 3838 2309; baseline 0.001 -19"><span class='ocrx_word' id='word_1_548' title='bbox 2187 2237 2546 2293; x_wconf 84' lang='lat' dir='ltr'>invisibilem</span> <span class='ocrx_word' id='word_1_549' title='bbox 2581 2280 2593 2293; x_wconf 95' lang='lat'>.</span> <span class='ocrx_word' id='word_1_550' title='bbox 2643 2238 2876 2293; x_wconf 83' lang='lat' dir='ltr'>Emittit</span> <span class='ocrx_word' id='word_1_551' title='bbox 2905 2239 3064 2294; x_wconf 89' lang='lat' dir='ltr'>enim</span> <span class='ocrx_word' id='word_1_552' title='bbox 3095 2237 3452 2309; x_wconf 82' lang='lat' dir='ltr'>multiplicia</span> <span class='ocrx_word' id='word_1_553' title='bbox 3484 2238 3627 2304; x_wconf 85' lang='lat' dir='ltr'>tela,</span> <span class='ocrx_word' id='word_1_554' title='bbox 3662 2243 3720 2292; x_wconf 92' lang='lat' dir='ltr'>et</span> <span class='ocrx_word' id='word_1_555' title='bbox 3751 2254 3838 2292; x_wconf 73' lang='lat' dir='ltr'>sa~</span> 
     </span>
    </p>
   </div>
   <div class='ocr_carea' id='block_1_73' title="bbox 2187 2326 3834 2400">
    <p class='ocr_par' dir='ltr' id='par_1_73' title="bbox 2187 2326 3834 2400">
     <span class='ocr_line' id='line_1_77' title="bbox 2187 2326 3834 2400; baseline -0.001 -18"><span class='ocrx_word' id='word_1_556' title='bbox 2187 2326 2348 2400; x_wconf 77' lang='lat' dir='ltr'>gittis</span> <span class='ocrx_word' id='word_1_557' title='bbox 2381 2327 2622 2399; x_wconf 78' lang='lat' dir='ltr'>contigit</span> <span class='ocrx_word' id='word_1_558' title='bbox 2654 2327 2712 2382; x_wconf 90' lang='lat' dir='ltr'>in</span> <span class='ocrx_word' id='word_1_559' title='bbox 2745 2344 2899 2383; x_wconf 65' lang='lat' dir='ltr'>caeca</span> <span class='ocrx_word' id='word_1_560' title='bbox 2929 2333 3102 2384; x_wconf 89' lang='lat' dir='ltr'>nocte</span> <span class='ocrx_word' id='word_1_561' title='bbox 3133 2344 3255 2382; x_wconf 89' lang='lat' dir='ltr'>non</span> <span class='ocrx_word' id='word_1_562' title='bbox 3291 2327 3597 2400; x_wconf 79' lang='lat' dir='ltr'>vigilantes</span> <span class='ocrx_word' id='word_1_563' title='bbox 3619 2326 3686 2394; x_wconf 68' lang='grc'>⁸⁸,</span> <span class='ocrx_word' id='word_1_564' title='bbox 3711 2327 3834 2394; x_wconf 90' lang='lat' dir='ltr'>sed,</span> 
     </span>
    </p>
   </div>
   <div class='ocr_carea' id='block_1_74' title="bbox 2187 2415 3840 2488">
    <p class='ocr_par' dir='ltr' id='par_1_74' title="bbox 2187 2415 3840 2488">
     <span class='ocr_line' id='line_1_78' title="bbox 2187 2415 3840 2488; baseline -0.001 -17"><span class='ocrx_word' id='word_1_565' title='bbox 2187 2416 2669 2488; x_wconf 89' lang='lat' dir='ltr'>quandoquidem</span> <span class='ocrx_word' id='word_1_566' title='bbox 2703 2415 2990 2472; x_wconf 88' lang='lat' dir='ltr'>obscurus</span> <span class='ocrx_word' id='word_1_567' title='bbox 3021 2423 3241 2472; x_wconf 90' lang='lat' dir='ltr'>estnec</span> <span class='ocrx_word' id='word_1_568' title='bbox 3266 2417 3623 2487; x_wconf 85' lang='lat' dir='ltr'>conspicuus</span> <span class='ocrx_word' id='word_1_569' title='bbox 3652 2416 3840 2470; x_wconf 88' lang='lat' dir='ltr'>hostis</span> 
     </span>
    </p>
   </div>
   <div class='ocr_carea' id='block_1_75' title="bbox 2187 2503 3842 2579">
    <p class='ocr_par' dir='ltr' id='par_1_75' title="bbox 2187 2503 3842 2579">
     <span class='ocr_line' id='line_1_79' title="bbox 2187 2503 3842 2579; baseline -0.001 -19"><span class='ocrx_word' id='word_1_570' title='bbox 2187 2506 2426 2561; x_wconf 90' lang='lat' dir='ltr'>ﬁrmum</span> <span class='ocrx_word' id='word_1_571' title='bbox 2460 2505 2746 2561; x_wconf 88' lang='lat' dir='ltr'>habemus</span> <span class='ocrx_word' id='word_1_572' title='bbox 2791 2506 3266 2579; x_wconf 79' lang='lat' dir='ltr'>integumentum</span> <span class='ocrx_word' id='word_1_573' title='bbox 3317 2505 3516 2575; x_wconf 88' lang='lat' dir='ltr'>ﬁdem,</span> <span class='ocrx_word' id='word_1_574' title='bbox 3551 2503 3842 2576; x_wconf 87' lang='lat' dir='ltr'>quemad-</span> 
     </span>
    </p>
   </div>
   <div class='ocr_carea' id='block_1_76' title="bbox 2189 2595 3842 2668">
    <p class='ocr_par' dir='ltr' id='par_1_76' title="bbox 2189 2595 3842 2668">
     <span class='ocr_line' id='line_1_80' title="bbox 2189 2595 3842 2668; baseline -0.001 -18"><span class='ocrx_word' id='word_1_575' title='bbox 2189 2595 2432 2651; x_wconf 91' lang='lat' dir='ltr'>modum</span> <span class='ocrx_word' id='word_1_576' title='bbox 2464 2597 2781 2668; x_wconf 88' lang='lat' dir='ltr'>Apostolus</span> <span class='ocrx_word' id='word_1_577' title='bbox 2812 2597 2930 2652; x_wconf 88' lang='lat' dir='ltr'>ait:</span> <span class='ocrx_word' id='word_1_578' title='bbox 2962 2599 3027 2651; x_wconf 90' lang='lat' dir='ltr'>In</span> <span class='ocrx_word' id='word_1_579' title='bbox 3053 2597 3304 2652; x_wconf 78' lang='lat' dir='ltr'>omnibus</span> <span class='ocrx_word' id='word_1_580' title='bbox 3361 2601 3688 2651; x_wconf 84' lang='lat' dir='ltr'>assumentes</span> <span class='ocrx_word' id='word_1_581' title='bbox 3719 2611 3842 2650; x_wconf 87' lang='lat' dir='ltr'>scu-</span> 
     </span>
    </p>
   </div>
   <div class='ocr_carea' id='block_1_77' title="bbox 2191 2686 3844 2757">
    <p class='ocr_par' dir='ltr' id='par_1_77' title="bbox 2191 2686 3844 2757">
     <span class='ocr_line' id='line_1_81' title="bbox 2191 2686 3844 2757; baseline -0.002 -16"><span class='ocrx_word' id='word_1_582' title='bbox 2191 2693 2307 2741; x_wconf 82' lang='lat' dir='ltr'>tum</span> <span class='ocrx_word' id='word_1_583' title='bbox 2335 2686 2486 2755; x_wconf 83' lang='lat' dir='ltr'>ﬁdei,</span> <span class='ocrx_word' id='word_1_584' title='bbox 2517 2688 2577 2740; x_wconf 82' lang='lat' dir='ltr'>in</span> <span class='ocrx_word' id='word_1_585' title='bbox 2608 2703 2716 2757; x_wconf 81' lang='lat' dir='ltr'>quo</span> <span class='ocrx_word' id='word_1_586' title='bbox 2739 2689 3001 2757; x_wconf 81' lang='lat' dir='ltr'>poteritis</span> <span class='ocrx_word' id='word_1_587' title='bbox 3030 2689 3215 2740; x_wconf 84' lang='lat' dir='ltr'>omnia</span> <span class='ocrx_word' id='word_1_588' title='bbox 3234 2686 3344 2740; x_wconf 83' lang='lat' dir='ltr'>tela</span> <span class='ocrx_word' id='word_1_589' title='bbox 3369 2687 3504 2740; x_wconf 84' lang='lat' dir='ltr'>mali</span> <span class='ocrx_word' id='word_1_590' title='bbox 3544 2687 3721 2754; x_wconf 80' lang='lat' dir='ltr'>ignita</span> <span class='ocrx_word' id='word_1_591' title='bbox 3745 2701 3844 2738; x_wconf 75' lang='lat' dir='ltr'>ea:-</span> 
     </span>
    </p>
   </div>
   <div class='ocr_carea' id='block_1_78' title="bbox 2190 2773 3839 2847">
    <p class='ocr_par' dir='ltr' id='par_1_78' title="bbox 2190 2773 3839 2847">
     <span class='ocr_line' id='line_1_82' title="bbox 2190 2773 3839 2847; baseline -0.002 -15"><span class='ocrx_word' id='word_1_592' title='bbox 2190 2779 2441 2845; x_wconf 78' lang='lat' dir='ltr'>tinguere</span> <span class='ocrx_word' id='word_1_593' title='bbox 2472 2774 2538 2832; x_wconf 72' lang='grc'><strong>(⁵⁷.</strong></span> <span class='ocrx_word' id='word_1_594' title='bbox 2575 2777 2829 2847; x_wconf 75' lang='lat' dir='ltr'>Ignitum</span> <span class='ocrx_word' id='word_1_595' title='bbox 2861 2793 3018 2846; x_wconf 55' lang='lat' dir='ltr'>saepe</span> <span class='ocrx_word' id='word_1_596' title='bbox 3066 2777 3164 2830; x_wconf 70' lang='grc'>’14</span> <span class='ocrx_word' id='word_1_597' title='bbox 3194 2774 3362 2830; x_wconf 73' lang='lat' dir='ltr'>fmdze</span> <span class='ocrx_word' id='word_1_598' title='bbox 3393 2774 3710 2846; x_wconf 88' lang='lat' dir='ltr'>voluptatis</span> <span class='ocrx_word' id='word_1_599' title='bbox 3739 2773 3839 2829; x_wconf 88' lang='lat' dir='ltr'>de-</span> 
     </span>
    </p>
   </div>
   <div class='ocr_carea' id='block_1_79' title="bbox 2189 2863 3838 2930">
    <p class='ocr_par' dir='ltr' id='par_1_79' title="bbox 2189 2863 3838 2930">
     <span class='ocr_line' id='line_1_83' title="bbox 2189 2863 3838 2930; baseline -0.002 -9"><span class='ocrx_word' id='word_1_600' title='bbox 2189 2866 2392 2922; x_wconf 88' lang='lat' dir='ltr'>siderii</span> <span class='ocrx_word' id='word_1_601' title='bbox 2427 2865 2608 2921; x_wconf 90' lang='lat' dir='ltr'>telum</span> <span class='ocrx_word' id='word_1_602' title='bbox 2641 2882 2674 2920; x_wconf 91' lang='lat' dir='ltr'>a</span> <span class='ocrx_word' id='word_1_603' title='bbox 2701 2865 2936 2920; x_wconf 87' lang='lat' dir='ltr'>diabolo</span> <span class='ocrx_word' id='word_1_604' title='bbox 2979 2864 3308 2930; x_wconf 88' lang='lat' dir='ltr'>emittitur;</span> <span class='ocrx_word' id='word_1_605' title='bbox 3339 2863 3441 2920; x_wconf 92' lang='lat' dir='ltr'>sed</span> <span class='ocrx_word' id='word_1_606' title='bbox 3462 2865 3506 2898; x_wconf 78' lang='grc'>⁶⁸</span> <span class='ocrx_word' id='word_1_607' title='bbox 3551 2863 3698 2919; x_wconf 90' lang='lat' dir='ltr'>ﬁdes</span> <span class='ocrx_word' id='word_1_608' title='bbox 3729 2879 3838 2918; x_wconf 90' lang='lat' dir='ltr'>no-</span> 
     </span>
    </p>
   </div>
   <div class='ocr_carea' id='block_1_80' title="bbox 2186 2949 3840 3024">
    <p class='ocr_par' dir='ltr' id='par_1_80' title="bbox 2186 2949 3840 3024">
     <span class='ocr_line' id='line_1_84' title="bbox 2186 2949 3840 3024; baseline -0.002 -16"><span class='ocrx_word' id='word_1_609' title='bbox 2186 2954 2278 3008; x_wconf 89' lang='lat' dir='ltr'>bis</span> <span class='ocrx_word' id='word_1_610' title='bbox 2321 2953 2616 3024; x_wconf 87' lang='lat' dir='ltr'>judicium</span> <span class='ocrx_word' id='word_1_611' title='bbox 2675 2953 3026 3024; x_wconf 81' lang='lat' dir='ltr'>depingens,</span> <span class='ocrx_word' id='word_1_612' title='bbox 3059 2955 3119 3006; x_wconf 91' lang='lat' dir='ltr'>et</span> <span class='ocrx_word' id='word_1_613' title='bbox 3145 2956 3409 3006; x_wconf 89' lang='lat' dir='ltr'>mentem</span> <span class='ocrx_word' id='word_1_614' title='bbox 3462 2949 3840 3022; x_wconf 81' lang='lat' dir='ltr'>refrigerans,</span> 
     </span>
    </p>
   </div>
   <div class='ocr_carea' id='block_1_81' title="bbox 2187 3042 2734 3112">
    <p class='ocr_par' dir='ltr' id='par_1_81' title="bbox 2187 3042 2734 3112">
     <span class='ocr_line' id='line_1_85' title="bbox 2187 3042 2734 3112; baseline -0.004 -14"><span class='ocrx_word' id='word_1_615' title='bbox 2187 3043 2372 3100; x_wconf 89' lang='lat' dir='ltr'>telum</span> <span class='ocrx_word' id='word_1_616' title='bbox 2397 3042 2734 3112; x_wconf 76' lang='lat' dir='ltr'>exstinguit.</span> 
     </span>
    </p>
   </div>
   <div class='ocr_carea' id='block_1_82' title="bbox 2257 3218 3841 3294">
    <p class='ocr_par' dir='ltr' id='par_1_82' title="bbox 2257 3218 3841 3294">
     <span class='ocr_line' id='line_1_86' title="bbox 2257 3218 3841 3294; baseline -0.003 -16"><span class='ocrx_word' id='word_1_617' title='bbox 2257 3224 2322 3280; x_wconf 84' lang='lat' dir='ltr'>V.</span> <span class='ocrx_word' id='word_1_618' title='bbox 2356 3222 2552 3294; x_wconf 82' lang='lat' dir='ltr'>Longa</span> <span class='ocrx_word' id='word_1_619' title='bbox 2591 3224 2682 3277; x_wconf 90' lang='lat' dir='ltr'>est</span> <span class='ocrx_word' id='word_1_620' title='bbox 2728 3220 2799 3276; x_wconf 93' lang='lat' dir='ltr'>de</span> <span class='ocrx_word' id='word_1_621' title='bbox 2851 3219 2966 3275; x_wconf 90' lang='lat' dir='ltr'>ﬁde</span> <span class='ocrx_word' id='word_1_622' title='bbox 3015 3220 3224 3289; x_wconf 87' lang='lat' dir='ltr'>oratio,</span> <span class='ocrx_word' id='word_1_623' title='bbox 3260 3236 3456 3292; x_wconf 89' lang='lat' dir='ltr'>neque</span> <span class='ocrx_word' id='word_1_624' title='bbox 3514 3220 3604 3274; x_wconf 89' lang='lat' dir='ltr'>illi</span> <span class='ocrx_word' id='word_1_625' title='bbox 3636 3218 3841 3275; x_wconf 56' lang='lat' dir='ltr'>absol-</span> 
     </span>
    </p>
   </div>
   <div class='ocr_carea' id='block_1_83' title="bbox 2179 3309 3842 3382">
    <p class='ocr_par' dir='ltr' id='par_1_83' title="bbox 2179 3309 3842 3382">
     <span class='ocr_line' id='line_1_87' title="bbox 2179 3309 3842 3382; baseline -0.004 -13"><span class='ocrx_word' id='word_1_626' title='bbox 2179 3312 2383 3369; x_wconf 62' lang='lat' dir='ltr'>vendas</span> <span class='ocrx_word' id='word_1_627' title='bbox 2409 3317 2599 3367; x_wconf 87' lang='lat' dir='ltr'>totum</span> <span class='ocrx_word' id='word_1_628' title='bbox 2631 3309 2747 3365; x_wconf 91' lang='lat' dir='ltr'>dici</span> <span class='ocrx_word' id='word_1_629' title='bbox 2773 3315 3005 3382; x_wconf 86' lang='lat' dir='ltr'>tempus</span> <span class='ocrx_word' id='word_1_630' title='bbox 3031 3309 3305 3365; x_wconf 80' lang='lat' dir='ltr'>sufﬁciat.</span> <span class='ocrx_word' id='word_1_631' title='bbox 3330 3309 3575 3365; x_wconf 85' lang='lat' dir='ltr'>Interim</span> <span class='ocrx_word' id='word_1_632' title='bbox 3603 3327 3672 3365; x_wconf 86' lang='lat' dir='ltr'>ex</span> <span class='ocrx_word' id='word_1_633' title='bbox 3692 3310 3842 3365; x_wconf 89' lang='lat' dir='ltr'>anti-</span> 
     </span>
    </p>
   </div>
   <div class='ocr_carea' id='block_1_84' title="bbox 2839 3452 3830 3558">
    <p class='ocr_par' dir='ltr' id='par_1_84' title="bbox 2839 3452 3830 3558">
     <span class='ocr_line' id='line_1_88' title="bbox 2839 3452 3830 3558; baseline 0 0"><span class='ocrx_word' id='word_1_634' title='bbox 2839 3453 3035 3558; x_wconf 59' lang='grc' dir='ltr'>ἐευξξξλ</span> <span class='ocrx_word' id='word_1_635' title='bbox 3054 3453 3265 3558; x_wconf 53' lang='grc' dir='ltr'><strong>Εξὲλ.</strong></span> <span class='ocrx_word' id='word_1_636' title='bbox 3295 3454 3351 3558; x_wconf 65' lang='grc' dir='ltr'>⁶Ζ</span> <span class='ocrx_word' id='word_1_637' title='bbox 3377 3452 3580 3558; x_wconf 49' lang='lat' dir='ltr'>&quot;fer</span> <span class='ocrx_word' id='word_1_638' title='bbox 3603 3467 3692 3558; x_wconf 66' lang='lat' dir='ltr'>fl:</span> <span class='ocrx_word' id='word_1_639' title='bbox 3741 3453 3830 3558; x_wconf 59' lang='lat' dir='ltr'>if;</span> 
     </span>
    </p>
   </div>
   <div class='ocr_carea' id='block_1_85' title="bbox 2925 3524 3837 3596">
    <p class='ocr_par' dir='ltr' id='par_1_85' title="bbox 2925 3524 3837 3596">
     <span class='ocr_line' id='line_1_89' title="bbox 2925 3524 3837 3596; baseline -0.003 -15"><span class='ocrx_word' id='word_1_640' title='bbox 2925 3525 3036 3581; x_wconf 83' lang='lat' dir='ltr'>Vid</span> <span class='ocrx_word' id='word_1_641' title='bbox 3064 3526 3285 3582; x_wconf 82' lang='lat' dir='ltr'>Procat.</span> <span class='ocrx_word' id='word_1_642' title='bbox 3316 3541 3374 3581; x_wconf 89' lang='lat' dir='ltr'>n.</span> <span class='ocrx_word' id='word_1_643' title='bbox 3411 3528 3500 3596; x_wconf 81' lang='grc'><strong>10,</strong></span> <span class='ocrx_word' id='word_1_644' title='bbox 3531 3530 3580 3581; x_wconf 84' lang='lat' dir='ltr'>et</span> <span class='ocrx_word' id='word_1_645' title='bbox 3603 3531 3711 3579; x_wconf 83' lang='lat' dir='ltr'>cat.</span> <span class='ocrx_word' id='word_1_646' title='bbox 3748 3524 3837 3592; x_wconf 88' lang='grc'>16,</span> 
     </span>
    </p>
   </div>
   <div class='ocr_carea' id='block_1_86' title="bbox 2256 3727 3833 3808">
    <p class='ocr_par' dir='ltr' id='par_1_86' title="bbox 2256 3727 3833 3808">
     <span class='ocr_line' id='line_1_90' title="bbox 2256 3727 3833 3808; baseline -0.004 -21"><span class='ocrx_word' id='word_1_647' title='bbox 2256 3734 2332 3801; x_wconf 90' lang='grc'>(1)</span> <span class='ocrx_word' id='word_1_648' title='bbox 2360 3729 2746 3808; x_wconf 49' lang='lat' dir='ltr'>Upoq&#39;aéptoot:</span> <span class='ocrx_word' id='word_1_649' title='bbox 2766 3731 2853 3808; x_wconf 90' lang='lat' dir='ltr'>l_ta</span> <span class='ocrx_word' id='word_1_650' title='bbox 2882 3731 3234 3808; x_wconf 80' lang='lat' dir='ltr'>scripsimus</span> <span class='ocrx_word' id='word_1_651' title='bbox 3256 3747 3324 3785; x_wconf 86' lang='lat' dir='ltr'>ex</span> <span class='ocrx_word' id='word_1_652' title='bbox 3351 3729 3467 3784; x_wconf 88' lang='lat' dir='ltr'>ﬁde</span> <span class='ocrx_word' id='word_1_653' title='bbox 3494 3729 3622 3808; x_wconf 86' lang='lat' dir='ltr'>cod.</span> <span class='ocrx_word' id='word_1_654' title='bbox 3657 3727 3833 3808; x_wconf 78' lang='lat' dir='ltr'>Coisl.</span> 
     </span>
    </p>
   </div>
   <div class='ocr_carea' id='block_1_87' title="bbox 2184 3800 3835 3876">
    <p class='ocr_par' dir='ltr' id='par_1_87' title="bbox 2184 3800 3835 3876">
     <span class='ocr_line' id='line_1_91' title="bbox 2184 3800 3835 3876; baseline -0.004 -18"><span class='ocrx_word' id='word_1_655' title='bbox 2184 3810 2242 3859; x_wconf 90' lang='lat' dir='ltr'>et</span> <span class='ocrx_word' id='word_1_656' title='bbox 2269 3800 2419 3858; x_wconf 52' lang='lat' dir='ltr'>vers;</span> <span class='ocrx_word' id='word_1_657' title='bbox 2481 3800 2654 3858; x_wconf 62' lang='lat' dir='ltr'>G&#39;rod.</span> <span class='ocrx_word' id='word_1_658' title='bbox 2703 3804 2960 3876; x_wconf 75' lang='lat' dir='ltr'>[labetur</span> <span class='ocrx_word' id='word_1_659' title='bbox 2990 3800 3052 3856; x_wconf 76' lang='lat' dir='ltr'>in</span> <span class='ocrx_word' id='word_1_660' title='bbox 3096 3803 3291 3876; x_wconf 78' lang='lat' dir='ltr'>editis,</span> <span class='ocrx_word' id='word_1_661' title='bbox 3349 3801 3741 3876; x_wconf 72' lang='grc' dir='ltr'><strong>προσφέρουσι,</strong></span> <span class='ocrx_word' id='word_1_662' title='bbox 3775 3800 3835 3852; x_wconf 89' lang='lat' dir='ltr'>in</span> 
     </span>
    </p>
   </div>
   <div class='ocr_carea' id='block_1_88' title="bbox 2185 3872 3837 3951">
    <p class='ocr_par' dir='ltr' id='par_1_88' title="bbox 2185 3872 3837 3951">
     <span class='ocr_line' id='line_1_92' title="bbox 2185 3872 3837 3951; baseline -0.004 -21"><span class='ocrx_word' id='word_1_663' title='bbox 2185 3879 2303 3951; x_wconf 72' lang='lat' dir='ltr'>lloe</span> <span class='ocrx_word' id='word_1_664' title='bbox 2338 3881 2395 3930; x_wconf 88' lang='lat' dir='ltr'>et</span> <span class='ocrx_word' id='word_1_665' title='bbox 2421 3876 2691 3943; x_wconf 87' lang='lat' dir='ltr'>Casaub.,</span> <span class='ocrx_word' id='word_1_666' title='bbox 2726 3873 3078 3951; x_wconf 73' lang='grc' dir='ltr'>προφέρουσι.</span> <span class='ocrx_word' id='word_1_667' title='bbox 3102 3873 3284 3951; x_wconf 74' lang='lat' dir='ltr'>Paulo</span> <span class='ocrx_word' id='word_1_668' title='bbox 3304 3889 3377 3951; x_wconf 61' lang='lat' dir='ltr'>pp</span> <span class='ocrx_word' id='word_1_669' title='bbox 3393 3872 3464 3934; x_wconf 70' lang='lat' dir='ltr'>et,</span> <span class='ocrx_word' id='word_1_670' title='bbox 3491 3872 3837 3951; x_wconf 62' lang='lat' dir='ltr'>scripsimus</span> 
     </span>
    </p>
   </div>
   <div class='ocr_carea' id='block_1_89' title="bbox 2190 3941 3837 4020">
    <p class='ocr_par' dir='ltr' id='par_1_89' title="bbox 2190 3941 3837 4020">
     <span class='ocr_line' id='line_1_93' title="bbox 2190 3941 3837 4020; baseline -0.005 -18"><span class='ocrx_word' id='word_1_671' title='bbox 2190 3947 2321 4019; x_wconf 77' lang='grc' dir='ltr'><strong>ὑμῖν</strong></span> <span class='ocrx_word' id='word_1_672' title='bbox 2355 3952 2491 4003; x_wconf 89' lang='lat' dir='ltr'>ante</span> <span class='ocrx_word' id='word_1_673' title='bbox 2522 3941 2930 4020; x_wconf 69' lang='grc' dir='ltr'><strong>παραστήσεᾷα,</strong></span> <span class='ocrx_word' id='word_1_674' title='bbox 2967 3962 3037 4000; x_wconf 84' lang='lat' dir='ltr'>ex</span> <span class='ocrx_word' id='word_1_675' title='bbox 3079 3943 3267 4020; x_wconf 83' lang='lat' dir='ltr'>_co_dd.</span> <span class='ocrx_word' id='word_1_676' title='bbox 3297 3941 3446 4020; x_wconf 55' lang='lat' dir='ltr'>:_Ro_e</span> <span class='ocrx_word' id='word_1_677' title='bbox 3478 3949 3538 3996; x_wconf 92' lang='lat' dir='ltr'>et</span> <span class='ocrx_word' id='word_1_678' title='bbox 3563 3941 3837 4020; x_wconf 77' lang='lat' dir='ltr'>Cas_aub.,</span> 
     </span>
    </p>
   </div>
   <div class='ocr_carea' id='block_1_90' title="bbox 2188 4011 3838 4090">
    <p class='ocr_par' dir='ltr' id='par_1_90' title="bbox 2188 4011 3838 4090">
     <span class='ocr_line' id='line_1_94' title="bbox 2188 4011 3838 4090; baseline -0.007 -16"><span class='ocrx_word' id='word_1_679' title='bbox 2188 4011 2305 4090; x_wconf 77' lang='lat' dir='ltr'>quo</span> <span class='ocrx_word' id='word_1_680' title='bbox 2337 4019 2466 4074; x_wconf 92' lang='lat' dir='ltr'>loco</span> <span class='ocrx_word' id='word_1_681' title='bbox 2500 4011 2635 4074; x_wconf 82' lang='lat' dir='ltr'>ante</span> <span class='ocrx_word' id='word_1_682' title='bbox 2695 4011 3025 4090; x_wconf 83' lang='lat' dir='ltr'>habebatur</span> <span class='ocrx_word' id='word_1_683' title='bbox 3062 4014 3234 4090; x_wconf 20' lang='grc' dir='ltr'><strong>Αὑμᾷς.</strong></span> <span class='ocrx_word' id='word_1_684' title='bbox 3297 4013 3504 4080; x_wconf 91' lang='lat' dir='ltr'>Verba,</span> <span class='ocrx_word' id='word_1_685' title='bbox 3553 4011 3838 4090; x_wconf 37' lang='grc' dir='ltr'><strong>φησὶ-γὰρ,</strong></span> 
     </span>
    </p>
   </div>
   <div class='ocr_carea' id='block_1_91' title="bbox 2190 4085 3838 4165">
    <p class='ocr_par' dir='ltr' id='par_1_91' title="bbox 2190 4085 3838 4165">
     <span class='ocr_line' id='line_1_95' title="bbox 2190 4085 3838 4165; baseline -0.005 -19"><span class='ocrx_word' id='word_1_686' title='bbox 2190 4085 2300 4146; x_wconf 80' lang='lat' dir='ltr'>etc.</span> <span class='ocrx_word' id='word_1_687' title='bbox 2335 4108 2523 4165; x_wconf 82' lang='lat' dir='ltr'>usque</span> <span class='ocrx_word' id='word_1_688' title='bbox 2554 4091 2627 4146; x_wconf 86' lang='lat' dir='ltr'>ad</span> <span class='ocrx_word' id='word_1_689' title='bbox 2658 4088 3029 4165; x_wconf 36' lang='grc' dir='ltr'><strong>εὐαρεστῆσαι-</strong></span> <span class='ocrx_word' id='word_1_690' title='bbox 3056 4087 3222 4165; x_wconf 76' lang='lat' dir='ltr'>incl.,</span> <span class='ocrx_word' id='word_1_691' title='bbox 3256 4092 3497 4165; x_wconf 82' lang='lat' dir='ltr'>propter</span> <span class='ocrx_word' id='word_1_692' title='bbox 3512 4085 3838 4165; x_wconf 72' lang='lat' dir='ltr'>repetitam</span> 
     </span>
    </p>
   </div>
   <div class='ocr_carea' id='block_1_92' title="bbox 2189 4157 3836 4236">
    <p class='ocr_par' dir='ltr' id='par_1_92' title="bbox 2189 4157 3836 4236">
     <span class='ocr_line' id='line_1_96' title="bbox 2189 4157 3836 4236; baseline -0.005 -19"><span class='ocrx_word' id='word_1_693' title='bbox 2189 4157 2898 4236; x_wconf 8' lang='lat' dir='ltr'>vocempéoapsetﬁaai,_in</span> <span class='ocrx_word' id='word_1_694' title='bbox 2928 4157 3440 4236; x_wconf 84' lang='lat' dir='ltr'>codd._nonnullis</span> <span class='ocrx_word' id='word_1_695' title='bbox 3470 4158 3612 4236; x_wconf 91' lang='lat' dir='ltr'>et</span> <span class='ocrx_word' id='word_1_696' title='bbox 3645 4157 3836 4236; x_wconf 48' lang='lat' dir='ltr'>onmni-</span> 
     </span>
    </p>
   </div>
   <div class='ocr_carea' id='block_1_93' title="bbox 2191 4225 3837 4358">
    <p class='ocr_par' dir='ltr' id='par_1_93' title="bbox 2191 4225 3837 4358">
     <span class='ocr_line' id='line_1_97' title="bbox 2191 4225 3837 4358; baseline -0.005 -70"><span class='ocrx_word' id='word_1_697' title='bbox 2191 4235 2327 4358; x_wconf 55' lang='lat' dir='ltr'>bItJSO</span> <span class='ocrx_word' id='word_1_698' title='bbox 2327 4233 2418 4358; x_wconf 58' lang='lat' dir='ltr'>api</span> <span class='ocrx_word' id='word_1_699' title='bbox 2422 4234 2500 4358; x_wconf 52' lang='lat' dir='ltr'>1tis</span> <span class='ocrx_word' id='word_1_700' title='bbox 2523 4225 2943 4306; x_wconf 61' lang='lat' dir='ltr'>praetermissa,</span> <span class='ocrx_word' id='word_1_701' title='bbox 2978 4231 3349 4287; x_wconf 87' lang='lat' dir='ltr'>restituimus</span> <span class='ocrx_word' id='word_1_702' title='bbox 3373 4246 3443 4284; x_wconf 85' lang='lat' dir='ltr'>ex</span> <span class='ocrx_word' id='word_1_703' title='bbox 3466 4227 3636 4283; x_wconf 91' lang='lat' dir='ltr'>codd.</span> <span class='ocrx_word' id='word_1_704' title='bbox 3662 4225 3837 4281; x_wconf 90' lang='lat' dir='ltr'>Coisl.</span> 
     </span>
     <span class='ocr_line' id='line_1_98' title="bbox 2199 4313 2477 4358; baseline 0 0"><span class='ocrx_word' id='word_1_705' title='bbox 2199 4323 2227 4358; x_wconf 88' lang='lat' dir='ltr'>e</span> <span class='ocrx_word' id='word_1_706' title='bbox 2335 4313 2354 4358; x_wconf 91' lang='lat' dir='ltr'>t</span> <span class='ocrx_word' id='word_1_707' title='bbox 2383 4322 2415 4358; x_wconf 91' lang='grc' dir='ltr'><strong>ο</strong></span> <span class='ocrx_word' id='word_1_708' title='bbox 2465 4347 2477 4358; x_wconf 93' lang='grc'>.</span> 
     </span>
    </p>
   </div>
   <div class='ocr_carea' id='block_1_94' title="bbox 2199 4307 2477 4360">
    <p class='ocr_par' dir='ltr' id='par_1_94' title="bbox 2199 4307 2477 4360">
     <span class='ocr_line' id='line_1_99' title="bbox 2199 4307 2477 4360; baseline 0 0"><span class='ocrx_word' id='word_1_709' title='bbox 2199 4312 2255 4360; x_wconf 90' lang='lat' dir='ltr'>et</span> <span class='ocrx_word' id='word_1_710' title='bbox 2285 4307 2477 4360; x_wconf 87' lang='lat' dir='ltr'>Ottob.</span> 
     </span>
    </p>
   </div>
   <div class='ocr_carea' id='block_1_95' title="bbox 433 4371 2079 4450">
    <p class='ocr_par' dir='ltr' id='par_1_95' title="bbox 433 4371 2079 4450">
     <span class='ocr_line' id='line_1_100' title="bbox 433 4371 2079 4450; baseline 0.005 -24"><span class='ocrx_word' id='word_1_711' title='bbox 433 4399 461 4426; x_wconf 93' lang='grc' dir='ltr'>ιι</span> <span class='ocrx_word' id='word_1_712' title='bbox 486 4376 943 4450; x_wconf 28' lang='lat' dir='ltr'>quidem‘Cieero.</span> <span class='ocrx_word' id='word_1_713' title='bbox 970 4376 1456 4450; x_wconf 83' lang='lat' dir='ltr'>Academicorum</span> <span class='ocrx_word' id='word_1_714' title='bbox 1487 4378 1580 4433; x_wconf 86' lang='lat' dir='ltr'>lib.</span> <span class='ocrx_word' id='word_1_715' title='bbox 1611 4396 1686 4447; x_wconf 77' lang='lat' dir='ltr'>IV,</span> <span class='ocrx_word' id='word_1_716' title='bbox 1707 4381 1866 4434; x_wconf 83' lang='lat' dir='ltr'>valde</span> <span class='ocrx_word' id='word_1_717' title='bbox 1893 4371 2079 4450; x_wconf 79' lang='lat' dir='ltr'>repre-</span> 
     </span>
    </p>
   </div>
   <div class='ocr_carea' id='block_1_96' title="bbox 2197 4371 3841 4450">
    <p class='ocr_par' dir='ltr' id='par_1_96' title="bbox 2263 4371 3841 4450">
     <span class='ocr_line' id='line_1_101' title="bbox 2263 4371 3841 4450; baseline -0.005 -19"><span class='ocrx_word' id='word_1_718' title='bbox 2373 4376 2760 4450; x_wconf 58' lang='grc' dir='ltr'><strong>ΙΙροσθήσεται.</strong></span> <span class='ocrx_word' id='word_1_719' title='bbox 2797 4371 3608 4450; x_wconf 19' lang='grc' dir='ltr'><strong>Ειίἰὶὶ,προσθγήσεταιηδεξοιιιὶ</strong></span> <span class='ocrx_word' id='word_1_720' title='bbox 3637 4385 3841 4426; x_wconf 91' lang='lat' dir='ltr'>sumus</span> 
     </span>
    </p>
   </div>
   <div class='ocr_carea' id='block_1_97' title="bbox 434 4447 2083 4522">
    <p class='ocr_par' dir='ltr' id='par_1_97' title="bbox 434 4447 2083 4522">
     <span class='ocr_line' id='line_1_102' title="bbox 434 4447 2083 4522; baseline 0.004 -25"><span class='ocrx_word' id='word_1_721' title='bbox 434 4470 460 4497; x_wconf 92' lang='grc' dir='ltr'>ιι</span> <span class='ocrx_word' id='word_1_722' title='bbox 479 4447 857 4501; x_wconf 87' lang='lat' dir='ltr'>hendit:Nam</span> <span class='ocrx_word' id='word_1_723' title='bbox 878 4447 2083 4522; x_wconf 48' lang='lat' dir='ltr'>caeteri,inquit,praeterAcademicosfpri-</span> 
     </span>
    </p>
   </div>
   <div class='ocr_carea' id='block_1_98' title="bbox 434 4519 2078 4593">
    <p class='ocr_par' dir='ltr' id='par_1_98' title="bbox 434 4519 2078 4593">
     <span class='ocr_line' id='line_1_103' title="bbox 434 4519 2078 4593; baseline 0.004 -25"><span class='ocrx_word' id='word_1_724' title='bbox 434 4542 462 4568; x_wconf 89' lang='grc'>‹‹</span> <span class='ocrx_word' id='word_1_725' title='bbox 488 4534 653 4572; x_wconf 88' lang='lat' dir='ltr'>mum</span> <span class='ocrx_word' id='word_1_726' title='bbox 674 4522 810 4593; x_wconf 75' lang='lat' dir='ltr'>ante</span> <span class='ocrx_word' id='word_1_727' title='bbox 828 4523 1109 4574; x_wconf 89' lang='lat' dir='ltr'>tenentur</span> <span class='ocrx_word' id='word_1_728' title='bbox 1130 4519 1375 4586; x_wconf 89' lang='lat' dir='ltr'>astricti,</span> <span class='ocrx_word' id='word_1_729' title='bbox 1396 4538 1573 4590; x_wconf 90' lang='lat' dir='ltr'>quam</span> <span class='ocrx_word' id='word_1_730' title='bbox 1590 4523 1732 4592; x_wconf 90' lang='lat' dir='ltr'>quid</span> <span class='ocrx_word' id='word_1_731' title='bbox 1756 4528 1910 4577; x_wconf 88' lang='lat' dir='ltr'>esset</span> <span class='ocrx_word' id='word_1_732' title='bbox 1929 4519 2078 4593; x_wconf 78' lang='lat' dir='ltr'>opti-</span> 
     </span>
    </p>
   </div>
   <div class='ocr_carea' id='block_1_99' title="bbox 435 4589 2086 4664">
    <p class='ocr_par' dir='ltr' id='par_1_99' title="bbox 435 4589 2086 4664">
     <span class='ocr_line' id='line_1_104' title="bbox 435 4589 2086 4664; baseline 0.004 -23"><span class='ocrx_word' id='word_1_733' title='bbox 435 4613 462 4641; x_wconf 84' lang='lat'><strong>«</strong></span> <span class='ocrx_word' id='word_1_734' title='bbox 487 4605 650 4664; x_wconf 74' lang='lat' dir='ltr'>mum</span> <span class='ocrx_word' id='word_1_735' title='bbox 670 4589 942 4664; x_wconf 81' lang='lat' dir='ltr'>judicare</span> <span class='ocrx_word' id='word_1_736' title='bbox 963 4597 1350 4664; x_wconf 83' lang='lat' dir='ltr'>potuerunt...</span> <span class='ocrx_word' id='word_1_737' title='bbox 1377 4589 1434 4646; x_wconf 81' lang='lat' dir='ltr'>et</span> <span class='ocrx_word' id='word_1_738' title='bbox 1452 4593 1525 4647; x_wconf 88' lang='lat' dir='ltr'>ad</span> <span class='ocrx_word' id='word_1_739' title='bbox 1543 4589 1914 4664; x_wconf 79' lang='lat' dir='ltr'>quacumque</span> <span class='ocrx_word' id='word_1_740' title='bbox 1946 4589 2086 4648; x_wconf 49' lang='lat' dir='ltr'>s&#39;unt</span> 
     </span>
    </p>
   </div>
   <div class='ocr_carea' id='block_1_100' title="bbox 434 4661 2077 4734">
    <p class='ocr_par' dir='ltr' id='par_1_100' title="bbox 434 4661 2077 4734">
     <span class='ocr_line' id='line_1_105' title="bbox 434 4661 2077 4734; baseline 0.004 -21"><span class='ocrx_word' id='word_1_741' title='bbox 434 4685 460 4711; x_wconf 92' lang='grc' dir='ltr'>ιι</span> <span class='ocrx_word' id='word_1_742' title='bbox 483 4661 861 4734; x_wconf 81' lang='lat' dir='ltr'>disciplinam</span> <span class='ocrx_word' id='word_1_743' title='bbox 885 4663 1067 4734; x_wconf 84' lang='lat' dir='ltr'>quasi</span> <span class='ocrx_word' id='word_1_744' title='bbox 1080 4667 1430 4734; x_wconf 85' lang='lat' dir='ltr'>tempestate</span> <span class='ocrx_word' id='word_1_745' title='bbox 1465 4661 1665 4729; x_wconf 83' lang='lat' dir='ltr'>delati,</span> <span class='ocrx_word' id='word_1_746' title='bbox 1699 4665 1771 4719; x_wconf 90' lang='lat' dir='ltr'>ad</span> <span class='ocrx_word' id='word_1_747' title='bbox 1795 4661 1922 4720; x_wconf 79' lang='lat' dir='ltr'>eam</span> <span class='ocrx_word' id='word_1_748' title='bbox 1947 4671 2077 4719; x_wconf 88' lang='lat' dir='ltr'>tan-</span> 
     </span>
    </p>
   </div>
   <div class='ocr_carea' id='block_1_101' title="bbox 433 4732 2083 4804">
    <p class='ocr_par' dir='ltr' id='par_1_101' title="bbox 433 4732 2083 4804">
     <span class='ocr_line' id='line_1_106' title="bbox 433 4732 2083 4804; baseline 0.004 -19"><span class='ocrx_word' id='word_1_749' title='bbox 433 4757 459 4784; x_wconf 91' lang='grc' dir='ltr'>ιι</span> <span class='ocrx_word' id='word_1_750' title='bbox 479 4748 657 4804; x_wconf 92' lang='lat' dir='ltr'>quam</span> <span class='ocrx_word' id='word_1_751' title='bbox 675 4732 749 4787; x_wconf 89' lang='lat' dir='ltr'>ad</span> <span class='ocrx_word' id='word_1_752' title='bbox 771 4749 976 4787; x_wconf 79' lang='lat' dir='ltr'>saxum</span> <span class='ocrx_word' id='word_1_753' title='bbox 1002 4732 1471 4790; x_wconf 64' lang='lat' dir='ltr'>adhaerescunt.»</span> <span class='ocrx_word' id='word_1_754' title='bbox 1502 4736 1614 4790; x_wconf 89' lang='lat' dir='ltr'>Sed</span> <span class='ocrx_word' id='word_1_755' title='bbox 1634 4735 1780 4790; x_wconf 92' lang='lat' dir='ltr'>illud</span> <span class='ocrx_word' id='word_1_756' title='bbox 1802 4738 1977 4791; x_wconf 88' lang='lat' dir='ltr'>etiam</span> <span class='ocrx_word' id='word_1_757' title='bbox 2022 4738 2083 4791; x_wconf 92' lang='lat' dir='ltr'>in</span> 
     </span>
    </p>
   </div>
   <div class='ocr_carea' id='block_1_102' title="bbox 435 4804 2086 4878">
    <p class='ocr_par' dir='ltr' id='par_1_102' title="bbox 435 4804 2086 4878">
     <span class='ocr_line' id='line_1_107' title="bbox 435 4804 2086 4878; baseline 0.001 -19"><span class='ocrx_word' id='word_1_758' title='bbox 435 4804 744 4878; x_wconf 71' lang='lat' dir='ltr'>hmreticos</span> <span class='ocrx_word' id='word_1_759' title='bbox 762 4805 1104 4878; x_wconf 84' lang='lat' dir='ltr'>intorquere</span> <span class='ocrx_word' id='word_1_760' title='bbox 1123 4806 1314 4878; x_wconf 88' lang='lat' dir='ltr'>liceat,</span> <span class='ocrx_word' id='word_1_761' title='bbox 1340 4808 1440 4877; x_wconf 89' lang='lat' dir='ltr'>qui</span> <span class='ocrx_word' id='word_1_762' title='bbox 1469 4823 1635 4863; x_wconf 90' lang='lat' dir='ltr'>suam</span> <span class='ocrx_word' id='word_1_763' title='bbox 1659 4825 1812 4878; x_wconf 71' lang='lat' dir='ltr'>smpe</span> <span class='ocrx_word' id='word_1_764' title='bbox 1834 4808 2086 4863; x_wconf 88' lang='lat' dir='ltr'>auctori-</span> 
     </span>
    </p>
   </div>
   <div class='ocr_carea' id='block_1_103' title="bbox 433 4875 2086 4947">
    <p class='ocr_par' dir='ltr' id='par_1_103' title="bbox 433 4875 2086 4947">
     <span class='ocr_line' id='line_1_108' title="bbox 433 4875 2086 4947; baseline 0.001 -16"><span class='ocrx_word' id='word_1_765' title='bbox 433 4883 616 4931; x_wconf 84' lang='lat' dir='ltr'>tatem</span> <span class='ocrx_word' id='word_1_766' title='bbox 633 4875 1214 4947; x_wconf 26' lang='lat' dir='ltr'>discipulis’cujusvis</span> <span class='ocrx_word' id='word_1_767' title='bbox 1231 4875 1478 4932; x_wconf 81' lang='lat' dir='ltr'>rationis</span> <span class='ocrx_word' id='word_1_768' title='bbox 1494 4879 1618 4934; x_wconf 93' lang='lat' dir='ltr'>loco</span> <span class='ocrx_word' id='word_1_769' title='bbox 1639 4875 2086 4934; x_wconf 50' lang='lat' dir='ltr'>ven—ditaverunt</span> 
     </span>
    </p>
   </div>
   <div class='ocr_carea' id='block_1_104' title="bbox 436 4947 2087 5022">
    <p class='ocr_par' dir='ltr' id='par_1_104' title="bbox 436 4947 2087 5022">
     <span class='ocr_line' id='line_1_109' title="bbox 436 4947 2087 5022; baseline 0.002 -20"><span class='ocrx_word' id='word_1_770' title='bbox 436 4948 578 5002; x_wconf 88' lang='lat' dir='ltr'>Vide</span> <span class='ocrx_word' id='word_1_771' title='bbox 599 4949 778 5022; x_wconf 70' lang='lat' dir='ltr'>Iram,</span> <span class='ocrx_word' id='word_1_772' title='bbox 928 4965 1007 5010; x_wconf 89' lang='grc' dir='ltr'><strong>ιιι,</strong></span> <span class='ocrx_word' id='word_1_773' title='bbox 1033 4965 1159 5020; x_wconf 89' lang='lat' dir='ltr'>cap.</span> <span class='ocrx_word' id='word_1_774' title='bbox 1182 4952 1235 5005; x_wconf 84' lang='lat'>2.</span> <span class='ocrx_word' id='word_1_775' title='bbox 1263 4953 1406 5022; x_wconf 79' lang='lat' dir='ltr'>ilet</span> <span class='ocrx_word' id='word_1_776' title='bbox 1425 4967 1784 5022; x_wconf 88' lang='lat' dir='ltr'>anonymum</span> <span class='ocrx_word' id='word_1_777' title='bbox 1811 4951 2087 5006; x_wconf 88' lang='lat' dir='ltr'>Eusebia-</span> 
     </span>
    </p>
   </div>
   <div class='ocr_carea' id='block_1_105' title="bbox 439 5019 2084 5093">
    <p class='ocr_par' dir='ltr' id='par_1_105' title="bbox 439 5019 2084 5093">
     <span class='ocr_line' id='line_1_110' title="bbox 439 5019 2084 5093; baseline 0.001 -19"><span class='ocrx_word' id='word_1_778' title='bbox 439 5036 606 5093; x_wconf 83' lang='lat' dir='ltr'>num,</span> <span class='ocrx_word' id='word_1_779' title='bbox 627 5019 728 5073; x_wconf 91' lang='lat' dir='ltr'>lib.</span> <span class='ocrx_word' id='word_1_780' title='bbox 754 5036 786 5071; x_wconf 82' lang='grc' dir='ltr'>ν</span> <span class='ocrx_word' id='word_1_781' title='bbox 805 5021 1036 5093; x_wconf 77' lang='lat' dir='ltr'>Histor.,</span> <span class='ocrx_word' id='word_1_782' title='bbox 1063 5019 1200 5093; x_wconf 62' lang='lat' dir='ltr'>cap.</span> <span class='ocrx_word' id='word_1_783' title='bbox 1245 5021 1296 5076; x_wconf 93' lang='lat'>8.</span> <span class='ocrx_word' id='word_1_784' title='bbox 1325 5021 1408 5076; x_wconf 90' lang='lat' dir='ltr'>lta</span> <span class='ocrx_word' id='word_1_785' title='bbox 1431 5023 1516 5090; x_wconf 88' lang='lat' dir='ltr'>ﬁt,</span> <span class='ocrx_word' id='word_1_786' title='bbox 1545 5019 1700 5093; x_wconf 83' lang='lat' dir='ltr'>quod</span> <span class='ocrx_word' id='word_1_787' title='bbox 1725 5023 1866 5077; x_wconf 90' lang='lat' dir='ltr'>olim</span> <span class='ocrx_word' id='word_1_788' title='bbox 1889 5023 2084 5077; x_wconf 89' lang='lat' dir='ltr'>obser-</span> 
     </span>
    </p>
   </div>
   <div class='ocr_carea' id='block_1_106' title="bbox 433 5091 2085 5164">
    <p class='ocr_par' dir='ltr' id='par_1_106' title="bbox 433 5091 2085 5164">
     <span class='ocr_line' id='line_1_111' title="bbox 433 5091 2085 5164; baseline 0.003 -20"><span class='ocrx_word' id='word_1_789' title='bbox 433 5091 589 5164; x_wconf 80' lang='lat' dir='ltr'>vavit</span> <span class='ocrx_word' id='word_1_790' title='bbox 607 5091 990 5164; x_wconf 77' lang='lat' dir='ltr'>Augustinus,</span> <span class='ocrx_word' id='word_1_791' title='bbox 1015 5097 1081 5145; x_wconf 90' lang='lat' dir='ltr'>ut</span> <span class='ocrx_word' id='word_1_792' title='bbox 1105 5091 1202 5162; x_wconf 87' lang='lat' dir='ltr'>qui</span> <span class='ocrx_word' id='word_1_793' title='bbox 1225 5091 1632 5164; x_wconf 75' lang='lat' dir='ltr'>gravissimam</span> <span class='ocrx_word' id='word_1_794' title='bbox 1656 5095 1931 5149; x_wconf 73' lang='lat' dir='ltr'>Ecclesiae</span> <span class='ocrx_word' id='word_1_795' title='bbox 1954 5111 2085 5149; x_wconf 88' lang='lat' dir='ltr'>auc-</span> 
     </span>
    </p>
   </div>
   <div class='ocr_carea' id='block_1_107' title="bbox 438 5161 2086 5234">
    <p class='ocr_par' dir='ltr' id='par_1_107' title="bbox 438 5161 2086 5234">
     <span class='ocr_line' id='line_1_112' title="bbox 438 5161 2086 5234; baseline 0.002 -17"><span class='ocrx_word' id='word_1_796' title='bbox 438 5161 736 5218; x_wconf 82' lang='lat' dir='ltr'>toritatem</span> <span class='ocrx_word' id='word_1_797' title='bbox 759 5161 1092 5234; x_wconf 88' lang='lat' dir='ltr'>repudiant,</span> <span class='ocrx_word' id='word_1_798' title='bbox 1118 5161 1250 5217; x_wconf 64' lang='lat' dir='ltr'>suai</span> <span class='ocrx_word' id='word_1_799' title='bbox 1278 5165 1622 5220; x_wconf 86' lang='lat' dir='ltr'>nullatenus</span> <span class='ocrx_word' id='word_1_800' title='bbox 1662 5182 1794 5220; x_wconf 91' lang='lat' dir='ltr'>cum</span> <span class='ocrx_word' id='word_1_801' title='bbox 1825 5165 2086 5220; x_wconf 86' lang='lat' dir='ltr'>Ecclesia</span> 
     </span>
    </p>
   </div>
   <div class='ocr_carea' id='block_1_108' title="bbox 434 5234 2083 5305">
    <p class='ocr_par' dir='ltr' id='par_1_108' title="bbox 434 5234 2083 5305">
     <span class='ocr_line' id='line_1_113' title="bbox 434 5234 2083 5305; baseline 0 -16"><span class='ocrx_word' id='word_1_802' title='bbox 434 5234 849 5305; x_wconf 64' lang='lat' dir='ltr'>comparanda)</span> <span class='ocrx_word' id='word_1_803' title='bbox 876 5234 1192 5304; x_wconf 89' lang='lat' dir='ltr'>imperiose</span> <span class='ocrx_word' id='word_1_804' title='bbox 1225 5236 1384 5289; x_wconf 89' lang='lat' dir='ltr'>credi</span> <span class='ocrx_word' id='word_1_805' title='bbox 1413 5237 1598 5290; x_wconf 88' lang='lat' dir='ltr'>velint</span> <span class='ocrx_word' id='word_1_806' title='bbox 1631 5253 1642 5288; x_wconf 91' lang='lat'>:</span> <span class='ocrx_word' id='word_1_807' title='bbox 1676 5238 1822 5291; x_wconf 88' lang='lat' dir='ltr'>adeo</span> <span class='ocrx_word' id='word_1_808' title='bbox 1856 5237 1916 5291; x_wconf 91' lang='lat' dir='ltr'>in</span> <span class='ocrx_word' id='word_1_809' title='bbox 1948 5237 2083 5290; x_wconf 87' lang='lat' dir='ltr'>reli-</span> 
     </span>
    </p>
   </div>
   <div class='ocr_carea' id='block_1_109' title="bbox 432 5305 2082 5379">
    <p class='ocr_par' dir='ltr' id='par_1_109' title="bbox 432 5305 2082 5379">
     <span class='ocr_line' id='line_1_114' title="bbox 432 5305 2082 5379; baseline 0.001 -20"><span class='ocrx_word' id='word_1_810' title='bbox 432 5306 606 5379; x_wconf 82' lang='lat' dir='ltr'>gione</span> <span class='ocrx_word' id='word_1_811' title='bbox 629 5305 1012 5379; x_wconf 86' lang='lat' dir='ltr'>suscipienda</span> <span class='ocrx_word' id='word_1_812' title='bbox 1033 5306 1369 5379; x_wconf 88' lang='lat' dir='ltr'>necessaria</span> <span class='ocrx_word' id='word_1_813' title='bbox 1390 5313 1477 5361; x_wconf 91' lang='lat' dir='ltr'>est</span> <span class='ocrx_word' id='word_1_814' title='bbox 1499 5310 1840 5363; x_wconf 89' lang='lat' dir='ltr'>auctoritas.</span> <span class='ocrx_word' id='word_1_815' title='bbox 1867 5308 2082 5375; x_wconf 90' lang='lat' dir='ltr'>Fallor,</span> 
     </span>
    </p>
   </div>
   <div class='ocr_carea' id='block_1_110' title="bbox 432 5376 2086 5462">
    <p class='ocr_par' dir='ltr' id='par_1_110' title="bbox 432 5376 2086 5462">
     <span class='ocr_line' id='line_1_115' title="bbox 432 5376 2086 5462; baseline -0.001 -29"><span class='ocrx_word' id='word_1_816' title='bbox 432 5376 546 5433; x_wconf 78' lang='lat' dir='ltr'>nisi</span> <span class='ocrx_word' id='word_1_817' title='bbox 565 5377 721 5449; x_wconf 89' lang='lat' dir='ltr'>apud</span> <span class='ocrx_word' id='word_1_818' title='bbox 745 5376 1054 5460; x_wconf 61' lang='lat' dir='ltr'>haereticos</span> <span class='ocrx_word' id='word_1_819' title='bbox 1076 5378 1262 5462; x_wconf 70' lang='lat' dir='ltr'>nostri</span> <span class='ocrx_word' id='word_1_820' title='bbox 1291 5380 1572 5450; x_wconf 89' lang='lat' dir='ltr'>temporis</span> <span class='ocrx_word' id='word_1_821' title='bbox 1595 5381 1692 5462; x_wconf 82' lang='lat' dir='ltr'>qui</span> <span class='ocrx_word' id='word_1_822' title='bbox 1719 5380 1906 5462; x_wconf 75' lang='lat' dir='ltr'>solam</span> <span class='ocrx_word' id='word_1_823' title='bbox 1929 5379 2086 5435; x_wconf 89' lang='lat' dir='ltr'>Scri-</span> 
     </span>
    </p>
   </div>
   <div class='ocr_carea' id='block_1_111' title="bbox 432 5449 2084 5529">
    <p class='ocr_par' dir='ltr' id='par_1_111' title="bbox 432 5449 2084 5529">
     <span class='ocr_line' id='line_1_116' title="bbox 432 5449 2084 5529; baseline 0 -25"><span class='ocrx_word' id='word_1_824' title='bbox 432 5455 668 5529; x_wconf 89' lang='lat' dir='ltr'>ptu_ram</span> <span class='ocrx_word' id='word_1_825' title='bbox 699 5449 1015 5529; x_wconf 78' lang='lat' dir='ltr'>recipiunt,</span> <span class='ocrx_word' id='word_1_826' title='bbox 1039 5449 1098 5504; x_wconf 94' lang='lat' dir='ltr'>id</span> <span class='ocrx_word' id='word_1_827' title='bbox 1121 5449 1248 5529; x_wconf 76' lang='lat' dir='ltr'>sola</span> <span class='ocrx_word' id='word_1_828' title='bbox 1269 5467 1512 5529; x_wconf 65' lang='lat' dir='ltr'>suorum</span> <span class='ocrx_word' id='word_1_829' title='bbox 1544 5449 1907 5529; x_wconf 63' lang='lat' dir='ltr'>principium</span> <span class='ocrx_word' id='word_1_830' title='bbox 1934 5468 2084 5506; x_wconf 91' lang='lat' dir='ltr'>auc-</span> 
     </span>
    </p>
   </div>
   <div class='ocr_carea' id='block_1_112' title="bbox 436 5520 2087 5595">
    <p class='ocr_par' dir='ltr' id='par_1_112' title="bbox 436 5520 2087 5595">
     <span class='ocr_line' id='line_1_117' title="bbox 436 5520 2087 5595; baseline 0.002 -20"><span class='ocrx_word' id='word_1_831' title='bbox 436 5522 671 5595; x_wconf 85' lang='lat' dir='ltr'>toritate</span> <span class='ocrx_word' id='word_1_832' title='bbox 695 5520 1223 5595; x_wconf 82' lang='lat' dir='ltr'>su_scipi_tur,_quod</span> <span class='ocrx_word' id='word_1_833' title='bbox 1268 5521 1419 5575; x_wconf 90' lang='lat' dir='ltr'>nulli</span> <span class='ocrx_word' id='word_1_834' title='bbox 1459 5520 1674 5594; x_wconf 58' lang='lat' dir='ltr'>praeter</span> <span class='ocrx_word' id='word_1_835' title='bbox 1718 5520 2087 5595; x_wconf 72' lang='lat' dir='ltr'>scripturam</span> 
     </span>
    </p>
   </div>
   <div class='ocr_carea' id='block_1_113' title="bbox 431 5591 1428 5651">
    <p class='ocr_par' dir='ltr' id='par_1_113' title="bbox 431 5591 1428 5651">
     <span class='ocr_line' id='line_1_118' title="bbox 431 5591 1428 5651; baseline -0.001 0"><span class='ocrx_word' id='word_1_836' title='bbox 431 5593 769 5651; x_wconf 86' lang='lat' dir='ltr'>auctoritati</span> <span class='ocrx_word' id='word_1_837' title='bbox 795 5591 1160 5647; x_wconf 90' lang='lat' dir='ltr'>credendum</span> <span class='ocrx_word' id='word_1_838' title='bbox 1191 5591 1428 5650; x_wconf 91' lang='lat' dir='ltr'>docent.</span> 
     </span>
    </p>
   </div>
   <div class='ocr_carea' id='block_1_114' title="bbox 2194 4443 3840 4572">
    <p class='ocr_par' dir='ltr' id='par_1_114' title="bbox 2194 4443 3840 4572">
     <span class='ocr_line' id='line_1_119' title="bbox 2194 4443 3840 4572; baseline -0.006 -69"><span class='ocrx_word' id='word_1_839' title='bbox 2194 4447 2363 4572; x_wconf 48' lang='lat' dir='ltr'>cofd.</span> <span class='ocrx_word' id='word_1_840' title='bbox 2398 4443 2586 4506; x_wconf 63' lang='lat' dir='ltr'>Coisl.</span> <span class='ocrx_word' id='word_1_841' title='bbox 2612 4451 2751 4518; x_wconf 72' lang='lat' dir='ltr'>lloe,</span> <span class='ocrx_word' id='word_1_842' title='bbox 2785 4443 3130 4504; x_wconf 46' lang='lat' dir='ltr'>Casaubfln</span> <span class='ocrx_word' id='word_1_843' title='bbox 3163 4445 3355 4501; x_wconf 92' lang='lat' dir='ltr'>Ottob.</span> <span class='ocrx_word' id='word_1_844' title='bbox 3391 4443 3644 4498; x_wconf 90' lang='lat' dir='ltr'>habetur</span> <span class='ocrx_word' id='word_1_845' title='bbox 3671 4459 3840 4512; x_wconf 87' lang='grc' dir='ltr'><strong>προσ-</strong></span> 
     </span>
     <span class='ocr_line' id='line_1_120' title="bbox 2194 4539 2463 4572; baseline 0 0"><span class='ocrx_word' id='word_1_846' title='bbox 2194 4540 2249 4572; x_wconf 78' lang='grc' dir='ltr'><strong>νο</strong></span> <span class='ocrx_word' id='word_1_847' title='bbox 2280 4539 2463 4572; x_wconf 69' lang='grc' dir='ltr'><strong>,σεταιη</strong></span> 
     </span>
    </p>
   </div>
   <div class='ocr_carea' id='block_1_115' title="bbox 2191 4539 2463 4576">
    <p class='ocr_par' dir='ltr' id='par_1_115' title="bbox 2191 4539 2463 4576">
     <span class='ocr_line' id='line_1_121' title="bbox 2191 4539 2463 4576; baseline 0.007 -2"><span class='ocrx_word' id='word_1_848' title='bbox 2191 4539 2463 4576; x_wconf 73' lang='grc' dir='ltr'><strong>νοησεται.</strong></span> 
     </span>
    </p>
   </div>
   <div class='ocr_carea' id='block_1_116' title="bbox 2267 4559 3844 4666">
    <p class='ocr_par' dir='ltr' id='par_1_116' title="bbox 2267 4559 3844 4666">
     <span class='ocr_line' id='line_1_122' title="bbox 2267 4559 3844 4666; baseline -0.006 -20"><span class='ocrx_word' id='word_1_849' title='bbox 2267 4559 2340 4663; x_wconf 48' lang='grc'>(⁸3)</span> <span class='ocrx_word' id='word_1_850' title='bbox 2375 4563 2645 4666; x_wconf 56' lang='grc' dir='ltr'><strong>Συνὲσεως</strong></span> <span class='ocrx_word' id='word_1_851' title='bbox 2707 4589 3088 4666; x_wconf 74' lang='grc' dir='ltr'><strong>ἐμποιητικὸς.</strong></span> <span class='ocrx_word' id='word_1_852' title='bbox 3149 4588 3401 4666; x_wconf 40' lang='grc' dir='ltr'>[θείω]νῄ</span> <span class='ocrx_word' id='word_1_853' title='bbox 3438 4585 3500 4666; x_wconf 76' lang='lat' dir='ltr'>i_n</span> <span class='ocrx_word' id='word_1_854' title='bbox 3558 4584 3844 4666; x_wconf 41' lang='lat' dir='ltr'>Coisl..et</span> 
     </span>
    </p>
   </div>
   <div class='ocr_carea' id='block_1_117' title="bbox 2195 4657 3843 4736">
    <p class='ocr_par' dir='ltr' id='par_1_117' title="bbox 2195 4657 3843 4736">
     <span class='ocr_line' id='line_1_123' title="bbox 2195 4657 3843 4736; baseline -0.005 -18"><span class='ocrx_word' id='word_1_855' title='bbox 2195 4657 2412 4734; x_wconf 77' lang='lat' dir='ltr'>Ottob.,</span> <span class='ocrx_word' id='word_1_856' title='bbox 2448 4657 2910 4736; x_wconf 57' lang='grc' dir='ltr'><strong>ἐμπσιημαῖτικός.</strong></span> <span class='ocrx_word' id='word_1_857' title='bbox 2948 4664 3011 4718; x_wconf 91' lang='lat' dir='ltr'>In</span> <span class='ocrx_word' id='word_1_858' title='bbox 3034 4665 3152 4717; x_wconf 81' lang='lat' dir='ltr'>Roe</span> <span class='ocrx_word' id='word_1_859' title='bbox 3184 4657 3320 4736; x_wconf 73' lang='lat' dir='ltr'>vero</span> <span class='ocrx_word' id='word_1_860' title='bbox 3352 4664 3410 4713; x_wconf 86' lang='lat' dir='ltr'>et</span> <span class='ocrx_word' id='word_1_861' title='bbox 3438 4657 3693 4736; x_wconf 59' lang='lat' dir='ltr'>Casaub.</span> <span class='ocrx_word' id='word_1_862' title='bbox 3719 4657 3843 4736; x_wconf 75' lang='lat' dir='ltr'>sic:</span> 
     </span>
    </p>
   </div>
   <div class='ocr_carea' id='block_1_118' title="bbox 2195 4727 3845 4808">
    <p class='ocr_par' dir='ltr' id='par_1_118' title="bbox 2195 4727 3845 4808">
     <span class='ocr_line' id='line_1_124' title="bbox 2195 4727 3845 4808; baseline -0.004 -21"><span class='ocrx_word' id='word_1_863' title='bbox 2195 4727 2456 4797; x_wconf 65' lang='grc' dir='ltr'><strong>συνέσεώς</strong></span> <span class='ocrx_word' id='word_1_864' title='bbox 2479 4727 2770 4808; x_wconf 68' lang='grc' dir='ltr'><strong>πρόξενος,</strong></span> <span class='ocrx_word' id='word_1_865' title='bbox 2812 4735 2901 4788; x_wconf 83' lang='grc' dir='ltr'>καὶ</span> <span class='ocrx_word' id='word_1_866' title='bbox 2950 4736 3204 4808; x_wconf 86' lang='grc' dir='ltr'><strong>γνώσεως</strong></span> <span class='ocrx_word' id='word_1_867' title='bbox 3254 4727 3638 4808; x_wconf 60' lang='grc' dir='ltr'><strong>ἐμποιητικός·</strong></span> <span class='ocrx_word' id='word_1_868' title='bbox 3671 4727 3845 4782; x_wconf 88' lang='lat' dir='ltr'>intel-</span> 
     </span>
    </p>
   </div>
   <div class='ocr_carea' id='block_1_119' title="bbox 2197 4805 3447 4877">
    <p class='ocr_par' dir='ltr' id='par_1_119' title="bbox 2197 4805 3447 4877">
     <span class='ocr_line' id='line_1_125' title="bbox 2197 4805 3447 4877; baseline -0.003 -17"><span class='ocrx_word' id='word_1_869' title='bbox 2197 4808 2437 4877; x_wconf 66' lang='lat' dir='ltr'>ligentia;</span> <span class='ocrx_word' id='word_1_870' title='bbox 2468 4807 2811 4877; x_wconf 79' lang='lat' dir='ltr'>conciliator,</span> <span class='ocrx_word' id='word_1_871' title='bbox 2846 4812 2897 4861; x_wconf 89' lang='lat' dir='ltr'>et</span> <span class='ocrx_word' id='word_1_872' title='bbox 2923 4805 3164 4861; x_wconf 68' lang='lat' dir='ltr'>scientiae</span> <span class='ocrx_word' id='word_1_873' title='bbox 3204 4805 3447 4877; x_wconf 74' lang='lat' dir='ltr'>eﬂ&#39;ector.</span> 
     </span>
    </p>
   </div>
   <div class='ocr_carea' id='block_1_120' title="bbox 2263 4871 3841 4950">
    <p class='ocr_par' dir='ltr' id='par_1_120' title="bbox 2263 4871 3841 4950">
     <span class='ocr_line' id='line_1_126' title="bbox 2263 4871 3841 4950; baseline -0.004 -18"><span class='ocrx_word' id='word_1_874' title='bbox 2263 4880 2340 4950; x_wconf 71' lang='grc'>(4)</span> <span class='ocrx_word' id='word_1_875' title='bbox 2400 4875 2538 4934; x_wconf 77' lang='grc' dir='ltr'>Οὐδὲ</span> <span class='ocrx_word' id='word_1_876' title='bbox 2596 4879 2670 4948; x_wconf 79' lang='grc' dir='ltr'><strong>μὴ</strong></span> <span class='ocrx_word' id='word_1_877' title='bbox 2731 4871 2924 4946; x_wconf 82' lang='grc' dir='ltr'><strong>συνῆτε</strong></span> <span class='ocrx_word' id='word_1_878' title='bbox 2958 4920 2972 4947; x_wconf 90' lang='grc'>,</span> <span class='ocrx_word' id='word_1_879' title='bbox 3023 4892 3133 4931; x_wconf 86' lang='grc' dir='ltr'>ηοη</span> <span class='ocrx_word' id='word_1_880' title='bbox 3199 4871 3538 4944; x_wconf 82' lang='lat' dir='ltr'>intelligetis.</span> <span class='ocrx_word' id='word_1_881' title='bbox 3574 4871 3841 4943; x_wconf 75' lang='lat' dir='ltr'>Vulgata.</span> 
     </span>
    </p>
   </div>
   <div class='ocr_carea' id='block_1_121' title="bbox 2194 4951 2741 5020">
    <p class='ocr_par' dir='ltr' id='par_1_121' title="bbox 2194 4951 2741 5020">
     <span class='ocr_line' id='line_1_127' title="bbox 2194 4951 2741 5020; baseline 0.004 -16"><span class='ocrx_word' id='word_1_882' title='bbox 2194 4968 2302 5005; x_wconf 89' lang='lat' dir='ltr'>non</span> <span class='ocrx_word' id='word_1_883' title='bbox 2326 4951 2741 5020; x_wconf 78' lang='lat' dir='ltr'>permanebitis.</span> 
     </span>
    </p>
   </div>
   <div class='ocr_carea' id='block_1_122' title="bbox 2267 5015 3840 5092">
    <p class='ocr_par' dir='ltr' id='par_1_122' title="bbox 2267 5015 3840 5092">
     <span class='ocr_line' id='line_1_128' title="bbox 2267 5015 3840 5092; baseline -0.004 -17"><span class='ocrx_word' id='word_1_884' title='bbox 2267 5015 2344 5092; x_wconf 67' lang='lat'>(55</span> <span class='ocrx_word' id='word_1_885' title='bbox 2375 5019 2518 5073; x_wconf 83' lang='grc' dir='ltr'>Κατὰ</span> <span class='ocrx_word' id='word_1_886' title='bbox 2544 5019 2635 5072; x_wconf 79' lang='grc' dir='ltr'><strong>τὸν</strong></span> <span class='ocrx_word' id='word_1_887' title='bbox 2670 5016 2896 5087; x_wconf 69' lang='grc' dir='ltr'><strong>Δανιὴλ.</strong></span> <span class='ocrx_word' id='word_1_888' title='bbox 2947 5021 3081 5074; x_wconf 75' lang='lat' dir='ltr'>Haec</span> <span class='ocrx_word' id='word_1_889' title='bbox 3129 5019 3192 5092; x_wconf 87' lang='lat' dir='ltr'>in</span> <span class='ocrx_word' id='word_1_890' title='bbox 3241 5017 3414 5092; x_wconf 63' lang='lat' dir='ltr'>codd.</span> <span class='ocrx_word' id='word_1_891' title='bbox 3461 5019 3600 5092; x_wconf 72' lang='lat' dir='ltr'>Roe,</span> <span class='ocrx_word' id='word_1_892' title='bbox 3648 5020 3705 5069; x_wconf 91' lang='lat' dir='ltr'>et</span> <span class='ocrx_word' id='word_1_893' title='bbox 3735 5015 3840 5092; x_wconf 79' lang='lat' dir='ltr'>Ga-</span> 
     </span>
    </p>
   </div>
   <div class='ocr_carea' id='block_1_123' title="bbox 2197 5083 3843 5163">
    <p class='ocr_par' dir='ltr' id='par_1_123' title="bbox 2197 5083 3843 5163">
     <span class='ocr_line' id='line_1_129' title="bbox 2197 5083 3843 5163; baseline -0.006 -16"><span class='ocrx_word' id='word_1_894' title='bbox 2197 5083 2390 5163; x_wconf 77' lang='lat' dir='ltr'>saub._</span> <span class='ocrx_word' id='word_1_895' title='bbox 2423 5092 2624 5146; x_wconf 90' lang='lat' dir='ltr'>addita</span> <span class='ocrx_word' id='word_1_896' title='bbox 2679 5083 3078 5163; x_wconf 82' lang='lat' dir='ltr'>reperiuntur,</span> <span class='ocrx_word' id='word_1_897' title='bbox 3132 5091 3251 5159; x_wconf 82' lang='grc' dir='ltr'><strong>ἣτις</strong></span> <span class='ocrx_word' id='word_1_898' title='bbox 3299 5089 3458 5143; x_wconf 85' lang='grc' dir='ltr'><strong>αὐτὸν</strong></span> <span class='ocrx_word' id='word_1_899' title='bbox 3492 5089 3752 5163; x_wconf 70' lang='grc' dir='ltr'><strong>ἀνήγαγεν</strong></span> <span class='ocrx_word' id='word_1_900' title='bbox 3784 5083 3843 5163; x_wconf 45' lang='grc' dir='ltr'>ἐκ</span> 
     </span>
    </p>
   </div>
   <div class='ocr_carea' id='block_1_124' title="bbox 2193 5155 3839 5234">
    <p class='ocr_par' dir='ltr' id='par_1_124' title="bbox 2193 5155 3839 5234">
     <span class='ocr_line' id='line_1_130' title="bbox 2193 5155 3839 5234; baseline -0.001 -18"><span class='ocrx_word' id='word_1_901' title='bbox 2193 5167 2290 5216; x_wconf 77' lang='grc' dir='ltr'>τοῦ</span> <span class='ocrx_word' id='word_1_902' title='bbox 2323 5159 2542 5216; x_wconf 70' lang='grc' dir='ltr'><strong>λάκκον·</strong></span> <span class='ocrx_word' id='word_1_903' title='bbox 2577 5180 2697 5233; x_wconf 72' lang='lat' dir='ltr'>qua:</span> <span class='ocrx_word' id='word_1_904' title='bbox 2728 5155 2904 5233; x_wconf 65' lang='lat' dir='ltr'>ipsum</span> <span class='ocrx_word' id='word_1_905' title='bbox 2935 5181 2961 5216; x_wconf 87' lang='lat' dir='ltr'>e</span> <span class='ocrx_word' id='word_1_906' title='bbox 2993 5155 3116 5217; x_wconf 85' lang='lat' dir='ltr'>lacu</span> <span class='ocrx_word' id='word_1_907' title='bbox 3157 5155 3438 5234; x_wconf 72' lang='lat' dir='ltr'>extrahit.</span> <span class='ocrx_word' id='word_1_908' title='bbox 3490 5155 3647 5215; x_wconf 84' lang='lat' dir='ltr'>Post.</span> <span class='ocrx_word' id='word_1_909' title='bbox 3674 5155 3839 5234; x_wconf 51' lang='grc' dir='ltr'><strong>ξφησί,</strong></span> 
     </span>
    </p>
   </div>
   <div class='ocr_carea' id='block_1_125' title="bbox 2196 5231 3728 5308">
    <p class='ocr_par' dir='ltr' id='par_1_125' title="bbox 2196 5231 3728 5308">
     <span class='ocr_line' id='line_1_131' title="bbox 2196 5231 3728 5308; baseline -0.004 -18"><span class='ocrx_word' id='word_1_910' title='bbox 2196 5234 2550 5308; x_wconf 90' lang='lat' dir='ltr'>particulam</span> <span class='ocrx_word' id='word_1_911' title='bbox 2578 5231 2680 5308; x_wconf 73' lang='grc' dir='ltr'><strong>γάρ</strong></span> <span class='ocrx_word' id='word_1_912' title='bbox 2715 5231 3117 5308; x_wconf 74' lang='lat' dir='ltr'>supplevimus</span> <span class='ocrx_word' id='word_1_913' title='bbox 3141 5251 3210 5289; x_wconf 87' lang='lat' dir='ltr'>ex</span> <span class='ocrx_word' id='word_1_914' title='bbox 3234 5233 3412 5308; x_wconf 87' lang='lat' dir='ltr'>Coisl.</span> <span class='ocrx_word' id='word_1_915' title='bbox 3445 5237 3504 5287; x_wconf 92' lang='lat' dir='ltr'>et</span> <span class='ocrx_word' id='word_1_916' title='bbox 3534 5231 3728 5308; x_wconf 80' lang='lat' dir='ltr'>Ottob.</span> 
     </span>
    </p>
   </div>
   <div class='ocr_carea' id='block_1_126' title="bbox 2268 5304 3837 5381">
    <p class='ocr_par' dir='ltr' id='par_1_126' title="bbox 2268 5304 3837 5381">
     <span class='ocr_line' id='line_1_132' title="bbox 2268 5304 3837 5381; baseline -0.005 -20"><span class='ocrx_word' id='word_1_917' title='bbox 2268 5307 2346 5375; x_wconf 84' lang='lat'>(6)</span> <span class='ocrx_word' id='word_1_918' title='bbox 2370 5304 2602 5381; x_wconf 82' lang='lat' dir='ltr'>Quando</span> <span class='ocrx_word' id='word_1_919' title='bbox 2629 5304 2970 5381; x_wconf 67' lang='lat' dir='ltr'>homoapud</span> <span class='ocrx_word' id='word_1_920' title='bbox 2996 5322 3048 5360; x_wconf 88' lang='lat' dir='ltr'>se</span> <span class='ocrx_word' id='word_1_921' title='bbox 3077 5312 3277 5381; x_wconf 75' lang='lat' dir='ltr'>statuet</span> <span class='ocrx_word' id='word_1_922' title='bbox 3306 5307 3423 5381; x_wconf 88' lang='lat' dir='ltr'>_Deo</span> <span class='ocrx_word' id='word_1_923' title='bbox 3470 5305 3694 5370; x_wconf 79' lang='lat' dir='ltr'>servire,</span> <span class='ocrx_word' id='word_1_924' title='bbox 3726 5304 3837 5381; x_wconf 81' lang='lat' dir='ltr'>etc.</span> 
     </span>
    </p>
   </div>
   <div class='ocr_carea' id='block_1_127' title="bbox 2198 5377 3840 5434">
    <p class='ocr_par' dir='ltr' id='par_1_127' title="bbox 2198 5377 3840 5434">
     <span class='ocr_line' id='line_1_133' title="bbox 2198 5377 3840 5434; baseline -0.005 -1"><span class='ocrx_word' id='word_1_925' title='bbox 2198 5380 2358 5433; x_wconf 85' lang='lat' dir='ltr'>Hanc</span> <span class='ocrx_word' id='word_1_926' title='bbox 2388 5378 2602 5433; x_wconf 73' lang='lat' dir='ltr'>futuraa</span> <span class='ocrx_word' id='word_1_927' title='bbox 2638 5377 2930 5434; x_wconf 83' lang='lat' dir='ltr'>mercedis</span> <span class='ocrx_word' id='word_1_928' title='bbox 2961 5378 3520 5432; x_wconf 91' lang='lat' dir='ltr'>considerationem.</span> <span class='ocrx_word' id='word_1_929' title='bbox 3553 5393 3620 5429; x_wconf 90' lang='lat' dir='ltr'>ac</span> <span class='ocrx_word' id='word_1_930' title='bbox 3651 5377 3840 5428; x_wconf 84' lang='lat' dir='ltr'>conti-</span> 
     </span>
    </p>
   </div>
   <div class='ocr_carea' id='block_1_128' title="bbox 2196 5443 3842 5525">
    <p class='ocr_par' dir='ltr' id='par_1_128' title="bbox 2196 5443 3842 5525">
     <span class='ocr_line' id='line_1_134' title="bbox 2196 5443 3842 5525; baseline -0.005 -21"><span class='ocrx_word' id='word_1_931' title='bbox 2196 5450 2415 5525; x_wconf 62' lang='lat' dir='ltr'>nentia;</span> <span class='ocrx_word' id='word_1_932' title='bbox 2443 5450 2940 5525; x_wconf 85' lang='lat' dir='ltr'>observationem,</span> <span class='ocrx_word' id='word_1_933' title='bbox 2974 5467 3150 5520; x_wconf 90' lang='lat' dir='ltr'>quam</span> <span class='ocrx_word' id='word_1_934' title='bbox 3174 5449 3231 5525; x_wconf 86' lang='lat' dir='ltr'>_vi</span> <span class='ocrx_word' id='word_1_935' title='bbox 3262 5449 3402 5525; x_wconf 83' lang='lat' dir='ltr'>ﬁdei</span> <span class='ocrx_word' id='word_1_936' title='bbox 3434 5447 3529 5500; x_wconf 85' lang='lat' dir='ltr'>hic</span> <span class='ocrx_word' id='word_1_937' title='bbox 3552 5443 3842 5525; x_wconf 71' lang='lat' dir='ltr'>attribuit,</span> 
     </span>
    </p>
   </div>
   <div class='ocr_carea' id='block_1_129' title="bbox 2197 5517 3842 5588">
    <p class='ocr_par' dir='ltr' id='par_1_129' title="bbox 2197 5517 3842 5588">
     <span class='ocr_line' id='line_1_135' title="bbox 2197 5517 3842 5588; baseline -0.007 -11"><span class='ocrx_word' id='word_1_938' title='bbox 2197 5522 2260 5576; x_wconf 90' lang='lat' dir='ltr'>in</span> <span class='ocrx_word' id='word_1_939' title='bbox 2291 5527 2401 5577; x_wconf 90' lang='lat' dir='ltr'>cat.</span> <span class='ocrx_word' id='word_1_940' title='bbox 2440 5524 2523 5575; x_wconf 86' lang='grc'><strong>16.</strong></span> <span class='ocrx_word' id='word_1_941' title='bbox 2578 5523 2755 5588; x_wconf 80' lang='lat' dir='ltr'>n.l8,</span> <span class='ocrx_word' id='word_1_942' title='bbox 2792 5525 2856 5576; x_wconf 88' lang='grc'>19</span> <span class='ocrx_word' id='word_1_943' title='bbox 2913 5527 2972 5576; x_wconf 91' lang='lat' dir='ltr'>et</span> <span class='ocrx_word' id='word_1_944' title='bbox 2992 5517 3068 5576; x_wconf 54' lang='lat'>&#39;20</span> <span class='ocrx_word' id='word_1_945' title='bbox 3137 5521 3210 5576; x_wconf 88' lang='lat' dir='ltr'>ab</span> <span class='ocrx_word' id='word_1_946' title='bbox 3259 5519 3530 5574; x_wconf 89' lang='lat' dir='ltr'>intimam</span> <span class='ocrx_word' id='word_1_947' title='bbox 3591 5517 3842 5586; x_wconf 87' lang='lat' dir='ltr'>Spiritus</span> 
     </span>
    </p>
   </div>
   <div class='ocr_carea' id='block_1_130' title="bbox 2201 5589 3841 5654">
    <p class='ocr_par' dir='ltr' id='par_1_130' title="bbox 2201 5589 3841 5654">
     <span class='ocr_line' id='line_1_136' title="bbox 2201 5589 3841 5654; baseline -0.008 -4"><span class='ocrx_word' id='word_1_948' title='bbox 2201 5595 2388 5650; x_wconf 89' lang='lat' dir='ltr'>sancti</span> <span class='ocrx_word' id='word_1_949' title='bbox 2419 5595 2682 5650; x_wconf 87' lang='lat' dir='ltr'>animam</span> <span class='ocrx_word' id='word_1_950' title='bbox 2713 5595 2980 5648; x_wconf 89' lang='lat' dir='ltr'>docentis</span> <span class='ocrx_word' id='word_1_951' title='bbox 3001 5592 3385 5648; x_wconf 88' lang='lat' dir='ltr'>efﬁcientiam</span> <span class='ocrx_word' id='word_1_952' title='bbox 3405 5589 3622 5652; x_wconf 86' lang='lat' dir='ltr'>refert;</span> <span class='ocrx_word' id='word_1_953' title='bbox 3646 5592 3712 5640; x_wconf 92' lang='lat' dir='ltr'>ut</span> <span class='ocrx_word' id='word_1_954' title='bbox 3741 5601 3841 5654; x_wconf 89' lang='lat' dir='ltr'>ap-</span> 
     </span>
    </p>
   </div>
   <div class='ocr_carea' id='block_1_131' title="bbox 2200 5659 3835 5740">
    <p class='ocr_par' dir='ltr' id='par_1_131' title="bbox 2200 5659 3835 5740">
     <span class='ocr_line' id='line_1_137' title="bbox 2200 5659 3835 5740; baseline -0.007 -18"><span class='ocrx_word' id='word_1_955' title='bbox 2200 5672 2403 5740; x_wconf 88' lang='lat' dir='ltr'>pareat</span> <span class='ocrx_word' id='word_1_956' title='bbox 2433 5666 2495 5720; x_wconf 92' lang='lat' dir='ltr'>in</span> <span class='ocrx_word' id='word_1_957' title='bbox 2525 5665 2728 5738; x_wconf 86' lang='lat' dir='ltr'>Cyrilli</span> <span class='ocrx_word' id='word_1_958' title='bbox 2770 5665 3040 5722; x_wconf 90' lang='lat' dir='ltr'>doctrina</span> <span class='ocrx_word' id='word_1_959' title='bbox 3088 5665 3268 5721; x_wconf 91' lang='lat' dir='ltr'>ﬁdem</span> <span class='ocrx_word' id='word_1_960' title='bbox 3297 5661 3398 5716; x_wconf 91' lang='lat' dir='ltr'>Dei</span> <span class='ocrx_word' id='word_1_961' title='bbox 3431 5659 3652 5713; x_wconf 89' lang='lat' dir='ltr'>donum</span> <span class='ocrx_word' id='word_1_962' title='bbox 3683 5670 3835 5710; x_wconf 87' lang='lat' dir='ltr'>esse.</span> 
     </span>
    </p>
   </div>
  </div>
