4152 6264
385 274 496 375 5n

1455 318 1523 378 S.
1569 315 1883 379 CYRILLI
1925 312 2339 376 HIEROSOL.
2390 313 2757 374 ARCHIEP.

3688 320 3819 379 1512

386 463 517 518 quas
548 446 694 519 legis
746 448 951 520 ﬁguris
979 465 1134 505 unus
1191 451 1364 506 nobis
1405 456 1497 506 sat
1547 451 1660 505 erit
1714 450 2022 521 Abraham,

2148 446 2424 521 αὐτάρκης
2453 443 2510 501 δὲ
2537 447 2674 507 τέως
2699 448 2833 518 ἡμῖν
2865 443 3003 500 ἔστω
3031 451 3138 501 τῶν
3171 446 3230 502 ἐκ
3275 451 3374 512 τῆς
3414 447 3668 512 ΙΙαλαιᾶς
3710 450 3821 504 τύ-

380 535 862 607 quandoquidem
887 539 1065 611 hujus
1088 541 1266 596 etiam
1293 557 1399 612 per
1429 541 1606 595 ﬁdem
1638 541 1744 594 ﬁlii
1770 540 1904 594 facti
1931 557 2032 594 su-

379 642 510 682 mus
531 626 598 682 59.
657 629 762 682 llle
809 647 928 684 non
962 647 1031 685 ex
1090 633 1370 703 operibus
1430 632 1620 686 solum
1670 632 2034 703 justiﬁcatus

379 720 486 783 est,
521 733 722 772 verum
755 719 931 773 etiam
965 736 1034 774 ex
1064 720 1263 774 ﬁdem.
1298 721 1478 774 Multa
1507 721 1668 775 enim
1696 726 1852 775 recte
1875 719 2032 774 fece-

376 810 504 871 rat;
540 806 641 860 sed
683 823 991 877 nunquam
1045 809 1271 864 amicus
1301 810 1402 863 Dei
1456 809 1788 880 appellatus
1839 814 1928 864 est
1957 809 2032 876 τί,

378 891 493 946 nisi
518 899 832 964 postquam
864 895 1201 964 credidit",
1258 898 1360 952 sed
1409 903 1466 952 et
1495 914 1670 953 omne
1701 915 1853 969 opus
1903 898 2032 969 ejus

379 999 486 1054 per
517 983 694 1038 ﬁdem
737 986 1060 1056 perfectum
1114 991 1220 1041 est.
1254 986 1391 1041 Fide
1421 987 1667 1057 reliquit
1719 992 2028 1058 parentes:

376 1071 652 1141 patriam,
685 1075 1007 1145 regionem,
1041 1079 1101 1130 et
1121 1075 1362 1130 domum
1381 1093 1486 1147 per
1511 1077 1689 1132 ﬁdem
1721 1076 1966 1147 reliquit
1984 1077 2030 1112 ⁷³

376 1160 884 1224 Quemadmodum
944 1164 1123 1236 igitur
1173 1165 1538 1236 justiﬁcatus
1569 1171 1659 1220 est
1713 1164 1898 1233 ille“,
1949 1166 2032 1220 ita

369 1248 721 1319 justiﬁceris
754 1257 811 1306 et
857 1257 938 1307 tu.
984 1255 1262 1308 Emortuo
1293 1254 1355 1308 in
1382 1260 1689 1326 posterum
1741 1256 1815 1310 ad
1845 1254 2029 1310 susci-

374 1338 626 1410 piendos
671 1341 890 1397 liberos
923 1360 1167 1415 corpore
1225 1349 1388 1400 erat:
1445 1361 1626 1400 senex
1683 1345 1842 1400 enim
1874 1346 2028 1416 ipse,

381 1444 561 1483 anum
592 1431 848 1486 habebat
878 1449 1122 1488 uxorem
1154 1435 1376 1501 Saram,
1410 1451 1520 1490 nec
1551 1435 1674 1489 ulla
1703 1451 1838 1506 spes
1874 1434 2018 1489 libe-

380 1535 582 1573 rorum
614 1520 849 1590 reliqua
879 1527 1046 1590 erat;
1109 1524 1234 1577 seni
1294 1525 1446 1578 Deus
1477 1524 1706 1595 prolem
1765 1524 2026 1578 futuram

382 1607 732 1678 pollicetur:
766 1615 826 1662 at
856 1610 956 1664 ille
989 1627 1107 1664 non
1140 1611 1485 1667 debilitatus
1513 1618 1601 1667 est
1633 1612 1747 1667 ﬁde
1777 1611 1865 1677 75;
1899 1629 2028 1666 cor-

375 1713 605 1767 pusque
633 1714 804 1751 suum
831 1700 956 1770 jam
989 1707 1322 1755 emortuum
1359 1701 1767 1768 considerans,
1802 1718 1921 1755 non
1954 1702 2026 1756 ad

375 1786 640 1856 corporis
678 1786 1147 1856 imbecilitatem,
1181 1791 1283 1844 sed
1314 1790 1386 1844 ad
1415 1791 1813 1861 promittentis
1863 1795 2027 1861 pote-

384 1880 597 1930 statem
645 1877 930 1942 attendit;
957 1878 1194 1933 ﬁdelem
1223 1880 1568 1934 existimans
1601 1896 1735 1934 eum
1768 1895 1896 1934 esse
1925 1879 2025 1950 qui

383 1963 738 2035 promiserat
766 1967 829 2033 ⁷⁸,
859 1973 1036 2038 atque
1068 1968 1149 2023 ita
1180 1985 1249 2023 ex
1280 1969 1531 2023 mortuis
1559 1970 1601 2010 ⁷⁷
1632 1969 2025 2039 quodammo-

383 2054 456 2109 do
487 2055 830 2127 corporibus
859 2063 1076 2128 przeter
1096 2059 1438 2131 opinionem
1459 2059 1650 2114 ﬁliuni
1673 2063 2026 2114 consecutus

381 2148 490 2200 est.
550 2145 772 2201 Deinde
841 2147 1150 2202 obtentum
1191 2149 1399 2220 jussus
1452 2150 1663 2204 oﬂ'erre
1713 2148 1902 2203 ﬁlium
1955 2147 2021 2216 ⁷⁸,

380 2233 646 2305 quamvis
669 2235 797 2307 jam
827 2236 1092 2292 audisset
1116 2235 1264 2292 illud
1290 2255 1303 2292 :
1334 2241 1399 2293 In
1428 2240 1582 2293 Isaac
1609 2238 1897 2293 vocabitur
1926 2238 2026 2292 tibi

373 2338 550 2378 semen
607 2322 674 2394 "9,
708 2324 923 2381 obtulit
977 2327 1171 2382 ﬁlium
1226 2344 1399 2382 suum
1454 2327 1827 2400 unigenitum
1879 2327 2019 2394 Deo,

370 2411 619 2468 credens
643 2414 802 2485 quod
825 2419 882 2469 et
905 2431 974 2470 ex
995 2416 1247 2471 mortuis
1261 2417 1547 2472 suscitare
1564 2421 1760 2488 potest
1783 2418 1932 2472 Deus
1953 2414 2022 2471 ⁸ο.

373 2503 638 2575 Cumque
670 2505 968 2576 colligarit
997 2506 1186 2561 ﬁlium
1218 2525 1390 2562 suum
1424 2513 1481 2562 et
1510 2508 1688 2579 lignis
1717 2507 2024 2578 imposue-

371 2591 470 2660 rit,
502 2591 804 2647 voluntate
836 2592 1078 2664 quidem
1128 2595 1510 2651 sacriﬁcavit:
1550 2612 1758 2650 verum
1788 2596 1888 2650 Dei
1920 2595 2027 2649 bo-

373 2681 577 2748 nitate,
608 2698 822 2755 agnum
845 2683 960 2755 ipsi
992 2683 1100 2738 ﬁlii
1127 2683 1256 2740 loco
1284 2685 1763 2741 substituendum
1785 2685 2026 2740 traden—

374 2769 472 2838 tis,
508 2771 698 2826 ﬁlium
728 2772 922 2827 vivum
951 2773 1176 2844 recepit
1194 2774 1262 2830 ⁸¹.
1291 2775 1630 2846 Propterea,
1662 2791 1798 2829 cum
1831 2773 2024 2828 ﬁdelis

375 2864 552 2927 esset,
583 2859 928 2932 obsignatus
977 2867 1068 2916 est
1096 2861 1156 2915 in
1181 2861 1501 2932 justitiam,
1535 2867 1593 2917 et
1621 2860 2020 2916 circumcisio-

375 2965 514 3004 nem
545 2951 774 3021 accepit
803 2950 1176 3023 signaculum
1207 2950 1348 3006 ﬁdei
1375 2967 1551 3022 quam
1574 2951 1783 3006 habuit
1803 2951 1863 3005 in
1880 2967 2026 3022 prai-

370 3039 534 3110 putio
563 3039 629 3108 η,
662 3040 1057 3111 promissione
1115 3046 1358 3113 accepta
1399 3058 1460 3096 se
1509 3041 1777 3097 futurum
1805 3040 2021 3096 multa-

369 3144 504 3182 rum
535 3129 801 3200 gentium
833 3135 1063 3200 patrem
1091 3128 1158 3186 ⁸³.

444 3190 1016 3283 νΙ.υΩυοιιαωῖῐιοᾱο
1047 3221 1226 3292 igitur
1274 3221 1596 3276 multarum
1645 3221 1911 3293 gentium
1941 3222 2020 3275 Α·
2047 3190 2090 3257 C

374 3305 624 3362 braham
652 3308 728 3362 sit
758 3315 944 3380 pater,
1004 3308 1329 3365 videamus.
1386 3309 1723 3365 Judaaorum
1780 3309 2019 3380 quidem

2138 557 2254 589 πων
2292 535 2456 608 μόνος
2485 530 2760 608 ’Λϐραὰμ
2807 532 2993 605 ἐπειδή
3053 535 3306 590 κάκείνου
3354 537 3655 612 γεγόναμεν
3694 540 3818 594 υἱοὶ

2140 622 2228 678 διὰ
2266 631 2367 694 τῆς
2423 624 2671 688 πίστεως.
2731 627 2970 686 Ἐκεῖνος
3011 624 3110 679 οὐκ
3142 624 3190 698 ἐξ
3223 621 3391 700 ἔργων
3454 628 3618 699 μόνον
3685 625 3813 683 ἐδιο

2136 715 2372 784 καιώθη,
2429 713 2574 769 ἀλλὰ
2628 714 2719 769 καὶ
2775 713 2834 768 ἐκ
2889 714 3120 776 πίστεως
3177 717 3275 788 (1).
3335 715 3526 772 Πολλὰ
3560 718 3661 790 μὲν
3699 720 3810 793 γὰρ

2134 807 2506 879 κατώρθωσεν’
2543 805 2668 860 ἀλλ’
2709 803 2968 860 οὐδέποτε
2997 805 3155 883 φίλος
3188 810 3320 861 Θεοῦ
3369 807 3608 878 ἐκλήθη,
3667 809 3811 865 ἀλλ’

2133 893 2223 948 ὅτε
2253 893 2548 949 ἐπίστευσε’
2581 894 2671 948 καὶ
2733 901 2835 949 πᾶν
2892 891 2949 948 δὲ
3005 890 3160 970 ἔργον
3219 895 3382 949 αὐτοῦ
3437 897 3577 951 κατᾶ
3607 898 3807 952 πίστιν

2133 981 2458 1040 τετέλεσται.
2522 983 2795 1040 Κατέλιπε
2848 984 3037 1060 γονέας
3097 981 3184 1038 διὰ
3260 986 3461 1039 πίστιν·
3518 987 3804 1042 κατέλιπε

2135 1069 2415 1146 πατρίδα,
2473 1070 2562 1128 καί
2614 1073 2843 1148 χώραν,
2900 1071 2990 1127 καὶ
3049 1071 3220 1127 οἰκίαν
3281 1070 3370 1128 διὰ
3419 1075 3518 1143 τὴν
3578 1074 3802 1133 πίστιν.

2132 1177 2331 1245 Ὠσπερ
2393 1171 2482 1225 οὗν
2545 1171 2746 1231 ἐκεῖνος
2793 1168 3110 1242 ἐδικαιώθη,
3161 1171 3252 1225 καὶ
3311 1171 3373 1225 σὺ
3431 1169 3804 1245 δικαιώθητι.

2133 1262 2338 1336 Νεκρὸς
2393 1260 2459 1329 ἦν
2515 1260 2709 1316 λοιπὸν
2768 1265 2848 1333 τῷ
2908 1261 3121 1333 σώματι
3179 1261 3316 1335 πρὸς
3371 1263 3732 1338 τεκνογονίαν
3788 1281 3804 1294 °

2131 1346 2436 1425 πρεσϐύτης
2468 1350 2571 1426 γὰρ
2616 1351 2702 1421 ἦν,
2753 1351 2840 1404 καὶ
2874 1344 3208 1423 πρεσϐύτιδα
3262 1350 3458 1406 λοιπὸν
3508 1345 3642 1426 ἔσχε
3697 1355 3806 1422 τήν

2131 1440 2376 1514 γαμετὴν
2413 1439 2646 1516 Σάρῥαν,
2678 1439 2766 1494 καὶ
2799 1439 3139 1515 τεκνογονίας
3193 1437 3349 1502 ἐλπὶς
3407 1438 3638 1514 οὐδεμία
3665 1462 3807 1497 κατ-

2131 1527 2397 1585 ελείπετο.
2430 1529 2486 1582 ’0
2513 1528 2642 1590 Θεὸς
2671 1532 2754 1600 τῷ
2808 1523 3082 1604 πρεσϐύτῃ
3139 1528 3478 1605 τεκνογονίαν
3514 1529 3809 1606 ἐπαγγέλ-

2131 1616 2303 1672 λεται·
2379 1617 2470 1672 καὶ
2548 1618 2625 1689 μὴ
2684 1617 2981 1688 ἀσθενήσας
3037 1621 3104 1692 τῇ
3164 1618 3340 1673 πίστει
3395 1620 3421 1673 ὁ
3480 1614 3752 1695 Ἀϐραὰμ
3791 1664 3807 1692 ,

2129 1706 2218 1760 καὶ
2271 1708 2609 1776 κατανοήσας
2665 1708 2727 1761 τὸ
2758 1707 2949 1762 ἑαυτοῦ
3008 1711 3167 1780 σῶμα
3197 1705 3303 1777 ἤδη
3359 1711 3803 1785 νενεκρωμένον,

2057 1817 2103 1883 Β
2133 1795 2194 1850 οὐ
2223 1799 2291 1868 τῇ
2321 1799 2417 1850 τοῦ
2470 1797 2723 1868 σώματος
2771 1795 3036 1867 ἀσθενείᾳ,
3094 1795 3238 1851 ἀλλά
3293 1800 3361 1870 τῇ
3421 1794 3663 1871 δυπάμει
3699 1801 3805 1852 τοῦ

2132 1883 2566 1960 ἐπαγγέλλοντος
2618 1885 2907 1960 προσέχων
2943 1928 2958 1953 ,
3016 1886 3208 1940 πιστὸν
3280 1886 3629 1962 ἡγησάμενος
3699 1887 3797 1942 τὸν

2132 1965 2629 2041 ἐπαγγειλάμενον,
2677 1966 2858 2042 ὥσπερ
2918 1965 2978 2021 ἐκ
3031 1970 3445 2040 νενεκρωμὲνων
3509 1967 3798 2041 σωμάτων

2130 2052 2450 2131 παραδόξως
2503 2057 2566 2110 τὸ
2621 2054 2804 2110 τέκνον
2863 2054 3148 2126 ἐκτήσατο.
3211 2055 3315 2113 Καὶ
3374 2055 3508 2129 μετὰ
3553 2057 3616 2112 τὸ
3649 2058 3800 2128 κτή-

2131 2147 2320 2200 σασθαι
2376 2144 2685 2209 κελευσθεὶς
2737 2145 3089 2219 προσενέγκαι
3153 2145 3246 2199 τὸν
3305 2145 3428 2199 Υἱὸν
3482 2145 3798 2220 (καίτοιγε

2131 2234 2360 2297 ἀκούσας
2417 2235 2480 2290 τὸ
2513 2282 2529 2307 ,
2613 2236 2698 2292 Ἐν
2788 2235 2968 2292 Ἰσαὰκ
3044 2232 3380 2306 κληθήσεταί
3461 2237 3738 2312 σπέρμα)
3779 2280 3794 2307 ,

2129 2322 2429 2401 προσέφερε
2455 2324 2548 2379 τὸν
2581 2324 2694 2379 υἱὸν
2735 2324 2829 2379 τὸν
2866 2328 3134 2400 μονογενῆ
3164 2328 3245 2397 τῷ
3295 2329 3432 2395 Θεῷ,
3464 2325 3793 2396 πιστεύσας,

2131 2412 2213 2468 ὅτι
2252 2414 2342 2468 καὶ
2391 2413 2451 2469 ἐκ
2478 2418 2680 2489 νεκρῶν
2714 2413 2918 2489 ἐγεῖραι
2952 2410 3170 2468 δύναται
3225 2415 3253 2468 ὁ
3303 2415 3451 2476 Θεόςο
3483 2415 3575 2470 καὶ
3629 2436 3792 2488 συμ-

2128 2499 2355 2566 ποδίσας
2385 2505 2458 2576 (2)
2489 2504 2580 2558 τὸν
2603 2503 2718 2558 υἱὸν
2750 2501 2841 2557 καὶ
2888 2507 3006 2565 τοῖς
3037 2500 3219 2573 ξύλοις
3267 2500 3492 2572 ἐπιθεὶς,
3522 2507 3592 2577 τῇ
3643 2525 3794 2579 προ-

2131 2613 2329 2667 αιρεσει
2389 2592 2483 2664 μὶν
2537 2593 2900 2667 προσήνεγκεν
2937 2635 2950 2661 ,
3010 2589 3325 2666 ἀγαθωσύνῃ
3382 2588 3439 2646 δὲ
3498 2597 3634 2647 Θεοῦ
3691 2594 3789 2648 τὸν

2129 2681 2245 2734 υἱὸν
2277 2675 2440 2735 ἔλαϐε
2474 2684 2668 2750 ζῶντα,
2711 2679 2878 2752 ἀμνὸν
2927 2679 3076 2751 αὐτῷ
3124 2676 3462 2753 παραδόντος
3517 2681 3652 2752 ὑπὶρ
3686 2683 3790 2735 τοῦ

2127 2769 2339 2825 τέκνου.
2375 2769 2496 2825 Ἑπί
2543 2767 2757 2830 τούτοις
2815 2768 3006 2830 πιστὸς
3063 2764 3159 2840 ὢν,
3217 2767 3552 2846 ἐσφραγίσθη
3586 2768 3666 2831 εἷς
3698 2767 3790 2824 δι-

2127 2857 2444 2929 καιοσύνην,
2474 2858 2566 2913 καὶ
2621 2859 2927 2933 περιτομὴν
2987 2850 3173 2925 ἔλαϐε,
3223 2854 3489 2934 σφραγῖδα
3535 2865 3636 2927 τῆς
3686 2858 3784 2913 πί-

2130 2967 2296 3009 στεως
2324 2953 2425 3016 τῆς
2453 2945 2504 3002 ἐν
2546 2950 2616 3021 τῇ
2673 2941 3024 3022 ἀκροϐυστίᾳ,
3084 2939 3270 3000 λαϐὼν
3316 2945 3660 3022 ἐπαγγελίαν,
3697 2946 3783 3003 ὅτι

2127 3037 2310 3112 πατὴρ
2341 3030 2487 3091 ἔσται
2517 3031 2747 3090 πολλῶν
2776 3033 2969 3091 ἐθνῶν.

2203 3221 2262 3285 ζ’.
2323 3218 2446 3278 Πῶς
2501 3213 2684 3269 τοίνυν
2771 3212 2883 3268 ἐστὶ
2965 3214 3146 3290 πατὴρ
3229 3213 3458 3270 πολλῶν
3525 3213 3696 3269 ἐθνῶν
3754 3214 3783 3268 ὁ

2132 3300 2406 3380 Ἀϐραὰμ,
2441 3301 2667 3379 ἴδωμεν.
2724 3300 2999 3361 Ἰουδαίων
3055 3305 3150 3378 μὶν
3207 3304 3310 3381 γὰρ
3365 3302 3506 3358 ἐστιν
3561 3303 3784 3377 ὁμολο-

448 3443 495 3479 ⁶⁹
525 3447 692 3500 Rom.
728 3463 803 3514 IV,
840 3449 898 3500 11
930 3461 942 3513 ;
978 3445 1162 3502 Galat.
1191 3463 1272 3512 ιιι,
1306 3450 1359 3513 7,
1415 3446 1462 3482 ’⁸ο
1489 3448 1608 3502 Jac.
1641 3464 1699 3514 ιι,
1729 3448 1819 3502 21.
1879 3445 1923 3482 τί
1953 3445 2022 3500 ibi

2137 3448 2226 3500 23.
2283 3443 2332 3479 7³
2361 3445 2503 3500 Gen.
2537 3462 2626 3513 xv,
2686 3446 2738 3498 6.
2800 3442 2845 3478 ⁷³
2875 3443 3048 3501 Hebr.
3077 3461 3155 3511 xi,
3189 3445 3242 3512 8,
3300 3446 3356 3514 9,
3387 3445 3474 3514 10,
3531 3442 3578 3478 ⁷⁸
3606 3445 3780 3498 Rom.

375 3531 453 3588 iv,
477 3518 564 3571 23'
615 3517 663 3551 ⁷⁵
691 3513 859 3573 Rom.
894 3535 966 3582 iv,
1001 3522 1087 3574 19.
1147 3516 1195 3552 ⁷⁸
1224 3518 1396 3574 Hebr.
1430 3536 1507 3586 xi,
1536 3522 1627 3575 11.
1689 3513 1735 3553 ⁷⁷⁷
1766 3518 1910 3574 ibid.
1946 3521 2022 3572 12.

2131 3517 2138 3550 ⁵
2170 3519 2312 3573 Gen.
2347 3533 2484 3588 xxn,
2517 3534 2648 3588 sqq.
2707 3514 2753 3550 7°
2781 3517 2922 3573 Gen.
2976 3532 3093 3584 xxi,
3150 3519 3235 3570 12.
3293 3513 3339 3550 ³⁸
3369 3513 3544 3569 Hebr.
3577 3531 3653 3584 xi,
3691 3518 3780 3571 19.

370 3584 412 3624 ⁸³
445 3589 587 3643 Gen.
618 3606 755 3656 xxn,
787 3591 927 3644 9-13.
987 3588 1033 3623 8⁸
1064 3592 1230 3645 Rom.
1265 3607 1338 3658 ιν,
1368 3593 1450 3645 ll.
1493 3584 1558 3624 '33
1589 3592 1731 3645 Gen.
1759 3608 1890 3660 xvu,
1925 3594 1976 3648 5.

445 3708 522 3772 (1)
550 3701 728 3759 Ἀλλὰ
753 3705 841 3760 καὶ
867 3705 926 3761 ἐκ
955 3705 1206 3776 πίστεως,
1228 3723 1414 3762 verum
1445 3705 1610 3761 etiam
1631 3723 1700 3762 ex
1718 3707 1842 3777 ﬁde.
1869 3709 2022 3762 Con-

366 3777 742 3851 junctionem
781 3779 868 3833 καὶ
904 3781 963 3834 in
997 3779 1171 3835 editis
1205 3779 2021 3851 prwtermissam,adjecimus

379 3865 448 3921 ex
473 3849 641 3904 codd.
676 3852 817 3919 Roe,
859 3851 1105 3908 Casaub.
1140 3849 1399 3907 et_Grod.
1434 3851 1594 3904 Hanc
1624 3849 1884 3921 postulat
1916 3868 2022 3905 vox

378 3917 538 3990 μόνον
571 3917 946 3992 praecedens:
980 3925 1123 3978 dum
1154 3923 1316 3978 enim
1346 3929 1522 3993 negat
1549 3917 1756 3976 auctor
1789 3939 1856 3976 ea:
1892 3924 2020 3977 solis

377 3993 629 4062 aperibus
651 3994 1046 4064 justiﬁcatum
1079 4011 1208 4050 esse
1257 3993 1680 4055 Abrahamum,
1717 4009 1784 4046 ea
1814 3993 2018 4063 utique

376 4078 496 4118 non
527 4065 808 4135 excludit,
841 4067 943 4122 sed
973 4085 1108 4122 curn
1128 4066 1314 4120 altera
1343 4081 1404 4119 re
1435 4064 1742 4134 requisita,
1779 4064 1894 4119 ﬁde
1925 4065 2019 4118 ni-

373 4135 615 4210 mirum,
653 4139 979 4210 conjungit.
1007 4141 1144 4202 Quas
1167 4137 1408 4210 quidem
1431 4137 1599 4210 ﬁdes,
1623 4143 1687 4188 ut
1707 4135 1860 4190 infra
1883 4135 2018 4210 sub:

374 4205 479 4267 dit.
513 4208 691 4280 etiam
718 4205 984 4264 omnium
1015 4205 1481 4280 praecedentium
1511 4209 1638 4278 ejus
1661 4224 1907 4280 operum
1930 4207 2020 4280 vel

373 4279 680 4350 comesvel
705 4278 1064 4350 principium
1085 4280 1215 4334 fuit.
1237 4281 1301 4332 ln
1335 4278 1505 4333 codd.
1542 4281 1658 4333 Boe
1686 4285 1744 4332 et
1765 4279 2012 4335 Casaub.

373 4347 539 4404 deest
569 4347 734 4404 (Ξιλλδῐ⁹
763 4358 829 4406 ut
854 4347 931 4407 sit
953 4368 1161 4406 sensus
1187 4367 1200 4404 :
1238 4353 1352 4406 Non
1383 4367 1452 4403 ex:
1479 4351 1606 4404 solis
1637 4351 1890 4418 operibus
1913 4351 2013 4420 ju-

369 4423 634 4489 stiﬁcatus
663 4429 760 4489 est,
792 4431 843 4478 et
874 4440 942 4478 ea:
965 4424 1090 4493 ﬁde.
1125 4421 1327 4493 Palam
1367 4437 1582 4493 manca
1611 4423 1973 4493 constructio
2000 4439 2012 4487 ;

370 4464 602 4566 egt'quid
622 4464 842 4564 printer:
858 4464 1037 4566 opera
1059 4499 1118 4549 et
1144 4492 1321 4566 ﬁdem
1345 4492 1612 4566 requiras
1636 4464 2015 4566 adjustiﬁca:
2047 4466 2092 4530 D

373 4562 642 4639 tionem?
687 4562 932 4623 Casaub.
966 4566 1078 4639 legi
1137 4565 1278 4632 vult,
1333 4563 1698 4617 detrahendo
1727 4562 1736 4563 “
1761 4562 1925 4633 μόνον
1948 4570 2017 4639 _et

368 4632 479 4703 καί,
512 4638 629 4692 Non
661 4655 728 4693 ea:
767 4632 1378 4709 operibusﬁ'ustiﬁcatus
1429 4641 1528 4703 est,
1563 4632 1768 4688 verum
1790 4651 1858 4688 em
1885 4636 2011 4704 ﬁde.

369 4709 443 4761 At
471 4724 672 4763 vocem
703 4709 1016 4765 detruncat
1035 4725 1212 4781 quam
1240 4722 1447 4781 omnes
1469 4723 1613 4781 mss:
1645 4709 2017 4781 consentien-

370 4784 456 4833 tes
471 4787 928 4850 repraesentant:
955 4777 1308 4836 sententiam
1327 4778 1557 4850 afﬁngit
1577 4777 1814 4847 Cyrillo,
1838 4777 2014 4848 plane

371 4850 783 4908 adversantem
839 4853 1032 4908 verbis
1092 4852 1280 4907 sancti
1319 4850 1539 4916 Jacobi,
1573 4865 1700 4919 cap.
1733 4865 1793 4916 ιι,
1825 4853 1916 4913 21,
1948 4853 2015 4903 22

369 4926 428 4976 et
457 4923 544 4995 '23,
579 4940 710 4992 quas
741 4925 993 4993 Cyrillus
1022 4925 1118 4978 hic
1151 4941 1269 4995 pra;
1292 4921 1480 4977 oculis
1513 4920 1739 4995 habuit,
1765 4936 2014 4995 quisque

367 4992 584 5064 partim
611 4992 798 5064 citat,
836 4996 1051 5064 partim
1101 4992 1394 5049 al’lusione
1429 4998 1486 5046 et
1515 4993 1858 5064 paraphrasi
1892 5010 2013 5047 sua:

369 5062 620 5136 orationi
653 5062 928 5135 adaptat:
988 5066 1061 5120 ad
1112 5067 1239 5119 haec
1271 5062 1716 5136 separatiopera
1748 5065 2014 5136 etiﬁdem

369 5133 640 5207 Abrahae,
656 5133 786 5205 quas
799 5136 1051 5207 Cyrillus
1065 5133 1554 5205 conjunctissima
1568 5133 1768 5203 {'oluit,
1788 5135 1928 5190 dum
1944 5153 2014 5190 ex

366 5206 665 5274 Apostolo,
700 5206 872 5262 Hebr.
905 5224 980 5274 χι,
1013 5208 1066 5271 8,
1090 5224 1246 5261 omne
1274 5223 1407 5277 opus
1437 5207 1672 5261 Abrahae
1717 5207 2012 5262 secundum

369 5291 472 5329 seu
506 5277 700 5349 potius
722 5295 828 5349 per
854 5279 1037 5347 ﬁdem,
1071 5284 1135 5332 ut
1163 5295 1232 5332 ex
1264 5277 1648 5348 sequentibus
1679 5285 1860 5349 patet,
1879 5294 2009 5349 per-

365 5349 572 5420 fectum
599 5347 761 5404 dicit.
787 5351 900 5404 Nec
918 5349 1112 5405 obstat
1132 5350 1290 5419 quod
1313 5347 1564 5420 Cyrillus
1584 5347 2007 5419 Abrahamum,

365 5417 714 5493 priusquam
729 5421 1016 5486 crederet,
1032 5426 1088 5475 et
1100 5417 1324 5493 amicus
1344 5417 1443 5493 Dei
1463 5417 2010 5493 appellaretur.jam

366 5487 763 5564 multa’opera
791 5493 1108 5564 perfecisse
1128 5491 1323 5564 dicere
1355 5487 1620 5564 videat-ur
1644 5509 1657 5558 ;
1681 5492 1832 5547 hanc
1853 5487 2009 5548 enim

364 5561 730 5636 sententiam,
751 5561 925 5635 paulo
955 5569 1089 5634 post
1117 5562 1550 5636 quodammodo
1581 5564 1837 5636 corrigit,
1869 5565 2010 5620 dum

364 5646 518 5706 omne
533 5647 666 5703 opus
678 5633 816 5705 θέας,
834 5633 1049 5706 nempe
1071 5633 1230 5705 quod
1253 5633 1497 5706 reliquit
1512 5633 2010 5706 patriani,paren-

364 5652 518 5686 nume
533 5652 666 5703 opus
678 5652 816 5705 ejus,
834 5652 1049 5706 nempe
1071 5652 1230 5705 quoa
1253 5652 1497 5704 reliquit
1512 5652 2007 5758 platriammaren-

364 5704 476 5778 tes,
511 5709 649 5780 etc.,
678 5723 748 5764 ea:
765 5707 872 5782 ﬁde
894 5709 1206 5781 perfectum
1226 5704 1500 5762 afﬁrmat.
1577 5722 1659 5761 asc
1681 5706 1858 5780 igitur
1880 5723 2007 5763 ver-

2132 3707 2227 3778 ba,
2282 3707 2503 3778 quando
2551 3705 2807 3778 credidit,
2864 3703 2953 3757 ὅτε
2983 3699 3278 3778 ἐπίστευσε,
3335 3719 3455 3778 non
3511 3701 3772 3778 primum

2133 3773 2270 3832 ﬁdei
2289 3773 2552 3832 'Abrahaa
2597 3777 2832 3831 initium
2877 3775 3226 3842 respiciunt,
3260 3773 3359 3829 sed
3402 3773 3777 3842 distinguunt

2133 3793 2270 3832 nam
2303 3793 2552 3832 Abranae
2597 3793 2832 3831 mitium
2877 3793 2972 3831 res
3019 3793 3226 3841 icium,
3260 3793 3359 3829 seu
3402 3793 3773 3842 uisunguunt

2133 3850 2311 3905 ﬁdem
2343 3850 2532 3920 ipsam
2561 3849 2909 3915 solitariam,
2942 3793 3014 3902 ag
3039 3847 3410 3920 operibusex
3432 3845 3546 3900 ﬁde
3577 3847 3773 3920 factis.

2134 3917 2480 3992 Vultitaque
2507 3921 2780 3992 Cyrillus,
2801 3934 3141 3990 quanquam
3171 3917 3467 3992 Abraham
3492 3917 3678 3992 multa
3705 3934 3778 3974 ex

2131 3992 2246 4047 ﬁde
2267 3989 2447 4062 opera
2478 3989 2840 4062 perfecisset.
2875 3993 3058 4045 Deum
3082 3998 3306 4062 tamen,
3335 3989 3408 4062 ad
3440 3991 3777 4044 testandam

2131 4065 2267 4118 ﬁdei
2299 4061 2433 4128 vim,
2479 4061 2731 4118 Abrahm
2779 4063 3077 4134 justitiam
3125 4061 3631 4134 nongdeclarasse,
3666 4078 3776 4116 nec

2129 4151 2265 4190 eum
2281 4136 2538 4190 amicum
2560 4151 2730 4190 suum
2755 4132 3084 4205 appellasse
3109 4150 3122 4200 ;
3152 4132 3267 4205 nisi
3295 4148 3430 4186 cum
3454 4134 3778 4203 specialem

2128 4207 2298 4261 illum
2334 4206 2470 4260 ﬁdei
2503 4223 2623 4260 sua;
2651 4204 2849 4261 actum
2886 4205 3088 4270 edidit,
3127 4204 3227 4274 qui
3259 4204 3487 4273 primus
3518 4205 3580 4258 in
3614 4206 3776 4259 Scri-

2128 4285 2301 4350 ptura
2354 4285 2738 4345 memoratur,
2783 4278 3008 4350 iGenes.
3033 4292 3166 4350 _xv_,_
3191 4281 3393 4350 6,_qua
3424 4275 3484 4327 in
3515 4276 3772 4331 circum-

2129 4345 2346 4404 stantia
2375 4350 2606 4404 nullum
2639 4349 2801 4404 aliud
2832 4345 3352 4419 emicuitAbrahae
3385 4363 3531 4416 opus
3558 4356 3776 4419 praeter

2128 4420 2305 4475 ﬁdem
2336 4421 2547 4493 ipsam,
2581 4438 2696 4492 qua
2729 4422 2846 4474 Deo
2880 4418 3285 4493 posteritatem
3320 4418 3629 4493 stellarum
3661 4436 3774 4474 nu-

2126 4509 2285 4547 mero
2316 4489 2520 4564 parem
2577 4489 2946 4564 promittenti
2999 4489 3459 4564 ass_ensit_,_tum
3490 4492 3770 4564 primum

2125 4560 2352 4619 amicu—s
2384 4565 2487 4619 Dei
2518 4560 2851 4636 appellatus
2879 4567 2986 4636 est,
3015 4561 3277 4636 solemni
3297 4560 3455 4615 inter
3485 4560 3683 4631 ipsum
3716 4569 3774 4636 et

2126 4636 2329 4703 Deum,
2361 4642 2530 4706 pacto
2556 4633 2813 4690 victimis
2843 4633 3011 4706 caesis
3036 4633 3204 4706 inito.
3238 4633 3398 4686 Tunc
3421 4641 3620 4706 autem
3651 4635 3772 4706 pri-

2124 4723 2288 4762 mum
2311 4704 2705 4778 justiﬁcatum
2737 4722 2866 4761 esse
2896 4704 3192 4759 Abraham
3207 4710 3273 4757 ut
3300 4704 3773 4778 credamusty-

2123 4778 2242 4851 rilli
2269 4775 2445 4833 verba
2466 4795 2586 4833 non
2618 4783 2851 4851 cogunt.
2871 4779 2943 4851 ln
2975 4775 3478 4851 consequentibus
3501 4775 3770 4848 enimju-

2124 4850 2540 4922 stiﬁcationem
2573 4846 2718 4922 ejus'
2749 4849 3017 4922 attribuit
3064 4863 3184 4922 non
3217 4846 3411 4922 solum
3441 4846 3772 4922 memorato

2115 4921 2244 4993 jam
2275 4923 2430 4976 actui
2465 4918 2624 4986 ﬁdei,
2654 4937 2864 4993 verum!
2889 4920 3065 4993 etiam
3098 4918 3185 4971 illi
3218 4934 3332 4993 qu_o
3382 4920 3545 4993 Isaac
3580 4920 3770 4993 ﬁlium

2123 4989 2470 5058 immolavit,
2497 4998 2564 5047 ut
2595 4993 2812 5048 diserte
2841 4991 2982 5046 facit
3011 4996 3250 5063 sanctus
3278 4989 3551 5063 Iacobus,
3585 4991 3768 5063 Epist.

2123 5082 2250 5136 cap.
2286 5082 2345 5133 ιι,
2390 5068 2476 5119 21.
2541 5065 2716 5136 Atqui
2775 5070 2911 5119 ante
2959 5063 3111 5116 hanc
3169 5061 3598 5136 immolationis
3626 5061 3768 5118 obe-

2123 5133 2572 5208 dientiam,jam
2595 5133 2937 5208 obsignatus
2959 5139 3084 5188 erat
3101 5133 3503 5208 1n_justitiam,
3537 5140 3601 5188 ut
3623 5150 3768 5206 pau-

2121 5207 2178 5262 lo
2211 5214 2342 5279 post
2373 5204 2649 5279 loquitur.
2699 5204 2833 5262 Haec
2865 5206 3042 5278 igitur
3066 5204 3265 5279 verba,
3300 5204 3640 5279 justi/Scalas
3668 5213 3763 5273 est,

2122 5279 2184 5333 in
2211 5276 2524 5351 Cyrillo—et
2553 5280 2708 5350 apud
2736 5276 3019 5351 Jacobum
3069 5276 3140 5351 de
3164 5277 3616 5351 justiﬁcationis
3654 5279 3765 5332 de-

2121 5348 2466 5420 claratione,
2501 5358 2560 5420 et
2587 5348 3038 5405 conﬁrmatione
3073 5348 3480 5420 intelligenda.

2187 5426 2264 5492 (2)
2315 5419 2689 5494 Συμποδίσας.
2741 5424 2827 5476 lta
2883 5420 3147 5494 reposuit
3196 5419 3404 5494 Milles.
3459 5420 3522 5494 in
3581 5419 3762 5476 Oxon.

2121 5491 2259 5548 edit.
2294 5511 2363 5549 ex
2394 5491 2508 5549 ﬁde
2540 5494 2688 5550 codd
2718 5535 2730 5548 .
2763 5495 2879 5548 Roe
2915 5533 2928 5558 ,
2962 5497 3020 5546 et
3066 5491 3292 5546 Casaub
3327 5531 3338 5545 .
3376 5492 3590 5562 quibus
3621 5509 3766 5548 con-

2120 5566 2299 5620 sentit
2328 5566 2501 5620 Coisl.
2537 5573 2596 5620 et
2621 5565 2813 5620 verbis
2856 5563 3199 5634 Scriptura),
3224 5569 3284 5616 at
3313 5563 3375 5616 in
3407 5563 3764 5623 editionibus

2117 5636 2590 5709 prmcedentibus
2617 5636 2964 5708 habebatur,
2984 5631 3367 5707 συμπεδήσας.
