4152 6264
378 367 502 428 513

1311 360 1791 425 CATECHESIS
1832 362 1908 424 ν.
1954 363 2058 423 DE
2100 363 2282 427 FIDE
2327 367 2423 427 ET
2469 370 2863 434 SYMBOLO.

3675 383 3794 442 5M

385 498 707 576 γουμένως,
740 493 828 551 διά
852 495 954 565 τὴν
998 493 1134 550 κατά
1177 494 1372 596 σάρκαῃ
1402 490 1720 596 διιπιῖδοχήν.⁴
1753 493 1814 551 Εἰ
1865 491 1923 549 δὲ
1968 496 2036 569 τῇ

2155 500 2480 557 secundum
2511 505 2708 561 carnis
2738 506 3175 564 successionem
3209 527 3360 580 esse,
3411 512 3474 569 in
3521 515 3795 596 confesso

385 589 528 644 κατά
554 588 730 664 σάρκα
784 584 1165 660 προσέχωμεν,
1222 581 1411 658 ψευδὲς
1465 582 1637 638 εἰπεῖν
1698 582 2035 658 ἀναγκασθη-

392 676 607 749 σόμεθα
659 674 725 729 τὸ
781 671 990 750 λόγιον.
1051 671 1251 730 Οὐκέτι
1305 673 1407 748 γάρ
1465 671 1601 727 κατά
1652 670 1824 747 σάρκα
1877 674 2038 744 ἡμῶν

389 766 612 821 πάντων
663 762 774 818 ἐστὶ
830 763 1032 838 πατήρο
1092 760 1218 818 ἀλλ’
1251 760 1478 824 ὁτύπος
1534 768 1634 831 τῆς
1691 759 1896 816 ἐκείνου
1952 760 2039 815 πί-

400 875 593 923 στεως,
623 853 826 914 πάντας
857 854 1004 924 ἡμᾶς
1035 849 1185 914 υἱοὺς
1222 856 1372 906 ποιεῖ
1425 853 1522 905 τοῦ
1579 844 1854 927 Ἀϐραάμ.
1914 855 2042 913 Πῶς

394 945 486 999 καὶ
515 944 641 998 τινα
667 942 872 1017 τρόπον
898 958 913 1010 ;
944 942 1209 999 ’⁸Δπιστον
1239 939 1386 1014 παρά
1441 939 1750 1015 ἀνθρώποις
1775 939 1838 994 τὸ
1869 938 1928 994 ἐκ
1955 961 2044 995 νε-

387 1038 535 1111 κρῶν
568 1030 867 1102 ἆναστῆναί
891 1050 1033 1086 τινα·
1065 1030 1247 1105 ὥσπερ
1275 1029 1485 1103 ὁμοίως
1511 1026 1736 1085 ἄπιστον
1772 1029 1860 1085 καὶ
1890 1029 1954 1084 τὸ
1983 1028 2043 1084 ἐκ

387 1120 814 1199 νενεκρωμένων
845 1114 1160 1196 πρεσϐυτῶν
1187 1118 1535 1193 τεκνογονίαν
1581 1119 1840 1196 γενέσθαι.
1871 1117 2043 1175 Ἀλλά

391 1216 631 1289 Χριστοῦ
687 1208 1228 1286 καταγγελλομένου,
1284 1208 1336 1264 ἐν
1393 1207 1541 1282 ξύλῳ
1617 1209 1711 1281 μὲν
1764 1206 2038 1284 ἐσταυρω-

397 1301 589 1376 μένου,
618 1301 986 1365 ἀποθανόντος
1017 1297 1076 1355 δὲ
1103 1298 1194 1354 καὶ
1224 1297 1571 1366 ἀναστάντος,
1595 1300 1760 1371 ἡμεῖς
1783 1296 2043 1353 πιστεύο-

399 1411 521 1465 μεν.
553 1391 637 1464 Τῇ
667 1387 849 1445 τοίνυν
881 1386 1172 1462 ὁμοιότητι
1210 1393 1311 1457 τῆς
1361 1385 1595 1449 πίστεως
1646 1385 1722 1450 εἰς
1769 1386 2038 1451 υἱοθεσίαν

393 1477 680 1556 ἐρχόμεθα
706 1478 805 1534 τοῦ
850 1472 1122 1553 Ἀϐραάμ.
1180 1477 1286 1533 Καὶ
1328 1477 1453 1532 τότε
1510 1476 1647 1550 μετά
1689 1476 1789 1545 τὴν
1835 1474 2038 1531 πίστιν·

393 1569 609 1640 ὁμοίως
634 1566 824 1640 ἐκείνῳ
870 1566 969 1635 τὴν
1028 1566 1402 1639 πνευματικὴν
1459 1560 1812 1639 λαμϐάνομεν
1869 1586 2041 1640 σφρα-

386 1654 539 1734 γῖδα,
573 1656 714 1732 ἆγίῳ
736 1654 1014 1729 Πνεῦματι
1072 1651 1163 1710 διά
1207 1658 1305 1710 τοῦ
1362 1652 1597 1728 λουτροῦ
1647 1656 2039 1729 περιτεμνόμε-

389 1767 499 1815 νοι,
534 1744 596 1801 οὗ
627 1746 883 1819 σώματος
911 1745 1012 1814 τὴν
1049 1739 1430 1818 ἀκροϐυστίαν,
1466 1743 1611 1800 ἀλλά
1636 1744 1737 1812 τήν
1797 1741 2040 1820 καρδίαν,

392 1837 532 1892 κατὰ
560 1836 652 1892 τὸν
712 1835 996 1910 Ἱερεμίαν,
1057 1832 1309 1910 λέγοντα·
1376 1833 1480 1891 Καὶ
1533 1839 1912 1910 περιτεμεῖσθε
1970 1837 2044 1909 (1)
2077 1865 2124 1931 Β

434 1931 463 1942 α
542 1932 571 1942 Α
613 1930 641 1941 ~
750 1925 765 1942 τ
875 1926 889 1942 9
1005 1919 1035 1942 ρ
1144 1923 1157 1942 1
1318 1926 1346 1937 ὐ
1545 1920 1590 1942 δ’
1726 1924 1739 1942 ε
1804 1928 1830 1939 η·
2027 1922 2042 1942 \

393 1931 478 2000 τῷ
536 1930 654 1998 Θεῷ
704 1925 805 1994 τὴν
864 1919 1223 2001 ἀκροϐυστίαν
1275 1926 1376 1993 τῆς
1433 1920 1658 1999 καρδίας
1720 1924 1895 1997 ὑμῶν·
1955 1922 2043 1978 καὶ

392 2019 534 2072 κατά
573 2016 668 2070 τὸν
729 2011 1095 2070 ’Λπύστολονσ
1156 2013 1247 2070 Ἐν
1297 2016 1367 2085 τῇ
1424 2015 1698 2088 περιτομῇ
1755 2015 1855 2068 τοῦ
1910 2018 2045 2086 Χρι-

395 2108 549 2173 στοῦ,
608 2100 960 2180 συνταφέντες
1022 2100 1172 2175 αὖτῷ
1244 2099 1298 2157 ἐν
1377 2105 1458 2174 τῷ
1544 2100 1898 2178 βαπτίσματι,
1954 2100 2044 2156 καὶ

393 2194 463 2249 τά
493 2192 637 2266 ἐξῆς.

468 2282 539 2339 Z'.
572 2279 790 2350 Ταύτην
824 2279 911 2335 ἐὰν
938 2281 1268 2356 τηρήσωμεν
1325 2281 1425 2349 τήν
1476 2278 1680 2349 πίστιν,
1734 2279 2045 2354 ἀκατάγνω-

400 2391 521 2427 στοι
552 2369 788 2444 ἐσόμεθα
834 2372 929 2443 (2),
980 2369 1069 2424 καὶ
1125 2367 1405 2431 παντοίοις
1460 2367 1665 2444 ἀρετῶν
1726 2365 1891 2424 εἴδεσι
1947 2389 2044 2424 κο-

396 2459 825 2534 σμηθησόμεθα.
857 2461 1125 2514 Τοσοῦτον
1157 2457 1257 2536 γὰρ
1318 2457 1499 2533 ἰσχύει
1528 2460 1563 2529 ἡ
1596 2458 1797 2529 πίστις,
1848 2458 1924 2520 ὡς
1953 2457 2041 2513 καὶ

401 2549 719 2623 ἀνθρώπους
775 2547 864 2603 ἐπὶ
921 2545 1197 2619 θαλάσσης
1252 2548 1527 2625 κουφίζειν
1593 2551 2039 2623 περιπατοῦντας.

401 2639 721 2711 ’Ἄνθρωπος
754 2637 950 2710 ὅμοιος
980 2639 1117 2710 ἡμῖν
1147 2639 1213 2706 ἦν
1247 2637 1275 2691 ὃ
1308 2637 1534 2711 Πέτρος,
1576 2635 1627 2710 ἐξ
1674 2635 1900 2711 α’ίματος
1951 2636 2040 2692 καὶ

401 2728 598 2801 σαρκὸς
628 2727 1000 2802 συγκείμενος,
1028 2726 1120 2781 καὶ
1156 2726 1215 2781 ἐκ
1238 2731 1346 2783 τῶν
1398 2727 1607 2801 ὁμοίων
1651 2730 1870 2801 τροφῶν
1925 2723 2041 2781 δια-

401 2817 713 2893 γινόμενος.
745 2813 904 2873 Ἀλλ’
937 2815 1143 2871 εἰπόντι
1173 2820 1253 2889 τῷ
1281 2817 1465 2887 Ἰησοῦ
1496 2819 1589 2889 (3),
1623 2814 1800 2879 Ἐλθέ.
1823 2815 2042 2870 πιστεύ-

400 2926 516 2974 σας,
578 2904 972 2980 περιεπάτησεν
1030 2902 1120 2959 ἐπὶ
1175 2904 1242 2960 τὰ
1296 2901 1483 2976 ὕδατα,
1539 2905 1718 2970 πάσης
1773 2900 2044 2980 κρηπῖδος

400 2993 802 3069 ἀσφαλεστέραν
827 2992 917 3049 ἐπὶ
945 2999 1062 3056 τοῖς
1093 2991 1275 3049 ὅδασιν
1303 2991 1448 3050 ἔχων
1478 2994 1578 3064 τήν
1606 2994 1705 3062 τήν
1728 2992 1928 3049 πίστιν·
1952 2992 2043 3047 καὶ

396 3082 460 3137 τὸ
493 3080 631 3159 βαρὺ
663 3085 843 3156 σῶμα,
876 3086 944 3157 τῇ
973 3083 1273 3160 κουφότητι
1328 3089 1428 3152 τῆς
1476 3082 1708 3145 πίστεως
1736 3085 1801 3152 ἦν
1839 3103 2045 3155 μετεω-

2152 592 2259 644 est.
2296 590 2508 646 Verum
2542 593 2591 648 si
2622 594 2695 649 ad
2724 600 2921 651 carnis
2953 596 3437 669 [successionem,
3476 603 3559 660 -in
3610 590 3795 679 expli-

2149 677 2340 734 canda
2387 683 2720 756 pr0phetia]
2779 686 3263 756 spectaverimus,
3321 689 3539 748 falsum
3596 677 3795 752 dicere

2148 782 2432 839 cogemur
2461 772 2767 828 oraculum
2791 791 2805 841 ;
2835 790 2954 830 non
2988 777 3152 831 enim
3182 780 3509 836 secundum
3553 800 3795 841 carnem

2151 857 2419 912 omnium
2440 866 2709 916 nostrum
2733 869 2901 935 pater
2921 870 3010 920 est
3035 881 3049 919 :
3069 882 3273 922 verum
3295 871 3632 942 exemplum
3658 873 3797 930 ﬁdei

2152 945 2280 1018 ejus
2311 964 2418 1003 nos
2462 967 2670 1007 omnes
2728 953 2981 1010 Abrahae
3040 956 3196 1013 ﬁlios
3252 958 3395 1015 facit
3422 961 3486 1018 3‘.
3529 963 3796 1029 Quonam

2150 1035 2345 1093 isthuc
2376 1039 2551 1094 modo
2570 1039 2597 1095 ?
2627 1042 2981 1099 Incredibile
3013 1051 3101 1100 est
3120 1047 3277 1118 apud
3300 1049 3574 1106 homines
3595 1069 3804 1123 quem-

2151 1142 2330 1196 quam
2363 1143 2397 1181 a
2428 1129 2684 1186 mortuis
2714 1148 3024 1206 resurgere
3054 1151 3067 1189 :
3101 1138 3605 1206 quemadmodum
3632 1142 3802 1198 simi-

2148 1213 2288 1270 liter
2316 1215 2689 1283 incredibile,
2723 1236 2795 1275 ex
2828 1224 3113 1278 emortuis
3165 1227 3409 1283 senibus
3454 1231 3799 1303 progeniem

2149 1304 2336 1360 nasci.
2370 1307 2548 1376 Atqui
2585 1308 2684 1362 74
2718 1309 2860 1364 dum
2891 1314 3286 1370 annuntiatur
3314 1317 3599 1387 Christus,
3641 1321 3800 1391 quod

2152 1391 2214 1445 in
2248 1392 2408 1465 ligno
2440 1394 2682 1466 quidem
2714 1399 3033 1457 cruciﬁxus
3063 1402 3160 1471 sit,
3199 1409 3467 1462 mortuus
3521 1425 3657 1465 vero
3708 1427 3799 1467 re-

2153 1483 2500 1549 surrexerit,
2534 1500 2644 1540 nos
2675 1485 2735 1541 id
2767 1487 3086 1544 credimus.
3121 1492 3304 1559 Igitur
3332 1511 3440 1566 per
3459 1496 3801 1554 similitudi-

2151 1587 2292 1626 nem
2314 1571 2453 1627 {idei
2477 1572 2538 1628 in
2560 1574 2941 1647 adoptionem
2965 1578 3310 1637 devenimus
3330 1583 3803 1645 Abrahaa.Tunc-

2153 1677 2267 1731 que
2298 1667 2433 1732 post
2462 1663 2664 1731 ﬁdem,
2698 1664 2977 1721 similiter
3005 1674 3070 1723 ut
3089 1669 3210 1736 ille,
3237 1671 3503 1743 spiritale
3527 1675 3801 1748 signacu-

2152 1748 2277 1804 lum
2306 1751 2631 1823 accipimus
2655 1770 2670 1821 ;
2704 1754 2924 1825 Spiritu
2956 1762 3161 1814 sancto
3192 1775 3299 1831 per
3328 1760 3626 1818 lavacrum
3682 1766 3800 1821 cir-

2158 1840 2426 1907 cumcisi,
2454 1857 2574 1897 non
2599 1844 2865 1915 corporis
2886 1848 3241 1918 prazputium
3267 1849 3371 1904 sed
3393 1852 3610 1916 cordis,
3627 1854 3800 1925 juxta

2153 1929 2471 1985 Jeremiam
2498 1930 2823 1990 dicentem:
2847 1937 2915 1989 Et
2949 1937 3414 1994 circumcidemini
3443 1940 3547 1996 Deo
3569 1958 3800 2013 praepu-

2154 2020 2290 2073 tium
2317 2021 2494 2076 cordis
2515 2024 2683 2077 vestri
2702 2022 2767 2094 ⁸⁵,
2792 2038 2861 2079 ac
2878 2024 3051 2096 juxta
3072 2027 3423 2098 Apostolum
3479 2029 3674 2104 [cujus
3705 2032 3797 2088 ha)

2151 2108 2388 2180 voces]:
2435 2111 2501 2164 In
2556 2113 2969 2169 circumcisione
3019 2113 3241 2183 Christi,
3287 2120 3594 2190 consepulti
3636 2119 3690 2176 ei
3739 2124 3798 2177 in

2155 2195 2425 2267 baptismo
2458 2198 2522 2266 ³⁸,
2556 2204 2614 2254 et
2644 2216 2775 2271 quas
2808 2208 3156 2273 sequuntur.

2224 2287 2340 2341 VII.
2375 2288 2536 2343 Hanc
2568 2289 2747 2345 ﬁdem
2780 2291 2830 2346 si
2861 2293 3343 2363 custodierimus,
3397 2295 3797 2357 damnationis

2151 2381 2444 2447 expertes,
2472 2382 2534 2433 et
2561 2378 2896 2452 omnigenis
2925 2382 3210 2439 virtutum
3243 2386 3553 2457 speciebus
3601 2390 3792 2445 ornati

2151 2464 2389 2520 erimus.
2422 2466 2672 2522 Tantum
2704 2469 2863 2525 enim
2893 2471 3048 2526 valet
3092 2472 3257 2539 fides,
3307 2480 3376 2530 ut
3418 2480 3476 2531 et
3519 2477 3795 2535 homines

2151 2570 2330 2626 super
2357 2571 2521 2612 mare
2554 2556 2933 2615 ambulantes
2964 2560 3249 2618 sublevet.
3285 2564 3483 2621 Homo
3515 2566 3687 2624 nobis
3712 2569 3793 2623 si-

2149 2642 2309 2698 milis
2341 2650 2467 2699 erat
2495 2646 2726 2713 Petrus,
2760 2664 2830 2703 ex
2861 2665 3037 2705 carne
3071 2656 3128 2705 et
3158 2652 3444 2725 sanguine
3493 2657 3790 2728 composi-

2151 2737 2265 2801 tus,
2299 2732 2715 2806 similibusque
2747 2753 2816 2792 ex
2846 2737 3146 2794 alimentis
3201 2747 3532 2800 concretus.
3581 2747 3658 2801 At
3706 2746 3793 2802 di-

2150 2819 2306 2874 centi
2326 2820 2486 2890 Jesu,
2516 2823 2675 2890 Veni,
2698 2823 2970 2890 credens,
2992 2842 3172 2896 super
3191 2842 3377 2898 aquas
3389 2828 3712 2888 ambulavit
3726 2830 3792 2903 8⁷,

2148 2906 2538 2963 fundamento
2572 2911 2778 2979 quovis
2808 2912 3134 2969 ﬁrmiorem
3166 2931 3346 2987 super
3374 2919 3547 2989 aquis
3568 2921 3795 2977 habens

2151 2995 2370 3064 ﬁdem;
2404 3001 2463 3051 et
2486 2999 2737 3069 gravitas
2769 3002 3033 3072 corporis
3064 3002 3300 3059 levitate
3322 3006 3459 3062 fidei
3478 3009 3796 3066 attolleba-

2151 3089 2267 3139 tur.
2294 3086 2505 3141 Verum
2522 3087 2787 3158 quandiu
2802 3089 3404 3161 crediditille,solidis
3418 3113 3597 3168 super
3608 3114 3794 3170 aquas

397 3171 708 3246 ριζόμενον.
743 3171 920 3229 Ἀλλά
954 3173 1122 3247 μέχρι
1157 3171 1252 3245 μὲν
1283 3170 1411 3226 ὅτου
1442 3170 1768 3242 ἐπίστευσεν,
1816 3172 1947 3246 ὑπὲρ
1978 3170 2039 3226 τὸ

398 3258 459 3275 ..η
601 3261 627 3275 ν
761 3261 776 3275 .
897 3258 964 3275 κ..
1045 3260 1060 3275 ε
1152 3260 1213 3275 η,
1368 3260 1394 3275 ..
1500 3257 1541 3275 ρ..
1604 3257 1681 3275 η.
1965 3259 1976 3275 .

2155 3171 2551 3229 deambulavit
2581 3174 2876 3248 vestigiis;
2909 3180 3148 3249 quando
3179 3198 3315 3237 vero
3338 3182 3797 3252 dubitavit,tunc

396 3258 544 3335 ὕδωρ
576 3261 722 3336 εἶχεν
751 3258 970 3338 ἀσφαλῇ
999 3260 1100 3330 τὴν
1151 3260 1325 3334 βάσιν·
1363 3260 1454 3315 ὅτε
1497 3257 1555 3315 δὲ
1602 3257 1863 3330 ἐδίστασε,
1918 3259 2041 3315 τότε

401 3347 603 3425 ἤρξατο
672 3350 1176 3420 καταποντίζεσθαι’
1263 3353 1646 3426 χαυνουμὲνης
1726 3352 1828 3428 γάρ
1907 3351 2043 3405 κατά

404 3440 571 3515 μέρος
603 3445 706 3509 τῆς
730 3439 986 3512 πίστεως,
1017 3446 1425 3516 συγκατεσπᾶτο
1463 3441 1553 3496 καὶ
1605 3442 1667 3496 τὸ
1713 3445 1891 3514 σῶμα.
1944 3440 2041 3495 Καὶ

402 3525 629 3585 συνιδὼν
662 3528 828 3584 αὐτοῦ
855 3529 920 3584 τὸ
950 3530 1144 3598 πάθος,
1176 3523 1356 3606 ἔλεγεν
1380 3530 1409 3586 ὁ
1437 3534 1545 3585 τῶν
1580 3533 1773 3606 ψυχῶν
1801 3530 1867 3584 τά
1893 3532 2040 3600 πάθη

402 3614 795 3693 διορθούμενος
835 3619 1047 3689 Ἰησοῦς
1098 3620 1197 3692 (4)
1261 3617 1632 3694 Ὀλιγόπιστε,
1693 3618 1770 3682 εἷς
1825 3619 1877 3673 τί
1932 3616 2040 3674 ἐδί-

399 3728 640 3779 στασας;
682 3709 770 3764 καὶ
830 3707 1023 3780 πάλιν,
1079 3709 1368 3785 νευρωθεῖς
1431 3710 1535 3764 ὑπὸ
1589 3713 1686 3763 τοῦ
1740 3710 2039 3781 κρατήσανο

395 3818 491 3860 τος
522 3798 691 3853 αὐτοῦ
718 3798 817 3866 τὴν
847 3794 1043 3868 δεξιάν,
1077 3798 1166 3877 ἀφ’
1187 3799 1249 3853 οὗ
1271 3798 1437 3852 πάλιν
1458 3796 1749 3867 ἐπίστευσε,
1777 3818 2041 3874 χειραγω.

396 3882 669 3961 γούμενος
729 3885 833 3941 ὑπὸ
887 3890 984 3939 τοῦ
1067 3884 1360 3951 Δεσπότου,
1416 3885 1510 3941 τὸν
1563 3884 1723 3941 αὐτὸν
1792 3884 1879 3941 ἐπὶ
1931 3889 2038 3940 τῶν

394 3972 607 4030 ὑδάτων
638 3968 882 4030 ἀπέλαϐε
910 3974 1227 4048 περίπατον.
1269 3979 1439 4030 Τοῦτο
1493 3973 1594 4051 γάρ
1654 3973 1904 4050 πλαγίως
1966 3979 2040 4045 (5)

399 4062 777 4137 ἐμνημόνευσε
830 4063 895 4119 τὸ
974 4062 1333 4140 Εὗαγγὲλιον,
1393 4064 1569 4137 εἰπὸν,
1642 4062 1726 4120 ὅτι
1785 4059 2043 4122 Ἀναϐάν-

397 4174 506 4207 τ‹.,ν
568 4151 627 4207 δὲ
678 4153 854 4208 αὐτῶν
905 4152 990 4208 ἐπὶ
1034 4154 1111 4208 ’τὸ
1161 4151 1381 4210 πλοῖον.
1442 4154 1518 4212 Οὔ
1569 4154 1671 4230 γὰρ
1730 4156 1898 4221 εἶπεν,
1958 4154 2040 4209 ὅτι

392 4237 850 4316 διακολυμϐήσας
906 4243 933 4297 ὁ
989 4244 1191 4318 Πέτρος
1249 4237 1601 4314 ἀναϐέϐηκεν·
1654 4241 1801 4297 ἀλλὰ
1853 4239 2040 4298 δίδωσι

388 4336 555 4403 νοεῖν,
588 4330 672 4386 ὅτι
703 4330 827 4387 ὅσον
856 4331 998 4401 ⁴ἦλθε
1027 4332 1164 4405 πρὸς
1192 4332 1286 4387 τὸν
1316 4332 1525 4402 Ἰησοῦν
1551 4328 2040 4405 ὃιάστημα,τοσοῦ-

388 4440 484 4475 τον
516 4418 869 4494 ἐπιστρέψας,
899 4417 1063 4476 πάλιν
1091 4414 1257 4490 ἀνέϐη
1289 4417 1378 4474 ἐπὶ
1407 4420 1469 4474 τὸ
1508 4418 1728 4478 πλοῖον.

458 4572 508 4610 ⁸⁴
541 4575 705 4630 Rom.
741 4590 816 4642 iv,
848 4574 936 4629 12.

395 4646 441 4681 ὀ
464 4644 606 4700 ibid.
640 4645 729 4701 32.

1030 4572 1079 4610 ⁸⁵
1106 4576 1321 4631 Jerem.
1356 4591 1430 4641 1v,
1461 4576 1513 4630 4.

1617 4572 1665 4609 ⁸⁸
1693 4573 1916 4629 Coloss.
1949 4590 2011 4644 ιι,
2044 4574 2133 4640 11,
2166 4573 2251 4628 12.

2153 3262 2637 3336 coepitsubmergi
2655 3262 2730 3319 ⁸⁸ε
2757 3264 2949 3323 laxata
2960 3268 3121 3323 enim
3140 3269 3552 3328 etsubsidente
3572 3274 3794 3329 sensim

2154 3352 2291 3421 fide,
2321 3368 2445 3407 una
2473 3369 2688 3424 corpus
2719 3353 2998 3412 deorsum
3028 3358 3391 3415 trahebatur.
3425 3361 3606 3434 Cujus
3654 3380 3790 3435 per-

2156 3444 2512 3500 turbationis
2542 3445 2815 3500 conscius
2843 3447 3031 3516 Jesus,
3064 3448 3166 3504 ille
3197 3451 3297 3522 qui
3331 3451 3668 3509 animorum
3700 3454 3796 3510 in-

2155 3533 2329 3588 timos
2360 3532 2638 3588 emendat
2667 3533 2933 3603 aﬂectus,
2976 3537 3098 3591 ait:
3154 3539 3382 3597 Medicae
3425 3542 3573 3612 ﬁdei,
3621 3551 3795 3614 quare

2152 3621 2421 3677 dubitasti
2439 3621 2538 3676 '9?
2563 3621 2651 3675 Ab
2693 3638 2883 3694 eoque
2931 3624 3233 3682 dexteram
3286 3630 3417 3700 ejus
3463 3633 3797 3704 apprehen-

2152 3709 2331 3764 dente
2360 3709 2883 3780 corroboratus,ex
2905 3730 3020 3784 quo
3048 3715 3225 3771 ﬁdem
3249 3720 3590 3791 resumpsit,
3613 3737 3796 3777 manu

2152 3797 2364 3852 ductus
2395 3813 2430 3852 a
2458 3798 2732 3867 Domino,
2756 3817 2936 3872 super
2963 3819 3152 3874 aquas
3183 3810 3248 3859 ut
3276 3810 3414 3861 ante
3449 3808 3791 3864 ambulavit.

2154 3887 2218 3944 Id
2250 3887 2408 3941 enim
2431 3886 2672 3958 oblique
2706 3888 3001 3962 signiﬁcat
3025 3894 3426 3966 Evangelium,
3479 3895 3620 3951 dum
3668 3898 3792 3953 ait:

2152 3975 2585 4032 Ascendentibus
2639 3982 2820 4033 autem
2872 3981 3006 4050 ipsis
3062 3982 3122 4035 in
3191 3980 3504 4038 naviculam
3532 3982 3617 4051 9°;
3672 4004 3794 4044 non

2154 4066 2315 4121 enim
2337 4065 2488 4121 dixit
2517 4066 2813 4122 enatando
2844 4070 3084 4124 Petrum
3116 4071 3494 4138 ascendisse;
3553 4073 3655 4129 sed
3682 4075 3794 4132 hoc

2151 4153 2322 4209 nobis
2353 4154 2640 4219 insinuat,
2669 4154 2827 4224 quod
2858 4162 3147 4226 quantum
3191 4159 3446 4230 spatium
3476 4160 3551 4216 ad
3597 4163 3796 4221 Iesum

2153 4242 2346 4298 eundo
2380 4242 2649 4307 confecit,
2693 4245 3065 4301 tantumdem
3096 4264 3301 4304 rursus
3333 4265 3612 4306 emensus
3643 4269 3792 4308 con-

2152 4330 2383 4387 scendit
2409 4330 2768 4387 naviculam.

2355 4570 2901 4644 37Matth.xiv,29.
3003 4575 3222 4635 "ibid.
3254 4579 3342 4634 30.
3448 4579 3496 4617 ευ
3527 4581 3670 4637 ibid.
3700 4582 3787 4639 ει.

457 4770 537 4840 (1)
570 4770 974 4843 Περιτεμεῖσθε.
1007 4772 1073 4826 In
1105 4788 1272 4828 sacro
1303 4776 1467 4827 textu
1499 4769 1678 4843 paulo
1718 4769 1905 4843 aliter
1934 4770 2056 4843 ha_-
2145 4784 2217 4843 ex
2248 4768 2419 4843 codd.
2454 4768 2633 4824 Coisl.
2664 4768 2859 4825 Ottob.
2894 4773 3031 4839 Roe,
3066 4772 3313 4829 Casaub-
3346 4780 3404 4830 et
3434 4793 3584 4833 vers.
3647 4779 3793 4835 Gro-

389 4838 564 4926 belul:
592 4838 706 4926 hic“
719 4838 886 4926 locus
912 4859 926 4897 :
958 4844 1341 4926 H‘IPLT‘USO'Q‘FE
1395 4846 1475 4926 τῇ)
1499 4838 1886 4926 ’.Θεῷἡρμῶῃ
1921 4838 2034 4926 ,καὶ

384 4911 741 4984 περιτεμεσθε
766 4914 867 4981 τὴν
926 4910 1366 4997 σκληροκαρᾷρν
1413 4910 1597 4997 βμῶγ
1624 4910 1631 4912 “
1658 4910 2033 4997 ρξθίοαηίϐίάξξ·

384 4987 527 5041 mini
558 4991 670 5040 Deo
700 4992 899 5054 vestro,
931 4992 983 5041 et
1013 4984 1489 5042 circumcidamini
1535 4984 1808 5041 duritiam
1854 4984 2034 5040 cordis

387 5062 1030 5200 v?;?:'nxatd7vén01
1082 5125 1334 5200 ἐσόμεθα.
1391 5129 1456 5185 In
1513 5126 1708 5196 editis,
1770 5123 2026 5200 ἀκατάγν.

382 5195 534 5269 αὐτῷ
564 5195 817 5270 ἐσόμεθα.
855 5201 1065 5254 Vocem
1095 5195 1243 5271 αὐτῷ
1292 5200 1681 5270 resecuimus,
1729 5215 1800 5254 ex
1855 5195 2028 5255 codd.

384 5269 563 5326 Coisl.
596 5273 717 5326 Roe
748 5275 810 5326 et
837 5271 1086 5326 Casaub.

469 5287 563 5326 lSl.
596 5287 717 5326 1106
748 5287 810 5326 ει
837 5287 1086 5328 uasaun.

429 5286 563 5326 0151.
596 5286 717 5326 noe
748 5286 810 5326 et
837 5286 1086 5328 uasaun.

455 5342 534 5424 (3)
592 5339 952 5424 ἰξξπόγτι“τῷ
1003 5343 1211 5424 "11,305,
1240 5342 1351 5424 ‘lta
1400 5342 1668 5424 legimus
1742 5340 1841 5424 in.
1878 5358 2028 5424 mss.

381 5412 556 5467 Coisl.
592 5413 785 5470 Ottob.
820 5416 939 5470 Roe
961 5419 1021 5469 et
1049 5413 1325 5479 Casaub.,
1358 5419 1419 5469 et
1448 5412 1804 5468 mutavimus
1827 5412 2028 5467 lectio-

382 5499 522 5557 nem
546 5484 873 5557 _vulgatam,
907 5503 1038 5557 quas
1068 5484 1200 5557 fert,
1236 5482 1599 5557 εῗπόντοςτοῦ
1623 5484 1821 5552 Ἰησοῦ.
1848 5482 2029 5557 Paulo

383 5553 633 5627 inferius
661 5553 826 5627 'ante
882 5553 1342 5627 μετεωριζόμενον
1403 5556 1731 5627 adjecimus
1787 5555 2031 5610 verbum

386 5625 452 5692 ἦν
489 5642 559 5682 ex
592 5626 765 5682 codd.
799 5625 917 5685 Ιίοε
951 5634 1007 5684 et
1035 5625 1283 5685 Casaub.

453 5698 534 5768 (4)
563 5700 775 5766 Ιησοῦς.
810 5699 1131 5756 Servaloris
1181 5700 1372 5757 nostri
1424 5715 1646 5756 nomen
1691 5697 2063 5783 addidimus;

2144 4839 2321 4896 decii.

2215 4914 2289 4982 (5)
2323 4906 2596 4989 uiuiﬁcae.
2630 4909 2807 4989 Editi,
2832 4908 3055 4989 ἀρτίως,
3097 4915 3276 4977 modo,
3309 4933 3504 4989 nuper.
3539 4923 3611 4976 At
3643 4923 3794 4978 scri-

2143 4980 2318 5061 ptura
2347 4980 2519 5061 codd.
2551 4980 2729 5038 Coisl.
2764 4980 2957 5061 Ottob.
2996 4986 3113 5040 Roe
3148 4992 3207 5041 et
3234 4980 3482 5045 Casaub.
3517 4999 3627 5061 est,
3649 4989 3796 5047 πλα-

2180 5053 2292 5118 ίως,
2326 5053 2545 5133 obl_iqu_e
2568 5068 2581 5106 :
2618 5068 2756 5133 quas.
2775 5055 3168 5133 conﬁrmatur
3188 5075 3259 5133 ex
3282 5053 3692 5132 sequentibus,
3717 5061 3796 5119 δί-

2175 5144 2273 5208 ῳσι
2300 5125 2470 5209 γοεῖν.
2504 5125 2629 5177 Non
2663 5125 2830 5209 enini
2855 5127 3109 5209 Cyrillus
3139 5131 3223 5185 uti
3256 5125 3381 5209 rem
3414 5134 3476 5190 in
3533 5125 3790 5209 Evange-

2140 5196 2239 5252 liis
2265 5194 2490 5280 claram
2538 5210 2605 5249 ac
2639 5194 3027 5280 manifestam.
3076 5199 3265 5280 docet,
3327 5206 3566 5280 Petrum
3615 5194 3795 5280 super

2139 5266 2571 5350 aqua-siterum
2600 5265 2964 5350 ambulasse,
2995 5271 3137 5350 dum
3167 5265 3563 5350 ad'navigium
3589 5296 3658 5335 ex
3676 5265 3792 5350 quo

2139 5337 2499 5412 prosilierat,
2526 5339 2844 5412 revertitur
2877 5361 2892 5406 ;
2922 5337 3025 5397 sed
3056 5344 3141 5397 uti
3171 5363 3301 5401 rem
3336 5337 3566 5405 tantum
3590 5367 3625 5405 a
3645 5337 3797 5406 Séri-

2185 5416 2315 5465 tura
2332 5406 2934 5489 obliqueindicatam.
2958 5414 3149 5489 _Alias,
3172 5416 3515 5487 hujusmodi
3540 5423 3796 5489 Evange-

2166 5483 2287 5536 ium
2314 5495 2434 5534 non
2485 5479 2715 5535 videtur
2773 5489 2908 5539 ante
2958 5479 3516 5546 hanc'catECliesim
3572 5479 3792 5547 lectum

2139 5553 2344 5614 fuisse.
2380 5567 2559 5626 quain
2591 5552 2710 5626 alia
2741 5570 2810 5626 ex
2844 5556 3106 5626 Epistola
3162 5558 3236 5614 ad
3285 5561 3561 5617 Hebraeos
3614 5561 3790 5615 lectio

2142 5622 2718 5751 princpssit.9Eodem
2750 5622 3035 5698 loquendi
3071 5630 3246 5685 modo
3302 5632 3489 5685 utitur
3534 5630 3788 5702 Cyrillus

2142 5713 2210 5751 ea
2242 5737 2254 5750 .
2330 5737 2342 5749 .
2376 5711 2435 5748 n.
2513 5736 2524 5748 .

2141 5711 2254 5753 cat.
2302 5711 2342 5750 ί.
2376 5711 2435 5748 Π.
2472 5711 2524 5749 ν.
