4152 6264
475 343 595 402 543

473 561 592 616 sint
623 561 912 615 duntaxat
935 561 1033 632 (1),
1068 561 1171 615 sed
1204 562 1361 632 quod
1398 566 1485 616 tot
1514 562 1707 616 solum
1751 578 1925 617 nosse
1955 562 2129 616 nobis

473 649 767 721 expediat.
797 651 1061 720 Cumque
1085 651 1264 705 caalos
1283 667 1488 706 omnes
1513 651 1907 723 intelligentia
1927 667 2133 722 perce-

473 739 653 810 peris,
688 738 943 792 necdum
976 738 1130 808 cceli,
1183 741 1367 794 Deum
1397 746 1464 794 ut
1517 746 1624 808 est,
1684 740 1927 795 laudare
1960 739 2128 794 sufﬁ-

474 828 672 894 cient;
705 844 779 881 ne
814 827 1054 897 quidem
1088 828 1134 882 si
1160 829 1422 883 tonitruo
1444 830 1704 884 vocalius
1732 828 2128 893 insonuerint,

477 915 643 980 Quod
676 916 722 970 si
757 920 936 970 tanta;
963 916 1244 971 caelorum
1278 918 1634 989 capacitates
1663 919 1843 972 Deum
1865 935 1972 990 pro
2004 934 2132 972 me-

475 1005 591 1060 rito
624 1005 926 1060 celebrare
958 1023 1080 1061 non
1123 1007 1342 1073 valent,
1377 1007 1758 1078 quandonam
1792 1014 1940 1062 terra
1971 1014 2020 1062 et
2053 1010 2133 1062 ci-

479 1095 586 1161 nis,
627 1111 757 1164 quae
791 1111 884 1149 res
908 1100 997 1148 est
1037 1097 1305 1150 omnium
1358 1097 1610 1151 minima
1641 1102 1699 1150 et
1728 1096 2128 1168 exiguissima,

475 1184 724 1256 dignum
759 1188 874 1241 Deo
908 1186 1196 1258 hymnum
1246 1188 1518 1242 emittere
1553 1189 1791 1258 poterit,
1825 1194 1928 1243 aut
1957 1188 2132 1259 digne

477 1274 673 1329 dicere
698 1275 768 1329 de
803 1276 941 1342 Deo,
969 1277 1068 1346 qui
1102 1277 1366 1330 continet
1390 1277 1678 1331 ambitum
1713 1283 1905 1340 terras,
1939 1283 1996 1330 et
2024 1277 2127 1330 ha-

469 1363 756 1418 bitatores
791 1364 919 1435 ejus
952 1366 1037 1419 uti
1070 1365 1330 1420 locustas
1362 1366 1541 1421 habet
1564 1366 1613 1400 ⁵²
1642 1367 1669 1421 ?

547 1543 640 1598 IV.
675 1542 730 1596 Si
764 1543 897 1612 quis
930 1559 999 1598 ea
1031 1561 1161 1614 qum
1213 1545 1288 1599 ad
1321 1547 1502 1600 Deum
1535 1546 1790 1600 attinent
1838 1545 2004 1600 effari
2031 1561 2130 1600 co-

476 1635 673 1698 natur,
706 1631 755 1685 is
786 1633 1046 1703 primum
1071 1639 1240 1688 terrm
1263 1635 1484 1690 limites
1511 1640 1765 1706 exponat
1782 1634 2125 1690 53.Terram-

474 1717 794 1789 inhabitas,
829 1725 888 1775 et
917 1721 1204 1777 domicilii
1259 1725 1366 1794 tui,
1401 1729 1571 1778 terrm
1601 1723 1894 1789 videlicet,
1946 1724 2128 1777 finem

1513 341 1582 402 S.
1625 340 1948 402 GYBILLI
1990 337 2402 401 HIEROSOL.
2451 340 2822 402 ARCHIEP.

471 487 661 544 usque
691 470 869 527 cwlos
900 471 1203 542 Scriptura
1230 472 1557 528 nominavit
1573 472 1620 509 ⁵⁸
1649 489 1663 528 :
1695 490 1814 528 non
1848 473 2005 544 quod
2035 476 2120 527 tot

2245 469 2438 525 τούτων
2472 470 2749 546 ὠνόμασεν
2784 474 2819 541 ἡ
2853 473 3062 547 Γραφή·
3096 473 3207 546 οὐχ
3235 471 3319 526 ὅτι
3347 474 3601 526 τοσοῦτοι
3625 469 3790 542 μόνοι
3813 475 3869 539 (2

3769 341 3888 493 544)

2236 563 2618 635 τυγχάνουσιν,
2651 559 2778 616 ἀλλ’
2810 560 2892 616 ὅτι
2923 561 3218 622 τοσούτους
3271 561 3472 633 μόνους
3499 561 3637 631 ἡμῖν
3688 564 3889 634 γνῶναι

2240 650 2536 726 συνέφερε).
2571 650 2671 706 Καὶ
2712 650 2836 705 ὅταν
2867 649 2990 724 ἴδῃς
3017 655 3096 722 τῷ
3147 654 3226 722 νῷ
3280 649 3484 712 πάντας
3538 648 3667 710 τοὺς
3729 648 3892 722 ούρα-

2239 735 2383 808 νοὺς,
2417 738 2569 793 οὔπω
2601 736 2726 793 οὐδὲ
2755 741 2830 810 (3)
2862 740 2912 792 οἱ
2968 738 3190 814 οὐρανοὶ
3249 738 3453 792 αἰνέσαι
3482 738 3576 792 τὸν
3612 738 3745 792 Θεὸν
3779 739 3894 791 καθ’

2240 825 2269 880 ὅ
2298 825 2460 898 ἐστιν,
2493 825 2835 898 δυνήσονται,
2871 825 2986 882 οὐδ’
3019 827 3078 882 ἂν
3116 829 3348 903 βροντῆς
3401 825 3898 904 μεγαλοφωνότερα

2239 916 2471 990 ήχῶσιν.
2531 915 2598 973 Et
2658 915 2714 971 δὲ
2769 916 2837 971 τὰ
2892 920 3130 971 τοσαῦτα
3165 915 3302 987 κύτη
3333 921 3441 971 τῶν
3496 915 3744 990 οὐρανῶν
3801 913 3894 970 τὸν

2240 1006 2365 1059 Θεὸν
2403 1006 2640 1077 ὑμνῆσαι
2683 1008 2799 1060 κατ’
2854 1005 3002 1078 ἀξίαν
3062 1005 3123 1060 ού
3182 1003 3453 1073 δύνανται,
3510 1004 3645 1060 πότε
3688 1004 3893 1079 ἇραγῆ

2237 1096 2324 1152 καὶ
2357 1097 2580 1166 σποδὸς,
2612 1097 2673 1152 τό
2710 1098 3059 1171 μικρότατον,
3090 1099 3179 1152 καὶ
3225 1103 3334 1152 τῶν
3395 1093 3563 1152 ὄντων
3593 1095 3891 1170 έλαχιστό-

2236 1207 2418 1256 τατον,
2451 1184 2594 1258 ἄξιον
2627 1185 2794 1260 ὕμνον
2855 1187 3166 1260 ἀναπέμψαι
3221 1190 3302 1258 τῷ
3361 1191 3478 1258 Θεῷ
3509 1183 3823 1256 δυνήσεται,
3854 1183 3888 1261 ᾗ

2238 1276 2399 1348 ἀξίως
2433 1276 2600 1330 εἰπεῖν
2629 1275 2751 1351 περὶ
2800 1280 2932 1330 Θεοῦ
2964 1278 3061 1349 (4),
3091 1279 3188 1330 τοῦ
3236 1276 3567 1351 κατέχοντος
3605 1275 3700 1330 τὸν
3729 1279 3888 1350 γῦρον

2235 1372 2336 1434 τῆς
2357 1372 2478 1439 γῆς,
2522 1364 2610 1419 καὶ
2667 1362 2891 1439 ἔχοντος
2947 1363 3076 1426 τοὺς
3130 1363 3475 1428 ἐνοικοῦντας
3531 1363 3584 1419 ἐν
3647 1365 3785 1437 αὐτῇ
3817 1364 3890 1424 ὡς

2237 1451 2463 1527 ἀκρίδας
2487 1472 2501 1521 ;

2309 1544 2380 1598 Δ’.
2414 1539 2478 1597 Εἵ
2505 1563 2589 1605 τις
2614 1540 2885 1618 ἐπιχειρεῖ
2938 1543 3007 1596 τὰ
3057 1543 3181 1613 περὶ
3238 1546 3372 1598 Θεοῦ
3433 1538 3609 1618 λέγειν
3675 1547 3894 1617 πρῶτον

2236 1628 2530 1705 διηγείσθω
2559 1637 2659 1699 τῆς
2705 1637 2806 1706 γῆς
2869 1633 2937 1684 τὰ
2991 1630 3252 1704 τέρματα.
3315 1634 3421 1696 Γῆν
3482 1631 3676 1704 οἰκεῖς,
3707 1631 3893 1686 καὶτὸ

2232 1720 2392 1781 τέλος
2423 1723 2547 1790 Ξτῆς
2611 1725 2710 1788 σῆς
2770 1718 3106 1789 οἰκίας,τῆς
3130 1727 3256 1794 γῆς,
3317 1719 3376 1775 οὗ
3433 1719 3742 1795 γινώσκειςο
3801 1721 3895 1775 καὶ

476 1811 673 1864 nescis
699 1827 712 1864 :
747 1815 805 1864 et
835 1827 950 1881 quo
975 1816 1144 1882 pacto
1175 1812 1589 1866 fabricatorem
1622 1813 1794 1884 digne
1813 1811 2012 1866 animo
2038 1811 2126 1865 ef—

2245 1814 2349 1870 πῶς
2378 1808 2471 1863 τὸν
2501 1809 2928 1876 κατεσκευαστὴν
2986 1807 3147 1880 ἀξίως
3205 1812 3400 1874 νοῆσαι
3459 1807 3665 1883 δυνήσῃ
3699 1830 3712 1880 ;
3748 1816 3896 1864 Θεω-

475 1898 738 1955 formare
765 1900 984 1956 valebis
1006 1901 1034 1956 ‘I
1084 1901 1294 1956 Stellas
1317 1901 1415 1956 89
1449 1901 1633 1969 vides,
1667 1907 1967 1956 auctorem
2006 1917 2127 1956 non

478 1991 662 2046 vides.
688 1993 943 2046 Numera
961 1992 1220 2063 primum
1235 2008 1334 2046 eas
1353 2008 1482 2061 quae
1506 1990 1612 2044 tibi
1635 1991 1970 2062 conspicuas
1992 1995 2131 2044 sunt

481 2085 538 2136 et
568 2087 707 2136 tunc
722 2082 974 2151 eumqui
1001 2081 1428 2152 inconspicuus
1443 2086 1551 2148 est,
1581 2080 1796 2136 edicito
1823 2097 1835 2134 :
1870 2097 2006 2135 eum
2027 2079 2128 2150 qui

480 2175 755 2225 numerat
785 2170 1234 2224 multitudinem
1268 2169 1599 2236 stellarum,
1645 2175 1704 2224 et
1732 2170 2011 2224 omnibus
2043 2169 2129 2223 eis

482 2259 728 2314 nomina
756 2264 926 2314 vocat
940 2258 1008 2314 ⁵4.
1034 2258 1322 2313 Imbrium
1352 2259 1672 2331 largiorum
1714 2263 1891 2330 guttae
1921 2275 2128 2313 recens

476 2348 676 2403 effusae
707 2363 859 2419 pene
891 2364 1000 2402 nos
1030 2347 1379 2418 perdidere;
1414 2364 1664 2403 numera
1689 2353 1884 2420 guttas
1915 2364 2046 2418 quas
2067 2347 2128 2400 in

472 2438 626 2493 hanc
640 2437 1229 2492 urbeminfluxerunt
1254 2438 1386 2493 :sed
1410 2455 1531 2492 non
1553 2438 1705 2505 dico,
1731 2437 1972 2504 urbem;
1999 2453 2128 2507 quas

475 2527 537 2582 in
570 2531 790 2581 tectum
812 2531 980 2580 tuum
1011 2527 1188 2581 unius
1209 2528 1370 2581 horaa
1396 2527 1583 2598 spatio
1606 2527 1899 2596 decidere,
1929 2542 2132 2580 nume-

472 2633 540 2674 ra
572 2617 620 2671 si
652 2621 842 2687 potes.
875 2618 950 2670 At
979 2632 1098 2670 non
1117 2622 1285 2687 potes
1313 2633 1325 2670 :
1350 2633 1601 2688 agnosce
1625 2623 1784 2670 tuam
1816 2617 2132 2670 infirmita-

477 2710 636 2772 tem;
690 2703 830 2758 hinc
881 2703 983 2757 Dei
1037 2704 1360 2775 potentiam
1405 2704 1586 2758 disce.
1641 2707 1951 2760 Numerata
2005 2709 2132 2758 sunt

479 2793 642 2848 enim
674 2795 725 2848 ei
745 2793 956 2862 pluvia:
994 2801 1166 2862 gutta
1191 2792 1255 2860 ⁸⁸,
1284 2811 1390 2865 per
1439 2799 1627 2848 totum
1652 2793 1855 2848 orbem
1886 2809 2007 2848 non
2037 2811 2135 2848 so-

480 2883 608 2938 lum
638 2882 773 2948 isto,
807 2882 910 2936 sed
940 2887 999 2937 et
1031 2883 1236 2952 quovis
1289 2888 1554 2954 tempore
1604 2882 1824 2937 etfusaa.
1849 2883 2006 2953 Opus
2027 2882 2132 2936 Dei

489 2976 579 3028 est
593 2971 684 3026 sol
708 2989 721 3039 ;
745 2987 1030 3044 magnum
1052 2971 1294 3043 quidem
1317 2971 1599 3040 illud,sed
1619 2972 1804 3026 totius
1827 2971 1957 3026 caeli
1979 2987 2134 3026 com-

483 3061 793 3134 paratione
818 3061 1158 3116 minimum.
1191 3061 1458 3116 Primum
1489 3061 1768 3116 adversus
1819 3061 2006 3116 solem
2035 3061 2128 3115 in-

471 3154 663 3219 tuere,
691 3155 751 3204 et
781 3154 907 3204 tum
936 3150 1266 3219 .Dominum
1316 3151 1606 3205 curiosius
1639 3149 1952 3220 exquirito.
1984 3151 2128 3205 Pro-

473 3237 745 3308 fundiora
805 3244 857 3293 te
886 3254 955 3292 ne
983 3241 1283 3308 quaesieris,
1341 3245 1392 3294 et
1446 3242 1687 3308 fortiora
1741 3246 1794 3294 te
1849 3255 1919 3293 ne
1978 3241 2131 3294 inve-

538 3438 582 3474 “
609 3437 660 3493 Il
686 3437 814 3493 Cor.
847 3453 941 3505 xu,
973 3440 1026 3492 2.
1100 3436 1149 3472 ⁵²
1177 3438 1288 3495 Isa.
1320 3455 1409 3494 xL.
1441 3441 1529 3494 22.

546 3639 624 3710 (l)
658 3642 774 3695 Non
801 3640 949 3708 quod
979 3645 1058 3694 tot
1086 3639 1363 3693 duntaxat
1403 3641 1533 3693 sint.
1568 3639 1754 3693 Coelos
1786 3638 1987 3709 plures
2018 3639 2127 3694 tri-

474 3709 585 3765 bus
609 3709 1054 3782 numerumque
1081 3727 1285 3765 eorum
1319 3710 1430 3764 soli
1454 3711 1570 3764 Deo
1595 3711 1919 3782 cognitum,
1945 3711 2124 3782 Cyrili

475 3783 774 3837 sententia
787 3787 892 3836 est.
911 3781 1096 3837 Gmlos
1111 3782 1456 3850 angelorum
1471 3781 1837 3836 domicilium
1858 3781 2124 3836 statuens

478 3854 726 3935 singulis
743 3854 1087 3935 angelorum
1101 3847 1639 3935 ordinibuscmlum
1655 3870 1826 3935 suum
1842 3854 2122 3935 assignat,

475 3924 639 3980 tanto
695 3924 1029 3992 sublimius,
1077 3931 1298 3995 quanto
1349 3924 1431 3977 ibi
1466 3925 1523 3977 in
1548 3925 1884 3995 perfectiori
1917 3924 2122 3980 ordine

477 4002 614 4052 sunt
634 3998 941 4052 constituti
967 4015 980 4063 ;
1009 3998 1092 4050 ita
1113 4002 1177 4050 ut
1207 4011 1386 4066 supra
1407 3996 1645 4049 tertium
1678 3996 1891 4050 caelum
1923 3996 2124 4066 plures

474 4084 680 4122 eorum
702 4068 1262 4139 ordinesnumeret,
1296 4074 1408 4122 cat.
1445 4071 1532 4130 11,
1560 4084 1621 4122 n.
1663 4069 1748 4135 11,
1782 4083 1974 4137 neque
2008 4068 2121 4139 ipsi

472 4146 636 4195 ratus
669 4156 735 4193 ac
764 4141 915 4194 ﬁxus
938 4138 1050 4193 fuit
1069 4139 1472 4205 angelicorum
1513 4139 1790 4193 ordinum
1815 4138 2120 4205 numerus,

474 4217 540 4266 ut
570 4211 711 4265 alibi
751 4210 1098 4264 videbimus.
1135 4210 1212 4264 De
1272 4227 1520 4264 numero
1571 4211 1853 4265 caelorum
1885 4227 2004 4264 non
2037 4215 2122 4265 est

474 4284 716 4338 Patrum
739 4288 1016 4336 constans
1040 4281 1350 4336 sententia.
1382 4281 1527 4336 Aliis
1549 4299 1737 4336 unum
1760 4282 1973 4336 coelum
1997 4298 2123 4336 esse

475 4353 718 4426 placuit,
752 4359 817 4407 ut
845 4354 1284 4426 Chrysostomo,
1318 4352 1476 4426 hom.
1506 4355 1538 4406 4
1569 4356 1625 4407 in
1653 4354 2123 4426 GenesimVVulga-

475 4370 718 4426 placuit,
752 4370 817 4407 ut
845 4370 1284 4423 unrysosnomo,
1318 4370 1476 4406 nom.
1506 4370 1538 4406 -ι
1569 4371 1625 4407 ιη
1653 4370 1895 4409 ueneszm
1929 4370 2123 4478 vulga-

474 4426 556 4480 ris
587 4428 825 4479 Patrum
851 4423 1052 4495 Opinio
1081 4430 1169 4478 est
1191 4423 1336 4477 duos
1361 4423 1538 4478 cmlos
1571 4441 1699 4478 esse
1727 4441 1738 4478 :
1765 4426 1844 4478 ita
1865 4425 2019 4478 Theo
2067 4442 2123 4478 o-

474 4503 658 4558 retus,
681 4497 847 4550 aiens
871 4511 1005 4550 eum
1029 4497 1128 4566 qui
1154 4495 1354 4565 plures
1377 4501 1650 4549 numerat
1667 4495 1898 4550 fabulas
1921 4496 2122 4564 sequi;

475 4568 559 4623 ita
591 4568 766 4622 etiam
791 4569 1030 4622 Cosmas
1064 4567 1468 4639 zEgyptius,_et
1488 4566 1809 4639 aliimulti.
1837 4567 1946 4620 Alii
1983 4573 2120 4634 tres,

466 4639 641 4710 juxta
661 4639 930 4706 Paulum,
956 4637 1274 4693 numerant
1294 4637 1492 4692 caelos.
1516 4637 1630 4690 Alii
1653 4643 1899 4708 septem,
1931 4645 1995 4691 ut
2015 4641 2125 4691 As-

473 4711 658 4766 terius
685 4713 1065 4776 Amassenus,
1099 4711 1260 4764 hom.
1287 4712 1345 4763 in
1368 4710 1460 4765 SS.
1486 4711 1707 4763 Petrum
1746 4716 1796 4763 et
1841 4711 2073 4763 Paulum
2101 4728 2122 4772 ;
2156 4710 2201 4773 D

472 4782 760 4862 Paulinus
791 4799 984 4853 poem.
1010 4782 1102 4862 ult
1143 4799 1235 4862 ap.
1263 4783 1493 4848 Murat.,
1520 4782 1721 4862 p..l.35‘,
1756 4785 1865 4862 etc.
1903 4781 2125 4862 Philas-

473 4855 642 4919 trius,
669 4852 879 4909 haeres.
902 4871 1046 4921 XLVl,
1077 4855 1105 4907 3
1139 4852 1311 4909 class.
1345 4852 1714 4923 permittitut
1747 4853 1864 4906 sive
1897 4859 2121 4923 septem

475 4926 594 4980 sive
617 4931 736 4978 tres
759 4924 956 4991 ccelos,
977 4925 1095 4979 sive
1119 4924 1264 4979 duos
1283 4925 1410 4979 sine
1431 4923 1748 4979 formidine
1773 4925 1990 4978 erroris
2011 4940 2120 4978 ιω-

474 5010 793 5064 meremus.
823 4994 1073 5048 Omnino
1097 4995 1432 5064 Cyrillianaa
1461 4996 1770 5050 sententias
1801 4995 2123 5050 conformis

475 5070 565 5138 est
595 5063 849 5117 Hilarius
878 5066 938 5116 in
962 5066 1108 5138 psal.
1134 5063 1332 5138 exxxv,
1359 5084 1502 5121 num
1534 5071 1616 5132 l0,
1648 5072 1766 5121 tam
1791 5066 1984 5138 quoad
2015 5083 2122 5138 cce-

473 5135 691 5207 lorum,
707 5150 884 5207 quam
901 5137 1092 5204 quoad
1115 5137 1516 5207 angelicorum
1537 5135 1930 5192 ordinum'eas
1954 5137 2123 5191 sedes

474 5205 868 5283 incolentium
884 5205 1242 5283 numerum}
1263 5208 1435 5277 cujus
1451 5209 1623 5263 verba
1643 5209 1740 5283 hic
1761 5209 2124 5283 referrenon

478 5285 566 5333 est
584 5276 1124 5330 extrainstitutum:
1155 5303 1173 5329 ι
1198 5279 1275 5332 De
1300 5276 1546 5332 numero
1571 5281 1852 5334 ccelorum
1878 5280 2025 5334 nihil
2046 5280 2125 5333 si-

480 5371 500 5397 ιι
530 5349 586 5403 bi
611 5349 884 5400 humana)
899 5347 1181 5421 doctrinm
1207 5350 1509 5421 temeritas
1529 5358 1865 5420 prmsumat.
1885 5353 2127 5421 Aposto-

474 5441 503 5469 (τ
529 5421 620 5474 lus
645 5433 831 5491 usque
854 5419 925 5471 ad
968 5421 1205 5491 tertium
1238 5420 1450 5473 cmlum
1474 5419 1602 5475 sese
1636 5428 1870 5491 raptum
1902 5419 2125 5476 intelli-

477 5513 504 5541 ‹‹
529 5492 630 5563 git.
653 5487 859 5541 Plures
879 5490 1116 5558 quidem
1138 5487 2126 5563 t_.hronos.dominationes,potesta-

479 5583 503 5614 α
530 5560 1030 5635 tesconnunera't,
1057 5560 1276 5635 quibus
1294 5578 1535 5635 necesse
1554 5571 1643 5618 est
1659 5560 1927 5635 proprias
1957 5565 2126 5619 sedes

478 5655 506 5684 ι(
533 5629 917 5706 habitationis
941 5629 1215 5706 congrum
1247 5631 1518 5706 deputari
1545 5650 1584 5706 ε.⁸
1611 5629 1714 5689 sed
1737 5629 1794 5689 et
1818 5635 1955 5706 alia,
1980 5651 2124 5706 quo-

468 5727 498 5755 ‹‹
521 5718 659 5761 rum
674 5701 1077 5770 cognitionem
1091 5701 1306 5758 futuris
1320 5703 1680 5773 temporibus
1692 5705 1988 5777 promittit
1997 5701 2128 5760 esse

1605 3438 1652 3473 ⁵³
1685 3440 1806 3494 Vid.
1831 3446 1940 3496 cat.
1973 3442 2026 3506 9,
2059 3457 2118 3495 n.
2152 3442 2205 3495 2.

2239 1903 2349 1974 ρεῖς
2381 1898 2506 1960 τοὺς
2536 1897 2785 1969 ἀστέρας,
2836 1897 2928 1951 τὸν
2990 1895 3046 1951 δὲ
3076 1899 3313 1968 ποιητὴν
3365 1898 3428 1952 ού
3489 1901 3736 1974 θεωρεῖς·
3775 1899 3897 1974 ἀρί-

2237 1988 2442 2058 θμησαι
2473 1986 2599 2048 τοὺς
2631 1985 3012 2064 φαινομένους,
3043 1987 3133 2041 καὶ
3163 1986 3286 2042 τότε
3329 1988 3419 2042 τὸν
3456 1990 3532 2061 μὴ
3567 1988 3896 2065 φαινόμενον

2237 2075 2515 2151 ἐξήγησαι,
2575 2077 2666 2130 τὸν
2722 2076 3059 2150 ἀριθμοῦντα
3114 2076 3304 2147 πλήθη
3365 2078 3574 2152 ἄστρων
3605 2077 3698 2132 καὶ
3731 2085 3892 2133 πᾶσιν

2239 2166 2425 2227 αὐτοῖς
2457 2165 2700 2237 ὀνόματα
2737 2163 3028 2223 καλοῦντα.
3093 2165 3358 2240 Σταγόνες
3395 2167 3561 2221 ὑετῶν
3622 2162 3898 2236 λαϐροτέ-

2239 2275 2347 2329 ρων
2375 2253 2702 2331 προσφάτως
2751 2252 3099 2322 ἐπελθοῦσαι,
3153 2259 3350 2330 μικροῦ
3412 2253 3522 2309 δεῖν
3556 2258 3635 2328 (5)
3666 2257 3895 2312 ἀπώλε-

2241 2365 2332 2398 σαν
2365 2346 2534 2417 ἡμᾶς’
2569 2342 2872 2416 ἀρίθμησον
2928 2343 3130 2413 ταύτης
3191 2345 3360 2416 μόνης
3417 2351 3518 2414 τῆς
3553 2344 3768 2407 πόλεως
3796 2346 3897 2408 τὰς

2241 2432 2521 2508 σταγόνας’
2555 2433 2644 2486 καὶ
2695 2433 2759 2486 οὐ
2817 2430 2962 2508 λέγω
3013 2435 3113 2502 τῆς
3165 2428 3404 2502 πόλεως,
3465 2433 3612 2489 ἀλλὰ
3667 2439 3766 2489 τοῦ
3797 2440 3896 2491 σοῦ

2243 2523 2498 2596 δώματος
2525 2521 2602 2583 εἷς
2638 2521 2762 2594 μίαν
2814 2521 2957 2596 ὥραν
3016 2522 3113 2584 τὰς
3166 2522 3424 2597 σταγόνας
3483 2523 3811 2598 ἀρίθμησον,
3845 2523 3901 2580 εἴ

2249 2634 2333 2667 σοι
2391 2609 2633 2664 δυνατόν·
2694 2608 2840 2664 ἀλλὰ
2896 2607 3175 2664 ἀδύνατον·
3235 2610 3460 2684 γίνωσκε
3509 2616 3736 2666 σεαυτοῦ
3791 2613 3892 2681 τήν

2245 2701 2544 2765 ἆσθέοειαν·
2607 2697 2664 2753 ἐκ
2716 2697 2913 2753 τούτου
2967 2701 3135 2773 γνῶθι
3193 2703 3290 2754 τοῦ
3320 2704 3452 2755 Θεοῦ
3481 2701 3582 2768 τὴν
3641 2698 3893 2774 δύναμιν·

2249 2787 2605 2865 Ἠρίθμηνται
2637 2790 2713 2860 (6)
2768 2787 2869 2862 γᾶρ
2929 2787 3074 2860 αύτῷ
3130 2789 3380 2864 σταγόνες
3441 2789 3619 2858 ὑετοῦ,
3677 2793 3732 2844 αἱ
3764 2791 3900 2846 κατὰ

2244 2880 2428 2948 πάσης
2457 2883 2556 2946 τῆς
2619 2874 2945 2949 οἷκουμένης
2979 2875 3040 2931 ού
3070 2877 3161 2932 νῦν
3224 2883 3473 2953 χυθεῖσαι
3529 2880 3717 2952 μόνον,
3757 2880 3901 2936 ἀλλὰ

2245 2970 2348 3044 γὰρ
2392 2966 2482 3021 καὶ
2539 2964 2788 3020 πάντοτε.
2853 2966 3079 3038 Ποίημα
3134 2971 3268 3021 Θεοῦ
3326 2965 3516 3038 ἥλιος,
3580 2969 3723 3044 μέγα
3775 2972 3894 3042 μὲν,

2247 3055 2570 3132 μικρότατον
2605 3050 2662 3107 δὲ
2714 3053 2851 3129 πρὸς
2909 3054 3187 3129 σύγκρισιν
3230 3059 3332 3110 τοῦ
3377 3058 3579 3119 παντὸς
3639 3058 3894 3133 ούρανοῦ·

2242 3142 2536 3200 ἐνατένισον
2569 3143 2783 3218 πρῶτον
2813 3141 2985 3215 ἡλίῳ,
3042 3143 3132 3198 καὶ
3159 3145 3282 3200 τότε
3337 3146 3428 3201 τὸν
3485 3146 3763 3216 Δεσπότην
3793 3168 3893 3201 πο-

2244 3231 2726 3310 λυπραγμόνησον.
2788 3231 3063 3308 Βαθύτερά
3118 3255 3213 3289 σου
3248 3236 3324 3308 μή
3383 3237 3553 3308 ζήτει,
3609 3238 3701 3292 καὶ
3735 3237 3894 3312 ἴσχυ-

2281 3438 2330 3474 ⁵⁴
2385 3439 2542 3495 Psal.
2576 3456 2757 3507 chvr,
2786 3441 2840 3494 4.
2917 3438 2961 3472 ⁵⁸
2979 3436 3084 3492 Job
3114 3453 3310 3506 xxxv1,
3341 3439 3429 3491 2'7.

2241 3658 2267 3691 ιι
2298 3637 2612 3709 signiﬁcat,
2637 3653 2771 3691 cum
2794 3636 2901 3691 ait:
2930 3659 2951 3688 ι
2979 3636 3048 3709 Et
3069 3651 3248 3706 super
3276 3651 3450 3709 omne
3464 3651 3684 3709 nomen
3707 3639 3884 3709 quod

2234 3706 2577 3766 nominatur
2589 3725 2706 3763 non
2722 3708 2912 3763 solum
2927 3709 2987 3762 in
3009 3707 3117 3761 hoc
3140 3708 3379 3775 saeculo,
3396 3706 3495 3762 sed
3510 3707 3689 3761 etiam
3703 3707 3765 3762 in
3779 3709 3881 3764 fu-

2234 3787 2396 3846 turo;
2425 3802 2450 3832 ιι
2479 3781 2582 3835 sed
2603 3780 2674 3834 de
2712 3795 2960 3834 numero
3010 3779 3322 3848 Apostolus
3370 3777 3520 3832 nihil
3565 3778 3802 3844 docuit;
3827 3787 3888 3835 et

2234 3876 2260 3903 «
2282 3854 2482 3908 nescio
2511 3869 2584 3906 an
2611 3853 2876 3917 tacuerit,
2921 3868 2997 3906 an
3040 3851 3412 3922 ignoraverit.
3444 3849 3618 3904 Nobis
3661 3851 3888 3906 sufﬁcit

2234 3947 2262 3976 ‹‹
2293 3925 2494 3996 plures
2519 3923 2692 3978 caelos
2716 3923 2865 3978 scire
2893 3939 3041 3990 esse,
3069 3923 3286 3993 quippe
3307 3938 3441 3977 cum
3465 3926 3524 3976 et
3547 3922 3681 3976 οωὶί
3705 3923 3885 3978 ccelo-

2237 4017 2259 4047 ι
2294 4013 2449 4059 rum,
2485 4017 2511 4044 ››
2546 4001 2655 4049 etc.

2305 4068 2378 4138 (2)
2409 4069 2674 4121 Τοσοῦτοι
2709 4064 2892 4138 μόνοι,
2941 4065 3026 4120 Ita
3055 4081 3162 4138 nos
3221 4081 3290 4118 ex
3339 4063 3510 4118 codd.
3546 4064 3884 4138 Coisl.,rOt-

2233 4136 2458 4204 tob0n.,
2492 4139 2632 4205 Roe,
2693 4136 2935 4191 Casaub.
2997 4136 3148 4190 Editi
3194 4151 3350 4203 vero,
3406 4138 3659 4207 τοσοῦτοι
3695 4137 3882 4207 μόνον.

2234 4211 2381 4271 Mox.
2415 4210 2542 4264 loco
2573 4207 2872 4274 τοσούτοις,
2909 4208 3255 4278 scripsimus
3284 4205 3598 4275 τοσούτους,
3643 4205 3713 4264 ex
3746 4208 3881 4264 iisd.

2233 4281 2403 4336 codd.
2439 4286 2497 4335 et
2525 4297 2635 4334 ms.
2670 4277 3045 4334 Genovefani’
3079 4277 3254 4351 libri;
3290 4284 3348 4333 et
3377 4278 3744 4347 addidimus,
3781 4279 3880 4351 p.5-

2231 4372 2376 4415 νους,
2411 4368 2480 4405 ex
2512 4351 2713 4413 Coisl.,
2748 4354 2888 4418 Roe,
2922 4349 3168 4405 Casaub.

2302 4418 2575 4494 (3)0{Snw
2609 4418 2750 4475 οὐδὲ.
2808 4422 3011 4494 Coidd.
3075 4423 3293 4494 Roe_et
3322 4421 3569 4494 Casaub.
3632 4427 3769 4493 post
3796 4420 3884 4474 ού-

2234 4492 2449 4566 ρανούς,
2481 4496 2607 4566 hinc
2637 4495 2815 4566 verba
2844 4493 3126 4566 exhibent
3155 4492 3751 4566 adsupplementum
3783 4494 3886 4550 ad-

2225 4559 2388 4638 jecta
2417 4559 2584 4619 ι’τὸτε
2619 4564 2842 4633 νόησον,
2903 4559 3169 4638 ὅτιῗοῦπω
3204 4559 3353 4638 οὐδέξ
3379 4559 3544 4638 etc.,
3588 4573 3885 4635 postquam.

2231 4636 2452 4699 uideris.
2487 4643 2622 4704 etc.,
2658 4645 2787 4692 tunc
2825 4637 3110 4690 considera
3139 4637 3287 4704 quod
3305 4636 3556 4703 necdum,
3589 4643 3704 4692 etc.

2303 4710 2379 4780 (4)
2404 4709 2470 4762 ἹΙ
2502 4707 2658 4777 ἀξίως
2692 4706 2859 4760 εἰπεῖν
2889 4707 3009 4780 περῖ
3064 4708 3224 4780 Θεοῦ,
3268 4708 3349 4761 Ea
3403 4707 3579 4780 verba
3604 4708 3682 4762 ad
3713 4725 3888 4780 cons-

2233 4778 2588 4860 tructionem
2618 4780 2902 4860 phraseos
2926 4778 3290 4860 negessariaf.‘
3307 4784 3511 4860 auctor
3535 4779 3726 4860 9x031.
3761 4778 3888 4860 edi-_-

2234 4851 2415 4906 tionis
2447 4849 2666 4921 adjecit
2692 4868 2762 4905 ex
2793 4850 2964 4905 codd.
2998 4853 3120 4922 Roe
3149 4856 3208 4903 et
3253 4849 3499 4905 Casaub.
3534 4851 3889 4922 Paulogpost

2237 4922 2406 4978 codd.
2441 4917 2579 4995 Roe,
2605 4922 2849 4977 Casaub.
2886 4927 2942 4975 et
2972 4921 3165 4976 Ottob.
3200 4922 3481 4976 omittunt
3501 4937 3697 4990 voces,
3728 4917 3888 4995 ἔχον.

2231 5013 2348 5058 τος,
2384 4999 2440 5048 et
2470 4990 2829 5054 ἐνοικοῦντας.

2305 5067 2379 5134 (5)
2410 5068 2619 5137 Μικροῦ
2653 5061 2780 5118 δεῖν.
2805 5062 3208 5137 Emendamus
3239 5079 3307 5137 ex
3340 5063 3510 5119 codd.
3535 5064 3741 5137 Coisl.,
3767 5067 3886 5121 Roe

2237 5142 2294 5190 et
2317 5132 2691 5206 Ottobfquod
2723 5136 2974 5190 habetur
2999 5134 3059 5188 in
3091 5134 3361 5206 vulgatis,
3399 5132 3811 5206 μικροῦδίκην.

2309 5208 2381 5277 (6)
2439 5205 2821 5278 ’11ρίθμηνται,
2894 5211 3002 5278 etc.
3066 5205 3301 5278 Legitur
3351 5206 3418 5278 in
3471 5205 3645 5278 codd.
3707 5207 3883 5263 Coisl.

2238 5271 2453 5350 Ottob.,
2505 5271 2673 5344 'Roe;
2714 5276 2984 5350 Casaub.,
3047 5271 3452 5350 καΓσταγόνες
3502 5277 3706 5350 ὑετῶν·
3753 5278 3888 5331 κατὰ

2238 5349 2436 5418 πάσης,
2484 5357 2620 5417 etc.,
2679 5347 3005 5404 omittendo
3055 5347 3108 5400 αἱ
3163 5347 3465 5403 anteuortit
3524 5347 3888 5416 πάσης;ἀιιο

2238 5417 2484 5492 priores,
2521 5439 2623 5492 pro
2656 5419 2717 5474 οὐ
2743 5424 2834 5473 νῦν
2864 5421 3122 5492 χυθεῖσαιῗ
3149 5417 3310 5490 μόνον
3352 5420 3592 5492 habent,
3628 5419 3689 5473 οὐ
3727 5421 3889 5492 μόνον

2236 5487 2290 5544 αἱ
2345 5487 2724 5566 νῦνγίχξυθεῖση
2767 5487 2934 5566 Loco,
3189 5492 3274 5566 καξ
3335 5491 3393 5566 αἱ,
3446 5487 3890 5566 πάντοτε,ἀιιω

2238 5571 2364 5619 erat
2395 5562 2689 5619 editorum
2712 5564 2886 5618 lectio
2910 5562 3097 5618 codici
3121 5564 3518 5618 Ottoboniano
3541 5564 3888 5632 conformis,

2238 5636 2509 5723 ex‘Coi’sl.
2556 5638 2675 5692 Roe
2733 5641 2792 5690 et
2843 5633 3089 5690 Casaub.
3149 5635 3556 5706 ascripsimus,
3611 5631 3760 5712 ἀΑλὰ
3790 5631 3888 5708 γὰρ

2232 5724 2324 5760 και
2361 5725 2612 5761 παντοτε.
