4152 6264
277 292 396 352 553

1387 285 1869 349 CATECHESIS
1912 285 2014 347 VI.
2064 285 2163 346 DE
2207 286 2367 346 UNO
2410 288 2586 348 DEO.

3568 289 3689 350 554

280 421 462 476 Πάντα
517 420 616 497 γάρ
679 424 753 494 (1)
811 419 880 476 δι’
936 419 1098 474 αὐτοῦ
1169 415 1400 494 ἐγένετο,
1454 417 1543 472 καὶ
1601 415 1778 492 χωρὶς
1835 415 1930 470 αὐ-

2050 418 2242 472 Οηιηὶα
2274 419 2432 472 enim
2455 435 2560 488 per
2604 421 2780 489 ipsum
2828 423 2980 488 facta
3033 426 3177 488 sunt,
3209 425 3261 474 et
3287 423 3406 476 sine
3451 423 3569 492 ipso
3596 426 3688 492 fa-

274 514 374 566 τοῦ
405 507 612 586 ἐγένετο
657 509 786 567 οὐδὲ
841 507 916 566 ἔν’
977 511 1132 586 πηγὴ
1184 509 1384 571 παντὸς
1442 509 1642 584 ἀγαθοῦ
1703 507 1926 583 μεγίστη

271 601 359 656 καὶ
432 601 783 672 ἀνελλιπὴς,
835 602 1084 676 ποταμὸς
1168 601 1523 677 εὐεργεσιῶν,
1583 604 1698 677 φῶς
1755 596 1931 653 ἀῖδιον

272 688 590 754 ἀνιλλιπῶς
649 691 948 767 ἀστράπτον
978 737 991 761 ,
1041 689 1269 763 δύναμις
1330 687 1758 764 ἀκαταγώνιστος
1812 691 1931 750 ταῖς

274 781 568 843 ἀςθενείαις
598 783 759 855 ἡμῶν
816 779 1350 858 συμπεριφερομένη·
1413 775 1474 833 οὗ
1527 775 1666 850 μηδὲ
1703 779 1764 832 τὸ
1796 773 1926 830 ὅνο-

276 891 350 944 μα
403 869 640 948 φέρομεν
713 871 976 926 ἀκοῦσαι·
1029 871 1096 926 'll
1157 867 1319 944 ἴχνος
1402 868 1605 940 Κυρίου
1658 866 1927 941 εύρήσειςο

271 959 436 1031 φησὶν
497 962 576 1034 (2)
609 960 638 1015 6
670 955 815 1031 'lw6,
848 962 884 1030 ἢ
941 959 1018 1022 εἷς
1073 959 1140 1014 τά
1191 953 1396 1032 ἔσχατα
1453 955 1648 1031 ἀφίκου
1679 953 1711 1009 ἃ
1739 954 1928 1025 ἐποίη-

269 1071 354 1105 σεν
417 1051 448 1106 6
509 1050 940 1126 11αντοκράτωρ;
1021 1049 1086 1106 Et
1141 1049 1208 1104 τά
1263 1048 1466 1123 ἔσχατα
1525 1051 1626 1102 τῶν
1681 1047 1924 1117 ποιημάο

263 1161 376 1196 των
422 1138 487 1194 ού
544 1134 1042 1213 καταλαμϐάνεται,
1094 1140 1196 1213 ἄρα
1252 1139 1279 1193 6
1336 1139 1404 1193 τά
1459 1136 1632 1192 πάντα
1688 1138 1924 1206 ποιήσας

261 1227 790 1307 καταληφθήσεται;
861 1228 1183 1302 Ὀφθαλμὸς
1269 1226 1368 1282 ούκ
1426 1223 1562 1282 εἶδεν
1599 1271 1614 1296 ,
1687 1225 1777 1280 καὶ
1833 1224 1926 1286 οὓς

262 1315 367 1370 οὐκ
438 1312 719 1386 ἤκουσεν,
803 1315 895 1370 καὶ
976 1313 1063 1369 ἐπὶ
1143 1311 1366 1389 καρδίαν
1449 1314 1740 1389 ἀνθρώπου
1828 1311 1922 1366 ούγ

263 1399 458 1475 ἀνέϐη,
513 1406 612 1460 ὃσα
669 1405 968 1477 ἡτοίμασεν
1029 1405 1056 1457 ὁ
1109 1404 1238 1463 Θεὸς
1297 1408 1415 1467 τοῖς
1469 1403 1754 1476 ἀγαπῶσιν
1834 1401 1924 1456 αὖ·

263 1495 384 1552 τόν.
423 1493 488 1550 Εἰ
539 1491 572 1548 ἂ
628 1492 928 1566 ἡτοίμασεν
992 1494 1020 1547 6
1076 1493 1206 1555 Θεὸς
1262 1491 1609 1565 ἀπερίληπτα
1661 1491 1921 1565 τυγχάνει

262 1589 389 1646 ταῖς
420 1579 715 1658 ἡμετὲραις
773 1579 1056 1651 διανοίαις,
1104 1581 1264 1637 αὐτὸν
1296 1581 1397 1656 ἆρα
1424 1582 1516 1636 τὸν
1565 1582 1924 1654 δτοιμὸίσαντα

246 1676 346 1747 ,τῷ
403 1676 484 1745 νῷ
528 1665 956 1744 περιλαμϐάνειν
1012 1669 1328 1744 δυνάμεθα;
1399 1673 1465 1724 Ὤ
1520 1671 1682 1745 βάθος
1747 1665 1920 1722 πλού-

2036 512 2182 561 ctum
2213 513 2288 561 est
2317 508 2544 563 nihil“.
2580 509 2732 562 Fons
2764 514 2854 562 est
2904 509 3098 564 omnis
3129 509 3269 564 boni
3301 511 3596 566 maximus
3630 516 3690 567 et

2033 595 2406 661 indeﬁciens,
2441 597 2869 652 beneﬁciorum
2901 597 3135 665 ﬂuvius,
3169 598 3374 655 lumen
3396 605 3686 657 aeternum

2035 684 2445 738 indesinenter
2475 701 2816 752 coruscans,
2849 686 3271 758 insuperabilis
3301 693 3560 758 potestas
3611 689 3685 745 ad

2035 779 2268 828 nostras
2301 773 2677 829 infirmitates
2709 791 2839 829 sese
2870 774 3228 830 demittens:
3262 777 3432 846 cujus
3470 794 3545 832 ne
3577 795 3686 833 no-

2033 880 2172 918 men
2203 865 2446 934 quidem
2480 866 2843 920 sustinemus
2871 867 3097 922 audire.
3130 867 3212 922 An
3250 869 3541 937 vestigium
3571 871 3682 924 Do-

2031 956 2169 1007 mini
2197 957 2454 1024 reperies,
2491 956 2572 1009 ait
2599 955 2724 1023 Job,
2758 962 2854 1010 aut
2885 963 3131 1012 extrema
3180 974 3300 1027 qua
3331 959 3686 1029 Omnipotens

2031 1045 2183 1111 fecit,
2216 1045 2458 1113 attigisti
2479 1043 2525 1076 ⁷⁸
2547 1044 2574 1098 ?
2603 1045 2658 1098 Si
2686 1050 2950 1101 extrema
2971 1046 3338 1118 minimaque
3362 1064 3543 1120 Opera
3564 1065 3685 1104 non

2031 1134 2640 1206 comprehenduntur,
2674 1136 2802 1191 isne
2835 1137 2936 1208 qui
2968 1138 3170 1192 omnia
3213 1138 3355 1193 fecit
3400 1155 3685 1212 compre-

2031 1223 2325 1279 hendetur
2343 1225 2371 1280 ?
2391 1247 2419 1274 ι(
2448 1225 2666 1281 Oculus
2691 1242 2811 1281 non
2833 1225 2996 1296 vidit,
3026 1232 3084 1281 et
3115 1228 3276 1282 auris
3297 1244 3418 1284 non
3440 1229 3683 1299 audivit,

2032 1334 2058 1361 «
2090 1317 2147 1368 et
2176 1313 2235 1366 in
2268 1329 2368 1367 cor
2396 1313 2658 1368 hominis
2682 1331 2802 1369 non
2835 1316 3121 1384 ascendit,
3143 1321 3365 1387 quanta
3385 1334 3680 1390 praspara-

2034 1423 2062 1453 α
2093 1403 2173 1456 vit
2202 1404 2353 1457 Deus
2385 1402 2768 1475 diligentibus
2791 1421 2851 1459 se
2873 1403 2938 1459 ⁷⁷.
2976 1427 3003 1454 ››
3033 1405 3089 1459 Si
3123 1422 3192 1462 ea
3223 1422 3353 1477 quaa
3383 1424 3680 1479 praepara-

2029 1491 2110 1544 vit
2130 1491 2304 1558 Deus,
2337 1492 2760 1564 cogitationum
2792 1497 3130 1549 nostrarum
3161 1499 3400 1565 captum
3428 1513 3681 1569 exsupe-

2029 1584 2182 1648 rant,
2216 1597 2291 1634 an
2351 1581 2546 1652 ipsum
2589 1583 2689 1653 qui
2738 1583 3090 1654 praeparavit
3138 1601 3454 1654 possumus
3480 1586 3680 1641 animo

2029 1669 2582 1741 comprehendere?
2609 1692 2629 1719 α
2663 1671 2706 1726 Ο
2739 1671 3097 1742 profundum
3116 1671 3458 1728 divitiarum
3498 1677 3557 1730 et
3586 1691 3680 1730 sa-

260 1783 366 1818 του
422 1759 513 1816 καὶ
570 1761 761 1839 σοφίας
809 1760 898 1815 καὶ
955 1761 1210 1835 γνώσεως
1284 1763 1360 1834 (3)
1414 1761 1594 1815 Θεοῦί
1669 1759 1758 1822 Ὠς
1827 1757 1916 1812 ἀν-

2045 1781 2057 1808 ‹
2084 1761 2324 1831 pientim
2357 1766 2415 1816 et
2446 1762 2706 1817 scientiae
2730 1762 2832 1817 Dei
2859 1779 2871 1816 :
2910 1780 3085 1834 quam
3109 1763 3523 1820 inscrutabilia
3544 1769 3685 1820 sunt

263 1850 585 1925 εξερεύτητα
640 1852 708 1906 τά
763 1849 1002 1926 κρίματα
1078 1848 1240 1904 αὐτοῦ
1271 1893 1286 1919 ,
1371 1849 1460 1904 καὶ
1520 1847 1911 1925 ἀνεξιχνίαστοι

265 1941 322 1994 αἱ
349 1937 469 1996 ὁδοὶ
530 1940 698 1996 αὐτοῦ
733 1941 745 1998 ι
807 1940 971 2017 φησὶν
1006 1940 1033 1994 6
1067 1937 1428 2000 Ἀπόστολος.
1463 1938 1530 1996 Εἰ·
1558 1940 1624 1993 τά
1678 1937 1915 2013 κρίματα

264 2031 359 2085 καὶ
392 2028 447 2085 αἱ
489 2027 608 2085 ὁδοί
662 2027 979 2100 ἀκατάλητα
1033 2031 1377 2100 καθέστηκεν,
1408 2028 1568 2091 αὐτὸς
1601 2030 1702 2104 ἆρα
1754 2049 1917 2083 κατα-

269 2120 615 2198 ληφθήσεται

341 2214 398 2268 Ι’.
427 2210 702 2268 Τοσούτου
739 2210 920 2266 τοίνυν
968 2207 1122 2275 ὄντος
1169 2214 1265 2266 τοῦ
1321 2215 1476 2280 Θεοῦ,
1508 2212 1599 2265 καὶ
1626 2208 1702 2267 ἔτι
1739 2215 1924 2284 μειζο-

265 2320 381 2362 νος·
415 2298 541 2356 οὖδὶ
564 2300 667 2376 γάρ
700 2299 786 2356 ἐὰν
819 2298 958 2370 ὅλην
997 2321 1100 2374 μου
1142 2302 1242 2370 τὴν
1291 2300 1578 2356 ὑπόστασιν
1630 2300 1705 2363 εἷς
1739 2300 1926 2376 γλῶσ-

269 2410 363 2444 σαν
428 2384 722 2462 μιταϐάλω
773 2391 871 2462 (4),
933 2387 1164 2463 δύναμαι
1219 2392 1282 2445 τὸ
1352 2393 1466 2445 κατ’
1528 2389 1673 2461 ἀξίαν
1731 2389 1923 2445 εἰπεῖν·

270 2478 490 2551 μᾶλλον
522 2475 580 2533 δὲ
609 2475 724 2534 οὐδ’
755 2478 802 2534 εί
832 2478 1027 2541 πάντες
1060 2477 1284 2555 ἄγγελοι
1317 2477 1646 2550 συνέλθοιεν,
1680 2477 1834 2535 οὔπω
1867 2479 1928 2534 τὸ

267 2567 390 2622 κατ’
426 2567 574 2636 ἀξίαν
605 2567 806 2643 ἐροῦσιο
856 2568 1122 2623 τοσούτου
1177 2568 1352 2623 τοίνυν
1387 2564 1543 2630 ὄντος
1600 2569 1805 2644 ἀγαθοῦ
1835 2573 1931 2623 τοῦ

273 2659 415 2710 Θεοῦ
458 2656 544 2710 καὶ
581 2656 840 2730 μεγάλου,
904 2654 1193 2732 ἅνθρωπος
1253 2657 1406 2713 λίθον
1464 2657 1703 2733 γλύψας,
1733 2661 1811 2730 τῷ
1844 2656 1929 2712 λί-

274 2755 359 2817 θῳ
389 2743 584 2814 εἰπεῖν,
636 2746 760 2808 Θεὸς
821 2767 927 2819 μου
987 2749 1037 2801 εἴ
1093 2745 1179 2815 σὺ,
1234 2745 1535 2820 ἐτόλμησεν
1593 2750 1688 2821 (5).
1735 2747 1801 2801 Ὠ
1835 2766 1934 2819 με·

276 2832 458 2910 γάλης
485 2828 776 2908 ἀϐλεψίας,
807 2833 866 2890 ἐκ
911 2833 1176 2891 τοσούτου
1235 2837 1497 2910 μεγέθους
1557 2835 1633 2898 εἲς
1663 2836 1932 2904 τοσαύτην

276 2921 642 2993 ταπεινότητα
670 2923 1044 2994 κατελθούσης
1079 2926 1091 2981 ί
1123 2925 1200 2981 Τὸ
1240 2922 1400 2998 ξύλον
1434 2925 1566 3000 ὅπερ
1598 2925 1626 2979 6
1658 2925 1787 2986 Θεὸς
1815 2925 1938 3000 ἐτρύ-

275 3032 478 3084 τευσεν,
523 3011 614 3067 καὶ
669 3013 822 3076 ὑετός
874 3012 1130 3087 ἐμήκυνε,
1191 3013 1278 3068 καὶ
1331 3012 1552 3088 ὕστερον
1605 3014 1933 3077 κατακαυθὲν

2030 1850 2304 1922 «judicia
2343 1852 2494 1924 ejus,
2551 1858 2610 1906 et
2667 1852 3105 1926 investigabiles
3165 1855 3268 1909 vias
3321 1855 3483 1928 ejus!
3519 1879 3548 1906 »
3600 1855 3689 1918 ait

2026 1941 2344 2012 Apostolus
2372 1942 2437 1995 ⁷⁸.
2467 1941 2524 1996 Si
2561 1941 2792 2014 judicia
2819 1949 2877 1997 et
2925 1944 3030 1998 vim
3081 1945 3506 2016 comprehendi
3555 1963 3678 2004 non

2024 2035 2294 2101 possunt,
2329 2031 2533 2103 ipsene
2566 2032 3156 2104 comprehendetur?

2099 2209 2164 2265 X.
2196 2207 2244 2242 79
2273 2210 2416 2264 Cum
2449 2210 2628 2282 igitur
2659 2211 2811 2265 Deus
2842 2216 3042 2267 tantus
3066 2213 3161 2281 sit,
3191 2217 3249 2268 et
3279 2214 3456 2270 etiam
3489 2215 3683 2287 major

2031 2298 2048 2369 (
2080 2315 2273 2369 neque
2305 2298 2484 2366 enim,
2519 2298 2609 2353 vel
2637 2300 2685 2354 si
2719 2304 2902 2356 totam
2963 2301 3357 2358 substantiam
3388 2321 3584 2360 meam
3615 2306 3677 2361 in

2030 2387 2294 2460 linguam
2327 2393 2817 2460 transmutavero,
2842 2395 3130 2461 quantum
3158 2393 3243 2447 rei
3266 2392 3522 2465 dignitas
3542 2412 3682 2467 pos-

2033 2477 2202 2546 tulat,
2235 2476 2399 2548 loqui
2432 2477 2654 2549 possim
2685 2495 2699 2543 ;
2730 2479 2847 2533 imo
2881 2496 2955 2534 ne
2989 2479 3038 2534 si
3072 2497 3280 2537 omnes
3311 2483 3552 2553 quidem
3582 2501 3682 2540 an-

2032 2567 2147 2639 geli
2197 2567 2572 2634 conveniant,
2621 2568 2780 2638 quod
2828 2569 3070 2640 dignum
3125 2575 3215 2625 est
3263 2571 3686 2643 eloquantur);

2036 2660 2234 2710 tantus
2267 2655 2445 2728 igitur
2473 2672 2606 2710 cum
2641 2657 2734 2725 sit,
2780 2657 2972 2713 bonus
3005 2664 3062 2713 et
3109 2675 3359 2732 magnus
3407 2663 3562 2717 Deus
3592 2661 3686 2731 π’,

2035 2745 2212 2799 homo
2237 2745 2468 2816 sculpto
2501 2761 2534 2800 a
2561 2762 2623 2800 se
2650 2745 2834 2817 lapidi
2867 2747 3062 2802 dicere
3112 2765 3232 2803 non
3260 2749 3498 2804 timuit:
3549 2752 3692 2805 Deus

1999 2891 2002 2893 Α
2035 2850 2184 2888 meus
2214 2850 2265 2887 es
2299 2839 2359 2886 tu
2380 2834 2444 2886 ⁸ο.
2479 2834 2522 2888 Ο
2545 2834 2870 2889 cmcitatem
2901 2834 3214 2907 grandem,
3241 2853 3372 2907 quae
3428 2853 3498 2892 ex
3530 2843 3694 2894 tanta

2038 2923 2349 2994 majestate
2397 2922 2470 2977 ad
2528 2927 2753 2978 tantam
2811 2924 3225 2998 indignitatem
3283 2926 3691 2999 vilitatemque

2039 3011 2283 3083 delapsa
2313 3011 2437 3066 est!
2474 3012 2717 3084 [.ignum
2749 3013 2909 3084 quod
2941 3015 3095 3070 Deus
3124 3014 3284 3084 fecit,
3313 3021 3371 3070 et
3399 3015 3691 3072 imbribus

270 3101 358 3157 καὶ
389 3100 592 3164 σποδὸς
626 3099 716 3156 8ιά
765 3103 936 3178 πυρὸς
983 3105 1054 3177 (ὃ)
1100 3103 1408 3177 γινόμενον,
1470 3107 1633 3158 τοῦτο
1668 3103 1763 3175 μὶν
1793 3103 1922 3164 Θεὸς

279 3191 669 3213 1,s,,.___'_nl_,-
710 3191 724 3213 Ι
766 3188 814 3213 ,1
886 3190 933 3213 ΣΧ
996 3193 1050 3213 Α*
1153 3198 1188 3213 n
1227 3191 1240 3213 ἱ
1525 3212 1563 3213 κν
1636 3197 1658 3207 υ
1803 3193 1860 3213 ’Π
1908 3197 1922 3213 \

2042 3100 2272 3166 crescit,
2307 3105 2364 3154 et
2393 3105 2600 3172 postea
2629 3101 3005 3157 combustum
3032 3120 3138 3174 per
3169 3104 3359 3176 ignem
3383 3105 3536 3160 cinis
3559 3106 3690 3161 effi-

2047 3191 2229 3213 -:L--_.-
2261 3191 2362 3213 nn
2419 3191 2526 3213 ι.--
2603 3190 2844 3213 2....---..-
2924 3193 3253 3213 ____._II-A__,_
3303 3195 3442 3213 h-__,
3494 3211 3500 3213 .
3537 3197 3576 3213 τι

271 3191 669 3264 ἀναγορεύεταν
703 3191 732 3245 6
763 3188 821 3246 δὲ
877 3190 1094 3262 ἀληθὴς
1151 3191 1280 3254 Θεὸς
1333 3197 1767 3268 καταφρονεῖται.
1803 3193 1925 3251 Ἐπὶ

272 3276 665 3353 εδαψιλεύσατο
727 3276 848 3350 δὲή
898 3279 1136 3355 πονηρία
1191 3287 1293 3351 τῆς
1352 3278 1806 3354 εἰδωλολατρίας·
1841 3301 1928 3335 κα·

274 3366 536 3444 αἴλουρος
569 3371 665 3443 (7),
697 3369 787 3424 καὶ
845 3369 1013 3436 κύων,
1065 3368 1155 3424 καί
1213 3369 1398 3438 λύκος,
1446 3368 1562 3426 ἀντὶ
1597 3375 1732 3426 Θεοῦ
1762 3390 1930 3442 προσ-

273 3459 625 3528 εκυνήθησαν·
681 3458 772 3512 καὶ
823 3456 962 3513 λέων
1017 3456 1440 3535 ἀνθρωποϐόρος
1497 3458 1613 3515 ἀντὶ
1668 3464 1766 3514 τοῦ
1798 3463 1932 3513 Θεοῦ

272 3551 369 3602 τοῦ
399 3546 930 3622 φιλανθρωποτάτου
961 3551 1365 3618 προσεκυνήθη·
1401 3545 1522 3626 ὄφις
1571 3549 1662 3602 καὶ
1695 3545 1929 3624 δράκων,

270 3636 565 3710 ἆντίμιμοι
595 3637 692 3691 τοῦ
731 3631 1060 3700 ἐκϐαλόντος
1091 3640 1238 3710 ἡμᾶς
1275 3636 1334 3692 ἐκ
1374 3635 1726 3712 παραδείσου,
1758 3657 1928 3710 προσ-

274 3727 616 3796 εκυνήθησαν
650 3742 662 3754 ·
724 3726 816 3780 καὶ
875 3727 902 3780 6
953 3726 1042 3781 τὸν
1103 3724 1428 3802 παράδεισον
1487 3727 1749 3800 φυτεύσας
1804 3746 1934 3779 κατ-

276 3817 579 3893 εφρονήθη.
625 3813 722 3870 Καὶ
782 3815 1111 3889 αἰσχύνομαι
1171 3814 1375 3891 λέγειν,
1433 3813 1582 3884 πλὴν
1641 3813 1808 3889 λέγω·
1843 3812 1932 3867 καὶ

271 3905 543 3984 κρόμμυα
600 3905 704 3980 γὰρ
760 3900 870 3974 ἤδη
926 3905 1072 3978 παρά
1142 3925 1254 3960 τισι
1311 3906 1709 3980 προσεκυνήοη.
1771 3904 1934 3963 Οἴνος

344 4086 397 4121 ⁷⁵
423 4090 590 4144 Joan.
617 4104 657 4156 ι,
690 4089 741 4143 3.

263 4167 384 4218 cat.
422 4164 474 4228 7,
507 4177 569 4216 ιι.
604 4162 689 4214 12.
793 4157 842 4193 ⁸ο
869 4160 981 4215 Isa.
1014 4176 1158 4227 κων,
1193 4163 1280 4216 17.

845 4085 893 4120 ⁷⁵
920 4087 1026 4142 Job
1055 4105 1134 4153 xu,
1166 4092 1220 4143 7.
1295 4086 1342 4123 ⁷⁷
1373 4089 1486 4143 Isa.
1517 4104 1663 4156 an,
1697 4090 1770 4150 4;
1802 4088 1826 4142 Ι
1853 4091 1930 4144 Co

2042 4103 2073 4156 ι,
2108 4090 2160 4140 9.
2238 4082 2286 4118 ⁷⁸
2316 4085 2481 4139 Rom.
2515 4101 2596 4151 xx,
2630 4085 2716 4138 33.

2040 3191 2229 3258 citur;
2261 3191 2363 3245 93
2419 3191 2550 3256 hoc,
2603 3190 2872 3261 inquam,
2921 3193 3257 3264 appellatur
3303 3195 3456 3250 Deus
3491 3211 3503 3248 :
3535 3197 3688 3251 Deus

2041 3283 2238 3334 autem
2269 3295 2436 3334 verus
2466 3279 2718 3334 habetur
2748 3280 3074 3352 despectui.
3109 3282 3458 3338 Exuberavit
3487 3283 3690 3338 idolo-

2039 3367 2226 3423 latriaa
2258 3369 2633 3440 perversitas.
2658 3370 2848 3424 Etiam
2867 3369 3021 3438 felis,
3047 3376 3105 3425 et
3123 3372 3287 3428 canis
3311 3378 3369 3427 et
3386 3373 3562 3445 lupus
3586 3389 3691 3445 pro

2043 3458 2158 3512 Deo
2191 3456 2417 3512 adorati
2433 3458 2507 3526 (7)
2533 3475 2545 3510 :
2579 3474 2645 3512 ac
2679 3457 2769 3512 leo
2788 3458 3101 3513 hominum
3131 3466 3382 3526 vorator,
3413 3462 3474 3516 in
3496 3463 3694 3517 locum

2042 3547 2143 3602 Dei
2201 3547 2511 3600 hominum
2569 3546 2963 3600 amantissimi
3021 3548 3319 3604 adoratus.
3378 3553 3600 3622 Anguis
3640 3557 3700 3607 et

2042 3635 2239 3698 draco,
2276 3633 2404 3704 ejus
2454 3633 2554 3702 qui
2596 3650 2704 3687 nos
2738 3633 2809 3687 de
2868 3635 3142 3705 paradiso
3195 3638 3425 3709 pepulit
3474 3639 3694 3707 aemuli,

2044 3723 2269 3778 adorati
2302 3721 2464 3776 fuere
2491 3742 2504 3787 ;
2541 3728 2598 3776 et
2626 3721 2677 3776 is
2709 3723 2808 3792 qui
2858 3723 3202 3794 paradisum
3233 3727 3521 3795 condidit,
3555 3745 3694 3782 con-

2043 3816 2320 3882 temptus.
2357 3811 2546 3865 Etiam
2605 3811 2844 3872 (referre
2894 3811 3096 3884 pudet,
3155 3813 3408 3869 referam
3456 3817 3696 3886 tamen),

2045 3901 2222 3955 etiam
2254 3916 2397 3972 cepe
2419 3917 2454 3954 a
2481 3900 2790 3956 nonnullis
2812 3902 3075 3956 adorata.
3109 3901 3323 3957 Vinum
3351 3908 3413 3957 ut
3439 3903 3699 3960 lastiﬁcet

2821 4083 2868 4118 79
2904 4087 3030 4141 Vid.
3061 4102 3185 4157 sup.
3221 4105 3283 4144 n.
3314 4092 3366 4144 2.
3445 4086 3515 4124 79'
3565 4091 3690 4149 Vid.

348 4330 427 4402 (1)
459 4332 636 4382 ﬂama
664 4325 790 4404 γάρ,
849 4333 958 4404 etc.
1013 4329 1148 4404 Haec
1197 4328 1518 4404 evangelici
1573 4327 1688 4404 lo_ci
1722 4327 1930 4404 allega-

2049 4326 2276 4404 Casaub
2310 4325 2411 4396 qui
2441 4324 2674 4380 codices
2725 4325 2902 4382 etiam
2931 4326 3022 4380 καὶ
3055 4326 3222 4392 λύκος
3253 4339 3529 4404 ponnunt
3557 4343 3694 4394 ante

266 4399 365 4527 (ἐξά
386 4399 864 4527 ρᾶωῑοτωίιῑὶωι*
894 4401 956 4455 in
990 4400 1159 4456 codd.
1191 4399 1369 4456 Ottob‘
1393 4442 1406 4466 ,
1435 4402 1573 4466 Roe,
1608 4399 1853 4454 Casaub.
1881 4405 1940 4453 et

301 4491 398 4527 .ro
450 4513 464 4526 .

274 4478 464 4532 Grod.

356 4547 433 4615 (2)
466 4541 755 4619 Εύρήσεις,
789 4541 974 4619 φησίν.
1008 4543 1217 4619 Editi_,_
1243 4538 1404 4619 φησίν
1431 4540 1629 4619 _ve[bo
1680 4540 1930 4619 εὑρήσεις

319 4612 676 4672 rminittunt.
712 4612 1027 4685 Sequimur
1070 4612 1265 4670 codd.'
1291 4612 1492 4678 Coisl.,
1527 4614 1668 4680 Roe,
1719 4615 1845 4669 Cas.
1882 4618 1941 4667 et

319 4637 676 4672 τωῐῐιιιιιιιιι.
712 4637 1027 4685 δΕΕμΠΙΠΙΙΓ
1070 4637 1242 4670 οοαα.
1291 4637 1462 4669 υοιδι.

271 4637 611 4748 legitimam
644 4687 956 4742 verborum
989 4686 1462 4742 collocationem.

411 4705 611 4742 Limam
644 4705 956 4742 vervorum
989 4705 1462 4742 couocauonem.

343 4705 432 4830 ἓ)
465 4755 561 4840 ςίαὶ
582 4757 866 4840 γνώσεως.
1042 4757 1228 4840 editis
1276 4757 1454 4840 deest
1475 4755 1750 4840 “verbum
1795 4755 1935 4840 .1116-

275 4827 440 4890 πως.
465 4827 803 4884 Lectionem
835 4829 1003 4884 codd.
1037 4829 1241 4896 Coisl.,
1276 4831 1416 4895 Roe,
1471 4827 1718 4883 Casaub.
1756 4827 1822 4882 et
1843 4829 1938 4883 Ot-

274 4903 407 4960 tob.
445 4906 504 4956 et
533 4901 911 4973 sacri‘textus
946 4901 1339 4973 reposuimus.

355 4977 435 5044 (4)
467 4965 793 5044 Μεταϐάλω.
831 4974 919 5027 Ita
947 4965 1248 5036 ex.Coisl.,
1282 4974 1421 5038 Boe,
1455 4971 1732 5037 Casaub.,
1767 4970 1939 5026 Grod.

284 5037 468 5111 Editi,
506 5037 861 5112 μεταϐάλλω.

361 5117 438 5187 (5)
469 5111 723 5187 Ενὶπεῖν...
787 5111 1080 5187 ἐτόλμησε.
1141 5116 1206 5169 In
1268 5113 1446 5187 Codd.
1509 5113 1708 5168 Coisl..
1756 5113 1940 5187 Co_lb.,

287 5183 460 5252 Bodl,
491 5186 689 5242 Morel:
726 5193 784 5242 et
822 5183 997 5242 Grod.
1045 5185 1298 5241 habetur
1352 5185 1540 5250 εἰπεῖν,
1574 5191 1632 5239 et
1651 5183 1946 5239 omittitur

291 5255 596 5328 ἐτόλμησε.

362 5331 440 5401 (6)
472 5327 790 5401 stagnum.
834 5330 967 5401 Hinc
1022 5329 1146 5401 duo
1169 5328 1367 5401 verba,
1429 5328 1490 5382 in
1549 5327 1946 5401 impressis-in

291 5398 775 5475 pnumgaiampoc
807 5399 1082 5475 conﬂata,
1115 5399 1520 5467 distraximus,
1555 5399 1740 5454 secuti
1773 5398 1945 5455 codd.

293 5474 434 5541 Roe,
468 5471 717 5529 Casaub.
753 5479 812 5527 et
836 5471 1008 5528 Grod.

366 5539 448 5611 (7')
483 5543 582 5598 Καὶ
614 5541 891 5615 αἴλουρος.
918 5543 1413 5615 Conjunctionem
1443 5539 1532 5594 καί
1564 5547 1630 5615 ut
1660 5541 1947 5615 majorem

295 5617 663 5689 emphrasim
690 5613 1096 5672 continentem
1127 5613 1456 5686 adjecimus
1482 5630 1552 5668 ex
1572 5613 1773 5680 Coisl.,
1809 5617 1946 5680 Roe,

623 5745 887 5805 Punct.
932 5745 1046 5803 Ga.
1094 5739 1364 5802 XXXIII.

2053 4398 2142 4453 καὶ
2177 4397 2342 4452 κύων.

2120 4472 2196 4542 (8)
2229 4473 2412 4525 Etiam
2441 4469 2586 4542 fetis,
2611 4475 2674 4542 et
2705 4472 2854 4525 canis
2876 4478 2928 4526 et
2955 4471 3135 4542 lupus.
3160 4475 3320 4529 Nota:
3351 4482 3490 4532 sunt
3515 4479 3700 4535 cuivis

2050 4540 2413 4608 memoratas,
2446 4540 2816 4596 idololatriae.
2853 4540 3073 4598 Feliuin
3120 4551 3177 4600 et
3206 4563 3418 4602 canum
3475 4550 3702 4606 cultum

2048 4614 2332 4696 Egyptiis
2390 4613 2696 4737 proprium
2744 4615 2824 4694 ait
2855 4620 2966 4670 cat.
3007 4618 3088 4685 13,
3117 4635 3176 4672 n.
3227 4621 3309 4672 40.
3350 4620 3699 4692 Hujusmodi

2050 4687 2402 4737 animalium
2427 4701 2500 4737 cu
2531 4691 2612 4737 tui
2629 4687 3118 4737 orooriaedevotm
3137 4691 3578 4737 erantnrhegah
3603 4711 3699 4737 nn.

2050 4687 2402 4741 animalium
2427 4687 2612 4738 cultui
2629 4687 2881 4756 propriae
2896 4687 3118 4742 devotae
3137 4687 3578 4748 eranturbesab
3603 4711 3700 4749 eo-

2053 4703 2402 4741 ammauum
2427 4703 2612 4738 οωιω
2629 4703 2732 4756 pro
2779 4703 3118 4742 riaeaevowe
3137 4703 3578 4748 eranturbesab
3603 4711 3700 4749 eo-

2053 4774 2182 4812 rum
2217 4756 2458 4811 nomine
2492 4756 2683 4811 dictee.
2720 4703 2812 4810 £0
2833 4757 3084 4813 Bubaste
3117 4777 3149 4814 a
3176 4761 3290 4816 fele
3323 4762 3497 4818 dicta.
3519 4766 3702 4820 Hero—

2053 4829 2172 4884 dot.
2234 4828 2336 4882 lib.
2391 4843 2518 4897 cap.
2565 4830 2670 4893 66;
2722 4829 3039 4899 CynOpolis
3071 4848 3104 4886 a
3145 4849 3312 4888 cane.
3361 4835 3547 4891 Clem.
3608 4837 3700 4895 ΑΙ.

2052 4903 2329 4981 ζζγοῑνρρι.
2366 4916 2420 4970 p.
2582 4900 2888 4981 Lyco-polis
2920 4917 2955 4955 a
2984 4902 3144 4981 lupo,
3177 4904 3342 4972 ibid.,
3371 4908 3696 4981 Leontopo-

2054 4971 2128 5026 lis
2160 4988 2193 5025 a
2223 4972 2414 5048 leone3
2449 4970 2676 5048 Strabo,
2710 4971 2954 5048 lib._xvn
2986 4970 3203 5044 Géogr.,
3238 4970 3366 5048 pag.
3402 4981 3524 5034 812.
3562 4970 3701 5037 Ser-

2054 5050 2293 5117 pentem
2325 5041 2564 5096 coluere
2595 5043 2865 5117 1Egyptii,
2902 5050 3048 5099 teste
3082 5041 3536 5117 Recoénitionum
3566 5069 3703 5108 auc-

2053 5114 2336 5193 tore,_lib.
2369 5129 2554 5193 v.cap.
2587 5115 2692 5180 20;
2731 5114 2856 5168 lndi
2880 5133 2947 5170 ex
2979 5114 3442 5193 Maximo'Tyrio,
3467 5123 3702 5181 dissert.

2056 5189 2161 5262 3_8_;
2195 5184 2463 5262 Romani,
2500 5201 2762 5262 quoium
2783 5193 2923 5262 nota
2955 5195 3043 5242 est
3065 5196 3120 5243 et
3146 5184 3366 5262 passim
3397 5184 3469 5248 ab
3504 5202 3708 5251 aucto-

2054 5257 2223 5336 ribus
2269 5255 2918 5336 celebrata_Epid_au_rii
2986 5255 3280 5336 serpentis
3325 5266 3636 5321 translatio
3690 5284 3704 5336 ;

2056 5326 2560 5408 pphitaaudehmum
2593 5326 2878 5408 haeretici,
2901 5401 2912 5408 _
2935 5346 3004 5385 ex
3034 5326 3308 5408 _lrenaa_o,
3342 5335 3443 5392 lib.
3481 5355 3521 5402 ι,
3554 5326 3708 5408 cap.,

2058 5397 2152 5475 σο,
2181 5417 2251 5475 n._
2278 5401 2361 5475 lii.
2396 5397 2686 5475 Ceparum
2747 5400 2953 5475 religio
3012 5397 3316 5475 Egyptiis,
3351 5425 3418 5462 ac
3451 5397 3709 5464 maxime

2057 5469 2372 5550 Pelusiotis
2405 5469 2662 5550 propria,
2688 5469 3062 5550 e‘a.Luc_iano_.
3081 5469 3318 5550 dialogo
3347 5479 3572 5550 Jupiter
3603 5486 3714 5534 tra-

2058 5543 2246 5613 gedus,
2281 5556 2409 5617 pag,
2444 5542 2545 5594 699
2580 5545 2637 5617 et
2675 5540 2827 5617 aliis.
2883 5544 2963 5617 De
3025 5540 3278 5617 Baccho:
3305 5540 3535 5616 Cerere,
3573 5550 3713 5604 Vul-

2059 5612 2225 5684 cano,
2259 5612 2398 5668 trita
2427 5627 2521 5665 res
2551 5616 2610 5665 et
2639 5613 2861 5682 passim
2899 5615 3089 5674 obvia.

3354 5745 3431 5803 18
