4132 6266
494 312 614 372 555

1554 311 1621 370 S.
1667 308 1984 371 CYRILLI
2030 307 2448 372 HIEROSOL.
2492 313 2860 376 ARCHIEP.

493 463 595 502 cor
622 443 882 499 hominis
911 444 954 478 ⁸¹
1016 441 1220 496 datum
1280 447 1406 497 est:
1454 446 1512 496 et
1540 441 1802 497 Bacchus
1859 460 1966 514 pro
2027 443 2132 497 Dec

2258 437 2418 510 ἐδόθη
2455 445 2550 514 (3),
2577 441 2669 497 ’ίνα
2722 444 2980 522 εὐφραίνῃ
3039 445 3261 521 καρδίαν
3323 451 3637 526 ἀνθρώπουο
3669 454 3758 510 καὶ
3791 459 3912 513 Διό-

493 539 584 591 est
630 532 928 591 adoratus.
991 533 1380 587 Frumentum
1439 531 1581 586 fecit
1636 533 1812 598 Deus,
1847 532 2146 586 dicendo:

489 623 768 680 Producat
791 629 940 676 terra
969 620 1194 674 herbam
1223 621 1362 688 feni,
1391 619 1755 675 seminantem
1784 637 1962 675 semen
1975 621 2152 690 juxta

492 728 662 784 genus
693 727 853 766 suum
881 715 935 764 et
963 708 1387 763 similitudinem
1415 709 1495 777 ης
1531 715 1596 764 ut
1623 711 1796 780 panis
1827 726 1930 764 cor
1959 709 2151 764 homi-

493 803 590 858 nis
623 797 1090 856 conﬂrmaret”.
1115 797 1426 852 Undenam
1449 798 1628 870 igitur
1647 799 1820 853 Ceres
1853 799 2097 854 adorata
2123 799 2152 853 ?

497 891 656 964 Ignis
689 906 756 945 ex
783 889 1046 960 lapidum
1071 887 1383 942 collisione
1416 888 1478 942 in
1511 887 1668 942 diem
1701 905 1888 959 usque
1920 889 2150 943 hodier-

496 996 642 1037 num
675 978 948 1036 elicitur:
982 976 1141 1032 unde
1163 976 1342 1048 igitur
1373 977 1667 1032 Vulcanus
1689 977 1844 1049 ignis
1867 977 2150 1032 effector?

566 1159 660 1214 XI.
695 1156 862 1212 Unde
890 1156 992 1210 ille
1017 1157 1359 1211 Graecorum
1391 1155 1453 1209 in
1483 1154 1598 1209 diis
1632 1154 1900 1225 pluribus
1932 1171 2097 1209 error
2124 1154 2151 1210 ?

493 1249 888 1318 lncorporeus
921 1247 1075 1300 Deus
1106 1250 1196 1299 est
1223 1260 1236 1297 :
1270 1244 1426 1298 unde
1456 1244 1634 1315 igitur
1665 1249 1867 1315 stupra
1898 1249 1956 1298 et
1980 1244 2147 1299 adul-

491 1339 636 1394 teris
658 1337 777 1391 illis
792 1336 892 1407 qui
919 1333 1075 1406 apud
1098 1351 1198 1390 eos
1213 1334 1492 1389 dicuntur
1515 1333 1595 1387 dii
1615 1334 1660 1403 (l
1677 1336 1713 1400 ),
1734 1333 2150 1403 imputantur?

490 1429 674 1484 Taceo
704 1427 856 1482 Jovis
880 1426 940 1479 in
971 1441 1225 1496 cycnum
1258 1424 1787 1478 transmutationes
1817 1441 1829 1488 ;
1863 1423 2144 1478 transfor-

493 1517 787 1573 mationes
819 1515 879 1569 in
913 1520 1148 1569 taurum
1181 1513 1464 1568 erubesco
1489 1514 1771 1568 referens.
1809 1513 1956 1567 Sunt
1986 1512 2147 1567 enim

490 1607 609 1662 Deo
640 1605 866 1678 indigni
891 1604 1170 1675 mugitus.
1196 1603 1444 1658 Adulter
1464 1603 1870 1674 deprehensus
1894 1608 1984 1656 est
2005 1619 2148 1657 suus

491 1698 828 1754 Graecorum
859 1695 1027 1762 deus,
1059 1709 1169 1749 nec
1199 1695 1359 1766 ipsos
1391 1694 1609 1764 pudet;
1636 1709 1774 1748 nam
1808 1694 1856 1747 si
1892 1693 2143 1763 adulter,

491 1791 601 1853 est,
634 1787 788 1842 Deus
822 1801 897 1840 ne
932 1790 1172 1840 vocetur
1189 1785 1252 1840 ⁸⁸.
1311 1785 1560 1838 Suorum
1589 1800 1826 1854 quoque
1859 1800 2007 1853 quos
2040 1800 2147 1854 ap-
2177 1819 2224 1882 Β

488 1877 719 1950 pellant
750 1876 995 1932 deorum
1029 1881 1088 1930 et
1117 1881 1360 1941 mortes,
1395 1879 1451 1928 et
1483 1890 1674 1942 casus,
1702 1881 1758 1927 et
1786 1873 2148 1928 fulminatio—

491 1982 600 2022 nes
627 1970 891 2020 narrant.
925 1965 1101 2020 Vides
1129 1971 1353 2035 quanta
1400 1964 1474 2018 de
1519 1965 1833 2034 majestate
1881 1981 2143 2034 quonam

489 2055 835 2111 devenerint
852 2053 949 2110 35?
1007 2054 1284 2125 Nunquid
1319 2053 1494 2126 igitur
1526 2053 1652 2108 sine
1683 2069 1862 2108 causa
1892 2054 1963 2107 de
1997 2053 2143 2108 caelo

487 2144 798 2200 descendit
827 2144 1010 2200 Filius
1070 2144 1194 2213 Dei,
1226 2148 1295 2198 ut
1325 2149 1557 2198 tantum
1587 2143 1802 2197 vulnus
1852 2148 2088 2198 sanaret
2116 2143 2144 2197 ‘2

482 2234 782 2290 frustrane
812 2235 975 2288 venit
1007 2232 1209 2295 Filius,
1235 2237 1302 2287 ut
1330 2234 1505 2287 Pater
1534 2238 1959 2304 agnosceretur
1979 2233 2005 2286 ‘2
2034 2233 2143 2287 Co-

485 2322 702 2396 gnosti,
724 2322 868 2393 quid
890 2321 1272 2393 Unigenitum
1293 2321 1560 2389 moverit,
1584 2327 1704 2376 uta
1726 2321 1954 2376 dextris
1998 2320 2146 2375 sedi-

483 2411 596 2466 bus
627 2410 1036 2466 descenderet.
1071 2413 1244 2465 Pater
1269 2410 1739 2483 despiciebatur:
1767 2411 2030 2482 oportuit
2058 2427 2144 2465 er-

491 2516 688 2554 rorem
721 2515 826 2569 per
851 2498 1065 2552 Filium
1111 2499 1435 2554 emendari.
1472 2500 1743 2570 Oportuit
1773 2500 1932 2554 enim
1985 2516 2141 2566 eum,

489 2605 596 2661 per
609 2603 786 2660 quem
807 2587 962 2642 facta
976 2592 1116 2641 sunt
1133 2588 1353 2655 omnia,
1369 2588 1727 2643 dominatori
1747 2591 2010 2643 omnium
2027 2605 2147 2643 om-

491 2678 594 2733 nia
643 2678 876 2732 offerre.
914 2676 1234 2747 Oportebat
1283 2676 1496 2731 vulnus
1553 2678 1766 2731 curari.
1803 2678 1951 2741 Quid
1984 2677 2142 2732 enim

491 2767 603 2822 hoc
619 2766 828 2822 morbo
851 2766 1114 2821 deterius
1133 2771 1276 2833 erat,
1291 2766 1520 2837 utlapis
1533 2783 1638 2837 pro
1667 2767 1783 2820 Deo
1807 2766 2100 2821 coleretur
2119 2766 2146 2821 ?

952 2855 1056 2910 94
1095 2856 1186 2910 DE
1229 2855 1638 2910 H/ERESIBUS
1666 2897 1678 2910 .

561 2944 688 3000 XII.
721 2946 837 3000 Nec
894 2944 1084 3000 solum
1149 2944 1306 3016 apud
1336 2945 1587 3017 gentiles
1641 2945 1844 3000 isthaec
1897 2945 2144 3016 pervicit

489 3033 1006 3100 diabolus,verum
1026 3034 1206 3090 etiam
1236 3039 1296 3089 et
1322 3034 1494 3088 multi
1529 3051 1595 3089 ex
1615 3035 1686 3089 iis
1701 3034 1802 3106 qui
1823 3034 2140 3090 Christiani

477 3122 628 3179 falso
662 3123 963 3190 dicuntur,
1010 3123 1564 3179 suaveolentissimo
1620 3123 1834 3177 Christi
1892 3124 2137 3178 nomine

484 3211 640 3266 male
672 3211 976 3282 appellati,
995 3214 1180 3268 Deum
1204 3229 1238 3268 a
1254 3212 1543 3267 creaturis
1567 3213 1688 3266 suis
1711 3212 1892 3282 impie
1916 3213 2135 3267 abalie-

478 3317 626 3357 nare
657 3306 798 3355 sunt
826 3302 953 3356 ausi
986 3301 1064 3373 {2)
1097 3302 1414 3357 Hmreticos
1474 3301 1626 3367 dico,
1658 3301 1903 3356 infausti
1937 3301 2134 3356 nomi-

479 3390 598 3459 nis,
626 3395 685 3445 et
713 3407 748 3445 a
769 3392 886 3445 Deo
918 3390 1317 3446 alienissimos
1351 3391 1529 3456 viros,
1562 3391 1660 3462 qui
1714 3408 1774 3445 se
1823 3389 2039 3445 Christi
2069 3407 2131 3446 a-

482 3485 740 3536 matores
762 3495 897 3535 cum
921 3480 1221 3547 simulent,
1248 3481 1443 3552 ipsum
1477 3486 1674 3536 tamen
1706 3480 1946 3552 penitus
1996 3479 2132 3534 odio

480 3565 903 3640 insequuntur.
939 3569 1082 3624 Nam
1116 3569 1217 3641 qui
1248 3570 1483 3625 Patrem
1499 3569 1715 3625 Christi
1747 3569 2131 3639 conviciatur,

2255 549 2417 592 νυσος
2462 530 2576 586 ἀντὶ
2635 536 2768 587 Θεοῦ
2826 538 3234 609 προσεκυνήθη.
3292 542 3514 595 Σῖτονὸ
3547 542 3677 604 Θεὸς
3736 543 3912 621 εἷ’ργάο

2257 637 2386 672 σατο
2444 616 2532 673 διὰ
2586 625 2682 676 τοῦ
2741 621 2908 676 εἰπεῖν
2944 639 2958 653 ’
3020 625 3356 701 Ἐξαγαγὲτω
3432 630 3466 697 ἡ
3540 637 3610 704 γῆ
3675 616 3909 706 βοτάνην

2257 707 2462 782 χόρτου
2496 753 2510 779 ,
2571 715 2791 786 σπεῖρον
2883 711 3098 786 σπέρμα
3181 717 3318 769 κατὰ
3391 718 3547 792 γὲνος
3632 723 3724 774 καὶ
3800 725 3912 779 καθ’

2257 796 2564 869 ὁμοιότητα
2598 844 2612 868 ,
2659 798 2751 854 ’ίνα
2807 801 2968 875 ἄρτος
3029 803 3257 878 στηρίσῃ
3310 804 3534 880 καρδίαν
3600 808 3912 886 ἀνθρώπου·

2255 886 2344 940 καὶ
2376 885 2538 941 πόθεν
2574 890 2608 957 ἡ
2645 891 2914 965 Δήμητρα
2972 877 3355 965 προσεκυνήθη
3383 877 3407 952 -ε
3467 897 3540 952 Τὸ
3597 877 3796 975 rip-lx
3827 900 3914 957 λί-

2257 985 2364 1037 θων
2399 977 2778 1052 συγκρούσεως
2835 978 3112 1054 ἐξέρχεται
3175 983 3342 1058 μέχρι
3400 986 3664 1063 σήμερον·
3697 989 3787 1044 καὶ
3817 991 3916 1047 πό-

2257 1075 2340 1127 θεν
2373 1070 2694 1141 ἻΙφαιστος,
2726 1069 2897 1142 πυρὸς
2930 1071 3168 1140 ποιητής
3202 1090 3215 1140 ;
3649 1105 3664 1121 -.

2327 1155 2432 1209 ΙΑ’.
2472 1155 2690 1226 [Σύθενή
2724 1156 2992 1219 πολύθεος
3020 1157 3200 1230 πλάνη
3225 1165 3334 1216 τῶν
3369 1161 3652 1235 Ἐλλήνων
3685 1185 3700 1236 ;
3730 1168 3912 1226 Ἀσώ.

2259 1263 2428 1314 ματος
2486 1245 2513 1298 ὁ
2573 1244 2726 1306 Θεός·
2787 1248 2877 1300 καὶ
2952 1247 3114 1312 πόθεν
3170 1257 3395 1324 μοιχεῖα
3449 1255 3598 1329 παρὰ
3649 1262 3771 1320 τοῖς
3825 1258 3915 1314 ὑπ’

2253 1331 2431 1384 αὐτῶν
2464 1331 2783 1408 λεγομένοις
2842 1336 2984 1396 θεοῖς
3044 1344 3480 1414 κατηγοροῦνται
3515 1361 3528 1411 ;
3574 1349 3780 1399 Σιωπῶ
3809 1348 3910 1410 τᾶς

2256 1421 2384 1484 Διὸς
2445 1421 2520 1484 εἰς
2580 1422 2774 1477 κύκνον
2840 1422 3166 1496 μεταϐολὰς,
3217 1426 3552 1503 αἰσχύνομαι
3605 1429 3786 1507 λέγων
3813 1434 3911 1497 τὰς

2255 1508 2333 1572 εἷς
2363 1515 2556 1584 ταῦρον
2623 1515 3102 1591 μεταμορφώσεις·
3139 1515 3325 1586 ἀνάξια
3381 1518 3482 1593 γὰρ
3542 1524 3677 1574 Θεοῦ
3709 1523 3778 1576 τὰ
3810 1545 3915 1596 μυ-

2252 1601 2494 1670 κήματα.
2528 1603 2746 1675 Μοιχὸς
2778 1603 2806 1655 ὁ
2839 1605 2962 1677 παρ’
2983 1601 3222 1673 Ἕλλησι
3247 1606 3368 1667 θεὸς
3397 1606 3660 1682 ηὕρηται,
3691 1611 3783 1665 καὶ
3811 1613 3916 1668 οὐκ

2253 1689 2549 1742 αιδοῦνταν
2585 1689 2630 1744 εἰ
2670 1691 2768 1764 γὰρ
2821 1693 3020 1766 μοιχός
3048 1693 3157 1747 ἐστι
3191 1738 3206 1763 ,
3268 1695 3398 1760 Θεὸς
3429 1697 3505 1769 μή
3536 1695 3779 1755 καλείσω
3811 1703 3915 1774 (4).

2255 1779 2354 1833 Καὶ
2392 1778 2674 1848 θανάτους,
2705 1781 2794 1834 καὶ
2852 1781 3220 1854 ἀποπτώσεις,
3270 1784 3360 1839 καὶ
3419 1787 3778 1860 κεραυνώσεις
3803 1795 3915 1850 τῶν

2255 1867 2381 1942 παρ’
2413 1866 2596 1930 αὐτοῖς
2661 1868 2879 1945 λέγουσι
2937 1871 3094 1928 θεῶν.
3149 1870 3380 1936 Βλέπεις
3433 1873 3493 1930 ἐκ
3547 1875 3720 1932 πόσου
3756 1881 3918 1956 μεγέ-

2257 1957 2381 2018 θους
2412 1960 2516 2011 ποῦ
2547 1957 2986 2028 κατεληλύθασιν
3025 1980 3037 2030 ;
3071 1961 3159 2030 Μὴ
3190 1983 3242 2016 τι
3277 1964 3378 2039 ἄρα
3411 1963 3584 2038 μάτην
3618 1967 3744 2030 Υἱὸς
3775 1974 3913 2025 Θεοῦ

2254 2046 2520 2114 κατῆλθεν
2555 2046 2605 2117 ἐξ
2656 2046 3025 2122 οὐρανοῦ,⁹ίνα
3081 2055 3154 2120 (5)
3209 2053 3272 2106 τὸ
3329 2058 3663 2123 τηλικοῦτον
3693 2061 3917 2132 τραῦμα

2257 2136 2555 2210 θεραπεύσῃ
2588 2155 2600 2205 ;
2639 2139 2714 2208 μή
2744 2158 2795 2191 τι
2859 2139 3035 2211 μάτην
3094 2139 3260 2208 ἦλθεν
3295 2143 3323 2196 ὁ
3354 2143 3498 2212 Υἱὸς,
3543 2142 3633 2199 ἵνα
3663 2147 3692 2200 ὁ
3721 2149 3912 2220 Πατὴρ

2255 2223 2568 2298 ἐπιγνωσθῇ
2602 2245 2614 2294 ;
2669 2228 2958 2303 Ἐπὲγνως,
2985 2228 3039 2282 τί
3091 2228 3332 2300 ἐκίνησεν
3385 2230 3444 2286 ὲκ
3476 2229 3665 2304 δεξιῶν
3699 2237 3912 2311 θρόνων

2253 2314 2531 2378 κατελθεῖν
2585 2316 2678 2370 τὸν
2737 2318 3049 2391 Μονυγενῆ.
3110 2321 3298 2395 Πατὴρ
3354 2329 3765 2398 κατεφρονεῖτο,
3807 2321 3920 2383 ἔδει

2257 2403 2380 2458 Υἱὸν
2415 2401 2810 2478 διορθώσασθαι
2842 2407 2941 2474 τήν
2988 2407 3226 2478 πλάνην·
3286 2407 3391 2464 ἔδει
3450 2412 3552 2487 γὰρ
3601 2413 3718 2484 τὸν,
3754 2413 3822 2470 δι’
3858 2417 3920 2472 οὗ

2258 2492 2473 2569 ἐγένετο
2502 2493 2568 2549 τὰ
2597 2493 2789 2563 πάντα,
2851 2499 2930 2566 τῷ
2990 2497 3231 2572 Δεσπότῃ
3287 2497 3394 2553 τῶν
3461 2502 3712 2557 ἁπάντων
3743 2505 3924 2579 πρόσ-

2258 2587 2485 2655 ενεγκεῖν
2545 2581 2610 2636 τὰ
2667 2583 2860 2638 πάντα.
2919 2580 3064 2638 Ἐδει
3125 2588 3519 2659 θεραπευθῆναι
3573 2590 3635 2643 τὸ
3677 2595 3920 2665 τραῦμα,

2254 2670 2322 2727 Τί
2348 2672 2453 2746 γὰρ
2483 2671 2550 2740 ἦν
2584 2671 2785 2742 ταύτης
2812 2679 2910 2740 τῆς
2943 2673 3114 2727 νόσου
3149 2686 3360 2749 χεῖρον,
3389 2675 3476 2731 ἳνα
3509 2676 3664 2740 λίθος
3697 2682 3773 2753 (6)
3805 2681 3922 2736 ἀντὶ

2256 2763 2391 2816 Θεοῦ
2421 2781 2694 2835 προσκυνη
2704 2772 2771 2835 θῃ
2807 2779 2820 2828 ;

2735 2853 2895 2906 nam
2935 2853 3286 2910 AIPEZEQN
3331 2859 3425 2925 (τ).

2326 2939 2428 2996 ΙΒ’.
2464 2938 2561 2992 Καὶ
2604 2938 2668 2992 οὐ
2731 2938 2900 3011 μόνον
2958 2937 3012 2993 ἐν
3066 2945 3183 3002 τοῖς
3241 2940 3476 3004 ἐθνικοῖς
3532 2943 3914 3020 ἐπηγωνίσατο

2251 3032 2418 3082 ταῦτα
2475 3027 2503 3080 ὁ
2563 3021 2843 3090 διάϐολος
2903 3027 3048 3082 ἀλλὰ
3084 3028 3184 3103 γὰρ
3216 3026 3326 3101 ἤδη
3381 3032 3474 3086 καὶ
3531 3030 3737 3090 πολλοὶ
3796 3041 3905 3093 τῶν

2251 3117 2589 3191 Χριστιανῶν
2621 3114 2831 3190 ψευδῶς
2887 3113 3230 3192 λεγομὲνων,
3259 3124 3367 3174 τῶν
3417 3125 3496 3192 τῷ
3547 3121 3906 3200 εὖωδεστάτῳ

2249 3206 2484 3276 Χριστοῦ
2515 3204 2737 3278 ὀνόματι
2792 3210 2973 3268 κακῶς
3031 3211 3606 3284 προσαγορευομένων,
3657 3211 3902 3287 ἐτόλμη-

2246 3317 2339 3350 σαν
2366 3289 2576 3357 ἀσεϐῶς
2603 3293 3054 3369 ἀπαλλοτριῶσαι
3079 3299 3170 3352 τὸν
3204 3299 3332 3354 Θεὸν
3359 3300 3482 3355 τῶν
3501 3302 3721 3357 οἰκείων
3741 3325 3908 3376 ποιη-

2246 3385 2452 3458 μάτων.
2486 3383 2628 3441 Τοὺς
2655 3388 2761 3439 τῶν
2796 3386 3084 3459 αἱρετικῶν
3126 3386 3268 3463 λέγω
3327 3387 3546 3458 παῖδας,
3605 3394 3734 3455 τοὺς
3767 3391 3904 3448 δυσ-

2207 3505 2209 3508 ι
2244 3475 2496 3547 ωνύμους
2528 3474 2619 3528 καὶ
2680 3475 3034 3548 ἀθεωτὰτους,
3093 3480 3602 3552 προσποιουμένους
3637 3484 3732 3554 μὶν
3766 3486 3904 3540 εἶναι

2243 3561 2662 3639 φιλοχρίστους,
2717 3563 3110 3639 μισοχρίστους
3149 3563 3206 3620 δὲ
3246 3567 3556 3631 παντελῶς·
3600 3571 3628 3625 ὁ
3657 3571 3758 3647 γὰρ
3807 3573 3902 3628 τὸν

557 3696 600 3731 ⁸¹
635 3695 790 3751 Psal.
825 3709 947 3766 cu,,
985 3697 1071 3754 15.
1147 3694 1194 3730 ⁸³
1228 3698 1369 3753 Gen.
1403 3713 1443 3765 ι,
1477 3699 1563 3752 ll.
1639 3695 1687 3731 ⁸³
1716 3696 1871 3752 Psal.
1906 3713 2020 3762 cur,
2056 3698 2132 3750 15⁴

2254 3695 2265 3728 ι
2302 3693 2430 3747 Vid.
2465 3699 2572 3747 cat.
2610 3693 2697 3760 l3,
2729 3709 2789 3747 n.
2823 3695 2912 3747 37.
2989 3692 3034 3727 ⁸⁸
3073 3695 3199 3750 Vid.
3233 3702 3340 3752 cat.
3376 3700 3463 3766 12,
3495 3715 3554 3755 n.
3583 3701 3613 3753 6
3644 3705 3702 3754 et
3735 3703 3825 3756 15.

558 3813 635 3884 (1)
670 3813 821 3885 Unde
849 3811 1155 3879 adulteria,
1179 3817 1298 3885 etc.
1331 3814 1474 3868 Tota
1511 3829 1876 3885 paganorum
1909 3811 2136 3868 theolo-

483 3883 580 3956 gia
605 3884 826 3956 stupris
857 3889 915 3940 et
937 3884 1248 3940 adulteriis
1270 3883 1528 3956 deorum
1547 3883 1932 3939 recensendis
1953 3900 2136 3940 occu-

484 3900 580 3956 δια
605 3900 826 4010 smjpris
857 3900 915 3940 et
937 3900 1248 3940 adulteriis
1270 3900 1515 3939 aeorum
1547 3900 1932 3939 recensendis
1953 3900 2136 3940 occu-

484 3960 676 4028 patur.
717 3956 996 4028 upiterin
1025 3972 1282 4028 cycnum
1309 3955 1763 4028 transformatus
1788 3956 2048 4028 tingitur,
2075 3960 2140 4009 ut

482 4025 778 4099 potiretur
809 4025 994 4095 Leda;
1020 4025 1083 4082 in
1113 4033 1373 4094 taurum,
1397 4035 1461 4082 ut
1477 4029 1728 4098 Europa.
1751 4025 1975 4099 Mortes
1993 4027 2134 4099 deo-

477 4098 613 4154 rum
630 4099 805 4153 varias
835 4104 1406 4163 commemorantur,
1432 4104 1497 4154 ut
1513 4099 1773 4155 Castoris
1795 4104 1854 4153 et
1877 4098 2135 4152 Pollucis

479 4169 580 4239 qui
613 4169 860 4225 altrenis
891 4170 1040 4223 mori
1066 4176 1124 4224 et
1142 4170 1332 4225 vivere
1365 4171 1747 4237 dicebantur;
1779 4170 2043 4224 Herculis
2075 4170 2135 4224 in

477 4241 672 4296 (Ὲιωο
726 4245 928 4295 monte
987 4243 1384 4308 concremati;
1418 4243 1669 4298 Usiridis
1703 4259 1736 4297 a
1765 4243 1945 4298 fratre
1979 4242 2131 4296 inte-

474 4312 690 4384 rempti
717 4331 730 4380 ;
767 4310 1055 4367 Adonidis
1086 4313 1158 4366 ab
1189 4328 1330 4383 apro
1361 4314 1575 4381 occisi;
1609 4319 1674 4368 ut
1703 4315 1969 4368 omittam
1992 4313 2127 4368 deo-

473 4399 607 4438 rum
639 4384 913 4454 sepulcra
935 4400 1066 4452 quae
1097 4385 1320 4454 passim
1361 4385 1418 4438 in
1453 4386 1667 4439 Graecis
1699 4385 1944 4439 urbibus
1974 4385 2128 4440 vise-

469 4454 710 4523 bantur,
735 4455 882 4512 adeo
903 4462 968 4510 ut
988 4455 1209 4526 templa
1231 4455 1478 4511 deorum
1509 4457 1631 4511 fere
1665 4462 1864 4511 essent
1888 4455 2129 4510 illorum
2161 4459 2207 4522 D

467 4532 878 4583 monumenta.
919 4527 982 4580 V.
1008 4527 1188 4582 Clem.
1225 4527 1387 4582 Alex.
1439 4529 1770 4597 Protreptici
1796 4543 1940 4598 pag.
1974 4529 2037 4580 18
2071 4532 2128 4582 et

465 4599 554 4653 24.
588 4603 771 4655 Casus
802 4616 870 4654 ex
894 4605 1138 4654 exaucto
1169 4599 1399 4654 ationes
1429 4598 1674 4653 deorum
1697 4599 1759 4652 in
1790 4597 2004 4652 fabulis
2028 4598 2116 4652 le-

489 4676 684 4742 guntur
729 4671 932 4726 multa)
972 4687 985 4725 :
1021 4671 1162 4726 Caeli
1194 4688 1228 4726 a
1258 4671 1510 4726 Saturno
1543 4669 1785 4742 exjecti,
1811 4669 2045 4742 Saturni
2080 4687 2115 4724 a

464 4686 684 4797 ﬁuntur
729 4686 932 4726 multa:
972 4687 985 4725 :
1021 4686 1162 4726 cum
1194 4688 1228 4726 a
1258 4686 1510 4726 baturno
1543 4686 1776 4742 egeou,
1811 4686 2045 4724 naturnl
2080 4687 2113 4724 a

508 4741 586 4797 lio
618 4745 752 4824 Jove
783 4744 847 4826 in
879 4749 1067 4799 terras
1098 4743 1283 4826 pulsi,
1304 4742 1547 4826 vulcani
1581 4742 1651 4824 de
1683 4741 1828 4826 caelo
1861 4741 1922 4826 in
1955 4741 2113 4821 Lem-

462 4830 607 4896 num
642 4812 1309 4896 insulampraecipitati,
1341 4814 1636 4896 Apollinis
1683 4819 1739 4894 e_t
1769 4812 2021 4896 Neptuni
2041 4812 2114 4896 ‘in

466 4885 642 4940 terris
662 4885 1060 4942 exsulantium
1084 4885 1142 4942 et
1163 4885 1547 4942 Laomedonti
1575 4885 1979 4950 servientium,
2001 4889 2112 4939 etc.

457 4954 730 5028 Fulmine
753 4974 1072 5028 percussus
1101 4964 1190 5012 est
1218 4976 1251 5014 a
1278 4960 1413 5014 Jove
1443 4957 1832 5028 Esculapius.
1869 4957 2115 5011 Zoroas-

459 5030 582 5080 tres
613 5025 920 5084 dicebatur
951 5028 1320 5092 fulminatus,
1356 5036 1415 5084 et
1452 5046 1581 5085 eam
1614 5025 1695 5084 ob
1717 5044 1958 5082 causam
1991 5032 2115 5083 tan-

459 5112 638 5170 quam
671 5097 774 5153 Dei
824 5099 1055 5154 amicus
1089 5101 1310 5170 templo
1356 5107 1414 5156 et
1445 5103 1545 5156 Dei
1578 5101 1822 5155 nomine
1855 5116 1888 5154 a
1917 5101 2115 5154 Persis

455 5167 805 5239 honoratus,
831 5186 902 5225 ex
930 5169 1155 5239 pseudo
1189 5167 1512 5236 Clemente,
1543 5171 1970 5235 Clementinar,
2004 5172 2112 5226 ho-

455 5238 584 5293 mil.
617 5243 669 5307 9,
703 5257 759 5295 n.
792 5238 848 5306 4,
883 5238 1162 5312 idemque
1195 5243 1254 5297 in
1287 5245 1518 5299 caeteris
1548 5244 1796 5298 fulmine
1843 5243 1975 5296 ictis
2006 5242 2113 5296 ob-

455 5318 774 5384 servatum.
800 5311 1039 5368 Ibidem.
1071 5311 1220 5369 ’Vide
1253 5321 1312 5370 et
1341 5318 1620 5384 Recognit.
1647 5315 1748 5369 lib.
1783 5330 1853 5379 iv,
1894 5330 1952 5368 n.
1983 5315 2038 5368 8.

524 5383 594 5457 (2)
628 5383 798 5457 Deum
830 5401 864 5457 α
892 5388 1158 5457 m‘edturis
1217 5389 1326 5441 suis
1385 5383 1553 5457 impie
1610 5386 1928 5440 abalienare
1983 5391 2113 5438 sunt

445 5454 585 5509 ausi.
624 5455 689 5508 Id
721 5461 811 5510 est
842 5456 904 5510 in
969 5456 1221 5511 alterum
1280 5454 1605 5519 auctorem,
1645 5457 1742 5511 Dei
1805 5461 2110 5510 creaturas

445 5525 800 5600 transferre:
825 5544 926 5600 eas
957 5527 1074 5600 sive
1109 5529 1182 5582 ab
1225 5530 1474 5600 angelis.
1515 5527 2108 5594 siveadiabolo,sive

551 5598 725 5654 tertio
758 5599 1015 5671 quodam
1048 5598 1187 5667 Deo,
1221 5595 1332 5671 qui
1350 5601 1570 5656 bonum
1603 5601 1759 5655 inter
1788 5605 1846 5653 et
1877 5600 2105 5653 malum

440 5672 514 5760 δ”
520 5686 659 5730 eum
687 5673 920 5730 medius
949 5676 1128 5740 esset,
1160 5677 1388 5728 creatas
1433 5688 1718 5730 asserere.
1752 5672 1868 5727 Hos
1911 5685 2119 5725 omnes

2245 3807 3061 3886 hiereticosjnfranumerat.
3096 3827 3150 3865 n.
3187 3813 3253 3886 1:4
3283 3817 3341 3867 et
3373 3830 3558 3886 seqq.,
3591 3814 3899 3876 Simonem

2246 3883 2513 3968 ﬁssum,
2557 3879 2923 3968 03‘??in-
2987 3883 3398 3968 Merlsnﬁmﬂe:
3438 3879 3898 3968 βέιῖροοτειςξηο

2245 3951 2551 4016 Ειιῑοηειῃ,
2586 3952 2960 4018 Marcionem,
2987 3954 3325 4021 Basilidem,
3357 3951 3757 4023 Valentinum,
3784 3951 3898 4017 Ma;

2245 4023 2506 4099 nichaeos
2541 4037 2553 4074 :
2588 4038 2735 4091 quos
2766 4038 2886 4099 una
2917 4041 3050 4078 cum
3082 4025 3353 4096 pluribus
3369 4028 3504 4084 aliis
3534 4031 3637 4099 qui
3669 4039 3894 4088 creato-

2244 4111 2370 4168 rem
2403 4093 2655 4168 alterum
2698 4093 3138 4168 confinxerunt,
3190 4099 3249 4152 in
3308 4093 3569 4168 primum
3614 4119 3788 4158 suum
3823 4104 3892 4159 de

2244 4165 2657 4219 haereticorum
2690 4164 2909 4220 fabulis
2937 4167 3157 4223 librum
3189 4164 3441 4225 contulit
3467 4172 3890 4231 Theodoretus.

2313 4239 2388 4308 (3)
2423 4234 2617 4314 _Oivo;_
2665 4231 2856 4314 ἐδόθη.
2916 4239 3276 4314 _Sustulimus
3331 4258 3399 4295 ex
3431 4242 3626 4314 _codd.
3687 4246 3888 4314 Coisl.,

2242 4307 2381 4390 llos,
2413 4307 2658 4363 Casaub.
2696 4313 2753 4362 et
2782 4308 2954 4363 Grod.
2991 4311 3341 4390 particulam
3372 4312 3475 4390 γᾴρ
3509 4315 3571 4369 in
3603 4315 3780 4373 editis
3811 4307 3894 4373 in;

2241 4385 2332 4435 ter
2351 4380 2456 4434 has
2474 4396 2642 4461 voces
2666 4396 2977 4461 perperam
2992 4380 3401 4461 interpositam
3419 4380 3599 4461 Linea
3621 4391 3889 4461 sequenti

2241 4469 2459 4529 nomen
2485 4449 2740 4529 Διόνυσος
2774 4449 3166 4529 ascripsimus
3195 4471 3265 4509 ex
3295 4456 3464 4510 codd.
3502 4449 3725 4523 Ottobﬂ
3752 4462 3891 4529 Roe,

2239 4523 2508 4590 Casaub.,
2537 4540 2646 4578 ms.
2673 4523 3084 4591 Genovefamo,
3107 4529 3446 4582 etversione
3472 4530 3742 4590 Grodeci.
3765 4523 3888 4588 loco

2235 4595 2493 4680 nominis
2525 4595 2692 4654 οἶνος,
2727 4594 2883 4680 quod
2914 4595 2982 4680 in
3017 4598 3678 4680 impressis'legebatur,
3711 4601 3886 4674 idque

2224 4666 3235 4742 po_s_tu1at_sequentiun1_phrasium
3267 4670 3366 4724 isti
3399 4666 3684 4728 similium
3715 4666 3884 4742 ratio,

2226 4737 2446 4814 quibus
2480 4738 2710 4814 Cereris
2735 4742 2801 4814 et
2829 4737 3077 4814 VulCani
3123 4740 3318 4814 cultus
3368 4737 3883 4814 reprephenditur.

2295 4810 2369 4881 (4)
2403 4805 2817 4881 ΚαλείσθωηΕΧ
2875 4826 2985 4865 ms.
3049 4805 3452 4881 Genovefano;
3494 4805 3611 4870 lloe
3661 4822 3722 4872 et
3766 4819 3876 4874 Ca-

2225 4879 2391 4960 saub.
2426 4879 2881 4960 emendavimus‘
2921 4881 3193 4960 vitiosam
3251 4879 3604 4957 scripturam
3655 4906 3788 4960 quin
3816 4890 3878 4945 in

2227 4951 2400 5006 editis
2433 4950 2758 5017 obtinebat,
2793 4949 3050 5006 καλείτω.

2295 5025 2371 5093 (5)
2401 5022 2747 5096 ἽνακγΕάγὶιὶ,
2785 5021 2837 5096 ἢ
2888 5020 2998 5076 ἵνα·
3062 5025 3420 5082 Particulam
3450 5024 3486 5096 ἤ
3538 5028 3633 5085 hic
3665 5029 3876 5086 redun-

2226 5095 2464 5167 dantem
2499 5094 2935 5167 eliminavimus
2969 5098 3317 5153 auctoritate
3350 5094 3481 5153 cod.
3513 5100 3717 5167 Coisl.,
3747 5119 3876 5157 ver-

2227 5166 2411 5246 sionis
2447 5165 2733 5246 Grodecii.
2787 5173 2846 5220 et
2877 5167 3146 5240 exemplo
3207 5169 3420 5225 similis
3476 5165 3714 5243 phrasis
3746 5186 3871 5246 qua

2226 5239 2380 5293 hanc
2411 5237 2814 5306 subsequitur.

2297 5312 2372 5434 (εἴ)
2409 5309 2525 5361 Ἵνα
2557 5304 2731 5370 λίθος.
2786 5311 2905 5364 Hoc
2955 5314 3012 5363 et
3059 5311 3329 5381 Casaub.,
3361 5312 3397 5383 ἢ
3427 5311 3520 5367 ἳνα
3551 5311 3726 5388 λίθος¹
3758 5331 3876 5373 non

2297 5397 2323 5434 α
2353 5397 2402 5434 e.

2228 5397 2402 5436 male.

2301 5453 2376 5523 (7)
2408 5446 2868 5523 Περὶ-αἱρέσεων.
2929 5453 3106 5508 Deest
3161 5455 3257 5510 hic
3316 5455 3524 5512 titulus
3580 5458 3641 5514 in
3695 5455 3863 5515 codd.

2228 5521 2429 5588 Coisl.,
2461 5521 2864 5591 Colb.,'Bodl.,
2901 5524 3040 5579 edit.
3085 5526 3146 5580 G.
3192 5527 3414 5583 Morelii
3449 5534 3507 5584 et
3551 5546 3702 5586 vers.
3735 5532 3870 5587 Gro-

2230 5593 2400 5650 decii.
2439 5593 2502 5649 ln
2534 5594 2805 5649 Ottobon.
2838 5595 3125 5652 habetur:
3154 5596 3282 5672 Περὶ
3309 5599 3586 5673 αἱρέσεως.
