4152 6264
372 379 490 449 861

1469 385 1943 451 CATECHESIS
1985 386 2088 448 VI.
2136 386 2240 446 DE
2284 385 2444 448 UNO
2485 389 2665 452 ΠΕΟ.

3668 386 3790 453 862

446 522 544 580 ΙΔ’.
605 519 709 578 Καὶ
770 518 946 590 πάσης
1007 521 1104 594 μὶν
1161 498 1418 594 αἱρέσεως
1478 520 1698 598 εὖρετής
1760 519 2004 594 Σίμωνὲ

2207 521 2348 580 XIV.
2379 525 2459 580 Ac
2482 525 2675 580 omnis
2700 523 2944 595 quidem
2966 523 3260 579 hmreseos
3286 525 3559 579 inventor
3584 524 3786 581 Simon

371 612 580 686 Μάγος·
616 608 802 683 Σίμων
833 610 860 664 ὁ
893 609 943 664 ἐν
974 615 1100 672 ταῖς
1133 611 1359 685 Πράξεσι
1403 615 1511 666 τῶν
1545 610 1890 680 ἀποστόλων,
1921 610 2022 678 τήν

371 698 611 773 ἄπρατον
643 703 740 753 τοῦ
774 698 1088 770 Πνεύματος
1135 697 1299 774 χάριν
1350 698 1614 774 ἀγοράσαι
1645 695 2025 774 προσδοκήσας

370 788 636 865 ἀργυρίῳ,
689 789 781 844 καὶ
826 787 1063 850 ἀκούσας
1123 792 1222 860 (1)·
1280 789 1396 846 Οὐκ
1446 783 1557 843 ἔστι
1591 809 1672 843 σοι
1709 789 1865 862 μερὶς
1896 782 2024 841 οὐδὲ

371 876 583 953 κλῆρος
637 877 689 932 ἐν
748 881 828 949 τῷ
884 877 1036 954 λόγῳ
1093 877 1294 950 τούτῳ,
1346 878 1438 932 καὶ
1495 879 1557 933 τά
1615 876 1762 949 ἑξῆς·
1807 876 1930 950 περὶ
1963 875 2023 929 οὗ

370 967 689 1042 γέγραπται·
773 967 859 1037 Ἐξ
946 968 1108 1039 ἡμῶν
1194 965 1443 1037 ἐξῆλθον,
1523 964 1652 1022 ἀλλ’
1733 965 1833 1020 οὐκ
1886 965 2020 1033 ἦσαν

371 1055 424 1127 ἐξ
483 1059 668 1130 ἡμῶν·
757 1055 804 1110 εἰ
888 1056 990 1132 γὰρ
1075 1057 1211 1125 ἦσαν
1269 1055 1322 1127 ἐξ
1380 1058 1566 1130 ἡμῶν,
1629 1056 2021 1129 μεμενήκεισαν

372 1147 433 1201 ἂν
499 1146 616 1219 μεθ’
672 1148 857 1219 ἡμῶν.
917 1145 1090 1207 Οὗτος
1147 1144 1242 1200 ἑωὶ
1297 1152 1397 1216 τῆς
1453 1146 1676 1218 Ῥώμης
1707 1143 2022 1220 γενόμενος,

373 1234 510 1307 μετά
538 1234 600 1288 τὸ
633 1232 736 1287 ὑπὸ
775 1237 884 1287 τῶν
933 1234 1254 1288 ἀποστόλων
1303 1227 1713 1304 ἀποϐληθῆναι,
1743 1231 1832 1286 καὶ
1862 1229 2021 1288 Ἑλέ-

365 1344 462 1392 νην
491 1323 612 1378 τινὰ
658 1321 870 1398 πόρνην
915 1321 1272 1399 ἐπαγόμενος,
1334 1320 1606 1401 δυσφήμῳ
1657 1327 1738 1395 τῷ
1790 1321 2020 1394 στόματι

364 1417 583 1486 πρῶτος
637 1410 941 1486 ἐτόλμησεν
1002 1412 1171 1468 εἰπεῖν
1230 1415 1304 1486 (2)
1363 1411 1549 1468 ἑαυτὸν
1609 1411 1702 1486 μέν
1757 1415 1892 1468 εἶναι
1926 1413 2018 1467 τὸν

361 1501 449 1556 ἐπὶ
482 1496 646 1576 ὅρους
681 1507 816 1556 Σινᾶ
874 1502 950 1565 ὡς
1010 1502 1224 1578 Πατέρα
1282 1501 1531 1558 ωανέντα’
1588 1505 1734 1579 ποιρά
1783 1500 1840 1557 δὲ
1885 1503 2018 1558 Ἰου-

361 1588 534 1654 δαῖοις
567 1590 790 1665 ὕστερον
825 1592 927 1646 οὐκ
985 1591 1038 1646 ἐν
1095 1592 1276 1667 σαρκὶ,
1339 1591 1486 1648 ἀλλὰ
1535 1590 1757 1663 δοκήσει
1789 1594 1862 1654 ὡς
1888 1593 2018 1667 Χρι-

361 1682 485 1736 στὸν
528 1683 741 1752 Ἰησοῦν
797 1682 1050 1760 φανέντα·
1111 1683 1199 1737 καὶ
1260 1682 1399 1755 μετά
1448 1687 1615 1737 ταῦτα
1671 1683 1745 1744 ὡς
1802 1685 2020 1754 Πνεῦμα

360 1766 534 1842 ἅγιον,
562 1767 626 1822 τὸ
659 1767 761 1823 ὑπὸ
791 1772 890 1822 τοῦ
947 1769 1186 1844 Χριστοῦ
1244 1770 1320 1831 ὡς
1360 1767 1716 1846 παράκλητον
1748 1767 2016 1825 ἀποστέλ-

361 1856 550 1922 λεσθαι
580 1855 929 1933 ἐπαγγελθέν.
989 1856 1094 1913 Καί
1152 1856 1426 1928 ἐπλάνησὲ
1471 1879 1530 1913 τε
1573 1857 1716 1914 οὕτω
1744 1860 1843 1929 τήν
1877 1860 2015 1914 Ῥω-

365 1945 542 2020 μαίων
571 1943 759 2017 πόλιν,
792 1946 930 2002 ὥστε
961 1943 1233 2003 Κλαύδιον
1275 1944 1568 2022 ἀνδριάντα
1597 1947 1764 2002 αὐτοῦ
1795 1949 2006 2016 στῆσαι,

361 2035 753 2111 ὑπογράψαντα
809 2039 878 2110 τῇ
936 2035 1224 2110 Ῥωμαίων
1280 2035 1521 2112 γλώττῃ,
1582 2039 1829 2094 ΣΙΜΩΝΙ
1881 2039 2011 2093 ΔΕΩ

362 2129 644 2182 ΣΑΓΚΤΩ·
704 2125 836 2199 ὅπερ
898 2123 1332 2198 ἑρμηνευόμενον
1393 2122 1583 2196 δηλοῖ,
1645 2124 1854 2200 Σίμωνι
1895 2129 2010 2198 Θεῷ

360 2215 521 2288 ἁγίῳ.

428 2303 530 2360 ΙΕ“.
563 2303 1040 2377 ΙΙαρατεινομένης
1100 2299 1158 2356 δὲ
1213 2304 1312 2371 τῆς
1367 2302 1603 2375 πλάνης,
1635 2303 1848 2379 ἀγαθῶν
1877 2306 2006 2377 ξυν-

355 2390 488 2467 ωρὶς
549 2387 859 2465 διορθοῦται
926 2391 989 2445 τὸ
1060 2397 1324 2464 πταῖσμα,
1385 2394 1590 2464 Πέτρος
1642 2394 1731 2448 καὶ
1789 2393 2007 2457 Παῦλος

353 2479 812 2555 παραγενόμενοι,
871 2481 923 2534 οἱ
979 2482 1081 2545 τῆς
1157 2477 1483 2551 Ἐκκλησίας
1539 2482 1857 2557 προστάται·
1913 2485 2004 2539 καὶ

2133 621 2331 691 Magus
2354 615 2464 670 fuit
2494 615 2593 686 (3),
2627 614 2751 682 ille,
2785 614 3054 685 inquam,
3087 613 3291 668 Simon
3313 614 3413 684 qui
3446 614 3509 668 in
3540 613 3786 669 Actibus

2134 706 2538 780 apostolorum
2559 704 2626 772 δ’,
2660 703 2976 773 gratuitam
3010 707 3067 757 et
3098 702 3263 757 nullo
3296 703 3483 773 pretio
3514 703 3786 758 venalem

2133 797 2384 869 Spiritus
2416 793 2605 849 sancti
2659 793 2930 865 gratiam,
2990 792 3244 863 pecunia
3275 807 3471 847 emere
3503 793 3784 862 speravit,

2133 887 2400 957 illudque
2433 885 2600 940 audit
2625 901 2636 938 :
2670 885 2786 938 Non
2817 889 2894 938 est
2944 883 3044 937 tibi
3066 898 3202 953 pars
3230 897 3406 952 neque
3434 897 3550 937 sors
3578 883 3637 937 in
3665 899 3784 937 ser-

2131 995 2290 1032 mone
2307 975 2500 1043 isto,et
2517 991 2647 1045 quas
2667 977 3026 1043 sequuntur:
3048 971 3118 1027 de
3138 989 3254 1044 quo
3271 971 3556 1043 scriptum
3571 975 3661 1027 est
3675 975 3784 1027 :Ea:

2128 1066 2283 1121 nobis
2303 1067 2578 1130 exierunt,
2601 1063 2696 1118 sed
2710 1078 2816 1116 non
2842 1067 3084 1116 erantex
3099 1061 3255 1117 nobis
3271 1080 3292 1127 ;
3311 1063 3358 1116 si
3378 1064 3523 1116 enim
3545 1062 3784 1129 fuissent

2129 1173 2198 1211 ea:
2219 1156 2395 1222 nobis,
2419 1155 2843 1224 permansissent
2863 1155 3057 1222 utique
3077 1152 3354 1208 nobiscum
3373 1151 3445 1208 νο.
3470 1152 3595 1220 Hic,
3619 1156 3784 1223 post-

2131 1261 2307 1316 quam
2340 1243 2411 1298 ab
2435 1241 2719 1314 apostolis
2742 1241 2966 1313 ejectus
2987 1240 3117 1306 fuit,
3145 1243 3390 1296 Romam
3413 1241 3515 1296 90
3535 1241 3783 1296 veniens

2130 1339 2189 1389 et
2219 1333 2503 1387 Helenam
2538 1331 2858 1401 quamdam
2882 1331 3255 1385 meretricem
3277 1329 3606 1402 adjungens
3630 1328 3742 1384 sibi
3765 1345 3781 1396 ;

2128 1423 2354 1495 primus
2384 1438 2484 1477 ore
2517 1421 2772 1476 nefando
2806 1437 2866 1475 se
2898 1420 3091 1492 ipsum
3116 1420 3312 1475 dicere
3339 1436 3519 1475 ausus
3550 1425 3659 1487 est,
3677 1419 3780 1490 qui

2128 1517 2409 1583 tanquam
2474 1513 2647 1566 Pater
2701 1510 2763 1564 in
2812 1515 3013 1564 monte
3075 1509 3214 1563 Sina
3269 1508 3428 1563 visus
3469 1513 3628 1563 esset
3656 1509 3777 1578 (4):

2127 1600 2282 1672 apud
2312 1599 2547 1656 Iudaeos
2577 1615 2714 1654 vero
2749 1603 2972 1670 postea,
3020 1615 3140 1652 non
3186 1598 3247 1651 in
3279 1613 3478 1664 carne,
3513 1595 3617 1652 sed
3647 1596 3781 1668 opi-

2125 1689 2305 1745 nione
2338 1705 2408 1745 ac
2452 1689 2669 1761 specie,
2731 1694 3016 1759 tanquam
3071 1688 3240 1742 Jesus
3297 1685 3563 1740 Christus
3594 1701 3779 1757 appa-

2125 1779 2343 1834 ruisset
2371 1778 2413 1814 ⁹¹
2442 1796 2456 1845 ;
2489 1783 2545 1833 et
2575 1783 2710 1850 post
2760 1778 2886 1832 haec
2916 1782 2983 1832 ut
3021 1775 3273 1847 Spiritus
3306 1779 3566 1844 sanctus,
3595 1789 3775 1845 quem

2123 1867 2391 1923 Christus
2418 1873 2703 1938 tanquam
2752 1866 3118 1938 paracletum
3149 1865 3278 1934 [seu
3312 1861 3774 1934 consolatorem]

2120 1957 2479 2013 mittendum
2510 1957 2884 2029 promiserat.
2919 1957 3000 2010 Ac
3031 1957 3434 2011 Romanorum
3473 1952 3770 2008 civitatem

2120 2062 2308 2119 usque
2340 2046 2486 2102 adeo
2519 2045 2772 2116 decepit,
2796 2047 2864 2098 ut
2891 2042 3168 2099 Claudius
3199 2043 3328 2115 ejus
3360 2047 3616 2098 statuam
3646 2041 3770 2098 eri-

2118 2141 2282 2208 geret
2326 2135 2403 2209 (5)
2448 2151 2583 2191 cum
2639 2135 2750 2190 hac
2808 2132 3242 2204 subscriptione
3271 2131 3488 2188 litteris
3516 2131 3763 2200 Latinis,

2118 2223 2308 2279 Sluom
2339 2224 2454 2280 Duo
2484 2239 2710 2279 smc'ro.

2186 2313 2304 2367 XV.
2336 2313 2477 2368 Cum
2511 2328 2647 2367 vero
2678 2328 2842 2367 error
2883 2327 2946 2366 se
2995 2311 3172 2367 latius
3203 2315 3523 2383 spargeret,
3553 2309 3761 2364 vitium

2113 2400 2265 2455 illud
2320 2401 2576 2457 correxit
2633 2400 2930 2473 egregium
2971 2417 3094 2472 par
3147 2400 3427 2470 virorum,
3467 2401 3676 2455 Petrus
3707 2403 3768 2454 et

2115 2489 2334 2545 Paulus
2365 2489 2642 2545 Ecclesiae
2674 2488 2961 2560 praesules
2991 2491 3086 2559 (6),
3120 2489 3264 2544 illuc
3307 2487 3540 2561 appulsi
3560 2488 3643 2555 ⁹²ς
3676 2487 3766 2543 Si-

428 2603 478 2638 ³9
512 2607 628 2683 Act.
661 2621 772 2674 vm,
808 2605 995 2660 18-21.
1027 2603 1072 2640 ⁹⁰
1101 2605 1265 2662 Joan.
1295 2623 1357 2674 ιι,
1402 2610 1488 2662 19.
1543 2605 1587 2642 ’ί
1656 2609 1784 2666 Vid.
1836 2617 1944 2666 cat.
2002 2637 2004 2643 ι

2146 2629 2204 2668 η.
2267 2616 2321 2669 6.
2380 2613 2426 2648 ⁸³
2463 2614 2573 2670 Vid
2600 2618 2706 2668 cat.
2740 2612 2829 2683 ιι,
2861 2630 2918 2668 n.
2952 2615 3060 2682 26;
3092 2619 3202 2669 cat.
3237 2615 3324 2681 17,
3355 2629 3413 2668 n.
3445 2615 3536 2680 27,
3569 2618 3622 2667 et
3651 2617 3761 2669 cat.

362 2678 451 2744 11,
483 2693 541 2730 η.
577 2679 624 2730 3.

424 2802 500 2870 (1)
536 2798 630 2853 Καὶ
663 2797 914 2861 ἀκούσας.
951 2800 1206 2870 Verbum
1238 2798 1471 2862 ἀκούσας
1504 2801 1566 2856 in
1598 2803 1773 2858 editis
1806 2809 2003 2862 trans-

353 2869 616 2944 positam
647 2879 780 2944 post
807 2871 906 2926 οὐκ
953 2869 1064 2925 ἔστι
1123 2891 1234 2938 σοι,
1294 2873 1550 2928 naturali
1581 2875 1706 2929 sedi
1742 2877 2002 2932 reddidi-

355 2943 510 3014 mus,
543 2960 614 3020 ex
645 2943 814 3020 codd.
851 2944 1050 3008 Coisl.,
1086 2945 1303 3020 Ottob.,
1339 2947 1480 3020 Roe,
1513 2946 1785 3020 Casaub.,
1819 2966 2004 3020 quan-

401 3033 536 3072 uam
558 3015 846 3090 similium
876 3016 1406 3090 transpositionum
1437 3018 1500 3071 in
1533 3018 1642 3090 hoc
1673 3015 1855 3090 opere
1882 3037 2001 3076 non

355 3032 536 3142 quam
558 3032 846 3071 summum
876 3032 1406 3086 trausposmonum
1437 3033 1500 3071 ιιι
1535 3032 1642 3072 ιιοο
1673 3035 1851 3090 opere
1882 3037 2001 3076 non

397 3094 575 3143 esunt
605 3088 878 3158 exempla
948 3088 1126 3142 Paulo
1175 3087 1425 3143 inferius
1457 3089 1632 3144 verba
1658 3091 1922 3158 Joannis,
1954 3092 2001 3144 ct

388 3158 452 3232 ἀρ
484 3159 642 3227 ἦσαν,
680 3165 834 3232 etc“
895 3175 1026 3229 quas
1083 3164 1324 3232 propter
1378 3161 1793 3231 repetitionem
1844 3164 2000 3219 vocis

388 3179 452 3232 αρ
484 3179 642 3227 ησαν,
700 3179 834 3227 ew.,
895 3179 1026 3229 quas
1083 3179 1324 3230 propter
1378 3179 1793 3231 repetitionem
1844 3180 2000 3219 vocns

350 3179 516 3304 ξμῷν
544 3231 603 3286 in
626 3230 802 3304 editis
822 3230 1225 3304 prmtermissa
1250 3248 1473 3298 remur,
1499 3233 1902 3304 supplevimus
1931 3253 2001 3291 ex

357 3302 555 3367 Coisl.,
590 3302 810 3369 Ottob.,
843 3304 982 3368 Roe,
1017 3302 1263 3357 Casaub.

423 3377 498 3444 (2)
530 3373 738 3429 Εἱπεῖν.
769 3375 912 3428 Eam
943 3390 1142 3428 vocem
1165 3373 1225 3427 in
1252 3373 1612 3428 editionibus
1636 3391 1731 3430 an.
1759 3380 1916 3443 1640,
1943 3383 2002 3432 et

350 3447 534 3502 Oxon.
566 3445 1031 3517 praetermissam
1080 3445 1449 3517 restituimus
1490 3461 1558 3500 ex
1589 3446 1760 3503 codd.
1794 3447 1998 3517 Coisl.,

347 3517 544 3573 Ottob.
569 3516 638 3572 et
667 3516 1026 3572 editionibus
1057 3516 1282 3571 Morelii
1312 3522 1371 3570 et
1399 3518 1674 3573 Prevotii.

414 3591 492 3659 (3)
524 3589 710 3644 Omnis
741 3589 1006 3646 haereseos
1063 3589 1336 3655 inventor,
1396 3593 1507 3659 etc.
1567 3589 1786 3644 Eodem
1820 3590 1996 3645 modo
2028 3557 2071 3624 θ

343 3658 608 3716 Irenaaus
637 3660 741 3715 lib.
779 3677 817 3726 ι,
850 3676 978 3730 cap.
1037 3660 1124 3725 23,
1157 3675 1216 3712 ιι.
1255 3662 1278 3712 1
1309 3675 1322 3712 :
1371 3658 1564 3714 Simon
1594 3661 1994 3728 Samaritanus,

344 3748 414 3788 ea:
441 3748 550 3802 quo
579 3733 847 3802 universas
877 3731 1099 3785 hareses
1125 3731 1511 3802 substiterunt,
1545 3747 1612 3786 ac
1645 3748 1774 3802 cap.
1809 3734 1896 3798 22,
1933 3750 1995 3788 ιι.

344 3801 541 3867 2,fons
564 3808 624 3858 et
645 3801 815 3857 radix
836 3802 1103 3856 omnium
1125 3801 1539 3856 haareticorum
1565 3803 1638 3857 ab
1662 3801 1733 3856 eo
1755 3803 1992 3861 dicitur.

345 3877 428 3930 Ea
449 3872 807 3930 numerandi
830 3874 1088 3946 hmreses
1110 3874 1260 3928 ratio
1284 3874 1438 3943 apud
1464 3891 1672 3929 omnes
1699 3892 1871 3945 pene,
1895 3877 1996 3946 qui

345 3946 768 4026 haereticorum
783 3945 1082 4026 catalogos
1102 3950 1377 4026 texu_ere,_
1393 3945 1997 4026 valuit,E_p_ip_hani1_im

346 4016 1619 4090 Philastrium,Augustinumﬂheodoretum
1643 4018 1873 4072 Nullam
1892 4020 1998 4090 Cy-

348 4033 1178 4142 Puuastrlummugusunum,
1195 4033 1216 4070 1
1231 4033 1619 4072 neoaoretum
1643 4033 1873 4072 nullam
1892 4033 1998 4090 Uy-

348 4089 522 4146 rillus
545 4089 836 4162 rationem
881 4088 1203 4162 abuitejus
1220 4088 1706 4162 Thebutis,quem
1726 4089 2000 4162 Hegesip-

389 4178 477 4227 us,
501 4160 1050 4230 Hierosolymitanze
1071 4158 1346 4232 Ecclesia;
1365 4158 1617 4230 scriptor
1636 4161 1793 4232 apud
1815 4158 1998 4217 Euse-

389 4179 477 4227 us,
502 4179 1050 4230 merosonymuame
1073 4179 1346 4213 ncciesue
1365 4179 1617 4230 scriptor
1636 4179 1793 4232 apud
1815 4179 1998 4217 muse-

345 4179 536 4295 Bium.
569 4233 607 4288 Ι.
631 4248 682 4286 iv
701 4233 842 4287 Hist.
867 4232 1174 4296 eccl.,c.22,
1197 4230 1456 4301 primum
1478 4233 1892 4287 haereticorum
1915 4233 1999 4287 ait

344 4304 673 4360 Ecclesiam
687 4303 850 4373 prius
864 4301 1149 4373 virginem
1167 4302 1524 4372 appellatam
1542 4304 1842 4359 erroribus
1854 4305 1998 4358 infe-

342 4377 598 4431 cisse.At
620 4390 822 4430 revera
843 4374 1044 4428 Simon
1069 4375 1264 4444 Magus
1287 4373 1698 4428 haereticorum
1727 4377 1995 4430 omnium

342 4445 896 4516 antiquissimus,ac
911 4443 1242 4499 subsecutis
1255 4446 1472 4499 erroris
1485 4447 1710 4500 semina
1723 4447 1993 4517 praabuit.

414 4520 493 4589 (4)
518 4519 588 4574 Se
617 4519 793 4587 ipsum
839 4517 1020 4571 dicere
1065 4531 1227 4571 ausus
1275 4521 1371 4582 est,
1403 4521 1551 4589 ietc.,
1603 4518 1996 4589 quirtanquam

344 4588 517 4644 Pater
545 4591 606 4643 in
633 4595 818 4643 monte
847 4589 984 4643 Sina
1011 4590 1156 4642 visus
1182 4593 1334 4642 esset.
1376 4588 1508 4642 Haec
1539 4604 1659 4642 non
1693 4588 1763 4643 de
1795 4595 1996 4644 monte

344 4661 514 4726 Sina,
548 4659 647 4716 sed
681 4659 754 4714 de
812 4659 1076 4714 Samaria
1133 4657 1352 4713 dixisse
1409 4659 1710 4714 Simonem
1756 4666 1997 4716 natrant

345 4734 609 4788 Irenmus
638 4731 742 4786 lib.
777 4747 792 4784 ι
824 4731 1026 4787 Contra
1066 4730 1284 4796 haeres,
1319 4746 1446 4801 cap.
1481 4732 1567 4798 23,
1602 4748 1661 4786 ιι.
1700 4735 1721 4785 1
1757 4749 1770 4798 ;
1803 4733 1992 4787 Theo-

344 4803 591 4859 doretus
622 4802 725 4875 lib.
758 4819 776 4857 ι
805 4803 1010 4875 Havet.
1041 4801 1246 4875 (abut,
1299 4817 1426 4872 cap.
1494 4807 1542 4870 1,
1594 4819 1726 4875 pag.
1765 4805 1885 4871 192,
1919 4803 1993 4859 ad

347 4892 500 4946 quos
526 4874 755 4929 accedit
782 4873 1169 4946 Epiphanius.
1189 4873 1540 4946 haeres._xxl,
1565 4873 1623 4928 ιι.
1653 4873 1700 4928 1ῖ
1734 4875 1993 4930 Consen-

345 4944 420 5002 tit
450 4953 652 5001 tamen
709 4945 927 5016 Cyrillo
977 4945 1360 5015 Augustinus,
1393 4944 1495 5000 lib.
1556 4947 1631 5000 De
1677 4947 1992 5014 heresibus,

348 5018 453 5073 sed
515 5017 680 5072 locus
735 5015 837 5071 ille
896 5015 954 5070 in
1017 5032 1156 5070 mss.
1213 5016 1668 5086 praetermissus,
1710 5018 1997 5073 anostris

347 5090 410 5145 in
442 5087 874 5161 Augustiniana
921 5087 1260 5161 editioneie
1311 5092 1472 5142 textu
1518 5094 1608 5142 est
1636 5089 1879 5161 rejetus,
1912 5090 1996 5144 uti

346 5159 618 5231 spurium
645 5159 1136 5231 additamentum.
1171 5160 1439 5212 Erratum
1473 5176 1614 5214 sane
1646 5159 1706 5213 in
1741 5161 1997 5215 Simonis

345 5230 616 5293 historia,
650 5231 710 5286 in
745 5231 854 5286 hoc
881 5230 1083 5301 Cyrilli
1116 5235 1175 5283 et
1208 5231 1518 5295 Augustini
1568 5231 1696 5284 loco
1729 5233 1996 5286 contine-

345 5309 482 5369 tur;
545 5319 607 5358 se
667 5303 828 5357 enim
861 5302 1061 5356 Simon
1091 5301 1530 5356 sublimissimam
1579 5302 1858 5365 virtutem,
1896 5303 1997 5358 hoc

344 5383 422 5430 est
455 5391 577 5430 eum
609 5376 708 5445 qui
737 5376 806 5428 sit
834 5389 998 5442 super
1021 5374 1206 5445 omnia
1229 5373 1392 5427 Pater
1411 5389 1517 5429 esse
1546 5374 1746 5438 aiebat,
1781 5380 1846 5428 ut
1881 5376 1998 5429 Ire-

349 5447 464 5501 nmi
523 5443 651 5500 loco
711 5445 888 5517 citato
942 5443 1136 5517 verbis
1162 5449 1341 5517 _utar.
1364 5447 1457 5517 ,Αι
1489 5447 1661 5499 Pater
1691 5445 1791 5500 ille
1822 5463 2000 5517 super

350 5517 552 5573 omnia
579 5516 837 5572 Simonis
859 5515 1141 5585 opinione
1162 5515 1337 5586 longo
1360 5515 1668 5571 intervallo
1691 5515 1997 5586 sejunctas

351 5588 575 5669 eratab
608 5605 677 5644 eo
711 5587 810 5669 qui
845 5585 1372 5669 lege_m__dederat:_
1423 5587 1613 5669 legem
1656 5585 1817 5669 enim
1849 5605 1882 5669 a
1914 5589 1994 5644 si-

355 5661 545 5716 nistra
596 5657 853 5727 quadam
912 5657 1305 5725 intelligentia
1342 5657 1540 5714 datam
1570 5659 1892 5727 asserebat,
1928 5677 1996 5715 ex

353 5733 588 5810 Epiph,
616 5729 833 5810 hmres.
862 5745 983 5810 _xxu,
1010 5746 1076 5810 .n_.
1103 5732 1156 5810 [ιἶ
1182 5731 1250 5810 Et
1278 5729 1701 5810 quinamsein
1734 5732 1873 5810 Sina
1902 5748 1999 5810 ap-

353 5799 625 5877 paruisse
656 5800 898 5870 diceret,
923 5801 1025 5872 qui
1047 5799 1161 5872 legi
1185 5804 1242 5854 et
1266 5799 1394 5871 ejus
1416 5803 1642 5858 auctori
1673 5803 1870 5874 palam
1894 5799 1995 5860 de-

2110 2809 2422 2876 trahebat;
2452 2825 2669 2880 gseque
2726 2809 2947 2864 idcirco
3007 2809 3236 2864 venisse
3282 2808 3598 2880 aiebat,-'.ut
3621 2824 3761 2863 suos

2111 2880 2393 2936 liberaret
2414 2879 2486 2935 ab
2509 2879 2757 2950 imperio
2772 2881 3117 2952 angelorum
3133 2879 3341 2934 mundi
3357 2880 3755 2952 conditorum,

2112 2953 2378 3024 quicum
2410 2951 2727 3024 prophetas
2759 2951 2972 3024 diversi
3003 2952 3417 3024 inspirassent,
3441 2969 3549 3024 per
3578 2951 3756 3024 hujus

2110 3023 2268 3078 modi
2295 3028 2593 3096 praecepta
2615 3023 2888 3077 homines
2910 3024 2971 3077 in
2995 3023 3336 3096 servitutem
3359 3022 3712 3096 redegerant
3729 3022 3757 3078 7

2109 3093 2434 3166 eerre’naao
2466 3093 2565 3147 lib.
2618 3110 2657 3159 1,
2719 3111 2846 3166 cap.
2906 3097 2994 3156 21,
3054 3111 3110 3148 ιι.
3173 3095 3225 3149 3.
3259 3094 3426 3159 Quod
3452 3093 3660 3166 Simon
3690 3108 3755 3149 se

2109 3165 2390 3237 Spiritum
2445 3169 2715 3237 sanctum
2769 3165 2902 3237 esse
2958 3166 3202 3232 diceret,
3262 3165 3629 3222 contrarium
3667 3170 3758 3237 est

2108 3235 2459 3308 Epiphanio,
2476 3236 2537 3290 id
2559 3236 2728 3290 illum
2751 3236 2823 3291 de
2846 3237 3069 3291 Helena
3088 3253 3195 3292 sua
3208 3237 3466 3308 jactasse
3485 3235 3755 3292 narranti

2107 3307 2320 3364 hmresi
2350 3325 2468 3374 xxx,
2495 3325 2557 3364 ιι.
2589 3311 2642 3360 2.
2676 3307 2740 3361 Id
2770 3313 2968 3363 autem
2999 3307 3253 3378 Cyrillus
3274 3309 3493 3363 iterum
3517 3308 3752 3378 repetit,

2107 3385 2220 3435 cat.
2253 3383 2338 3447 16,
2371 3397 2430 3434 ιι.
2463 3382 2516 3447 6,
2540 3379 2788 3450 ejusque
2819 3380 2904 3434 rei
2936 3381 3197 3434 Irenaeus
3223 3384 3430 3434 auctor
3450 3384 3558 3435 est.
3583 3379 3688 3435 lib.
3713 3396 3754 3450 ι,

2107 3467 2235 3522 cap.
2267 3451 2357 3518 23,
2390 3467 2450 3504 ιι.
2487 3453 2537 3517 1,
2568 3449 2949 3522 ﬁrmantque)
3009 3451 3136 3506 hac
3193 3451 3450 3506 Simonis
3479 3451 3656 3507 verba
3684 3449 3757 3505 ab

2109 3521 2466 3591 Hieronymo
2497 3521 2684 3595 relata
2733 3523 2794 3575 in
2839 3523 3092 3576 Matthaei
3129 3539 3256 3595 cap.
3288 3539 3445 3590 xxiv,
3477 3527 3507 3578 5
3535 3540 3549 3577 :
3580 3545 3608 3574 «
3643 3522 3756 3595 Ego

2109 3615 2137 3643 ‹‹
2171 3610 2303 3648 sum
2334 3609 2530 3646 sermo
2563 3593 2686 3666 Dei,
2713 3609 2814 3663 ego
2838 3609 2970 3646 sum
2992 3594 3314 3666 speciosus,
3347 3610 3452 3666 ego
3483 3593 3760 3650 Paracle-

2109 3687 2138 3715 «
2175 3670 2290 3730 tus,
2323 3680 2426 3733 ego
2459 3664 2858 3733 omnipotens,
2890 3680 2994 3733 ego
3039 3664 3242 3719 omnia
3273 3664 3397 3720 Dei.

2179 3739 2257 3806 (5)
2280 3758 2306 3782 α
2329 3733 2608 3788 Claudius
2629 3734 2681 3788 ei
2706 3740 2961 3789 statuam
2984 3737 3298 3807 erigeret.»
3317 3739 3455 3801 Quae
3478 3736 3549 3791 de
3571 3737 3756 3792 Simo-

2107 3807 2201 3860 nis
2225 3811 2417 3860 statua
2439 3810 2779 3872 narrantur,
2802 3822 2834 3859 a
2855 3807 3083 3860 Justino
3116 3813 3404 3888 .martyre,
3438 3808 3667 3931 apolog.
3697 3811 3752 3874 2,

2107 3894 2237 3931 nae.
2272 3880 2339 3930 69
2372 3883 2430 3930 et
2459 3880 2547 3931 91.
2608 3884 2868 3931 accepta.
2930 3882 3060 3931 post
3113 3893 3309 3931 ipsum
3339 3879 3604 3931 referunt
3657 3894 3752 3931 re-

2107 3894 2237 3950 pag.
2272 3880 2430 3950 697st
2459 3880 2547 3944 91,
2608 3884 2868 3949 accepta,
2930 3882 3060 3947 post
3113 3877 3309 3950 ipsum
3339 3877 3604 3932 referunt
3622 3877 3752 3933 Ire-

2108 3948 2293 4012 naa'us,
2328 3948 2430 4004 lib.
2465 3965 2499 4015 ι,
2535 3965 2662 4020 cap.
2695 3948 2782 4008 23,
2817 3965 2874 4002 ιι.
2912 3952 2934 4001 1
2966 3965 2979 4015 ;
3034 3948 3452 4015 Tertullianus,
3487 3951 3749 4019 Apotog.,

2107 4037 2234 4092 cap.
2266 4022 2328 4074 13
2353 4039 2367 4087 ;
2397 4021 2707 4086 Eusebius,
2738 4020 2857 4092 lib.
2891 4036 2946 4086 ιι,
2978 4021 3150 4092 Hist,
3177 4035 3303 4090 cap.
3343 4023 3406 4074 13
3456 4027 3539 4092 οι,
3566 4022 3655 4086 14,
3687 4025 3754 4075 ut

2105 4091 2510 4147 Theodoretur
2535 4096 2592 4146 et
2622 4091 3013 4163 Augustinum
3041 4091 3328 4163 omittam.
3359 4093 3484 4163 Non
3511 4091 3752 4147 defuere

2107 4164 2208 4235 qui
2238 4164 2533 4218 Iustinum
2565 4162 2906 4235 martyrem,
2937 4178 3041 4235 seu
3072 4162 3286 4235 linguas
3318 4162 3538 4218 Latinas
3569 4164 3754 4234 impe-

2105 4233 2260 4300 ritia,
2296 4251 2399 4288 seu
2428 4234 2691 4288 nominis
2713 4233 3104 4288 similitudine
3126 4233 3439 4306 deceptum
3471 4233 3751 4303 dixerint,

2105 4307 2248 4361 dum
2282 4306 2501 4360 Simoni
2537 4307 2698 4377 Mago
2748 4312 3000 4360 erectam
3051 4306 3286 4360 censuit
3313 4312 3590 4371 statuam,
3620 4322 3751 4376 qua;

2104 4377 2301 4450 potius
2332 4377 2556 4450 Simoni
2609 4377 2831 4450 Sango,_
2869 4377 2986 4433 sive
3058 4377 3249 4450 Sanco
3278 4379 3416 4446 Deo,
3450 4379 3552 4450 qui
3579 4378 3753 4432 Sabi-

2106 4448 2317 4504 norum
2373 4448 2575 4518 lingua
2624 4448 2905 4504 Hercules
2957 4464 3086 4503 esse
3139 4449 3376 4515 dicitur,
3410 4448 3756 4505 consecrata

2107 4526 2251 4576 erat.
2284 4519 2640 4575 Incredibile
2688 4537 2810 4574 non
2869 4525 2959 4574 est
3012 4526 3267 4575 statuam
3299 4524 3497 4576 Romaa
3528 4521 3752 4576 Simoni

2109 4595 2271 4663 Mago
2305 4597 2602 4656 erectam;
2636 4592 2729 4646 vix
2783 4591 3088 4660 credibile,
3146 4593 3441 4648 Justinum
3480 4609 3607 4648 rem
3639 4592 3751 4648 sibi

2107 4681 2228 4719 non
2260 4664 2403 4719 satis
2435 4670 2828 4735 perspectam,
2854 4678 2988 4718 cum
3019 4663 3361 4735 gravissimo
3394 4681 3515 4720 sum
3546 4663 3751 4719 existi-

2105 4736 2384 4791 mationis
2420 4734 2480 4790 et
2506 4751 2700 4790 causae
2731 4751 2909 4806 quam
2941 4734 3149 4806 agebat
3178 4735 3462 4806 periculo,
3494 4735 3747 4806 publica;

2103 4807 2573 4862 Christianorum
2590 4806 2882 4879 apologiaa
2910 4806 3254 4879 inseruisse,
3284 4813 3343 4863 et
3361 4806 3518 4879 apud
3539 4823 3747 4863 omnes

2104 4880 2307 4933 Patres
2336 4879 2553 4933 falsum
2585 4877 2668 4933 ita
2695 4877 2867 4933 facile
2900 4877 3077 4934 fidem
3108 4877 3426 4935 invenisse.

2178 4953 2370 5004 Petrus
2399 4956 2450 5004 et
2480 4949 2684 5004 Paulus
2732 4949 2978 5004 Ecclesiae
3019 4950 3300 5020 presules,
3335 4957 3446 5006 etc.
3497 4951 3747 5006 Paulum

2105 5021 2200 5074 hic
2232 5021 2714 5094 adjungitgPetroA
2754 5021 3144 5094 in__Ecclesim
3176 5024 3534 5094 principatu,
3571 5038 3750 5094 quem

2106 5094 2278 5146 Petro
2308 5092 2417 5146 soli
2449 5092 2582 5146 aliis
2603 5091 2752 5146 locis
2774 5092 3033 5147 tribuere
3057 5091 3225 5156 solet,
3250 5101 3317 5149 ut
3343 5091 3455 5150 cat.
3481 5099 3534 5155 2.
3557 5091 3617 5148 ιι.
3646 5098 3708 5149 19
3733 5112 3748 5161 ;

2107 5169 2217 5218 cat.
2256 5165 2340 5229 11,
2375 5179 2434 5217 ιι.
2467 5164 2683 5236 3,‘quo‘
2715 5163 2831 5236 loci
2862 5170 3102 5219 vocatur
3131 5182 3445 5236 supremus
3476 5166 3752 5221 Ecclesia

2107 5251 2320 5305 praeco,
2379 5239 2478 5299 τῆς
2508 5229 2862 5310 ΔἙκκλησίιιις
2918 5229 3226 5310 ιιπροφαῖοξ
3279 5238 3467 5310 κῆρυξ,
3517 5244 3629 5293 cat.
3665 5240 3752 5310 17,

2105 5321 2164 5359 ιι.
2198 5309 2302 5371 2Ί;
2338 5311 2448 5360 cat.
2501 5307 2582 5370 14,
2638 5322 2697 5361 ιι.
2757 5308 2846 5360 20.
2909 5307 3087 5370 Οιιοιῑ
3122 5325 3256 5363 vero
3289 5309 3359 5364 de
3393 5309 3648 5364 Simonis
3678 5308 3753 5363 ad

2106 5392 2312 5448 preces
2328 5376 2748 5452 apostolorum
2781 5394 2930 5452 casu
2951 5378 3284 5448 subjicitur,
3318 5381 3376 5435 id
3407 5380 3752 5452 gravissimo

2106 5447 2375 5518 quamvis
2405 5447 2834 5517 permultorum
2857 5448 3034 5503 etiam
3060 5447 3448 5518 antiquorum
3476 5452 3753 5508 Ecclesia;

2106 5469 2375 5518 quamws
2405 5469 2834 5517 permuxwrum
2857 5469 3034 5503 etiam
3065 5469 3190 5505 anu
3237 5470 3448 5507 UOI'llln
3476 5469 3753 5508 ωοοιθειω

2106 5525 2411 5594 auctorum
2428 5519 2765 5594 testimonio
2778 5469 3369 5594 confirmatumgdem
3386 5532 3584 5579 tamen
3597 5523 3754 5594 apud

2107 5591 2326 5666 multos
2343 5591 2700 5666 recentiores
2720 5607 2839 5666 non
2857 5592 3234 5666 inv_enit.,tum
3255 5602 3496 5666 propter
3511 5591 3748 5664 Justini,

2104 5663 2334 5726 Irenaei,
2358 5661 2725 5728 Tertulliani,
2751 5664 2986 5719 Eusebii
3009 5661 3387 5720 Cmsariensis
3417 5661 3746 5729 silentium,

2106 5740 2165 5789 et
2193 5734 2446 5806 primam
2468 5734 2729 5789 historias
2754 5735 2931 5791 fidem
2953 5752 3022 5790 ex
3042 5737 3572 5808 pseudepigrapbis
3602 5735 3750 5805 peti-

2105 5810 2264 5874 tam;
2298 5811 2423 5862 tum
2449 5812 2691 5878 propter
2731 5807 3059 5877 variantes,
3078 5807 3234 5876 apud
3262 5807 3362 5862 eos
3392 5807 3492 5876 qui
3523 5807 3745 5862 factum
