4132 6266
1377 347 1860 413 GATECHESIS
1901 346 2006 412 Vl.
2045 345 2158 408 DE
2197 351 2360 412 ΙΙΝο
2403 351 2583 416 ΒΕΟ.

3583 349 3716 420 ⁸60.

278 477 454 542 Οὗτος
481 473 652 532 πάλιν
703 481 784 548 (1)
838 475 1021 547 ἄλλης
1071 477 1266 541 κακίας
1317 479 1540 555 εὑρετὴς
1593 477 1936 554 δευτέρως,ὁ

2055 483 2209 538 Novo
2235 485 2611 542 Testamento
2633 484 2859 541 Veteris
2879 483 3240 540 testimoniis
3265 487 3708 557 coargueretur,

278 565 558 640 Μαρκίων.
587 567 716 620 Ὑπὸ
742 567 844 642 γὰρ
898 570 1004 622 τῶν
1065 570 1331 641 κειμένων
1391 569 1498 624 ἀπὸ
1546 576 1644 639 τῆς
1697 568 1942 631 Παλαιᾶς

274 656 328 710 έν
362 655 431 730 τῇ
467 660 636 730 Καινῇ
669 657 913 730 Διαθιςκῃ
970 656 1282 733 μαρτυριῶν
1344 657 1734 736 ἐλεγχόμενος,
1785 662 1942 735 πρῶ-

273 767 370 807 τος
412 744 720 818 ἐτόλμησεν
783 744 1008 819 ἐκκόψαι
1065 746 1160 809 τὰς
1226 748 1549 824 μαρτυρίας,
1607 749 1697 803 καὶ
1759 749 1940 824 ἀμάρ-

273 855 438 908 τυρον
471 833 682 908 ἀφεῖναι
743 835 836 889 τὸν
895 835 1411 912 καταγγελλόμενον
1464 838 1629 914 λόγον
1685 845 1788 907 τῆς
1845 837 1940 891 πί-

279 943 472 992 στεως,
517 921 855 998 καταλείψας
912 925 1005 979 τὸν
1057 925 1186 980 Θεόν
1243 929 1339 1000 (2)'
1400 927 1490 981 καὶ
1551 927 1626 989 ὡς
1683 923 1938 1002 κηρύκων

283 1015 362 1088 μὴ
397 1009 600 1084 ὄντων,
635 1014 833 1090 σαθρὰν
880 1013 1122 1086 ἠθέλησε
1169 1017 1502 1087 ποιήσασθαι
1550 1022 1654 1087 τῆς
1704 1014 1942 1086 Ἐκκλη-

281 1102 403 1165 σίας
434 1103 534 1173 τὴν
568 1101 773 1160 πίστιν.

353 1193 450 1250 ΙΖ“.
487 1190 773 1262 Διεδέξατο
801 1196 994 1248 τοῦτον
1029 1193 1193 1249 πάλιν
1223 1192 1421 1267 ἄλλος,
1453 1192 1940 1266 Βασιλείδης,δυσ-

282 1283 526 1355 ώνυμος,
559 1279 870 1345 δεινότατος
929 1283 1019 1337 τὸν
1075 1283 1278 1358 τρόπον
1333 1288 1430 1358 (3),
1483 1283 1764 1359 ἀσελγείας
1811 1305 1942 1340 κατ-

281 1371 598 1448 αγγέλλων.
663 1371 1078 1446 Ἐπηγωνίσατο
1135 1378 1204 1448 τῇ
1272 1376 1435 1446 κακίᾳ
1491 1375 1580 1430 καὶ
1628 1376 1656 1429 ὁ
1709 1373 1939 1432 Οὐαλενο

279 1466 437 1525 τῖνος
503 1465 606 1535 (4),
663 1463 959 1537 τριάκοντα
1010 1460 1146 1527 θεῶν
1201 1463 1592 1539 καταγγελεὺς.
1669 1461 1937 1532 Έλληνες

277 1549 508 1628 ὀλίγους
539 1545 815 1624 λέγουσιν·
847 1552 939 1606 καὶ
971 1552 998 1606 ὁ
1033 1551 1472 1626 ὀνομαζόμενος,
1509 1551 1724 1627 μᾶλλον
1755 1550 1812 1607 δὲ
1842 1551 1940 1607 οὐκ

281 1637 355 1694 ὢν
420 1640 772 1710 Χριστιανὸς,
835 1640 912 1702 εἰς
969 1641 1260 1715 τριάκοντα
1316 1640 1482 1704 ὅλους
1567 1640 1786 1713 ἐξέτεινε
1837 1642 1938 1711 τήν

282 1726 503 1798 πλάνην
538 1728 641 1790 Καί
689 1750 877 1805 φησιν,
936 1729 1019 1784 ’ὁτι
1082 1732 1110 1785 ὁ
1164 1731 1333 1792 Βυθὸς
1378 1732 1590 1805 (πρέπει
1637 1732 1739 1808 γὰρ
1797 1729 1941 1802 αὐτῷ

2050 573 2276 644 primus
2299 593 2480 632 ausus
2504 583 2594 633 est
2615 594 2684 632 ea
2705 576 3048 632 testimonia
3066 591 3334 631 resecare
3355 576 3368 609 ³
3390 593 3404 642 ;
3429 574 3704 645 atqueita

2050 667 2469 721 annuntiatum
2493 666 2629 722 fidei
2646 682 2984 721 sermonem
3000 665 3340 720 testimonio
3365 663 3700 735 despoliare

2050 753 2334 811 derelicto
2362 759 2528 829 prius
2555 759 2705 824 Deo;
2731 763 2790 812 et
2809 756 2979 828 quasi
3013 755 3262 811 sublatis
3291 754 3693 826 praconibus,

2049 841 2348 901 infirmam
2381 851 2558 918 atque
2610 846 2895 903 caducam
2954 845 3139 900 voluit
3186 841 3463 898 Ecclesiae
3513 840 3692 898 ﬁdem

2049 931 2306 991 efﬁcere.

2119 1201 2287 1257 XVII.
2321 1201 2489 1256 Hunc
2547 1201 2701 1256 alius
2760 1201 2978 1256 iterum
3027 1198 3260 1270 excepit
3286 1197 3332 1268 ’,
3381 1196 3693 1267 Basilides,

2048 1289 2402 1360 inauspicati
2435 1290 2719 1357 nominis,
2748 1289 3015 1344 moribus
3046 1286 3698 1360 vaferrimus,impudi-

2047 1379 2199 1435 citiaa
2221 1397 2414 1452 praeco
2449 1380 2546 1452 (5).
2576 1381 2840 1435 Accessit
2869 1379 3022 1435 alius
3049 1379 3291 1434 malitias
3315 1377 3554 1450 adjutor
3583 1379 3698 1432 Va-

2046 1469 2332 1538 lentinus,
2375 1469 2616 1542 triginta
2641 1469 2890 1524 deorum
2943 1473 3221 1524 assertor.
3257 1467 3520 1522 Gentiles
3550 1482 3699 1538 pau-

2047 1557 2237 1614 ciores
2269 1564 2629 1614 numerant:
2663 1559 2761 1613 hic
2791 1575 2927 1614 vero
2959 1557 3059 1628 qui
3091 1555 3422 1624 dicebatur,
3455 1571 3561 1612 seu
3591 1571 3696 1628 po-

2047 1647 2164 1702 tius
2194 1663 2314 1702 non
2347 1652 2475 1703 erat
2504 1646 2898 1713 Christianus,
2931 1660 3193 1700 errorem
3250 1659 3438 1714 usque
3487 1642 3561 1698 ad
3589 1642 3694 1698 tri-

2046 1736 2208 1808 ginta
2237 1737 2518 1808 provexit.
2544 1736 2806 1808 Ejusque
2829 1734 3128 1789 sententia
3149 1737 3258 1801 est,
3284 1731 3442 1804 quod
3471 1731 3694 1803 Bythus

281 1813 400 1873 ὅντι
438 1818 591 1892 βυθῷ
622 1822 724 1884 τῆς
754 1817 962 1890 κακίας,
995 1817 1053 1872 ἐκ
1088 1819 1258 1894 βυθοῦ
1287 1825 1386 1889 τῆς
1447 1817 1802 1882 διδασκαλίας
1832 1820 1936 1894 ἁρ-

2048 1825 2177 1896 [seu
2209 1824 2606 1897 profunditas]
2639 1823 2912 1896 (decebat
2940 1838 3076 1878 vero
3110 1837 3246 1876 eum
3299 1820 3400 1892 qui
3449 1818 3692 1876 malitia

279 1909 501 1984 χεσθαι)
528 1905 784 1984 ἐγέννησε
833 1909 1033 1982 Σιγήν,
1091 1908 1183 1963 καὶ
1235 1909 1341 1964 ἀπὸ
1389 1915 1489 1980 τῆς
1538 1916 1713 1987 Σιγῆς
1759 1907 1938 1965 ἐτεκνο

355 2055 374 2092 ι
413 2054 544 2111 Vid.
579 2060 689 2112 cat.
725 2056 812 2122 16,
844 2071 901 2110 η.
936 2059 988 2111 7.
1067 2055 1088 2090 ²
1133 2057 1258 2110 Vid.
1291 2072 1413 2126 sup.
1447 2073 1505 2112 η.
1539 2057 1628 2112 12.

280 2199 464 2274 hujus
496 2205 608 2256 cat.
651 2200 836 2274 n._3§,
870 2201 1105 2256 tametsi
1124 2201 1316 2274 aliter
1347 2200 1409 2257 in
1459 2201 1737 2274 quibusd.
1793 2219 1938 2259 mss.

283 2271 538 2348 legatur.
576 2276 638 2327 In
669 2271 935 2348 cditis_et
987 2273 1161 2348 Grod.
1215 2271 1753 2348 Ιιειδθιιιιίᾲγαθούς
1803 2280 1941 2330 ante

283 2341 586 2418 πονηρούς,
620 2343 920 2418 quomodo
952 2343 1224 2418 vulgatus
1255 2341 1708 2418 Evangelio'rum
1740 2347 1938 2418 inter-

282 2432 423 2499 pres
449 2414 685 2499 videtur
713 2414 966 2499 legisse...
989 2414 1172 2470 Porro
1204 2417 1363 2499 hunc
1383 2495 1390 2499 _
1412 2414 1687 2499 eumdem
1743 2417 1941 2499 locum

283 2487 540 2542 inferius
571 2487 763 2559 citans
790 2487 1066 2559 Cyrillus,
1101 2487 1278 2559 verba
1311 2489 1644 2559 utriusque
1687 2489 1939 2543 membri

284 2563 616 2646 commutat
644 2554 850 2646 legpns
881 2554 1042 2624 ἥλιον
1069 2558 1242 2646 αὐτοῦ
1298 2554 1612 2646 ἀνατέλλει,
1665 2567 1801 2614 ante
1851 2559 1938 2646 ἐπὶ

291 2626 543 2687 δικαίους
577 2627 663 2680 καὶ
696 2625 933 2692 ἇδικους,
968 2637 1026 2684 et
1068 2625 1278 2704 βρέχει,
1332 2637 1467 2686 ante
1528 2629 1614 2685 ἐπὶ
1665 2629 1938 2704 πονηροὺς

288 2715 381 2772 καὶ
410 2714 662 2789 ἀγαθούς.

360 2789 438 2858 (1)
458 2786 643 2849 Ὀὗτος
673 2786 860 2859 πάλιν,
905 2796 1016 2846 etc.
1049 2792 1209 2846 Inter
1238 2792 1354 2846 duo
1385 2791 1510 2846 huic
1550 2792 1726 2847 verba
1757 2793 1941 2847 inter-

284 2861 543 2934 positam
575 2861 924 2934 particulam
955 2861 1058 2934 γάρ
1091 2864 1403 2924 erasimus,
1439 2881 1508 2918 ex
1540 2863 1710 2920 codd.
1735 2865 1937 2934 Coisl.,

286 2932 512 3008 οιιοδε,
542 2934 682 3008 Roe,
713 2932 986 3008 Casaub.,
1021 2935 1193 2990 Grod.
1227 2956 1240 3000 ;
1275 2935 1416 3008 item
1448 2942 1507 2990 et
1534 2936 1788 2991 alterum
1836 2932 1936 3008 γάρ

283 3010 422 3078 post
451 2998 712 3078 δευτέρῳς
746 2998 1038 3078 positum:
1073 3023 1140 3060 ac
1200 2998 1430 3062 sublato
1490 3013 1728 3078 puncto,
1782 2998 1939 3061 inter

285 3071 512 3148 εὑρετής
545 3071 897 3148 θι’δευσξέρως
944 3077 1190 3140 inserto,
1254 3095 1352 3134 eas
1401 3071 1570 3134 voces
1623 3079 1933 3148 conjunxi-

284 3164 421 3203 mns
452 3164 585 3221 qua;
615 3147 775 3221 velut
801 3150 1143 3221 parenthesi
1176 3155 1461 3220 separatae
1494 3147 1937 3221 erant,scripsie

2048 1915 2411 1986 profundum
2431 1915 2533 1971 98
2559 1919 2704 1984 erat,
2729 1919 2854 1970 uta
2881 1911 3174 1986 profundo
3205 1911 3442 1969 initium
3472 1909 3693 1968 doctri-

2050 2219 2307 2277 Dubium
2336 2235 2472 2275 vero
2505 2224 2596 2275 est
2622 2234 2766 2274 num
2808 2217 3208 2274 Valentiniani
3256 2221 3345 2272 tot
3382 2216 3694 2274 distinctas

2050 2309 2356 2365 personas,
2377 2297 2536 2365 quot
2556 2293 2772 2346 Eonas
2820 2291 3147 2365 fingerent:
3203 2305 3342 2346 nam
3370 2289 3454 2365 _in
3503 2289 3699 2360 prima

2051 2360 2260 2420 saltem
2283 2360 2568 2434 ogdoade,
2602 2365 2816 2417 Aionas
2837 2360 3089 2417 feminas
3107 2380 3141 2417 a
3162 2360 3444 2434 masculis
3464 2365 3695 2434 tantum

2048 2436 2209 2490 velut
2229 2431 2602 2506 affectionem
2625 2450 2693 2489 ac
2713 2434 3136 2506 proprietatem
3155 2450 3190 2489 a
3221 2450 3283 2488 re
3306 2433 3574 2506 subjecta
3597 2431 3692 2506 _di-

2053 2507 2330 2563 stinxisse
2358 2505 2648 2560 videntur.
2699 2503 2845 2560 Cum
2895 2510 3094 2560 tanien
3143 2503 3696 2576 conjugii‘nomina

2051 2579 2311 2634 diversas
2323 2579 2643 2649 conjugum
2658 2593 2941 2648 personas
2954 2579 3146 2648 primo
3167 2574 3487 2649 conspectu
3504 2574 3692 2629 menti

2051 2647 2445 2715 substituant:
2463 2647 2629 2703 nulla
2647 2647 3078 2703 Valentinianis
3098 2648 3277 2703 fiebat
3297 2647 3537 2719 injuria,
3553 2661 3691 2700 cum

2047 2722 2286 2793 triginta
2302 2721 2555 2793 deorum,
2571 2720 2722 2793 ipsis
2745 2719 3016 2775 doctrina
3041 2719 3435 2793 tribuebatur.
3465 2719 3688 2793 Notan-

2049 2789 2189 2848 dum
2213 2811 2386 2863 porro
2405 2789 2688 2863 Cyrillum
2706 2793 2766 2845 in
2781 2791 3166 2862 sequentibus
3183 2805 3563 2863 communem
3577 2789 3692 2863 Va-

2046 2859 2516 2920 lentinianoru'm
2546 2859 2920 2934 hypothesim
2943 2860 3351 2934 recensere,in
3374 2876 3490 2932 qua
3503 2859 3692 2934 multa

2047 2942 2269 3008 peccat.
2318 2941 2382 2988 ut
2403 2932 2706 2997 dicemus;
2739 2950 2860 2988 non
2906 2933 3268 3004 singularem
3299 2939 3358 2987 et
3380 2932 3689 3058 propriam

2047 3007 2363 3058 Valentini.
2397 3021 2575 3058 uuam
2609 3011 3037 3058 commemorat
3069 3006 3323 3058 lrenmus
3353 3003 3393 3058 li
3443 3046 3454 3057 .
3489 3020 3526 3058 ι.
3559 3019 3689 3058 can.

2047 3003 2363 3074 Valentini,
2397 3021 2575 3075 quam
2609 3003 3037 3059 commemorat
3069 3006 3323 3058 lrenmus
3353 3003 3454 3058 lib.
3489 3020 3526 3071 ι,
3559 3019 3689 3075 cap.

2048 3083 2134 3144 11,
2168 3096 2206 3132 ιι
2266 3083 2313 3141 1,
2349 3074 2624 3131 nonnihil
2655 3075 2948 3130 diversam
2980 3090 3014 3130 a
3043 3075 3344 3130 communi
3375 3090 3554 3146 quam
3584 3074 3690 3129 de-

2047 3150 2251 3206 scribit
2283 3149 2439 3203 idem
2471 3164 2598 3219 cap.
2636 3151 2657 3200 1
2695 3153 2754 3202 et
2783 3163 2906 3217 seq.

285 3213 542 3300 musque
562 3213 825 3307 δευτέροις
858 3213 1259 3307 ξοοοεδιῦξεροξ
1285 3238 1354 3276 ex
1398 3223 1757 3307 conjectura.
1785 3213 1934 3287 Quid

2049 3293 2061 3307 ‘
2116 3224 2190 3291 (5)
2221 3213 2779 3307 l'iunc'alius'iter‘upt
2827 3213 3089 3307 eicepitz'
3123 3219 3410 3307 Basilides,
3442 3223 3575 3307 "etc:
3611 3219 3691 3307 ρο

286 3290 453 3362 enim
485 3291 780 3362 significat
831 3291 1057 3361 εὑρετὴς
1108 3290 1377 3362 δεύτερος,
1429 3290 1694 3348 secundus
1744 3296 1930 3348 inven-

282 3361 684 3436 tor?c_um__in
741 3362 834 3436 his
868 3363 1041 3436 “ipsis
1089 3361 1280 3418 verbis
1338 3381 1534 3436 pugna
1593 3365 1707 3429 sit;
1758 3371 1936 3436 atque

277 3433 532 3506 aliunde
559 3433 722 3506 dicat
750 3433 1003 3505 Cyrillus
1041 3433 1397 3490 Marcionem
1426 3433 1689 3506 primum
1723 3433 1934 3491 ausum

281 3522 417 3580 esse
448 3504 612 3580 idde
644 3522 758 3580 qu_o
791 3503 951 3580 nunc
983 3507 1290 3580 queritur,
1320 3503 1444 3561 nisi
1467 3503 1713 3580 δεύτερος
1776 3507 1934 3580 idem

278 3577 443 3632 valet
468 3576 565 3631 hic
595 3573 680 3631 ad
714 3573 1017 3651 δευτέρης
1053 3577 1223 3651 quod
1267 3577 1416 3633 forte
1476 3573 1788 3651 legendum
1836 3579 1930 3634 sit.

285 3651 412 3704 vox
438 3665 680 3722 ςιιιοοιιιθ
712 3644 975 3722 δευτέῥῳς
1003 3644 1106 3704 aut
1137 3646 1387 3716 δεύτερος
1445 3644 1778 3721 signiﬁcare
1817 3668 1932 3722 po-

285 3725 404 3777 test
434 3719 594 3775 idem
629 3737 695 3775 ac
719 3720 994 3790 posterius
1025 3728 1126 3775 aut
1148 3723 1424 3790 posterior
1475 3719 1736 3790 tempore.
1789 3719 1934 3776 Nam

285 3807 492 3848 revera
523 3791 779 3846 Marcion
812 3808 945 3847 cum
978 3793 1274 3846 haereticis
1334 3810 1511 3863 supra
1562 3791 1756 3858 dictis,
1807 3797 1931 3848 tum

283 3863 559 3990 Cterdonc;
588 3863 868 3989 magistro
899 3864 1038 3919 boni
1069 3881 1137 3919 ac
1158 3863 1305 3936 justi
1336 3864 1436 3918 Dei
1467 3865 1773 3919 inventore
1825 3881 1933 3935 po-

287 3953 312 3990 s
345 3952 505 3990 erior
558 3951 616 3988 ιιι
651 3976 664 3988 .

287 3935 505 3991 sterior
533 3935 664 3990 fuit.

351 4008 428 4076 (2i
468 4003 808 4076 Καταλείψας
857 4003 948 4057 τὸν
1009 4001 1160 4058 Θεόν.
1219 4007 1761 4062 Przetermittuntur
1805 4006 1931 4062 haec

280 4078 461 4134 verba
486 4079 549 4133 in
582 4077 751 4133 codd.
786 4078 906 4130 Roe
935 4083 992 4132 et
1021 4077 1269 4132 Casaub.

357 4151 434 4220 (3)
469 4148 784 4220 Astvé‘tnoc
837 4147 928 4200 τὸν
988 4146 1214 4219 τρόπον,
1260 4156 1385 4220 etc.
1447 4152 1511 4204 In
1559 4149 1689 4205 cod.
1735 4148 1928 4204 Ottoh.

289 4216 464 4277 voces
493 4219 586 4273 τὸν
615 4217 816 4291 τρόπον
851 4224 985 4293 post
1023 4216 1409 4293 καταγγέλλων
1467 4228 1785 4292 penuntur.
1837 4221 1932 4275 ld-

292 4311 407 4366 que
442 4290 680 4366 secutus
710 4296 800 4344 est
820 4290 987 4366 Grod.
1009 4309 1022 4357 ;
1045 4290 1430 4366 quamobrem
1457 4290 1536 4346 ita
1558 4294 1704 4347 forte
1732 4293 1930 4363 legen-

291 4357 458 4430 dum,
485 4361 810 4425 δεινότατος,
840 4362 930 4416 τὸν
962 4357 1164 4433 τρόᾶτον
1199 4359 1348 4416 ασελ.
1381 4382 1524 4428 κατ,
1584 4357 1929 4433 vaferriinus,

290 4437 664 4508 impudicitiae
691 4436 910 4508 modum
930 4434 1290 4508 annuntians.
1321 4436 1478 4508 Hanc
1500 4435 1731 4508 legendi
1759 4436 1934 4508 ratio—

283 4505 426 4566 nein
449 4507 776 4564 excludunt
795 4506 965 4576 codd.
993 4508 1112 4576 Roe
1137 4511 1195 4559 et
1215 4505 1488 4573 Casaub.,
1513 4505 1819 4576 iuiquibus
1847 4507 1929 4560 le-

277 4583 444 4655 gitur
475 4587 609 4655 post
636 4578 863 4655 τρόττον,
896 4575 955 4655 ξς
988 4575 1272 4655 ἀσελγείας
1305 4574 1713 4655 καταγγέλλίυν.

359 4598 444 4636 ιιιι·
475 4598 609 4653 ροει
636 4599 666 4632 τ
707 4598 863 4643 οπον,
896 4598 955 4637 ος
988 4598 1272 4649 ασεΛγειας
1305 4598 1713 4648 καταγγεΛΛων.

359 4656 434 4722 καί)
460 4651 556 4705 Καὶ
588 4651 617 4705 ὁ
648 4598 1037 4707 (ςῦαλεντῖνος.
1071 4649 1565 4722 coniunctionem
1582 4647 1672 4701 καί
1703 4647 1930 4722 addidi-

281 4719 424 4782 mus
446 4741 515 4779 ex
536 4724 708 4778 codd.
733 4721 935 4788 Coisl.,
959 4721 1177 4785 Ottob.,
1203 4721 1620 4786 Roe,Casaub..
1645 4719 1936 4782 Grod.,ar-

285 4797 543 4852 ticulum
555 4812 690 4850 vero
705 4809 775 4848 ex
789 4791 1138 4857 Coisl.Quod
1157 4792 1528 4863 Valentinum
1543 4793 1654 4847 dici
1666 4798 1686 4845 t
1697 4792 1938 4863 triginta

283 4868 539 4924 deorum
559 4881 918 4940 praeconem.
950 4864 1110 4940 idem
1140 4862 1308 4940 aiunt
1323 4865 1720 4940 Tertullianus
1741 4862 1934 4918 adver-

285 4956 376 4996 sus
417 4935 855 4998 Valeiztinianos,
889 4951 1016 5006 cap.
1053 4937 1082 4988 8
1109 4935 1526 5007 ;Epiphanius,
1558 4937 1750 4993 haeres.
1777 4951 1932 4998 xxxi,

286 5029 348 5067 ιι.
383 5015 455 5076 2;
489 5011 859 5073 Ambrosius,
893 5010 1048 5074 epist.
1089 5007 1176 5072 40,
1209 5023 1266 5060 ιι.
1321 5009 1407 5069 16,
1459 5007 1628 5075 cujus
1672 5008 1797 5062 hazc
1848 5009 1939 5060 est

286 5083 505 5139 similis
525 5082 859 5154 Cyrillianaa
883 5077 1215 5154 sententia:
1236 5079 1384 5154 Licet
1404 5079 1632 5154 gentiles
1649 5077 1936 5154 duodecim

288 5156 416 5209 deos
442 5149 763 5226 appellent;
792 5153 891 5207 isti
942 5149 1384 5226 (Valentiniani)
1418 5151 1653 5226 triginta
1699 5157 1749 5204 et
1799 5153 1938 5226 duos

289 5220 493 5282 Bonas
519 5220 706 5282 colunt
735 5239 868 5294 quos
900 5220 1184 5292 appellant
1243 5222 1385 5275 deos.
1441 5222 1696 5294 Uterque
1748 5220 1936 5294 genti-

294 5297 444 5353 lium
476 5297 619 5354 deos
652 5291 772 5361 ΧΠ,
807 5310 954 5364 quos
988 5294 1280 5364 majorum
1311 5293 1576 5363 gentium
1610 5291 1937 5362 appellant,

294 5368 661 5426 intellexisse
692 5363 1077 5422 mstiinandus
1110 5369 1236 5428 est;
1265 5380 1398 5418 cum
1449 5367 1849 5419 Romanorum
1883 5367 1942 5416 et

293 5441 630 5497 Grecorum
660 5439 742 5494 dii
777 5435 1161 5493 tricenarium
1194 5451 1509 5490 numerum
1542 5436 1712 5502 longe
1771 5450 1937 5490 exce-

292 5510 522 5569 derent.
554 5513 764 5568 Plures
789 5514 988 5565 autem
1022 5506 1420 5561 Valentiniani
1472 5523 1646 5577 quam
1703 5507 1942 5576 triginta

288 5583 499 5642 Eones
531 5585 594 5639 in
632 5582 964 5637 Pleromate
996 5579 1394 5634 numerabant
1421 5595 1434 5632 :
1460 5578 1757 5634 addebant
1781 5578 1941 5632 enim

292 5654 436 5713 alios
460 5653 1040 5728 quatuor_,Christum
1057 5656 1114 5728 et
1130 5651 1414 5720 Spiritum
1429 5651 1941 5728 sa_nct_1_1_m,Jesum

293 5731 348 5780 et
372 5721 592 5784 Horon.
617 5725 731 5780 Sed
755 5741 856 5779 eos
880 5721 1036 5777 solos
1059 5721 1154 5776 hic
1179 5728 1452 5776 recenset
1481 5721 1759 5793 Cyrillus,
1793 5737 1942 5790 quos

295 5812 362 5874 ex
384 5801 584 5874 prima
613 5795 946 5874 prolatione
973 5793 1436 5874 ortosaiebant:
1470 5792 1724 5874 quorum
1745 5792 1942 5874 histo-

296 5863 444 5929 riam
475 5863 732 5928 absolvit
777 5867 1058 5933 lrenmus,
1109 5863 1216 5920 lib.
1249 5881 1286 5934 ι,
1322 5880 1449 5936 cap.
1485 5863 1536 5935 1,
1567 5881 1630 5919 ιι.
1665 5866 1715 5936 1,
1743 5867 1776 5918 2
1805 5867 1864 5919 et
1888 5865 1941 5920 3.

2021 3348 2023 3351 .
2049 3289 2362 3362 hocplura
2393 3292 2650 3346 lrenaaus
2683 3290 2785 3344 lib.
2816 3307 2851 3353 ι,
2877 3306 3003 3361 cap.
3030 3292 3118 3362 24,
3146 3305 3310 3362 num,
3342 3294 3410 3356 3;
3442 3289 3687 3348 Tertull.

2041 3361 2304 3434 Append.
2333 3365 2646 3432 Praescript.
2677 3378 2804 3432 cap.
2830 3364 2896 3416 46
2919 3379 2932 3427 ;
2953 3361 3270 3434 Epiphan
3289 3361 3500 3434 haeres.
3526 3378 3688 3429 xxiv;

2041 3433 2415 3502 Philastrius,
2440 3435 2649 3489 haeres.
2677 3452 2729 3488 ιν
2748 3433 3022 3488 secundm
3044 3433 3166 3488 clas
3185 3483 3188 3485 λ
3209 3433 3372 3498 Quod
3387 3450 3522 3488 eum
3539 3436 3692 3488 Mar-

2041 3507 2196 3562 cioni
2228 3507 2583 3562 successisse
2615 3505 2698 3558 ait
2727 3504 3002 3575 Cyrillus,
3031 3504 3181 3558 nihil
3214 3504 3374 3559 aliud
3424 3505 3574 3560 forte
3607 3504 3687 3559 si-

2077 3579 2300 3641 nificat,
2336 3578 2447 3632 nisi
2477 3582 2691 3647 praeter
2720 3576 3095 3637 Marcionem,
3131 3575 3309 3647 etiam
3331 3646 3334 3647 ν
3358 3577 3681 3632 Basilidem

2058 3646 2317 3704 Ecclesiae
2347 3646 2662 3702 exitiosum
2693 3648 2893 3701 fuisse.
2929 3649 3070 3701 Nam
3105 3646 3153 3700 si
3188 3646 3505 3703 Basilidem
3531 3650 3684 3703 Mar-

2038 3722 2207 3776 cione
2226 3720 2615 3790 posteriorem
2641 3719 2807 3790 facit,
2824 3734 3034 3788 parum
3056 3725 3328 3773 accurate
3345 3723 3681 3789 temporum

2037 3789 2327 3847 rationem
2369 3796 2608 3845 secutus
2664 3789 2858 3843 fuerit.
2894 3789 3147 3843 Tametsi
3198 3789 3357 3844 enim
3405 3790 3680 3844 Clemens

2037 3863 2495 3944 Alexandrinus,
2519 3860 2976 3942 Stromatumlib.
3007 3877 3104 3927 vn,
3136 3875 3266 3985 pag.
3301 3863 3424 3924 764,
3478 3860 3682 3942 Basili-

2039 3936 2195 3985 dem.
2234 3935 2609 3985 Valentinum
2634 3938 2692 3985 et
2739 3934 3094 3985 Marcionem
3138 3947 3208 3985 ea
3255 3948 3347 3985 em
3395 3936 3566 3985 aetate
3596 3949 3681 3985 v1-

2039 3936 2195 4001 dem,
2234 3935 2609 3990 Valentinum
2634 3938 2692 3987 et
2739 3933 3094 3987 Marcionem
3138 3931 3347 3986 eadem
3395 3936 3566 3986 aetate
3596 3931 3681 3986 vi-

2037 4008 2278 4090 guisse”
2306 4006 2780 4086 Marcionemque
2812 4021 2946 4058 cum
2972 4004 3068 4090 iis,
3106 4002 3280 4090 quasi.
3308 4018 3681 4090 senem‘cum

2029 4073 2373 4150 junioribus
2386 4077 2596 4150 vixisse
2613 4073 3059 4150 commemoret,
3077 4090 3144 4129 ac
3157 4073 3507 4150 Philastrius
3519 4075 3684 4130 haere-

2036 4143 2494 4206 sixvusecundae
2508 4149 2679 4202 class.
2715 4147 2872 4202 dicat
2891 4146 3242 4201 Marcionem
3278 4143 3568 4200 devictum
3592 4150 3684 4200 at-

2037 4239 2152 4292 que
2167 4221 2426 4291 fugatum
2441 4236 2474 4274 a
2488 4221 2524 4274 Β
2553 4221 2778 4275 ,1ριιιιιθ
2797 4218 3151 4292 evangelista
3162 4235 3229 4274 ac
3243 4216 3601 4292 presbyteris
3613 4216 3686 4273 de

2037 4289 2270 4348 civitate
2295 4292 2505 4362 Ephesi
2535 4293 2780 4346 Romam
2823 4289 3098 4344 hmresim
3131 4289 3562 4345 seminaturum
3588 4305 3684 4344 ve-

2038 4365 2197 4443 nisse
2217 4363 2410 4443 ._id_ad
2430 4362 2857 4443 sublevandum
2884 4362 3082 4443 eriili
3100 4377 3360 4443 errorem
3379 4368 3686 4443 utcunque

2036 4436 2289 4491 valeret:
2312 4433 2471 4489 haud
2496 4440 2691 4489 tamen
2713 4439 2779 4487 ut
2811 4433 3126 4488 Basilidem
3160 4433 3452 4488 Marciane
3477 4433 3686 4503 junio-

2038 4525 2164 4564 rem
2191 4507 2524 4572 credamus,
2574 4505 2913 4576 persuadet.
2947 4511 3155 4559 contra
3205 4503 3530 4559 induritata
3567 4503 3688 4576 alia

1962 4585 2008 4648 D
2040 4578 2302 4634 historiae
2335 4573 2739 4632 monumenta.
2774 4593 2926 4646 qum,
2959 4581 3025 4630 ut
3067 4576 3126 4648 in
3158 4581 3481 4648 reiaperta.
3533 4573 3684 4648 nihil

2045 4652 2157 4706 hoc
2184 4651 2311 4705 loco
2338 4649 2638 4705 inculcare
2671 4645 2912 4703 necesse
2945 4652 3035 4702 est
3085 4647 3250 4710 Quod
3277 4652 3475 4701 autem
3502 4645 3683 4701 mori-

2046 4723 2156 4777 bus
2173 4721 2572 4776 vaferrimusa
2584 4720 2802 4790 Cyrillo
2816 4717 3034 4790 dicitur
3049 4714 3682 4790 Basilides.78uv6tatov

2044 4793 2133 4847 τὸν
2161 4793 2389 4866 τρόπον,
2408 4788 2707 4866 εἰςιιῇίὶοειι
2734 4806 2866 4866 meo
2890 4788 3118 4866 judicio
3159 4789 3547 4844 artificiosum
3577 4790 3688 4866 lio-3

2044 4858 2288 4930 minem,
2319 4858 2564 4919 fallendi
2595 4879 2664 4918 ac
2723 4858 3066 4932 seducendi.
3113 4875 3332 4932 eosque
3376 4878 3525 4932 quos
3573 4859 3686 4916 sibi

2046 4937 2399 5008 adjunxerat
2420 4932 2739 5008 retinendi,
2770 4931 3334 5008 peritissimum._‘Ad
3355 4931 3474 5008 hoc
3499 4932 3687 4988 magis

2046 5002 2140 5063 me
2161 5011 2500 5078 comparata
2522 5010 2652 5060 erat
2671 5005 2800 5078 ejus
2826 5002 3160 5078 disciplina.
3183 5004 3332 5078 Nam
3355 5005 3579 5078 Irenaeo
3609 5010 3689 5060 te-

2047 5084 2156 5144 ste,
2190 5075 2360 5138 libfi.
2395 5095 2502 5148 cap
2557 5079 2644 5135 24,
2677 5091 2738 5129 ιι.
2774 5077 2804 5128 5
2862 5079 2924 5128 et
2967 5076 2998 5149 ti
3045 5075 3255 5149 magia,
3305 5076 3686 5149 imaginibus,

2047 5144 2552 5205 incantationibus
2583 5149 2709 5218 ipse
2741 5162 2876 5218 cum
2908 5144 3031 5201 suis
3051 5144 3347 5218 utebatur.
3373 5144 3692 5204 Efudiebat

2049 5239 2149 5300 eos
2205 5229 2269 5275 ut
2295 5237 2510 5300 omnes
2541 5217 2714 5300 notos
2740 5217 3046 5300 haberent,
3082 5217 3192 5300 ipsi
3216 5218 3689 5300 lat_er_ent_omni-

2049 5293 2158 5348 bus
2184 5309 2196 5346 :
2231 5294 2409 5347 etiam
2440 5290 2703 5363 perjnrio
2734 5289 3124 5363 etghristiani
3147 5291 3406 5363 nominis
3435 5292 3690 5362 abnega-

2051 5365 2232 5429 tione,
2258 5381 2389 5418 cum
2409 5359 2728 5433 oporteret,
2759 5359 3041 5433 adhibitis
3097 5362 3178 5414 Ex
3203 5362 3540 5418 Philastrio.
3575 5359 3691 5420 ἦξε·

2048 5438 2156 5491 resi
2188 5453 2238 5490 iv
2272 5431 2550 5490 secundas
2581 5433 2810 5493 classis,
2843 5431 3121 5488 omnibus
3180 5433 3334 5489 male
3377 5435 3604 5489 vivendi
3635 5440 3695 5490 et

2052 5508 2207 5562 vitiis
2239 5506 2620 5563 saecularibus
2653 5503 2982 5558 inhmrendi
3015 5503 3314 5560 licentiam
3336 5505 3549 5571 dabat;
3574 5506 3696 5561 ine-

2049 5585 2216 5649 ptum
2250 5595 2378 5634 esse
2402 5578 2606 5632 dicens
2627 5581 2696 5649 iet
2725 5575 2972 5631 stultum
3003 5577 3352 5649 martyrium
3384 5578 3524 5648 pati,
3579 5582 3689 5632 etc.

2050 5647 2131 5706 Ex
2152 5651 2335 5706 Clem.
2367 5651 2511 5705 Alex
2542 5695 2552 5712 ,
2580 5648 2680 5703 lib.
2703 5665 2762 5703 ιιι
2785 5649 2986 5703 Strom.
3011 5647 3170 5709 init;
3188 5647 3430 5718 propter
3449 5649 3694 5718 insitam

2051 5729 2109 5779 et
2127 5722 2463 5779 naturalem
2486 5720 2830 5792 sequacium
2858 5734 3101 5792 suorum
3131 5715 3692 5792 perfectionvm‘ni-

2050 5795 2136 5850 hil
2158 5813 2259 5852 eos
2281 5812 2311 5852 e
2336 5783 2640 5866 quibusvis
2661 5791 2918 5864 peccatis
2939 5789 3063 5844 vitii
3096 5783 3444 5844 contrahere
3475 5783 3690 5838 aiebat.
