4124 6260
396 331 520 392 588

1464 316 1527 377 S.
1576 317 1887 378 CYBILLI
1931 318 2348 382 HIEROSOL.
2394 321 2761 384 ARCHIEP.

3683 326 3803 385 584

398 465 502 525 sed
529 463 668 535 quia
688 457 990 533 pollicitus
1021 455 1296 522 salutem,
1325 452 1670 508 fefellisset:
1705 453 1795 506 vel
1821 452 2038 524 potius,

2156 451 2206 506 εἷ’
2232 451 2317 508 δεῖ
2343 453 2579 526 τάληθὲς
2609 453 2803 523 εἰπεῖν,
2833 449 2922 507 διὰ
2977 452 3041 508 τὸ
3072 456 3350 530 φονεῦσαι.
3381 452 3490 509 Τὸν
3521 452 3618 529 γὰρ
3662 452 3812 510 δυνά-

398 557 446 612 si
475 568 677 609 verum
709 548 873 619 loqui
902 545 1195 613 volumus,
1227 544 1367 614 quia
1390 541 1723 598 occidisset.
1759 542 1862 596 Hic
1882 541 2043 596 enim

398 645 540 701 dum
573 640 754 712 abigit
783 636 1067 698 medicos,
1103 651 1238 688 eum
1273 633 1373 704 qui
1398 631 1764 686 medicorum
1792 647 1900 701 ope
1924 646 2046 684 ser-

395 734 516 790 vari
551 722 1317 804 poterat,prmtermittenda
1339 720 1643 776 curatione
1675 719 1834 774 letho
1863 719 2045 774 dedit.

469 821 671 879 XXVI.
719 819 864 872 Cum
912 830 1046 869 vero
1107 813 1278 884 plura
1330 810 1402 867 de
1454 809 1695 864 homine
1771 825 2047 864 enarrem

397 912 576 977 mala,
652 905 1000 963 memineris
1057 903 1250 974 primo
1305 900 1742 970 blasphemiae:
1787 899 2046 953 secundo

399 999 697 1058 servitutis
717 999 857 1067 (non
889 993 1048 1065 quod
1079 991 1296 1046 servire
1340 989 1596 1045 dedecus
1629 989 1726 1052 sit,
1762 988 1863 1042 sed
1888 988 2047 1058 quod

399 1107 565 1148 servo
625 1087 962 1142 libertatem
1017 1083 1238 1154 fingere
1297 1087 1584 1151 pravum).
1622 1077 1814 1132 Tertio
1849 1077 2046 1132 inanis

401 1187 460 1236 et
481 1179 614 1234 falsi
647 1173 947 1248 promissi,
981 1175 1190 1242 quarto
1215 1169 1393 1224 credis
1434 1168 1623 1240 pueri,
1659 1168 1867 1238 quinto
1896 1166 2044 1221 infa-

400 1269 535 1326 mias
560 1265 835 1330 carceris,
887 1278 1080 1332 neque
1137 1260 1252 1330 ipsi
1298 1265 1527 1313 tantum
1576 1257 1792 1327 probro
1846 1272 2046 1311 carcer

398 1357 530 1420 fuit,
563 1370 769 1410 verum
803 1352 982 1407 etiam
1009 1367 1038 1404 e
1067 1364 1301 1404 carcere
1323 1346 1630 1418 fuga.Nam
1663 1346 1890 1417 aufugit
1921 1345 2042 1413 ille,

400 1446 501 1518 qui
535 1461 596 1500 se
627 1441 998 1498 Paracletum
1020 1443 1080 1492 et
1107 1436 1368 1491 veritatis
1417 1440 1924 1508 prOpugnatorum
1949 1435 2045 1506 ja-

400 1537 636 1593 ctabat:
671 1550 792 1588 non
815 1536 943 1586 erat
968 1545 1273 1585 successor
1329 1527 1484 1595 Jesu,
1542 1527 1644 1598 qui
1682 1531 1955 1598 prompto
1988 1530 2045 1580 et

399 1626 580 1682 alacri
611 1623 811 1678 animo
843 1621 917 1676 ad
948 1635 1182 1675 crucem
1215 1617 1468 1673 accessit
1500 1633 1513 1671 :
1546 1617 1656 1670 iste
1706 1616 1758 1670 ei
1815 1623 2044 1671 contra-

395 1717 520 1770 rius
549 1714 686 1785 fuga
716 1728 778 1766 se
809 1709 1120 1782 proripuit.
1155 1709 1299 1762 Tum
1359 1723 1462 1760 rex
1511 1708 1826 1760 Persarum
1886 1707 2042 1762 I94

2160 563 2318 615 μενον
2355 539 2443 597 διὰ
2500 547 2598 606 τῆς
2662 543 2908 616 ἰατρικῆς
2965 540 3279 615 ἐπιμελείας
3332 543 3595 612 σωθῆναι,
3651 544 3809 607 οὗτος

2153 631 2280 694 τοὺς
2334 632 2554 706 ἷάτροὺς
2611 634 2921 703 ἀποστήσας
2981 631 3254 708 ἐφόνευσε,
3285 635 3353 706 τῇ
3385 631 3617 705 ἀμελείᾳ
3648 645 3808 698 θανα-

2153 743 2353 778 τωσαε.

2227 813 2340 880 Κζ’.
2375 812 2543 885 Ἐμοῦ
2594 811 2652 867 δὲ
2702 811 2962 886 λὲγοντος
3015 811 3082 866 τὰ
3137 811 3259 885 περὶ
3301 809 3464 866 αὐτοῦ
3495 811 3808 884 πάμπολλα

2155 903 2310 967 κακὰ,
2353 906 2605 975 μέμνησο
2681 907 2897 978 πρῶτον
2952 905 3051 971 τήν
3111 901 3493 980 βλασφημίαν,
3551 901 3804 976 δεύτερον

2153 994 2252 1061 τὴν
2288 990 2538 1047 δουλείαν
2571 996 2667 1066 (4)·
2704 993 2810 1067 οὐχ
2841 991 2924 1047 δτι
2988 993 3223 1067 αἰσχύνη
3285 994 3319 1060 ἡ
3383 991 3626 1060 δουλεία,
3679 993 3805 1050 ἀλλ’

2155 1081 2237 1136 ὅτι
2294 1082 2356 1136 τὸ
2415 1079 2610 1136 δοῦλον
2661 1080 2809 1152 ὄντα,
2865 1081 3168 1157 ἐλευθερίαν
3219 1081 3570 1152 πλάττεσθαι,
3615 1084 3805 1142 κακόν.

2152 1172 2344 1246 Τρίτον
2375 1171 2438 1226 τὸ
2464 1169 2660 1245 ψεῦδος
2715 1179 2814 1241 τῆς
2861 1170 3204 1247 ἐπαγγελίας,
3260 1193 3349 1226 και
3393 1173 3650 1246 τέταρτον
3712 1178 3809 1228 τοῦ

2152 1258 2348 1322 παιδὸς
2379 1261 2470 1314 τὸν
2493 1261 2677 1334 φόνον,
2709 1260 2799 1315 καὶ
2831 1263 3078 1334 πέμπτον
3111 1261 3212 1327 τὴν
3243 1259 3511 1335 αῒσχύνην
3570 1267 3675 1330 τῆς
3709 1283 3806 1338 φυ-

2153 1348 2346 1414 λακῆς.
2381 1349 2486 1405 Καὶ
2515 1350 2612 1405 οὐκ
2641 1351 2707 1420 ἦν
2765 1371 2825 1426 γε
2884 1349 3116 1425 αἰσχύνη
3177 1351 3272 1418 τῆς
3333 1348 3582 1424 φυλακῆς
3617 1351 3806 1423 μόνον,

2150 1436 2296 1492 ἀλλὰ
2324 1438 2411 1492 καὶ
2463 1440 2498 1508 ἡ
2560 1438 2618 1492 ἐκ
2671 1445 2773 1508 τῆς
2831 1437 3080 1516 φυλακῆς
3128 1439 3298 1515 φυγή.
3357 1438 3415 1491 ’0
3470 1436 3573 1512 γὰρ
3621 1435 3805 1514 λὲγων

2151 1528 2337 1583 ἑαυτὸν
2400 1527 2784 1601 Παράκλητον,
2843 1528 2934 1582 καὶ
2987 1534 3088 1596 τῆς
3152 1525 3412 1596 ἀληθείας
3471 1526 3805 1602 ἀγωνιστὴν,

2150 1614 2393 1692 ἔφευγεν·
2429 1620 2528 1675 οὐκ
2565 1617 2630 1686 ἦν
2665 1613 2929 1692 διάδοχος
2975 1621 3156 1687 Ἰησοῦ
3209 1620 3306 1670 τοῦ
3365 1615 3602 1689 ἑτοίμως
3637 1616 3806 1693 ἐρχο-

2154 1707 2314 1778 μὲνου
2343 1706 2418 1768 εἰς
2448 1707 2542 1760 τὸν
2574 1707 2823 1780 σταυρὸν,
2857 1705 2982 1761 ἀλλ’
3011 1706 3170 1768 οὗτος
3200 1704 3429 1767 ἐναντίος
3476 1706 3542 1774 ἦν
3605 1706 3802 1785 φυγάς.

397 1805 652 1863 carceris
702 1801 978 1857 custodes
1029 1799 1104 1854 ad
1151 1797 1512 1870 supplicium
1566 1797 1701 1851 duci
1739 1797 2036 1868 jussit(l).

2155 1796 2278 1850 Εἶτα
2309 1797 2336 1850 ὁ
2391 1795 2645 1868 βασιλεὺς
2707 1799 2923 1870 Περσῶν
2974 1793 3249 1849 ἐκέλευσεν
3301 1795 3616 1870 ἀπαχθῆναι
3676 1798 3807 1860 τοὺς

2155 1881 2178 1900 ει
2376 1883 2418 1900 ,κ
2650 1882 2674 1900 ρ.
2835 1884 2971 1900 ...ι
3119 1881 3143 1900 ι.
3175 1885 3186 1900 .
3246 1883 3259 1900 ρ
3529 1883 3540 1900 ι
3642 1887 3668 1900 ..
3760 1885 3772 1900 .

397 1898 511 1952 Per
535 1892 883 1966 jactantiam
931 1891 1128 1944 Manes
1177 1904 1359 1959 puero
1414 1887 1622 1940 mortis
1672 1903 1849 1941 causa
1880 1887 2036 1941 fuit:

400 1984 558 2039 idem
587 1998 691 2054 per
717 1982 916 2052 fugam
949 1978 1203 2033 carceris
1251 1975 1615 2031 custodibus.
1677 1977 1903 2048 Ergone
1935 1975 2034 2029 ad-

399 2071 556 2127 orari
589 2069 763 2125 debet
793 2068 844 2122 is
873 2066 975 2137 qui
1008 2066 1214 2120 mortis
1262 2079 1500 2119 causam
1533 2063 1731 2117 attulit
1761 2063 1788 2118 ?
1835 2065 2040 2118 Nonne

399 2162 594 2232 ipsum
628 2161 973 2230 oportuerat
999 2157 1198 2211 Jesum
1241 2153 1463 2208 imitari
1495 2170 1561 2208 ac
1595 2153 1791 2208 dicere
1821 2169 1833 2206 :
1875 2154 1935 2208 Si
1958 2170 2041 2208 me

397 2251 664 2322 queritis,
719 2249 880 2302 sinite
936 2246 1033 2300 hos
1088 2245 1241 2299 abire
1287 2242 1387 2296 ‘5?
1439 2259 1642 2298 nonne
1701 2248 2043 2315 oportuerat

387 2341 564 2413 juxta
590 2339 794 2392 Jonam
825 2335 1051 2390 dicere:
1076 2356 1103 2383 (ι
1120 2331 1328 2388 Tollite
1346 2348 1462 2399 me,
1481 2336 1537 2386 et
1553 2332 1824 2404 projicite
1849 2332 1909 2386 in
1922 2349 2043 2388 ma-

393 2450 420 2479 ιι
444 2444 510 2483 re
536 2429 816 2498 ;propter
844 2439 940 2478 me
969 2421 1129 2477 enim
1146 2421 1274 2475 haac
1306 2425 1434 2475 orta
1457 2425 1777 2492 tempestas
1799 2426 1888 2476 est
1912 2419 1993 2475 16?
2012 2442 2039 2471 ››

467 2605 692 2662 XXVII.
755 2599 923 2673 Fugit
980 2616 1010 2654 e
1060 2615 1318 2666 carcere,
1343 2604 1402 2654 et
1449 2599 1511 2652 in
1561 2600 2041 2669 Mesopotamiam

393 2697 668 2765 venit(2).
731 2693 943 2744 Verum
1001 2691 1257 2745 occurrit
1299 2689 1350 2743 ei
1410 2688 1910 2759 scutumjustitiae
1941 2691 2039 2759 (3),

391 2785 716 2840 Archelaus
749 2779 1090 2852 episcopus:
1146 2795 1400 2849 eumque
1457 2794 1657 2833 coram
1709 2777 2042 2850 philosphis

466 2911 513 2950 1⁵
541 2914 705 2968 Joan.
741 2927 897 2979 xvm,
921 2913 972 2965 8.
1009 2909 1054 2946 ¹⁶
1073 2911 1201 2965 Jon.
1226 2927 1264 2977 1,
1293 2909 1376 2965 12.

397 3056 467 3095 ex
496 3039 650 3094 ferro
682 3038 939 3109 injecta;
973 3038 1132 3091 hunc
1190 3035 1377 3109 enim,
1389 3034 1530 3109 ferri
1577 3035 1785 3091 talento
1825 3040 2045 3093 onerari

394 3107 758 3190 praecepisse
781 3125 979 3190 regem
1010 3113 1214 3190 narrat
1252 3107 1574 3190 Archelaus
1634 3124 1800 3189 num:
1850 3111 1938 3190 5_3.
1977 3110 2042 3190 In

396 3178 630 3238 carcere
651 3178 926 3236 autemill
939 3197 1034 3234 um
1051 3179 1328 3250 discipuli
1343 3178 1667 3232 identidem
1685 3179 2039 3246 invisebant,

393 3254 640 3325 ipseque
673 3251 1027 3325 comparatis
1055 3251 1524 3325 Christianorum
1569 3250 1736 3304 libris
1767 3251 2040 3307 ultimam

394 3322 516 3380 sum
546 3322 830 3378 doctrina}
863 3339 1107 3376 manum
1142 3322 1442 3393 imposuit.

464 3399 544 3466 (1)
577 3394 822 3466 Carceris
853 3393 1116 3466 custodes,
1150 3399 1262 3449 etc.
1300 3395 1415 3448 Hos
1441 3398 1507 3447 ut
1554 3411 1676 3448 sum
1701 3393 1851 3465 fugas
1883 3394 2039 3449 fave-

393 3472 548 3533 rent,
581 3483 723 3521 auro
747 3465 1001 3536 plurimo
1041 3471 1386 3536 corruperat
1416 3467 1611 3519 Manes
1643 3470 1792 3519 teste
1818 3467 2035 3521 Arche-

393 3539 510 3604 lao,
543 3540 806 3610 num.54,
840 3553 959 3610 quo
988 3537 1054 3590 ﬁt
1082 3541 1148 3590 ut
1175 3554 1296 3592 non
1329 3537 1552 3607 injuria
1573 3537 1889 3610 Manichaee
1904 3537 2040 3610 fuga

396 3627 432 3665 a
461 3609 677 3680 Cyrillo
731 3609 964 3664 crimini
1018 3613 1294 3663 vertatur.
1343 3610 1468 3680 Non
1498 3608 1772 3663 custodes
1822 3608 2037 3679 plurali

395 3679 668 3740 numero.
701 3681 802 3736 sed
842 3680 1115 3734 custodem
1143 3679 1378 3735 carceris
1405 3681 1502 3749 qui
1528 3696 1648 3734 eum
1677 3681 1980 3746 dimiserat,
2005 3697 2040 3735 a

395 3768 532 3826 rege
551 3754 816 3826 punitum
844 3750 1418 3826 narrat_Archelaus,
1452 3751 1736 3826 Cyrillum
1769 3753 2040 3826 sequitur

390 3823 657 3886 Ph'otius,
691 3825 830 3879 Hist.
863 3823 1127 3889 Manich.,
1162 3839 1291 3894 pag.
1319 3823 1571 3894 356,_qui
1606 3839 1815 3894 omnes
1843 3824 2036 3894 capite

391 3901 694 3965 truncatas
770 3900 1082 3957 memorat,
1163 3889 1267 3960 τῆξ
1319 3889 1565 3965 κεφαλῆς
1647 3889 2034 3963 ἐζημιώθῆσαν

389 3964 639 4027 ἅπαντες.
675 3967 890 4022 Vitium
923 3971 1012 4021 est
1058 3965 1120 4019 in
1156 3964 1499 4020 Prevotiana
1546 3965 2037 4036 interpretatione

389 4038 589 4109 Cyrilli
611 4055 624 4105 ;
650 4055 786 4094 cum
819 4038 980 4093 enim
1013 4037 1332 4092 Grodecius
1362 4036 1654 4102 vertisset,
1685 4040 1876 4109 necari
1907 4040 2036 4108 jus-

386 4107 476 4175 sit,
501 4111 805 4166 Prevotius
865 4109 1102 4180 scripsit
1160 4109 1353 4178 laqueo
1411 4109 1581 4180 vitam
1629 4107 1789 4176 ﬁnire
1840 4107 2032 4180 jussit,

389 4182 556 4253 quasi
590 4181 850 4254 legisset,
900 4179 1279 4254 diravﬂivaz,
1323 4179 1687 4254 strangulari,
1749 4197 1870 4234 non
1927 4179 2031 4233 ἀπ-

389 4199 556 4253 quam
590 4199 850 4254 legisset,
900 4199 1274 4304 απαέχτιηναι,
1323 4199 1687 4248 Strangutan,
1749 4199 1870 4234 non
1927 4199 2031 4233 απ-

386 4258 646 4332 αχθῆναι,
671 4258 738 4307 ut
760 4253 885 4332 ipse
916 4251 1016 4332 edi
1056 4250 1969 4332 it_,quod‘signiﬁcatin‘carnpum
1983 4259 2033 4307 et

392 4320 571 4380 locum
608 4320 877 4394 supplicii
908 4323 1122 4394 abduci.
1154 4320 1473 4376 Grodecius
1517 4320 1666 4376 forte
1697 4320 1859 4394 legit,
1896 4321 2035 4376 ἀπο-

385 4401 648 4464 κταθῆναι
672 4393 765 4449 vel
793 4393 1131 4447 ἀπεκτάνθαι.

455 4463 814 4534 (2)νεηὶιὶη
869 4463 1366 4536 Μεεοροιανηίαηιχ
1402 4464 1676 4536 Secessit,
1736 4470 1803 4518 ut
1831 4471 2034 4520 narrat

2151 1881 2586 1962 δεσμοφύλακας·
2619 1882 2792 1946 α’ίτιος
2827 1885 2856 1938 ὁ
2888 1884 3074 1953 Μάνης
3116 1881 3186 1938 δι’
3240 1883 3602 1960 ὑπερηφανίαν
3641 1885 3806 1940 θανά-

2146 1995 2243 2029 του
2274 1978 2352 2044 τῷ
2382 1971 2558 2044 παιδὶ,
2589 1973 2679 2028 καὶ
2710 1971 2883 2034 αἶ’τιος
2943 1973 3169 2036 θανάτου
3225 1977 3333 2028 τῶν
3364 1969 3803 2051 δεσμοφυλάκων

2149 2063 2236 2118 διὰ
2256 2063 2354 2131 τὴν
2385 2065 2580 2140 φυγήν.
2612 2065 2672 2119 Ὀ
2707 2063 2798 2116 οὗν
2847 2063 3137 2138 παραίτιος
3197 2063 3450 2130 θανάτου,
3510 2063 3674 2124 οὗτος
3707 2066 3808 2140 ἆρα

2146 2155 2558 2230 προσκυνεῖσθαι
2593 2151 2802 2230 ὀφείλει
2836 2173 2850 2223 ;
2886 2151 2985 2207 οὐκ
3025 2149 3130 2207 ἔδει
3186 2154 3528 2224 μιμήσασθαι
3561 2154 3806 2227 Ἰησοῦν,

2147 2245 2236 2298 καὶ
2273 2243 2463 2297 εἰπεῖν·
2500 2242 2565 2298 Εἰ
2617 2240 2715 2315 ἐμὲ
2747 2245 2978 2312 ζητεῖτε,
3036 2239 3196 2318 ἄφετε
3249 2240 3476 2304 τούτους
3532 2241 3803 2317 ὖπάγειν;

2149 2333 2248 2388 οὐκ
2267 2327 2373 2387 ἔδει
2404 2331 2540 2386 κατὰ
2567 2331 2656 2385 τὸν
2691 2331 2874 2385 Ἰωνᾶν
2904 2329 3093 2385 εἷπεῖν·
3128 2331 3332 2406 ’Ἄρατὲ
3385 2352 3452 2405 με
3507 2331 3596 2386 καὶ
3664 2332 3800 2407 βάλ-

2149 2419 2272 2477 λετε
2324 2420 2402 2483 εἷς
2467 2421 2567 2488 τήν
2643 2420 2935 2474 θάλασσαν·
2998 2416 3068 2472 δι’
3119 2416 3218 2493 ἐμὲ
3288 2419 3387 2495 γὰρ
3465 2421 3494 2474 ὁ
3578 2419 3799 2476 κλύδων

2150 2511 2309 2572 οὗτος
2339 2532 2354 2581 ;

2223 2601 2334 2657 ΚΖ’.
2371 2597 2570 2674 Φεύγει
2602 2597 2660 2652 ἐκ
2701 2605 2804 2667 τῆς
2857 2594 3130 2674 φυλακῆς,
3187 2596 3277 2652 καὶ
3314 2593 3532 2673 ἔρχεται
3565 2598 3644 2661 εἷς
3699 2601 3800 2669 τὴν

2152 2687 2594 2762 Μεσοποταμίαν·
2654 2685 2782 2743 ἀλλ’
2837 2687 3046 2758 ἀπαντᾷ
3101 2685 3247 2759 αύτῷ
3307 2685 3479 2744 ὅπλον
3522 2685 3802 2744 δικαιοσύ-

2149 2800 2247 2850 νης
2298 2782 2376 2853 (5)
2427 2774 2733 2852 Ἀρχέλαος
2792 2772 3106 2839 ἐπίσκοπος.
3160 2777 3257 2830 Καὶ
3333 2775 3420 2831 ἐπὶ
3479 2775 3799 2856 φιλοσόφων

2154 3044 2280 3106 est;
2314 3040 2374 3094 in
2409 3055 2526 3109 qua
2551 3043 2748 3094 tamen
2772 3038 3064 3094 nonnulla
3093 3037 3665 3108 desiderari,praater
3684 3038 3801 3092 alia

2153 3113 2265 3166 hoc
2296 3126 2476 3183 unum
2513 3111 2656 3166 satis
2679 3110 3012 3183 argumenti
3045 3115 3152 3183 est,
3189 3109 3347 3180 quod
3369 3124 3438 3164 ea
3477 3125 3606 3180 quae
3637 3125 3673 3163 a
3698 3125 3798 3164 no-

2150 3187 2271 3237 stro
2303 3182 2521 3252 Cyrillo
2557 3199 2627 3238 ex
2657 3181 2770 3237 hac
2801 3181 3200 3252 disputatione
3231 3185 3798 3252 commemorantur,

2147 3253 2228 3309 ibi
2263 3251 2460 3308 desint
2513 3253 2738 3324 Duplex
2769 3251 2914 3308 vero
2931 3252 3231 3324 habitaest
3260 3252 3417 3324 inter
3441 3251 3796 3324 Archelaum

2150 3332 2209 3381 et
2240 3327 2468 3381 Manem
2502 3323 2759 3380 collatio.
2788 3326 2984 3380 Prima
3004 3331 3063 3378 et
3093 3323 3516 3387 solemnior,ex
3545 3339 3665 3394 qua
3695 3323 3798 3378 de-

2151 3403 2387 3468 sumpta
2407 3402 2545 3452 sunt
2569 3414 2699 3468 quas
2732 3397 2828 3451 hic
2859 3396 3111 3466 Cyrillus
3139 3396 3795 3468 memorat,Cascharaa;

2148 3466 2419 3524 alterain
2445 3469 2570 3523 vico
2589 3466 2858 3532 Diodori,
2893 3483 3026 3522 cum
3088 3469 3282 3522 Manes
3316 3468 3376 3521 in
3417 3466 3599 3537 priori
3657 3483 3798 3522 con-

2148 3541 2334 3595 victus
2366 3556 2433 3594 eo
2467 3539 2808 3611 aufugisset.
2841 3541 2978 3604 Quin
3024 3538 3119 3593 hic
3150 3538 3391 3611 ascribit
3439 3537 3696 3609 Cyrillus
3729 3556 3799 3611 ex

2149 3613 2275 3682 ipso
2309 3609 2737 3682 Disputationis
2778 3611 2960 3682 initio,
2981 3617 3217 3681 sumpta
3246 3609 3537 3682 videntur.
3599 3616 3676 3662 At
3717 3609 3796 3682 in

2147 3681 2293 3738 actis
2323 3681 2486 3737 illius
2519 3682 2848 3753 aZacagnio
2873 3681 3047 3736 editis
3077 3681 3799 3752 penitusdiversumprin-

2147 3755 2368 3826 cipium
2400 3760 2489 3808 est
2517 3770 2682 3809 num.
2720 3757 2802 3826 t2,
2839 3769 2968 3826 pag.
2990 3755 3098 3826 723,4
3124 3759 3182 3826 et
3235 3753 3519 3826 num._i3,
3551 3754 3790 3826 pag._24

2148 3822 2396 3896 et'seqq.
2449 3827 2647 3880 Manes
2677 3822 2950 3896 proloqui
2986 3824 3196 3896 incipit
3232 3822 3548 3896 magnifica
3585 3822 3796 3896 titulo-

2146 3915 2281 3953 rum
2313 3894 2553 3951 suorum
2581 3894 3136 3951 commendatione}
3171 3901 3294 3950 tum
3327 3894 3388 3950 in
3425 3894 3653 3950 Veteris
3687 3895 3796 3950 Te-

2147 3968 2424 4024 stamenti
2457 3975 2968 4038 auctorem,quem
2992 3968 3268 4022 Satanam
3300 3965 3601 4038 dicit,etin
3620 3982 3798 4021 mun-

2145 4041 2204 4096 di
2237 4037 2930 4105 Creatorem,invehitur;
2951 4039 3053 4093 sed
3080 4038 3213 4093 aliis
3226 4037 3595 4110 argumentis
3613 4055 3789 4110 quam

2145 4128 2276 4181 quas
2308 4111 2368 4164 in
2395 4111 2505 4165 hoc
2550 4111 2678 4166 loco
2736 4109 2991 4182 Cyrillus
3021 4109 3428 4181 repraesentat.
3466 4109 3788 4182 Archelaus

2143 4179 2402 4254 primum
2421 4182 2557 4237 silet
2584 4201 2598 4242 :
2632 4179 2939 4253 post.'duas
2969 4179 3261 4254 ingenitas
3284 4179 3531 4254 Manetis
3545 4186 3787 4254 naturas

2143 4252 2391 4324 operose
2422 4252 2704 4309 confutat.
2740 4254 3005 4323 Denique
3036 4253 3140 4307 illa
3169 4252 3442 4307 Archelai
3467 4257 3526 4306 et
3542 4252 3788 4324 Manetis

2144 4322 2215 4380 de
2247 4325 2376 4379 loco
2396 4325 2861 4390 Deuteronomii,
2894 4322 3015 4394 Ego
3059 4325 3202 4392 ignis
3233 4339 3570 4392 consumens,
3631 4329 3691 4378 et
3719 4322 3788 4378 de

2143 4396 2308 4451 Pauli
2341 4397 2704 4464 testimonio,
2736 4398 2795 4450 in
2825 4397 3021 4466 quibus
3052 4397 3188 4450 Deus
3218 4396 3384 4465 hujus
3411 4396 3618 4463 seculi,
3654 4402 3786 4461 etc.,

2142 4469 2467 4530 altercatio,
2487 4469 2549 4523 in
2581 4470 2652 4524 iis
2684 4468 2843 4522 Actis
2873 4467 3086 4522 nullibi
3116 4472 3437 4538 comparet.
3472 4468 3782 4536 Zacagnius

385 4524 709 4594 Archelaus
742 4555 904 4593 num.
937 4524 1027 4604 54,
1063 4537 1123 4591 in
1171 4535 1480 4590 castellum
1511 4524 1844 4607 Arabionis,
1873 4537 2030 4607 quod
2066 4524 2111 4590 Ι)
2141 4524 2511 4595 Prasfationis
2547 4557 2666 4594 sua:
2700 4556 2861 4594 num.
2894 4541 2979 4601 14,
3041 4553 3111 4592 ea
3138 4524 3269 4592 acta
3309 4538 3522 4593 mutila
3552 4524 3696 4602 esse,
3727 4539 3783 4589 et

389 4617 515 4665 erat
546 4611 704 4665 ultra
723 4610 965 4664 fluvium
1000 4610 1306 4680 Strangam
1339 4609 1396 4680 in
1425 4606 1665 4680 regione
1697 4606 2032 4680 Persarum.

388 4699 458 4736 ex
482 4682 690 4738 eodem
723 4699 885 4736 num.
921 4683 954 4735 4
1005 4687 1063 4735 et
1119 4679 1207 4734 55’.
1270 4679 1635 4749 Epiphanius
1692 4695 1825 4749 vero
1884 4679 2033 4737 illud

389 4756 667 4810 Romana;
699 4753 940 4808 ditionis
963 4751 1144 4807 fuisse
1168 4748 1475 4816 scribit,in
1506 4748 1824 4805 solitudine
1859 4753 2038 4807 Meso-

387 4826 662 4896 potamiae
696 4825 1042 4896 Persidique
1074 4824 1318 4890 contini,
1349 4823 1557 4878 haeres.
1617 4839 1760 4891 va1,
1806 4839 1970 4878 num.
2005 4827 2034 4876 5

390 4903 448 4952 et
477 4903 529 4954 7.

459 4970 535 5035 (3)
569 4968 818 5022 Occurrit
875 4969 944 5029 ei,
997 4973 1107 5022 etc.
1168 4965 1409 5022 Occasio
1467 4963 1892 5035 disputationis
1936 4968 2035 5019 Ar-

388 5038 1056 5102 chelai,Cascharorum
1089 5037 1178 5092 vel
1228 5038 1679 5096 Carcharorum.
1737 5053 1839 5091 seu
1896 5037 2031 5091 Car-

387 5110 510 5165 rhae
540 5108 630 5163 vel
660 5108 1012 5162 Carrharum
1046 5109 1306 5180 episcopi
1338 5125 1473 5164 cum
1505 5110 2036 5180 Manete,narratur

384 5182 457 5237 ab
489 5181 540 5251 ej
554 5198 619 5233 us
651 5180 936 5249 scriptore
963 5197 977 5243 ;
1012 5179 1113 5248 qui
1161 5179 1269 5251 fuit
1297 5180 1385 5234 vel
1413 5179 1740 5251 Archelaus
1771 5179 1918 5251 ipse,
1946 5179 2034 5235 vel

385 5250 785 5322 Hegemonius
813 5251 1063 5322 quidam,
1089 5250 1190 5320 qui
1223 5250 1506 5322 Archelas
1540 5251 1761 5320 scripta
1797 5250 2033 5321 Syriaco

387 5321 648 5395 primum
681 5338 954 5395 sermone
979 5321 1624 5395 vulgata.digesseritac
1638 5323 2034 5395 Graecetrans-

389 5391 593 5450 tulerit
624 5409 691 5448 ex
722 5394 891 5447 Phot.
927 5391 1054 5446 cod.
1211 5391 1410 5448 Graeca
1449 5393 1788 5464 jamdulum
1843 5395 2034 5464 perie-

386 5482 472 5546 re,
497 5465 758 5546 exceptis
778 5463 1132 5546 fragmentis
1155 5464 1227 5518 ab
1259 5463 1610 5536 Epiphanio.
1654 5463 1872 5546 φγιείιιρ
1918 5483 2030 5546 po.

388 5543 530 5604 stro,
575 5536 826 5605 aliisque
887 5535 1228 5589 auctoribus
1267 5535 1766 5591 commemoratis.
1831 5537 2034 5592 Latina

384 5611 719 5666 Graacorum
747 5606 1154 5678 interpretatio
1180 5607 1304 5673 jam
1338 5625 1406 5661 ex
1439 5613 1602 5678 parte
1648 5607 1719 5661 ab
1769 5608 2032 5663 Emerico

384 5679 634 5749 Rigotio,
669 5685 729 5734 et
752 5678 982 5734 Valesio
1016 5676 1412 5749 publicijuris
1441 5676 1623 5733 'facta
1648 5685 1774 5733 erat
1821 5697 1890 5734 ex
1930 5698 2029 5734 co-

381 5754 511 5812 dice
534 5749 809 5808 Bobiensi
843 5768 858 5818 ;
885 5749 987 5807 sed
1009 5748 1249 5805 tandem
1269 5750 1498 5821 integra
1529 5767 1599 5805 ex
1623 5750 2036 5807 Casinensico-

387 5825 515 5882 dice
551 5824 624 5880 ab
656 5822 991 5887 Alexandro
1022 5823 1309 5897 Zacagnio
1359 5823 1558 5881 Romae
1589 5837 1685 5880 an.
1731 5822 1867 5879 1698
1897 5822 2035 5881 data

2147 4627 2215 4665 ex
2245 4612 2549 4681 prolixiori
2582 4627 2759 4682 opere
2793 4611 2851 4665 in
2903 4609 3326 4682 compendium
3369 4614 3671 4682 contracta
3691 4624 3783 4662 su-

2147 4679 2426 4753 spicatur.
2459 4679 2870 4738 Tillemontius
2901 4687 3106 4736 censet
3130 4680 3273 4736 folia
3303 4679 3787 4750 quasdaminme-

2145 4754 2242 4808 dio
2275 4760 2334 4807 et
2375 4755 2532 4808 circa
2587 4756 2768 4809 finem
2826 4752 3222 4807 intercidisse.
3275 4753 3413 4806 Mihi
3472 4758 3789 4821 utrumque

2144 4825 2375 4880 videtur
2403 4843 2414 4889 ;
2443 4842 2582 4880 nam
2614 4825 2770 4879 bona
2799 4841 2935 4894 pars
2955 4840 3320 4894 eorum.quaa
3335 4823 3663 4878 Archelaus
3677 4821 3790 4892 epi-

2145 4896 2297 4951 stola
2333 4897 2402 4952 ad
2423 4896 2735 4951 Diodorum
2753 4912 2918 4950 num.
2951 4898 3040 4962 41,
3069 4912 3130 4950 se
3153 4895 3502 4950 dissertasse
3517 4901 3786 4960 testatur,

2144 4968 2205 5022 in
2230 4985 2298 5022 ea
2330 4968 2730 5039 disputatione
2755 4984 2873 5021 non
2889 4965 3250 5039 habetur.Ad
3277 4982 3345 5021 ea
3376 4972 3575 5022 autem
3595 4964 3785 5020 mani-

2141 5039 2291 5094 festo
2316 5038 2617 5110 pertinent
2637 5056 2768 5109 quas
2799 5038 3054 5109 Cyrillus
3077 5043 3787 5110 commemoratquaaque

2143 5110 2216 5182 ab
2238 5109 2364 5180 ipso
2399 5110 2918 5182 collationisinitio
2938 5109 3238 5180 disputata
3261 5109 3787 5182 signiﬁcatArche-

2143 5177 2292 5237 laus.
2311 5184 2600 5237 Caeterum
2634 5181 2891 5236 dubitari
2924 5177 3136 5236 merito
3169 5177 3366 5251 potest
3384 5187 3582 5236 utrum
3606 5177 3788 5251 Cyril-

2142 5253 2237 5308 lus
2270 5253 2398 5324 ipsa
2431 5253 2705 5308 Archelai
2738 5252 2933 5318 verba,
2962 5252 3291 5324 anpotius
3334 5253 3629 5307 dictorum
3665 5251 3788 5322 ejus

2143 5323 2385 5380 sensum
2420 5325 2706 5380 retulerit.
2736 5325 2924 5387 Certe,
2957 5329 3023 5377 ut
3051 5323 3205 5378 infra
3262 5323 3551 5391 dicemus,
3610 5338 3788 5395 gran-

2142 5396 2276 5451 dem
2309 5397 2379 5451 de
2413 5414 2516 5467 suo
2558 5395 2968 5467 parenthesim
2994 5395 3286 5467 adjunxit.

2212 5468 2290 5537 (4)
2323 5468 2432 5533 Τὴν
2481 5459 2759 5523 δούλείαν.
2822 5466 2997 5532 Editi,
3048 5459 3138 5519 καὶ
3195 5465 3295 5532 τήν
3348 5462 3624 5520 δουλείαν.
3691 5459 3788 5517 Καί

2143 5540 2432 5594 erasimus
2465 5538 2793 5594 secundum
2823 5538 3055 5593 codices
3087 5555 3267 5607 supra
3297 5539 3528 5593 citatos.

2213 5607 2515 5680 (5)“()πλον
2550 5607 2918 5677 δικαιοσύνης.
2972 5611 3036 5663 In
3099 5603 3295 5680 editis,
3358 5607 3518 5679 ὅπλῳ
3579 5603 3786 5680 δικαιοο

2139 5675 2328 5754 σύνὴς,
2355 5685 2522 5738 armis
2531 5681 2792 5754 justitiae.
2819 5675 3091 5754 Legimus
3117 5679 3388 5754 i‘mltovin
3407 5675 3551 5754 mss.
3585 5675 3785 5743 Coisl.,

2140 5752 2594 5833 lioe,_9asaub.,_
2612 5755 2785 5810 Petro
2811 5752 2948 5833 Sic},
2983 5752 3200 5833 G_rod_.__
3219 5752 3321 5833 qui
3379 5752 3553 5833 vertit
3579 5755 3788 5833 scutati}

2131 5818 2391 5897 iustitia.
2425 5818 2680 5886 Omnino
2711 5841 2783 5884 ex
2809 5818 2960 5900 stylo
2999 5823 3205 5900 Cyrilli
3235 5818 3351 5883 ista
3378 5829 3472 5886 est
3501 5818 3785 5897 loquendi
