4132 6266
390 329 504 388 591

1456 321 1518 384 8.
1567 321 1879 383 CYRlLLI
1922 320 2340 384 HIEROSOL.
2388 321 2757 383 ARCIIIEP.

3680 324 3798 385 592

386 467 742 537 elapsusque
764 458 1121 526 adversario,
1156 458 1315 512 venit
1343 457 1416 512 ad
1440 456 1791 511 vilissimum
1824 473 2034 527 quem-

2150 461 2247 523 τῆς
2281 453 2533 528 φυλακῆς
2564 456 2774 528 φυγών⁹
2806 451 2898 508 γαὶ
2961 453 3052 508 τὸν
3110 454 3522 529 ἀνταγωνιστὴν
3583 451 3799 529 διαδρά-

387 553 519 608 dam
554 566 769 622 pagum
795 550 868 617 (l)
887 546 991 612 ;ad
1023 547 1213 601 instar
1234 545 1654 617 serpentis,qui
1678 545 1739 599 in
1762 546 2037 615 paradiso

388 640 679 694 Adamum
712 636 995 691 omittens
1025 634 1099 688 ad
1132 636 1306 689 Evam
1338 634 1606 688 accessit.
1633 633 1745 687 Sed
1775 633 2038 704 optimus

386 736 590 801 pastor
611 725 937 781 Archelaus
964 723 1169 778 ovibus
1200 723 1591 795 prOspiciens.
1619 722 1823 778 audita
1854 723 2039 778 homi-

390 815 838 889 nisf'uga,citato
853 830 1029 868 cursu
1044 814 1116 868 ad
1137 813 1345 883 lupum
1362 811 1790 881 requirendum
1802 811 2040 867 festina-

386 907 696 962 vit.Manes
716 920 850 957 vero
873 902 1277 957 adversarium
1306 901 1615 956 confestim
1641 901 2033 971 conspiciens,

392 994 611 1052 exsiliit
636 992 773 1047 inde
806 998 864 1045 et
891 990 1154 1062 aufugit;
1187 990 1413 1060 aufugit
1458 991 1603 1044 Ἰθῖ
1652 1006 1785 1044 vero
1810 997 2037 1061 postre-

393 1101 550 1141 mam
585 1084 803 1155 fugam.
838 1083 983 1136 Nam
1013 1081 1327 1135 Persarum
1351 1080 1505 1152 regis
1539 1081 1824 1135 satellites
1846 1080 2039 1135 omni-

390 1174 501 1229 bus
532 1172 676 1227 locis
700 1169 1448 1244 perquirentes,fugitivum
1482 1169 2036 1240 comprehendunt:

391 1277 693 1335 quamque
742 1258 997 1314 debebat
1026 1275 1226 1313 coram
1258 1258 1549 1313 Archelao
1577 1258 1775 1313 subire
1799 1265 2040 1314 senten-

390 1354 535 1408 tiam
569 1351 824 1416 t2),hauc
855 1347 966 1420 ipsi
999 1347 1264 1402 inferunt
1293 1348 1438 1420 regii
1469 1348 1756 1403 satellites
1801 1349 2042 1418 Capitur

389 1444 609 1506 Manes,
641 1439 742 1493 ille
771 1454 946 1508 quem
972 1437 1061 1491 sui
1089 1437 1339 1491 adorant
1369 1436 1642 1508 discipuli
1676 1442 1734 1492 et
1754 1437 2040 1510 adregem

392 1529 725 1586 adducitur.
760 1526 1150 1598 Exprobravit
1179 1526 1290 1597 ipsi
1324 1542 1426 1581 rex
1456 1527 1829 1581 mendacium
1862 1533 1920 1581 et
1949 1527 2039 1581 fu-

392 1635 524 1692 gam
554 1638 568 1683 ;
602 1616 789 1671 irrisit
832 1615 1210 1682 servitutem;
1243 1615 1404 1670 ultus
1432 1621 1522 1670 est
1553 1616 1718 1687 pueri
1754 1615 2035 1670 interem-

389 1709 654 1780 ptionem
681 1704 1334 1775 :damnavitetpropter
1346 1705 1598 1759 carceris
1616 1705 1927 1759 custodum
1945 1721 2038 1760 ne-

390 1813 537 1852 cem.
570 1794 723 1849 Mani
745 1793 921 1865 jubet
972 1793 1208 1848 Persico
1242 1809 1404 1847 more
1429 1792 1661 1848 detrahi
1683 1800 1877 1848 cutem
1912 1796 1987 1861 t3)
2021 1810 2035 1848 :

391 1891 450 1940 et
478 1884 775 1955 reliquum
807 1881 1047 1953 quidem
1083 1898 1299 1953 corpus
1327 1882 1586 1937 ferarum
1620 1882 1814 1953 pastui
1850 1883 2030 1937 tradi-

389 1979 514 2029 tum
547 1978 672 2038 est;
695 1971 844 2027 illud
875 1987 1008 2025 vero
1023 1970 1293 2041 pessimm
1319 1972 2033 2042 meutisconccptaculum

391 2064 677 2134 cutis,pro
715 2062 940 2117 foribus
972 2061 1034 2116 in
1066 2062 1219 2116 sacci
1276 2061 1519 2116 modum
1573 2078 1863 2132 suspensa
1903 2062 2032 2117 fuit.

396 2152 505 2218 Qui
528 2169 590 2208 se
621 2150 991 2207 Paracletum
1012 2149 1331 2218 dicebat,et
1359 2150 1696 2207 futurorum
1726 2151 2036 2207 scientiam

465 2420 541 2489 (1)
579 2418 914 2473 Vilissimnm
943 2418 1233 2485 quemdam
1250 2434 1478 2489 pagum.
1515 2420 1764 2474 Vocatur
1807 2417 1879 2472 ab
1933 2434 2035 2473 au-

399 2496 580 2545 ctore.
615 2491 829 2557 Disput.
864 2504 986 2543 cum
1015 2492 1246 2553 Manete,
1282 2506 1444 2545 num.
1476 2493 1565 2556 49,
1591 2493 1739 2545 vicus
1772 2492 2035 2544 Diodori:

399 2561 473 2615 ab
506 2560 857 2633 Epiphanio,
887 2576 944 2633 n.
980 2562 1066 2633 ll,
1102 2559 1368 2633 Diodoris
1395 2562 1455 2614 in
1513 2562 1819 2616 Cascharis
1851 2563 2037 2633 regio-

400 2648 519 2702 ne:_
543 2631 753 2702 eodem
785 2631 960 2702 modo
994 2631 1259 2690 Photius,
1282 2633 1421 2685 Hist.
1453 2633 1717 2697 Manich.,
1751 2650 1785 2702 p
1832 2630 2039 2698 358,531:

400 2698 705 2771 Διοδωρίδα
765 2700 1087 2772 Κιργάρων.
1144 2705 1263 2756 lluc
1340 2707 1561 2769 Manes,
1620 2702 1693 2756 ab
1734 2698 2039 2772 judicibus

398 2774 951 2847 quamvisethnicis
981 2789 1161 2847 causa
1180 2772 1471 2847 deiectus.
1509 2773 1709 2847 populi
1746 2773 1803 2828 in
1845 2774 2039 2847 ipsum

397 2844 628 2902 ruentis
659 2844 840 2899 furori
875 2862 936 2900 se
970 2844 1605 2917 subtrahens.fugit.lhi
1630 2862 1761 2899 cum
1785 2844 2039 2916 quadam

398 2917 495 2990 die
520 2923 873 2990 congregata
932 2916 1103 2990 turba
1141 2916 1615 2990 condonaretur,
1659 2924 1821 2990 tanto
1853 2918 2034 2990 confif

396 2988 819 3060 dentius'quod
871 2988 1470 3060 neminemhhaberet
1497 2989 1895 3044 adversarium
1930 2989 2040 3043 sibi

398 3058 730 3116 disserendi
762 3061 812 3113 vi
846 3067 1024 3131 atque
1050 3058 1387 3114 eruditione
1410 3060 1849 3132 formidandum
1877 3077 2039 3132 :pre-

399 3132 601 3202 sbyter
635 3132 770 3193 loci,
802 3132 893 3184 cui
927 3148 1147 3185 nomen
1179 3138 1305 3185 erat
1361 3131 1610 3186 Diodoro
1664 3131 1934 3202 quamvis
1965 3132 2037 3186 ab

397 3203 727 3274 Epiphanio
754 3210 991 3274 vocetur
1018 3202 1312 3272 Tryphon.
1348 3202 1702 3256 Archelaum
1746 3204 1922 3273 hujus
1953 3204 2037 3257 rei

399 3273 522 3345 per
539 3274 765 3345 litteras
782 3273 1093 3345 certiorem
1114 3274 1252 3345 fecit
1275 3290 1287 3326 :
1312 3274 1409 3342 qui
1430 3274 1721 3343 presbytei
1739 3291 1836 3327 um
1853 3275 2042 3344 primo

400 3342 507 3427 per
538 3344 764 3427 litteras
793 3342 1182 3427 confirmavit,
1207 3342 1810 3427 suppetlitatis’armis
1829 3342 2043 3427 quibus

400 3414 501 3471 ille
533 3414 799 3487 gnaviter
855 3431 989 3468 cum
1036 3416 1198 3469 Mane
1255 3414 1527 3485 praelium
1578 3416 2040 3485 redintegravit;

400 3504 536 3542 mox
568 3488 694 3558 ipse
723 3487 1087 3558 eoiaccessit.
1136 3488 1413 3556 venitque
1468 3488 1540 3542 ad
1584 3487 1775 3541 locum
1833 3489 1892 3542 in
1926 3505 2041 3558 quo

389 3557 746 3630 jamiMaues
778 3557 1238 3626 disputationem
1288 3558 1404 3612 diei
1462 3559 1854 3630 praecedentis
1905 3557 2041 3614 cum

400 3629 653 3684 Diodoro
702 3629 1039 3683 inchoatam
1098 3629 1550 3685 continuaturus
1628 3632 1862 3698 aderat,
1912 3633 2040 3699 jam

396 3718 643 3757 exorsus
666 3700 851 3773 loqui.
888 3702 1019 3756 Haac
1050 3716 1121 3755 ex
1154 3703 1303 3771 Disp.
1339 3702 1643 3768 Archelas,
1688 3719 1851 3756 num.
1886 3704 1954 3757 39
1984 3709 2043 3757 et

398 3790 564 3829 εθαα.

465 3790 746 3910 ilzcibuam
790 3843 1038 3906 debebat,
1066 3847 1179 3898 etc.
1233 3841 1522 3897 Nimirum
1569 3850 1773 3899 narrat
1819 3846 2038 3901 Arche-

394 3916 546 3999 l‘aus.
780 3932 942 3999 num.
968 3917 1048 3999 ‘39
1079 3915 1389 3999 l‘tlauetem,
1416 3920 1735 3999 postquam
1759 3916 1821 3996 in
1847 3916 2039 3999 prima

393 3985 793 4059 disputatione
824 3986 1058 4041 Carrhas
1082 3985 1292 4059 habita
1320 3986 1657 4059 confutatus
1686 3993 1744 4041 et
1765 3985 2036 4055 judicum

394 4056 691 4114 sententia
718 4059 1036 4113 damnatus
1066 4056 1718 4129 fuisset.abinl'antibus
1750 4059 2033 4129 primum,

393 4130 609 4185 deinde
643 4130 716 4185 ab
748 4130 977 4199 reliqua
1001 4128 1379 4200 multitudine
1407 4128 1487 4183 ita
1513 4128 1835 4200 impulsum
1866 4130 2036 4185 etfu-

389 4209 589 4267 gatum
616 4201 819 4257 fuisse.
853 4207 917 4253 ut
947 4199 1062 4253 nisi
1097 4199 1299 4253 turbas
1337 4199 1788 4270 compreSsiSSet
1817 4202 2032 4256 Arche-

388 4272 755 4342 laus,capitis
785 4270 1107 4343 discrimen
1140 4270 1407 4343 aditurus
1437 4269 1617 4325 fuerit
1646 4272 2029 4343 Epiphanius,

384 4344 595 4399 haeresi
620 4340 776 4408 _va1,
812 4357 977 4396 num.
1023 4341 1112 4406 11,
1171 4340 1253 4395 ait
1299 4342 1585 4467 populum
1636 4340 1896 4398 voluisse
1930 4346 2030 4399 illo

384 4421 647 4467 tempore
682 4414 980 4467 lapidibus
1007 4414 1233 4467 Manem
1266 4430 1298 4466 o
1348 4415 1657 4467 ruere.sed
1692 4415 2030 4467 Marcellum

381 4421 647 4486 tempore
682 4414 980 4483 lapidibus
1007 4414 1233 4486 Manem
1266 4414 1657 4486 obruere,sed
1692 4415 2030 4471 Marcellum

382 4504 488 4542 suo
509 4484 839 4558 conspectu
872 4486 1025 4558 hanc
1058 4484 1206 4558 iram
1237 4485 1613 4558 repressisse.
1654 4489 1870 4541 lterum
1892 4504 2028 4542 vero

2149 565 2264 608 σας,
2325 540 2547 619 ἔρχεται
2607 542 2697 598 ἐπὶ
2750 543 2945 615 κώμην
3001 542 3413 614 εὐτελεστάτην
3496 545 3636 599 κατὰ
3710 546 3800 600 τὸν

2146 628 2272 711 ὄφιν
2304 634 2396 687 τὸν
2426 631 2476 687 ἐν
2510 630 2824 705 παραδείσῳ
2871 631 3243 688 καταλιπόντα
3292 634 3385 687 τὸν
3451 631 3647 705 Ἀδὰμ,
3710 635 3802 689 καὶ

2144 722 2211 795 τῇ
2250 730 2273 776 ι’
2291 722 2357 793 δᾳ
2385 720 2780 795 προσελθόντα.
2804 720 2965 778 Ἀλλ’
2982 722 3010 776 6
3033 718 3202 785 καλὸς
3231 722 3445 794 ποιμὴν
3463 721 3797 798 Ἀρχέλαος,

2142 814 2253 865 τῶν
2280 806 2569 884 προϐατων
2602 815 2875 885 προνοῶν,
2925 809 3160 870 ἀκοῦσας
3208 811 3307 878 τήν
3368 811 3564 887 φυγήν,
3598 810 3796 874 εὗθὲως

2147 897 2234 972 δρι
2253 905 2415 971 μαῖος
2447 899 2533 954 ἐπὶ
2564 901 2663 968 τήν
2691 903 2789 954 τοῦ
2823 898 2994 955 λύκου
3025 898 3272 973 ἐπείγετο
3325 901 3575 969 ζήτησιν,
3606 903 3797 971 Μάνης

2146 986 2202 1043 δὲ
2252 987 2380 1044 tea,»
2417 988 2668 1065 ἐξαίφνης
2721 993 2796 1058 (4)
2849 988 2942 1043 τὸν
3003 985 3293 1056 ἀντίδικον,
3344 986 3645 1058 ἐξεπήδησε
3700 990 3794 1045 καὶ

2145 1074 2356 1154 ἔφυγεν·
2416 1075 2577 1155 ἔφυγε
2635 1075 2693 1133 δὲ
2748 1078 2849 1144 τήν
2927 1077 3238 1132 τελευταίαν
3301 1080 3501 1155 φυγήθ,
3572 1080 3640 1135 Οἱ
3691 1079 3793 1156 γὰρ

2142 1172 2239 1222 τοῦ
2311 1172 2419 1222 τῶν
2482 1172 2700 1244 Περσῶν
2765 1166 3040 1242 βασιλέως
3100 1168 3430 1223 ὑπασπισταὶ
3512 1173 3794 1244 πανταχοῦ

2145 1253 2582 1331 διερευνώμενοι,
2621 1252 3103 1328 καταλαμϐάνουσι
3136 1258 3231 1312 τὸν
3292 1254 3520 1333 φυγάδα·
3582 1258 3671 1312 καὶ
3729 1258 3794 1327 ἢν

2146 1345 2376 1421 ὤφειλεν
2407 1345 2494 1400 ἐπὶ
2524 1351 2622 1401 τοῦ
2677 1346 2986 1422 Ἀρχελάου
3047 1340 3236 1402 λαϐεῖν
3271 1347 3563 1425 ἀπόφασιν,
3594 1348 3794 1418 ταύτην

2144 1432 2487 1511 ἐπιφέρουσιν
2523 1434 2672 1508 αὐτῷ
2703 1436 2755 1489 οἳ
2785 1439 2883 1490 τοῦ
2937 1434 3210 1506 βασιλέως
3268 1434 3617 1491 ὑπασπισταί.
3653 1435 3797 1491 Συλ-

2146 1519 2480 1596 Λαμϐάνεται
2511 1525 2539 1579 6
2577 1527 2785 1595 Μάνης,
2820 1520 2879 1577 ὄν
2912 1528 3312 1598 προσκυνοῦσιν
3364 1524 3415 1579 οἱ
3467 1523 3632 1579 αὐτοῦ
3695 1546 3798 1597 μα-

2145 1613 2302 1683 θηταὶ
2337 1615 2432 1684 (5),
2490 1614 2578 1667 καὶ
2636 1611 2820 1687 ἄγεται
2880 1612 3018 1685 πρὸς
3075 1612 3167 1666 τὸν
3218 1612 3465 1687 βασιλέα.
3515 1611 3796 1669 Ὠνείδισεν

2143 1701 2290 1773 αότῷ
2322 1702 2350 1754 6
2384 1700 2638 1775 βασιλεὺς
2667 1703 2730 1755 τὸ
2759 1697 2954 1774 ψεῦδος
3002 1700 3091 1755 καὶ
3145 1702 3245 1771 τὴν
3300 1703 3497 1778 φυγήν,
3531 1701 3796 1778 ὲχλεύασε

2144 1790 2241 1859 τὴν
2275 1787 2547 1857 δουλείαν,
2571 1787 2848 1860 ἐξεδίκησε
2875 1794 2971 1845 τοῦ
3028 1787 3223 1851 παιδὸς
3272 1790 3365 1844 τὸν
3426 1790 3613 1869 φόνον,
3664 1812 3791 1846 κατ-

2144 1879 2319 1954 έκρινε
2343 1882 2418 1953 (6)
2449 1880 2536 1934 καὶ
2570 1877 2659 1934 διὰ
2687 1880 2777 1934 τὸν
2835 1884 2943 1934 τῶν
3006 1877 3437 1955 δεσμοφυλάκων
3488 1881 3667 1955 φόνον·
3702 1879 3789 1935 ἐκ·

2147 1966 2372 2037 δαρῆναι
2401 1969 2493 2023 τὸν
2527 1969 2712 2039 Μάνην
2771 1973 3026 2043 Περσικῷ
3074 1968 3230 2042 νόμῳ
3282 1966 3627 2044 προστάττει.
3689 1970 3796 2025 Καὶ

2147 2059 2209 2113 τὸ
2245 2057 2338 2130 μὲν
2374 2055 2568 2113 λοιπὸν
2595 2062 2756 2130 σῶμα
2787 2058 2992 2133 θηρίων
3029 2055 3307 2133 παρεδόθη
3354 2058 3492 2133 βορᾷ
3644 2060 3707 2114 τὸ
3741 2057 3799 2113 δὲ

2147 2153 2251 2216 τῆς
2281 2146 2542 2218 κακίστης
2574 2150 2810 2223 γνώμης
2839 2143 3153 2223 δοχεῖον,τὸ
3200 2146 3394 2223 δέρμα,
3445 2144 3684 2212 θυλάκου
3715 2145 3799 2203 δί-

2151 2416 2415 2479 Photius,
2442 2418 2582 2470 Hist.
2616 2416 2883 2478 Manich.,
2910 2432 3040 2487 pag.
3083 2417 3206 2473 357.
3239 2415 3483 2471 Photius
3535 2416 3660 2471 vivo
3695 2415 3798 2471 de-

2151 2494 2399 2543 tractam
2431 2494 2628 2542 cutem
2661 2489 2871 2551 refert;
2898 2487 3059 2558 quod
3086 2494 3144 2543 et
3172 2487 3300 2559 ipsa
3328 2489 3642 2542 Persarum
3660 2505 3793 2543 cru-

2149 2560 2383 2625 delitas,
2417 2566 2476 2614 et
2506 2560 2659 2632 regis
2685 2560 2745 2613 in
2771 2561 2996 2614 Manem
3028 2560 3115 2614 ira
3163 2559 3517 2632 confirmat:
3568 2559 3796 2632 accedit

2151 2638 2211 2686 et
2236 2631 2552 2702 Epiphanii
2580 2630 3023 2685 testimonium.
3053 2631 3349 2702 arundine,
3373 2637 3440 2685 ut
3470 2630 3701 2701 longius
3733 2636 3792 2685 et

2150 2702 2337 2757 dirius
2354 2701 2525 2756 esset
2553 2702 2930 2773 supplicium.
2959 2701 3156 2772 pellem
3186 2702 3431 2757 avulsam
3456 2718 3789 2757 memoran-

2150 2774 2243 2828 tis.
2279 2775 2439 2828 Cutis
2471 2773 2576 2828 illa
2615 2791 2685 2828 ex
2740 2774 3028 2829 Archelao
3086 2774 3497 2829 medicamentis
3548 2776 3789 2842 infecta;

2150 2852 2349 2911 vento,
2383 2852 2449 2900 ut
2478 2846 2659 2899 refert
2690 2846 2955 2911 Photius,
2990 2845 3304 2916 innuitque
3340 2844 3677 2900 Archelaus.
3704 2846 3796 2898 in-

2149 2920 2283 2986 ﬂata
2310 2935 2332 2981 ;
2363 2924 2421 2971 et
2450 2918 2596 2971 utris
2624 2917 2682 2970 in
2702 2917 2937 2971 modum
2967 2916 3192 2986 infartis
3218 2916 3394 2986 paleis
3409 2917 3790 2987 distenta,przn

2152 2988 2399 3049 foribus.
2434 2994 2499 3042 ut
2528 2988 2778 3053 videtur,
2814 2989 2988 3059 regias
3012 3004 3302 3058 suspensa
3323 2988 3467 3055 fuit;
3515 2988 3665 3042 hanc
3686 3003 3792 3042 suo

2156 3066 2420 3130 tempore
2453 3059 2536 3113 ita
2564 3059 2929 3114 observatam
2966 3060 3026 3113 in
3048 3060 3287 3114 Perside
3310 3065 3513 3114 narrat
3541 3059 3794 3130 Epipha-

2158 3132 2313 3186 nius.
2350 3130 2594 3184 Manetis
2613 3147 2772 3185 mors
2796 3149 2927 3199 qua)
2950 3130 3326 3186 collationem
3351 3147 3484 3185 cum
3508 3130 3793 3184 Archelao

2152 3202 2415 3274 proxime
2443 3208 2642 3256 secuta
2674 3208 2781 3258 est.
2817 3219 2935 3274 non
2976 3208 3170 3273 potest
3216 3203 3373 3256 ultra
3410 3218 3635 3257 annum
3691 3202 3793 3255 278

2153 3273 2377 3328 differri
2406 3289 2418 3326 :
2453 3273 2770 3345 contigisse
2801 3273 3031 3329 videtur
3058 3290 3263 3328 mense
3298 3274 3501 3328 Martio
3532 3273 3790 3328 circafe-

2155 3360 2309 3399 stum
2337 3345 2777 3415 Paschatis,quo
2794 3352 3056 3416 tempore
3076 3345 3239 3400 illam
3264 3345 3566 3400 Manichaei
3588 3345 3792 3416 majori

2153 3416 2496 3471 celebritate
2528 3433 2704 3487 quam
2725 3415 3164 3488 ipsumPascha
3182 3416 3543 3481 recolehant,
3573 3415 3680 3470 sub
3699 3433 3798 3470 no-

2154 3488 2315 3542 mine
2348 3488 2698 3551 Bematis,ex
2734 3487 3151 3555 Aug.,lib.xvm
3183 3495 3325 3542 ront.
3378 3495 3717 3558 haustacap.
3742 3490 3795 3551 5,

2153 3565 2347 3615 erecto
2381 3560 2673 3626 videlicet,
2701 3565 2759 3613 et
2778 3560 3040 3630 quinque.
3077 3558 3357 3630 gradibus
3384 3559 3677 3613 instructo
3698 3558 3794 3613 tri-

2149 3631 2376 3694 bunali,
2412 3637 2469 3685 et
2500 3631 2775 3701 pretiosis
2798 3626 3005 3686 linteis
3035 3626 3494 3696 adornato,acin
3518 3636 3797 3701 promptu

2148 3702 2364 3774 posito.
2391 3709 2447 3756 et
2477 3703 2708 3774 objecto
2768 3702 3173 3758 adorantibus.
3233 3701 3418 3768 ldem,
3450 3708 3594 3758 cont.
3627 3705 3792 3771 epist.

2146 3776 2321 3840 Mam,
2343 3790 2469 3844 cap.
2498 3776 2564 3844 8,,
2585 3790 2624 3828 n
2653 3776 2722 3844 _9.

2219 3842 2495 3917 (4)166»!
2551 3842 2824 3917 talenti.
2883 3844 3091 3899 Melius
3148 3843 3209 3897 in
3296 3843 3492 3917 Siculo
3526 3843 3795 3917 _ponitur

2146 3912 2400 3998 ἐξαιφνης
2440 3912 2599 3998 ante
2628 3912 2944 3998 ἐξεπῄδησε,
2984 3918 3275 3998 {laterum
3331 3912 3619 3998 Archelao
3670 3916 3790 3970 viso

2146 3986 2345 4042 statim
2375 3987 2615 4058 quidem
2649 3986 2801 4042 elabi
2852 3986 3051 4058 voluit
3090 3988 3308 4049 Manes,
3361 3987 3464 4042 sed
3533 3987 3789 4042 alterum

2144 4075 2278 4113 cum
2303 4075 2372 4114 eo
2399 4057 2751 4113 conflictum
2803 4057 3058 4129 experiri
3090 4064 3329 4113 coactus
3359 4064 3461 4113 est.
3526 4059 3779 4125 Archel.,

2144 4147 2307 4185 num.
2344 4132 2429 4183 46.
2471 4131 2616 4184 Loco
2640 4129 2740 4195 τήν
2763 4128 3099 4194 τελευταίαν,
3133 4129 3303 4185 codd.
3339 4130 3479 4188 Roe.
3511 4129 3787 4193 Casaub.,

2143 4202 2342 4274 Co_is|.,
2396 4200 2494 4268 τήν
2538 4196 2802 4274 γὸευτέραν
2863 4201 2951 4254 καὶ
3011 4201 3196 4270 (addit
3222 4200 3401 4256 Coisl.
3451 4198 3790 4274 τήν)τελευ-

2139 4271 2317 4339 ταίαν,
2348 4273 2641 4329 secundam
2690 4271 2742 4328 et
2784 4280 3120 4343 postremam
3165 4276 3377 4341 fugam.
3430 4272 3608 4343 Atqui
3669 4290 3791 4328 non

2142 4344 2268 4399 haec
2300 4348 2579 4406 secunda,
2613 4344 2716 4400 sed
2759 4342 2934 4399 tertia
2978 4350 3105 4398 erat
3156 4344 3404 4416 Manetis
3451 4342 3607 4416 fuga.
3655 4360 3788 4399 cum

2140 4416 2395 4487 Cyrillus
2426 4432 2589 4471 num.
2625 4416 2995 4486 hujusinitio
3028 4415 3352 4470 secundam
3382 4415 3794 4485 numeretqua

2141 4504 2209 4541 ex
2247 4488 2372 4542 loco
2401 4487 2739 4542 collationis
2763 4487 2930 4555 fugit,
2964 4492 3022 4542 et
3055 4503 3306 4557 primam
3331 4503 3469 4541 cum
3500 4504 3529 4543 e
3551 4502 3784 4557 carcere

381 4564 517 4629 post
540 4547 922 4614 collationem
980 4556 1042 4610 in
1096 4555 1225 4629 vico
1272 4547 1529 4618 Diodori,
1578 4558 1749 4611 turbae
1780 4558 2031 4613 volebant
2063 4547 2110 4610 Ι)
2140 4558 2376 4629 elapsus
2408 4566 2499 4613 est
2552 4562 2746 4613 Manes
2779 4547 2975 4613 autem
3008 4547 3069 4612 id
3092 4558 3351 4613 secundo
3384 4557 3659 4629 conflictu
3691 4555 3780 4629 di-

383 4626 597 4684 Manem
628 4629 1071 4699 comprehensum
1096 4626 1321 4699 tradere
1336 4629 1616 4699 potestati,
1648 4629 2027 4697 barbarorum,

384 4700 442 4755 id
475 4707 565 4756 est
596 4698 929 4767 Persarum,
962 4716 1216 4770 quorum
1249 4698 1432 4772 aliqui
1486 4698 1661 4772 paulo
1708 4707 1843 4753 ante
1876 4701 2029 4772 regis

382 4774 662 4828 mandato
696 4775 921 4828 Mauem
952 4772 1342 4841 requirentes,
1378 4770 1436 4823 in
1459 4785 1591 4824 eum
1629 4770 1821 4825 locum
1844 4770 2027 4826 vene-

378 4851 531 4907 rant,
565 4860 632 4899 ac
655 4844 794 4899 licet
823 4844 1091 4899 Archelai
1119 4842 1498 4896 sermonibus
1530 4848 1831 4896 teneretur
1852 4860 2031 4913 popu-

376 4913 492 4971 lus.
526 4915 800 4967 nonnulli
835 4923 1031 4969 tamen
1059 4930 1195 4968 eum
1230 4914 1551 4974 fugientem
1577 4920 1718 4967 sunt
1752 4914 2027 4970 insecuti.

378 4984 593 5055 Archel
641 5001 785 5038 num
841 4988 927 5038 55.
963 4990 1037 5038 At
1066 4986 1431 5055 Epiphanius
1463 4993 1685 5041 narrat.
1739 5002 1900 5040 num.
1940 4990 2026 5055 11,

375 5054 659 5126 populum
685 5055 1035 5129 ardentibus
1066 5054 1541 5129 animis_Manem
1573 5055 1912 5129 discerpere
1930 5074 2025 5112 co-

373 5124 580 5201 flatum
613 5142 766 5187 esse,
788 5124 1082 5192 ἐπειρῶντο
1118 5127 1210 5178 τὸν
1246 5124 1532 5201 ἀλιτῇοιιιν
1567 5124 2022 5201 διαχειρίσασθαι,

378 5197 479 5252 sed
512 5197 703 5266 ipsum
741 5214 950 5251 manus
993 5213 1195 5251 eorum
1230 5199 1523 5269 effugisse.

450 5268 768 5340 (3iif’ersivo
798 5285 965 5322 more.
1002 5269 1143 5322 Nota
1168 5268 1561 5335 Persarum,in
1595 5270 2025 5340 exquisitorum

376 5339 800 5410 suppliciorum
813 5356 903 5397 .ac
917 5340 1242 5409 praesertim
1260 5340 1638 5395 detrahendae
1660 5339 1781 5396 vivo
1797 5342 2024 5398 homini

373 5412 525 5466 cutis
546 5427 674 5475 usu,
706 5427 885 5481 supra
904 5418 1147 5466 czeteros
1172 5410 1444 5465 homines
1462 5429 1528 5467 ac
1570 5412 1855 5468 barbaros
1880 5431 2023 5468 cru-

369 5482 687 5549 delitas,de
719 5498 833 5552 qua
864 5486 1115 5554 testatur
1141 5481 1619 5554 Theodoreturin
1645 5500 1847 5554 cap.vn
1877 5487 2020 5541 Dan.

368 5572 521 5611 vers.
563 5558 615 5615 5.
650 5569 785 5625 pag.
822 5554 946 5607 628.
970 5553 1227 5625 gyanetis
1254 5554 1611 5625 supplicium
1635 5553 1901 5611 referunt
1917 5561 2021 5612 Ar-

368 5621 811 5695 chelaus,i1um.
835 5626 937 5691 55;
965 5621 1279 5694 Epiphan.,
1304 5621 1514 5681 haeres.
1546 5642 1877 5694 va1,num.
1905 5631 1973 5682 12
2006 5645 2021 5693 ς

2140 4627 2532 4701 ligentissime
2563 4631 2924 4693 confutatus,
2984 4630 3046 4683 in
3108 4630 3421 4685 castellum
3470 4627 3788 4684 Arabionis

2141 4700 2293 4755 clam
2322 4702 2586 4773 aufugit;
2612 4719 2727 4771 quo
2761 4702 2821 4756 in
2851 4702 2979 4756 loco
3028 4700 3102 4756 ab
3159 4701 3309 4773 regis
3349 4702 3663 4773 Persarum
3695 4716 3785 4755 sa-

2141 4773 2431 4827 tellitibus
2454 4771 2922 4843 comprehensus
2937 4777 3044 4827 est.
3080 4775 3157 4827 Ex
3172 4771 3460 4827 Archelao
3485 4771 3611 4827 ibid
3641 4778 3788 4826 Ante

2134 4847 2242 4896 τῶν
2280 4846 2493 4912 Περσῶν
2526 4843 2865 4899 addidimus
2892 4847 2989 4897 τοῦ
3023 4861 3090 4898 ex
3121 4844 3298 4899 Coisl.
3333 4848 3399 4912 et
3418 4843 3531 4897 Sic.

2211 4918 2288 4981 (ὅ)
2323 4911 2594 4979 Μαθηταί.
2628 4915 2807 4970 Addit
2835 4916 3066 4971 Siculus
3097 4913 3170 4974 ὡς
3204 4911 3584 4986 Παράκλητον,
3616 4930 3777 4984 quem

2133 4987 2219 5041 sui
2246 4987 2503 5056 discipuli
2523 4987 2669 5042 velut
2697 4988 3047 5042 Paracletum
3071 4987 3330 5041 adorant.

2210 5060 2283 5129 t6)
2328 5055 2804 5129 rK’oztéxpweetc.
2856 5060 2981 5129 Pet.
3045 5057 3295 5119 Siculus.
3355 5055 3444 5109 καὶ
3498 5055 3781 5129 κατέκρινε

2134 5126 2223 5181 καὶ
2258 5124 2348 5181 διὰ
2367 5124 2550 5194 τοῦτο,
2582 5128 2671 5183 καὶ
2704 5125 2793 5183 διὰ
2811 5128 2927 5188 τόν,
2956 5136 3091 5189 etc.,
3120 5145 3350 5199 eumque
3380 5128 3785 5197 condemnavit,

2137 5207 2252 5255 tum
2276 5208 2510 5272 propter
2536 5202 2617 5263 id,
2651 5208 2768 5272 tum
2800 5208 3046 5270 propter,
3077 5206 3187 5256 etc.

2209 5268 2293 5341 (7f
2317 5268 2598 5340 Ηᾱρεδὸθη
2638 5268 2929 5344 βοοᾷξδὶο
2952 5272 3204 5344 legimus
3237 5272 3297 5326 in
3357 5270 3534 5344 codd.
3560 5268 3787 5344 Ottoh,

2136 5340 2275 5400 Hoc.
2310 5345 2533 5400 t‘asaub
2590 5340 2648 5398 et
2675 5345 2847 5414 Petro
2881 5343 3454 5414 Siculo,quanquam
3479 5342 3575 5397 hic
3604 5340 3780 5413 paulo

2134 5414 2577 5489 aliter,_01,ploz:
2603 5411 2882 5489 ,παρεδόθη
2932 5413 3089 5489 βορά,
3118 5411 3275 5489 ⁸γει-ιε
3298 5411 3315 5414 “
3336 5431 3455 5489 esea
3514 5411 3781 5489 traditam

2133 5493 2224 5540 est.
2264 5481 2567 5543 Editorum
2603 5481 2778 5542 lectio
2812 5481 2942 5542 esti
3000 5481 3204 5555 θηρίὲυν
3256 5481 3636 5554 παραδοθῆναι
3686 5482 3780 5554 βο-

2134 5557 2247 5626 ράν·
2268 5560 2385 5627 sed
2418 5560 2573 5615 male
2597 5558 2873 5615 convenit
2901 5575 3037 5615 cum
3058 5558 3233 5615 verbo
3251 5557 3505 5614 membri
3527 5570 3782 5627 sequen-

2133 5628 2231 5699 tis,
2252 5626 2558 5704 ἀνηρτήθη.
