4124 6260
394 376 514 439 597

1502 378 1985 441 CATECHESIS
2027 378 2131 441 VI.
2179 378 2281 439 DE
2323 378 2485 440 Ι]Νο
2524 379 2705 441 DEO.

3687 379 3808 444 598

405 508 590 580 μένον.
668 508 735 566 El
812 510 990 579 μισεῖς
1061 506 1159 569 τὰς
1230 504 1456 582 τροφὰς,
1512 506 1565 562 τί
1626 505 1905 580 μειδιῶντι
1963 511 2022 578 τῆ

2156 508 2364 564 festivo
2393 508 2558 565 vultu
2589 525 2723 564 eum
2751 508 2853 581 qui
2912 508 3019 564 tibi
3077 510 3295 577 attulit,
3327 510 3580 567 intuitus
3612 528 3674 567 es
3703 511 3732 568 ?
3761 511 3811 568 si

397 599 686 673 προσώπῳ
742 594 1034 669 ἐνέϐλςψας
1086 600 1161 668 (1)
1217 601 1298 668 τῷ
1348 598 1809 671 προσενέγκαντι;
1860 596 1905 651 εἰ
1962 600 2040 668 τῷ

393 687 661 763 ἐνέγκαντι
695 686 842 762 ἔχεις
873 689 1053 762 χάριν,
1095 684 1185 742 διὰ
1228 687 1282 741 τί
1335 688 1567 758 πέμπεις
1599 691 1677 757 τῷ
1707 685 2035 741 κατασκευά-

388 798 540 833 σαντι
571 777 661 832 καὶ
694 774 1167 850 δημιουργήσαντι
1217 780 1334 848 6εῷ
1366 780 1441 849 (2)
1491 777 1590 844 τήν
1641 774 1996 852 βλασφημίαν
2024 794 2038 843 ;

385 868 478 923 καὶ
536 866 726 938 πάλιν,
789 867 929 942 Ἐγώ
987 887 1046 921 σε
1099 866 1198 921 οὐκ
1254 864 1496 939 ἔσπειρα,
1551 868 1704 944 φησί·
1745 865 1976 941 σπαρείη
2011 866 2037 919 ὁ

388 957 609 1032 σπείρας
670 976 748 1013 σε.
812 958 952 1030 Ἐγώ
1008 977 1068 1010 σε
1123 956 1223 1011 οὐκ
1273 955 1487 1029 ἐθέριπα
1545 953 1799 1030 δρεπάνῃ·
1836 955 2039 1031 ἐκθερι-

384 1045 537 1115 σθείη
572 1047 600 1100 ὁ
633 1045 851 1114 θερίσας
882 1064 959 1103 σε.
997 1045 1138 1120 Ἐγώ
1185 1065 1242 1099 σε
1287 1045 1418 1119 πυρὶ
1448 1045 1552 1100 οὐκ
1580 1040 1831 1115 (Eumer
1866 1044 2041 1115 ὀπτή-

384 1134 502 1204 θείη
537 1135 565 1189 ὁ
597 1134 839 1202 ὀπτήσας
868 1154 945 1189 σε.
982 1132 1140 1190 Καλὰ
1168 1133 1234 1188 τὰ
1265 1128 1532 1206 ἀμοιϐαῖα
1568 1140 1668 1202 τῆς
1716 1152 1964 1210 χαριτος.

454 1230 574 1282 AI".
629 1225 861 1297 ΜεγάΛα
914 1223 1012 1297 μὲν
1063 1223 1221 1292 κακὰ,
1263 1222 1391 1279 ἀλλ’
1439 1222 1517 1279 ἔτι
1573 1223 1742 1299 μικρά
1788 1224 1925 1298 πρὸς
1972 1224 2040 1278 τὰ

384 1312 553 1370 ἄλλα.
587 1312 663 1370 Οὐ
691 1311 890 1386 τολμῶ
946 1312 1034 1368 ἐπὶ
1085 1310 1296 1388 ἀνδρῶν
1342 1312 1432 1368 καὶ
1474 1317 1742 1388 γυναικῶν
1790 1315 1853 1368 τὸ
1907 1312 2036 1368 λου-

374 1403 508 1477 τρὸν
534 1402 714 1458 αὐτῶν
755 1398 1139 1477 διηγήσασθαι·
1193 1401 1256 1456 οὐ
1306 1401 1505 1474 τολμῶ
1562 1401 1750 1471 εἰπεῖν,
1804 1400 1904 1457 τίνι
1939 1401 2040 1475 ἐμ·-

380 1487 677 1553 6ἀπτοντες
704 1492 804 1560 τὴν
840 1488 1062 1567 ἰσχάδα,
1097 1488 1311 1546 διδόασι
1344 1496 1461 1553 τοῖς
1495 1490 1728 1553 ἀθλίοις.
1784 1492 1882 1546 Διὰ
1912 1512 2038 1545 συσ-

384 1582 579 1653 σήμων
629 1577 686 1635 δί
741 1579 906 1653 μόνον
966 1578 1280 1648 δηλούσθω.
1337 1577 1571 1654 ’Ἄνδρες
1603 1580 1707 1655 γὰρ
1737 1580 1803 1635 τὰ
1834 1581 1888 1636 ἐν
1920 1585 2036 1646 τοῖς

376 1670 774 1741 ἰνυπνιασμοῐς
806 1668 1261 1742 ἐνθυμείσθωσαν,
1318 1669 1408 1724 καὶ
1464 1674 1713 1745 γυναῖκες
1760 1671 1827 1725 τὰ
1856 1671 1911 1726 ἐν
1939 1670 2036 1749 ἀφ’

372 1758 577 1834 ἐδροις.
632 1758 936 1832 Μιαίνομεν
970 1758 1198 1829 ἀληθῶς
1244 1758 1308 1813 τὸ
1357 1758 1536 1831 στόμα
1565 1765 1732 1814 ταῦτα
1763 1759 2036 1835 λέγοντες.

373 1851 468 1918 Μή
526 1848 806 1918 ’Έλληνες
852 1848 1064 1903 τούτων
1124 1849 1552 1922 μυσαρώτεροις

369 1960 460 1995 ται
492 1937 702 1994 τούτων
736 1937 1063 2011 ἀθλιώτεροι
1089 1941 1166 2011 (3)
1194 1956 1207 2006 ;
1263 1939 1338 2010 μή
1392 1935 1651 1995 Ἰουδαῖοι
1678 1939 1885 1993 τούτων
1919 1941 2040 1994 ἀπ’

372 2024 623 2102 ϐἑπιροι
655 2046 669 2096 ;
698 2028 773 2101 μὴ
809 2028 861 2082 οἱ
910 2025 1261 2104 πορνεύοντες
1310 2026 1522 2082 τούτων
1571 2015 2039 2103 ἀκαθαρτότεροι;

361 2118 425 2173 Ὀ
462 2117 559 2185 μὶν
592 2117 694 2192 γὰρ
728 2116 1052 2190 πορνεύσας,
1083 2117 1219 2191 πρὸς
1287 2117 1415 2189 μίαν
1468 2115 1613 2189 ὥραν
1647 2114 1716 2172 δι’
1748 2118 2040 2190 ἐπιθυμίαν

368 2207 523 2265 τελεῖ
577 2210 677 2278 τήν
739 2210 952 2283 πρᾶξιν·
1007 2209 1427 2282 καταγινώσκων
1504 2207 1562 2264 δὲ
1617 2216 1717 2279 τῆς
1775 2212 2038 2285 πράξεως¹

371 2298 449 2363 ὡς
482 2296 726 2372 μιανθείς
757 2299 833 2372 (4)
864 2293 981 2352 οἵδε
1002 2294 1238 2373 λουτροῦ
1260 2294 1642 2370 ἐπιδεόμενος,
1663 2298 1755 2353 καὶ
1785 2300 2017 2376 γινώωιε

436 2461 518 2535 (1)
548 2453 901 2535 Ἐνὲϐλεψαι.
939 2459 1026 2535 ‘Id
1085 2459 1334 2535 verbum
1367 2460 1526 2535 _loco
1583 2454 1897 2535 ἀπέϐλεψας
1928 2479 2036 2534 po-

296 2568 297 2571 η
370 2531 604 2588 suimus
635 2547 706 2586 ex
735 2530 905 2586 cedd.
936 2533 1056 2587 Roe
1083 2539 1142 2587 et
1171 2532 1421 2587 Casaub.

445 2604 675 2676 (2)_6u‘p
725 2604 869 2676 _Eam
901 2619 1103 2676 vocem
1162 2620 1294 2676 _quaa
1355 2604 1416 2658 in
1475 2604 1650 2667 editis
1706 2610 1842 2676 post
1878 2624 2039 2659 κατα-

372 2673 696 2747 σκελυᾲσαειτι
726 2673 962 2747 legitur.
995 2675 1109 2730 hoc
1161 2673 1293 2747 loco
1346 2673 1726 2747 reposuimus
1759 2693 1829 2732 ex
1859 2678 2031 2733 codd.

377 2745 585 2810 Coisl.,
617 2745 835 2810 Ottobi,
869 2747 1009 2812 Roe,
1044 2746 1295 2802 Casaub.

442 2822 518 2884 t3)
580 2814 953 2883 Ἀθλιώτεοοι.
1017 2817 1080 2872 lu
1158 2817 1333 2873 editis
1404 2818 1658 2873 habetur
1714 2816 2029 2888 ἆθεώτεροι,

370 2891 550 2959 magis
580 2887 749 2944 athei.
784 2888 1162 2944 Praetulimus
1211 2889 1566 2960 scripturam
1620 2890 1792 2946 codd.
1826 2887 2028 2960 Coisl.,

370 2960 793 3027 Roe,Casaub.,
827 2967 951 3015 tum
984 2960 1142 3033 quod
1163 2960 1480 3033 ASamaritis
1508 2961 1697 3033 legem
1742 2962 2029 3033 recipien-

370 3033 531 3087 tibus
548 3033 746 3104 minus
760 3030 1072 3087 convenire
1087 3030 1355 3087 videatur
1366 3030 2026 3104 atheorumappellatio,

376 3121 493 3175 qua
522 3103 778 3175 Cyrillus
801 3104 1113 3159 adversum
1138 3104 1448 3159 haereticos
1483 3106 1666 3161 Deum
1699 3103 2027 3160 creatorem

370 3183 686 3248 negantes:
712 3181 777 3248 et
797 3176 939 3248 legis
969 3182 1271 3248 auctorem
1304 3176 1691 3248 criminantes
1719 3178 1801 3230 uti
1836 3178 2020 3232 solet:

1616 1850 1692 1921 μή
1760 1856 2037 1950 ξαμαρεῖ·
2072 1886 2116 1950 Β

2149 600 2420 655 afferenti
2452 600 2632 655 habes
2653 601 2925 673 gratiam.
2959 617 3142 671 quare
3166 603 3392 657 auctori
3417 619 3484 657 ac
3513 601 3810 658 conditori

2149 691 2265 744 Deo
2297 690 2628 744 convicium
2680 690 3008 761 rependis?
3055 692 3395 761 lterumque
3440 692 3558 747 ait:
3600 693 3715 765 Ego
3749 698 3805 747 te

2148 795 2269 833 non
2302 779 2455 846 sevi;
2494 786 2723 834 seratur
2743 780 2845 834 ille
2867 779 2967 850 qui
2994 786 3049 835 te
3072 780 3255 846 sevit;
3285 796 3390 852 ego
3414 785 3469 834 te
3494 797 3614 835 non
3646 797 3801 836 mes-

2150 868 2238 922 sui
2273 867 2462 934 falce;
2496 868 2832 924 demetatur
2862 869 2963 939 qui
3009 874 3064 923 te
3114 868 3405 936 messuit;
3440 885 3544 941 ego
3578 874 3635 923 te
3663 869 3799 941 igne

2147 973 2268 1012 non
2300 957 2488 1013 assavi
2521 978 2536 1024 ;
2571 964 2802 1013 assetur
2851 958 2951 1029 qui
2987 964 3040 1013 te
3071 958 3305 1014 assavit.
3342 958 3629 1014 Praeclara
3658 974 3798 1014 sane

2147 1046 2497 1101 meritorum
2527 1047 2953 1103 remuneratio.

2220 1224 2473 1280 XXXIII.
2508 1227 2714 1297 Magna
2742 1224 2849 1280 illa
2878 1223 3121 1295 quidem
3174 1224 3335 1292 vitia,
3384 1224 3489 1280 sed
3541 1224 3799 1284 aliorum

2146 1315 2588 1384 comparatione
2638 1315 2866 1386 exigua.
2913 1316 3231 1370 Lavacrum
3280 1315 3546 1385 ipsorum
3591 1316 3666 1388 (5)
3696 1333 3797 1373 co-

2146 1420 2272 1458 ram
2301 1404 2439 1459 viris
2461 1410 2514 1459 et
2538 1404 2893 1459 mulieribus
2918 1420 3197 1460 enarrare
3221 1421 3340 1459 non
3363 1405 3800 1462 audeo.Vereor

2149 1492 2344 1548 dicere
2375 1494 2474 1561 (6),
2507 1494 2743 1549 cuinam
2768 1493 2854 1548 rei
2876 1493 3132 1549 caricam
3154 1494 3536 1566 intingentes,
3562 1495 3798 1551 miseris

2148 1583 2492 1655 porrigunt;
2527 1583 2709 1656 signis
2741 1583 3028 1639 duntaxat
3056 1584 3381 1655 detegatur.
3410 1584 3549 1650 Viri,
3575 1602 3705 1655 quas
3733 1586 3797 1641 in

2148 1673 2397 1727 somniis
2450 1673 2711 1727 illuduut
2766 1673 3057 1745 cogitent;
3116 1679 3176 1728 et
3232 1673 3533 1740 mulieres,
3567 1691 3699 1745 quas
3730 1675 3793 1731 in

2148 1763 2487 1818 menstruis.
2523 1764 2598 1818 Os
2640 1780 2848 1819 revera
2901 1763 3223 1835 polluimus
3254 1763 3367 1818 ista
3399 1764 3790 1834 proferentes.

2148 1852 2425 1922 Nunquid
2454 1852 2708 1924 gentiles
2739 1853 2868 1908 istis
2890 1852 3366 1908 detestabiliores
3386 1850 3414 1907 ‘?
3437 1869 3510 1908 an
3544 1853 3795 1910 Samari-

2149 1941 2272 1996 tani
2305 1942 2734 2006 sceleratiores,
2792 1948 2896 1997 aut
2949 1942 3115 2013 impii
3169 1942 3356 2014 magis
3384 1942 3621 1998 Judaei?
3645 1959 3791 1999 num

2148 2038 2505 2087 scortatores
2533 2032 2717 2104 magis
2744 2032 3010 2104 impuri?
3039 2033 3147 2097 Qui
3173 2033 3329 2087 enim
3352 2049 3566 2104 corpus
3587 2040 3791 2106 stupro

2145 2122 2380 2194 polluit,
2414 2140 2519 2195 per
2561 2139 2742 2178 unam
2792 2125 2999 2179 horam
3049 2123 3359 2178 libidinem
3390 2123 3624 2195 explet;
3658 2140 3796 2180 mox

2141 2210 2364 2266 factum
2421 2212 2849 2279 condemnans,
2911 2228 2971 2267 se
3020 2210 3107 2266 uti
3155 2211 3534 2282 inquinatum
3580 2212 3794 2268 balneo

2144 2314 2315 2371 egere
2347 2300 2509 2355 novit
2538 2302 2636 2372 (τ),
2670 2300 3094 2371 commissique
3128 2300 3219 2355 sui
3252 2299 3447 2355 scelus
3477 2306 3536 2354 et
3562 2300 3797 2356 fcedita-

2139 2461 2409 2517 nichaaus
2438 2463 2596 2533 apud
2630 2463 2965 2535 Augustin..
2995 2460 3100 2535 lib.
3125 2478 3163 2526 ι,
3191 2463 3426 2535 Degactis
3447 2477 3568 2517 cum
3592 2462 3791 2535 Felice,

2140 2550 2266 2604 cap.
2306 2536 2391 2615 t9,
2423 2551 2554 2616 pag.
2587 2533 3046 2616 ﬁtfbaptizari
3079 2534 3432 2616 blanichagus
3466 2540 3530 2588 ut
3572 2533 3648 2616 ab
3678 2534 3788 2616 ad:

2137 2605 2395 2659 versario
2424 2604 2532 2659 Dei
2593 2604 2942 2671 liberentur,
2998 2606 3167 2659 testis
3216 2611 3307 2659 est
3344 2605 3437 2659 his
3470 2604 3660 2660 verbis
3688 2621 3700 2659 :
3731 2607 3792 2662 Si

2137 2677 2485 2733 adversarius
2512 2677 2699 2731 nullus
2728 2685 2922 2732 contra
2960 2678 3130 2731 Deum
3188 2684 3285 2743 est,
3346 2675 3550 2746 utquid
3600 2677 3789 2747 bapti-

2136 2751 2249 2802 zati
2277 2752 2504 2803 sumus?
2525 2748 2812 2805 Secundo.
2844 2747 3223 2804 Athanasius.
3252 2753 3396 2801 orat.
3424 2750 3476 2814 2,
3505 2764 3669 2802 num.
3694 2750 3785 2813 43,

2135 2836 2266 2901 pag.
2298 2823 2422 2901 ὄις),
2456 2820 3044 2901 agnosceredvidetur
3096 2819 3470 2901 Manichmos,
3501 2820 3784 2901 Phryges,

2137 2890 2195 2944 et
2223 2890 2617 2946 Paulianistas
2663 2892 2956 2962 baptisma
2986 2896 3277 2957 conlerre,
3312 2890 3573 2946 recitatis
3605 2890 3783 2945 etiam

2136 2963 2313 3016 trium
2330 2979 2719 3033 personarum
2733 2963 3033 3017 vocabulis
3064 2962 3529 3017 Hieronimus.in
3554 2962 3778 3032 Dialogo

2133 3041 2327 3088 contra
2366 3036 2764 3103 Luciferianos,
2790 3052 2847 3105 p.
2875 3036 2997 3098 305,
3023 3033 3243 3087 Hilario
3271 3035 3551 3088 Romana:
3582 3034 3783 3105 Eccle-

2134 3105 2234 3159 siae
2268 3105 2517 3159 diacono
2549 3104 2980 3175 ob,iicit,’quod
3026 3105 3350 3175 baptizatos
3377 3121 3412 3159 a
3445 3104 3787 3160 Manichaais

2135 3183 2270 3231 ante
2303 3177 2560 3231 scliisma
2593 3176 2720 3229 sine
2751 3193 2898 3230 novo
2928 3176 3282 3248 baptismate
3312 3176 3643 3246 recipisset.
3669 3179 3787 3248 Au-

377 3253 503 3301 tum
534 3246 692 3328 quod
726 3246 984 3328 h‘ic‘non‘
1005 3247 1298 3328 agiturde
1332 3247 1702 3328 blasphemia
1731 3266 1845 3318 qua
1873 3250 2021 3328 [lens
2053 3253 2095 3318 C
2134 3248 2722 3328 ctorCommonitorii
2738 3246 3159 3328 gerecipienglis
3175 3247 3785 3328 Manicliaeis,Append.

374 3327 641 3390 negetur,
674 3318 779 3391 sed
818 3317 891 3391 de
940 3318 1225 3391 singulari
1272 3318 1615 3388 impuritate
1647 3327 1704 3373 et
1734 3317 2019 3391 nequitia.

382 3389 515 3444 Haec
545 3406 718 3462 porro
750 3390 823 3444 de
855 3389 1241 3444 Samaritanis
1272 3391 1549 3460 perioche
1580 3407 1614 3445 a
1645 3389 1843 3445 Siculo
1871 3410 2018 3462 prce-

377 3461 743 3516 termittitur.

438 3531 630 3601 (4)12;
696 3528 958 3602 μικνθείς.
1019 3530 1373 3588 Particulam
1430 3529 1505 3591 ὡς
1567 3530 1895 3602 adiecimus
1952 3550 2021 3588 ex

367 3604 570 3664 Coisl..
600 3604 818 3663 Ottob..
850 3605 1022 3657 Petro
1049 3604 1184 3670 Sic.,
1211 3606 1350 3665 Itoe,
1375 3602 1621 3658 Casaub.
1656 3605 1808 3658 Grod
1840 3606 2020 3660 Paulo

409 3682 521 3730 ost.
550 3674 801 3747 longua
820 3676 1133 3747 posuimus
1160 3692 1231 3747 ex
1281 3675 1416 3730 Sic..
1451 3691 1586 3730 cum
1615 3675 1675 3729 in
1707 3676 1883 3731 editis
1912 3678 2016 3732 ha-

409 3692 521 3730 ost.
555 3692 789 3746 Αουτρυυ
820 3692 1129 3747 posuimus
1160 3692 1229 3729 ex
1281 3692 1416 3730 διο..
1451 3696 1457 3726 ι

365 3692 578 3803 Beatur
605 3743 858 3819 λουτρόν,
892 3746 953 3801 in
984 3746 1185 3813 Coisl.,
1220 3744 1457 3819 λουτρῷ.

436 3822 511 3887 (5)
542 3817 846 3874 Lavacrum
888 3820 1151 3887 ipsorum.
1206 3819 1283 3872 De
1331 3818 1567 3872 lavacro
1599 3817 1864 3888 ipsorum
1897 3835 2019 3872 non

366 3890 693 3947 communi.
728 3890 832 3945 sed
862 3905 1050 3957 sacro,
1082 3889 1194 3944 hoc
1228 3895 1317 3943 est
1346 3888 1417 3943 de
1450 3889 2023 3960 baptismateJJyril-

369 3961 492 4016 lum
518 3962 842 4033 loquiejus
869 3978 1003 4015 cum
1032 3962 1296 4031 ipsorum
1319 3961 1673 4033 eucliaristia
1701 3964 2021 4030 conjuncta

370 4032 613 4088 mentio
654 4034 882 4088 suadet.
947 4033 1157 4086 Verum
1244 4032 1476 4087 exsistit
1531 4032 1818 4086 dubitatio
1876 4049 2018 4087 num

370 4104 734 4175 baptismum
765 4103 1163 4159 Christianum
1200 4102 1257 4157 in
1303 4120 1441 4158 suos
1472 4120 1615 4158 usus
1669 4105 2022 4159 admiserint

371 4174 701 4232 Manichaai.
737 4175 1119 4247 Augustinus.
1183 4174 1394 4247 haeresi
1452 4192 1594 4241 ιινι,
1631 4175 1782 4230 hanc
1815 4192 2016 4230 eorum

368 4249 727 4303 sententiam
762 4246 890 4301 esSe
944 4248 1141 4305 refert.
1199 4246 1558 4316 baptismum
1594 4247 1653 4300 in
1684 4264 1839 4317 aqua
1869 4247 2018 4301 nihil

368 4320 647 4391 cuiquam
668 4318 879 4374 salutis
894 4319 1107 4391 aflerre
1124 4335 1137 4383 ;
1157 4318 1414 4391 necillos
1429 4334 1787 4391 quemquam
1813 4335 2017 4391 eurum

411 4388 520 4446 uos
550 4391 863 4462 decipiunt
891 4388 1309 4462 baptizandum
1342 4396 1587 4462 putare;
1628 4389 1785 4462 quod
1817 4390 2016 4462 forsan

411 4408 520 4446 uos
550 4408 863 4462 αθοιριιιηι
891 4408 1309 4461 Dapuzanuum
1342 4408 1548 4458 putare
1574 4408 1587 4454 ;
1628 4408 1785 4458 quoa
1817 4408 2014 4444 lOl'Sﬂﬂ

367 4408 442 4518 ge
464 4462 785 4518 Catholicis
814 4466 917 4516 aut
945 4461 1169 4531 alioqui
1202 4459 1509 4530 baptizatis
1539 4459 2014 4531 intelligendum.

369 4534 494 4590 Lib.
529 4551 591 4589 ιιι
621 4539 765 4589 cont.
797 4533 985 4596 Petil.,
1035 4548 1163 4604 cap.
1209 4534 1293 4587 17.
1329 4547 1386 4585 n.
1422 4533 1511 4596 20,
1543 4538 1719 4604 negat
1748 4534 2018 4604 catechu-

2135 3320 2186 3373 S.
2223 3324 2367 3389 Aug.
2405 3326 2442 3373 t.
2479 3321 2618 3373 Vlll.
2645 3335 2700 3388 p.
2735 3321 2823 3383 38,
2849 3320 3117 3390 praecipit
3140 3324 3205 3371 ut
3225 3318 3396 3390 electi
3431 3318 3784 3372 Manichaeo-

2129 3407 2258 3471 rum
2295 3391 2575 3471 diuturno
2604 3389 3194 3471 _tempore‘probatim
3223 3389 3779 3471 tuncbaptizentur,

2133 3483 2159 3510 ‹‹
2186 3462 2230 3515 si
2260 3479 2373 3515 non
2399 3463 2616 3516 fuerint
2644 3461 2913 3531 baptizati
2942 3480 2955 3521 ;
2984 3462 3073 3514 vel
3095 3461 3634 3520 reconcilientur.si
3659 3478 3781 3532 pae-

2132 3554 2158 3582 «
2182 3533 2449 3587 nitentia:
2469 3533 2661 3587 locum
2683 3533 3049 3602 acceperint:
3080 3552 3102 3580 ιι
3125 3532 3281 3601 quod
3302 3538 3499 3587 tamen
3519 3532 3591 3587 de
3613 3549 3781 3602 apos-

2132 3605 2266 3658 tatis
2298 3605 2573 3658 Ecclesia)
2623 3603 2872 3674 intelligi
2908 3608 3119 3674 potest.
3159 3604 3409 3657 Basilius
3442 3605 3694 3673 epistola
3724 3608 3775 3664 1,

2127 3675 2201 3729 ad
2226 3675 2593 3743 Amphiloch..
2616 3690 2744 3728 can.
2774 3673 3219 3728 ifManichaeos.
3248 3674 3693 3729 Valentinianos
3721 3679 3779 3729 et

2129 3746 2503 3817 Marcionitas
2536 3746 2595 3799 in
2628 3761 2829 3798 eorum
2862 3744 3554 3817 ha'reticorumnumero
3587 3746 3775 3817 ponit,

2174 3834 2379 3871 uorum
2412 3816 2724 3888 baptisma.
2758 3822 3039 3886 tanquam
3067 3814 3775 3888 ablicclesiaetide‘rece-

2174 3835 2379 3871 uorum
2412 3835 2724 3888 Dilpllb'mil.
2758 3835 3039 3886 tanquam
3067 3835 3140 3868 an
3170 3835 3445 3869 ιιυιξιειηιω
3474 3835 3589 3869 uae
3616 3835 3775 3870 ΓΕΟΘ·

2129 3835 2278 3943 deus
2333 3888 2404 3943 ab
2439 3887 2609 3942 initio
2644 3888 2945 3956 reiectum.
2975 3886 3303 3940 Concilium
3343 3885 3577 3940 tandem
3611 3885 3780 3941 Trul-

2128 3960 2331 4014 lanum
2389 3977 2498 4014 can
2555 3962 2641 4013 95.
2675 3959 3045 4014 Μειιιίυὶιτιιοδ.
3078 3956 3521 4011 Valentinianos
3553 3965 3611 4011 et
3635 3959 3784 4011 Mar-

2129 4031 2378 4086 cionitas
2404 4049 2535 4086 cum
2569 4031 2786 4084 libellis
2807 4029 3287 4084 anathematismi
3311 4029 3543 4083 admitti
3574 4027 3779 4100 praeri-

2129 4104 2300 4185 piens
2350 4103 2503 4185 nihil
2625 4118 2774 4185 novo
2798 4100 3150 4185 baptismate
3180 4100 3460 4170 loquitur.
3498 4102 3781 4185 Constare

2130 4171 2308 4245 igitur
2332 4174 2883 4253 debetnManichzeos
2910 4172 3272 4253 baptismum
3309 4188 3648 4253 usurpasse“,
3674 4171 3777 4225 sed

2131 4243 2354 4301 tantam
2384 4246 2468 4299 illi
2503 4245 2823 4299 foeditatem
2855 4243 3267 4306 admiscuisse,
3300 4251 3364 4297 ut
3393 4260 3524 4298 eam
3555 4243 3775 4298 referre

2127 4317 2408 4390 Cyrillum
2444 4317 2736 4387 puduerit.

2198 4392 2275 4456 (6)
2318 4384 2521 4443 Vere—or
2550 4390 2746 4445 dicere.
2783 4391 2892 4441 etc.
2947 4388 3094 4441 Nota
3141 4384 3418 4440 omnibus
3448 4384 3689 4440 infamis
3720 4390 3779 4440 et

2128 4460 2413 4515 scelerata
2434 4460 2889 4514 Manichazorum
2917 4456 3275 4512 eucharistia
3320 4472 3475 4527 saepe
3500 4457 3573 4512 ab
3597 4456 3780 4511 eccle-

2128 4531 2384 4586 siasticis
2397 4530 2738 4586 auctoribus
2753 4547 2820 4585 ex
2837 4546 3039 4583 eorum
3055 4527 3426 4585 confessione
3445 4527 3778 4598 deprehen—

368 4621 582 4661 menos
609 4606 669 4660 in
699 4609 861 4659 secta
890 4599 1348 4659 Manichaeorum
1375 4602 1588 4668 vocari,
1616 4599 1900 4673 tanquam
1933 4603 2017 4657 eis
2049 4610 2094 4674 υ
2128 4619 2191 4658 sa
2216 4620 2229 4656 :
2258 4609 2378 4657 tum
2404 4620 2538 4656 vero
2564 4602 2758 4657 scelus
2786 4600 2934 4674 illud
2956 4618 3075 4674 non
3107 4601 3167 4674 i_n
3191 4599 3527 4674 universam
3551 4607 3773 4654 sectam

368 4675 704 4745 baptismus
723 4675 1081 4746 quandoque
1105 4674 1392 4730 debeatur
1435 4674 1488 4727 S.
1513 4674 1817 4729 Turribius
1846 4678 2017 4729 Astu-

367 4746 647 4813 ricensis,
697 4747 949 4818 epistola
994 4746 1067 4818 ad
1116 4748 1173 4802 S.
1199 4748 1436 4818 Leonem
1462 4746 1553 4818 _15,
1590 4749 1805 4818 cap».g5,
1839 4746 2019 4800 refert

370 4835 474 4875 eos
504 4835 625 4874 non
658 4819 716 4873 in
730 4816 916 4889 aqua,
940 4817 1043 4874 sed
1075 4818 1135 4873 in
1159 4816 1290 4871 oleo
1313 4816 1659 4889 baptizasse.
1690 4816 1757 4889 ld
1788 4817 2020 4872 Priscil-

368 4890 631 4947 lianistis
660 4890 722 4946 in
753 4888 1035 4962 Hispania
1077 4889 1276 4944 forsan
1317 4888 1634 4962 peculiare.
1684 4888 1924 4962 Photius
1954 4890 2016 4943 in

367 4960 876 5043 _HistAManichvp;
907 4961 1032 5043 35_3,
1066 4977 1164 5016 eos
1196 4977 1315 5042 non
1364 4960 1765 5043 conferresed
1797 4961 2015 5043 fingere

364 5034 664 5105 baptisma
695 5031 909 5099 refert;
944 5038 1002 5087 et
1030 5032 1297 5105 quamvis
1327 5049 1446 5087 non
1478 5031 1866 5105 baptizentur,
1888 5031 2014 5087 imo

365 5103 726 5188 baptismum
744 5103 1382 5188 conospuatn,qnuoniam
1400 5110 1597 5188 tamen
1617 5104 1676 5157 in
1691 5105 1768 5157 Ch
1781 5103 2012 5188 eis‘tum,

366 5174 555 5248 quise
576 5193 794 5248 aquam
817 5174 1004 5248 vivam
1036 5174 1212 5248 dixit,
1230 5174 1492 5248 credant.
1518 5175 1627 5229 hac
1649 5174 2018 5248 amphibolo-

362 5245 458 5321 gia
487 5245 823 5321 baptizatos
839 5264 900 5302 se
931 5247 1129 5301 dicere
1159 5263 1171 5301 :
1201 5245 1260 5300 id
1286 5245 1449 5321 quod
1482 5246 2010 5321 sumpsituPl-iotius

362 5316 434 5375 ex
464 5316 637 5375 Petro
670 5319 886 5376 Siculo.
908 5323 980 5387 _et
1010 5323 1144 5387 post
1180 5334 1283 5373 eos
1316 5316 1583 5371 refertur
1608 5317 1668 5371 in
1702 5316 1905 5371 libello
1940 5318 2009 5373 De

363 5335 434 5375 ex
464 5335 637 5375 retro
671 5335 886 5376 meum.
908 5335 980 5387 ,οι
1051 5335 1144 5373 os:
1180 5335 1283 5373 eos
1332 5335 1583 5371 l‘elCI‘tlII'
1608 5335 1668 5371 in
1702 5335 1905 5371 nneno
1940 5335 2009 5373 ue

363 5391 700 5446 anathemat.
732 5390 971 5446 Manich.
1004 5335 1216 5445 iiaresi.
1242 5393 1304 5443 At
1331 5389 1457 5443 hzec
1477 5387 1548 5443 de
1581 5389 2010 5460 posterioribus

361 5462 742 5527 Manicliaais;
774 5479 912 5518 nam
936 5462 1093 5517 tertii
1119 5466 1178 5515 et
1198 5461 1391 5529 quarti
1417 5462 1615 5515 smculi
1645 5461 2011 5531 temporibus

357 5531 655 5605 baptismo
688 5551 828 5590 usos
861 5534 996 5589 illos
1022 5549 1153 5605 esse
1179 5533 1364 5587 multa
1385 5531 1638 5605 probant
1682 5533 1878 5605 Primo
1904 5534 2013 5588 Μεις

358 5603 465 5660 nes
484 5606 557 5677 in
590 5606 744 5677 Disp.
780 5622 903 5661 cum
947 5604 1236 5663 Archelao.
1290 5603 1434 5677 num
1488 5606 1576 5659 50.
1609 5603 1680 5659 de
1712 5603 2008 5674 baptismo

357 5677 440 5732 sic
462 5676 748 5747 disputat,
777 5677 946 5747 quasi
967 5692 1171 5731 revera
1193 5676 1608 5730 remissionem
1633 5682 2008 5746 peccatorum

356 5762 477 5804 non
509 5748 796 5816 conferat,
822 5748 924 5803 sed
947 5752 1145 5803 tamen
1167 5763 1200 5801 a
1224 5763 1285 5800 se
1308 5752 1549 5817 propter
1568 5748 1783 5802 Christi
1817 5761 2008 5801 exem-

359 5818 935 5891 plumadhibeatur:
961 5824 1019 5873 et
1035 5818 1281 5874 omnino
1300 5818 1583 5889 supponit
1600 5818 1870 5891 Archelai
1893 5817 2008 5891 dis-

359 5889 588 5966 putatio
653 5890 1015 5964 baptismum
1046 5906 1081 5947 a
1110 5891 1337 5946 Manete
1389 5889 1648 5961 agnosci.
1711 5890 1867 5945 Felix
1897 5890 2007 5944 Ma-

2126 4674 2363 4729 refundi
2388 4674 2686 4739 volebant,
2711 4673 2815 4728 sed
2839 4673 2900 4726 in
2921 4672 3239 4743 specialem
3262 4672 3578 4742 quamdam
3602 4688 3637 4725 a
3657 4687 3772 4743 cm:

2128 4746 2270 4801 teris
2293 4746 2614 4802 schismate
2638 4745 2905 4807 divisam,
2929 4741 3059 4814 qua:
3082 4750 3282 4799 tamen
3307 4742 3438 4813 ipsa
3466 4741 3772 4796 Manichzei

2126 4818 2369 4890 nomine
2391 4818 2764 4890 gloriaretur,
2792 4824 2849 4870 et
2867 4816 2994 4885 ejus
3016 4814 3277 4890 ex_libris
3298 4815 3470 4869 istam
3494 4814 3777 4890 hauserat

2125 4885 2515 4959 impietatém.
2562 4891 2621 4943 V.
2676 4894 2839 4960 Aug.,
2869 4885 3097 4960 gbasresi
3141 4902 3286 4960 XLXI,
3328 4901 3461 4960 pag.
3494 4889 3583 4960 l5.
3613 4891 3673 4939 et
3702 4885 3773 4941 De

2124 4956 2329 5016 natura
2359 4961 2503 5032 boni.
2538 4977 2672 5032 cap:
2702 4956 2789 5013 47'.
2824 4958 2887 5032 ld_
2920 4960 3118 5013 Manes
3149 4975 3189 5032 ag
3211 4956 3565 5032 Ter_ebintho
3585 4972 3770 5032 ‘acce-

2124 5032 2284 5103 pisse
2315 5031 2565 5098 videtur,
2593 5028 2805 5086 saltem
2837 5029 2908 5085 ab
2941 5047 3009 5086 eo
3041 5029 3281 5103 magicas
3313 5028 3770 5097 incantationes,

2126 5101 2273 5173 quas
2305 5104 2367 5158 in
2399 5103 2575 5158 ticum
2611 5103 2958 5158 soeleratam
2993 5101 3392 5173 proferebant,
3426 5105 3596 5157 erant
3626 5118 3770 5173 pro-

2123 5172 2325 5229 fectae:
2358 5190 2555 5245 supra,
2579 5191 2721 5228 num
2769 5174 2856 5228 23.
2884 5174 3097 5227 Verum
3120 5172 3398 5245 pudenda
3419 5173 3522 5228 illa
3547 5172 3770 5245 eucha-

2121 5246 2289 5300 ristia
2312 5242 2611 5300 Simonem
2637 5247 2863 5313 Magum
2888 5250 2947 5297 et
2964 5244 3272 5299 Gnosticos
3291 5250 3562 5299 auctores
3584 5242 3770 5298 habe-

2123 5317 2241 5376 bat.
2276 5334 2343 5371 ex
2376 5317 2607 5388 Epiph.,
2642 5315 2852 5370 haeresi
2884 5332 2999 5382 χχι,
3052 5332 3111 5369 n.
3163 5318 3217 5382 4,
3273 5323 3332 5370 et
3368 5315 3581 5370 haeresi
3614 5330 3768 5379 xxvn,

2122 5406 2180 5444 n.
2215 5390 2267 5442 4.

2194 5464 2265 5519 t7)
2294 5460 2362 5513 Se
2395 5499 2409 5512 .
2455 5500 2466 5511 .
2515 5499 2526 5511 .
2571 5458 2762 5512 balneo
2793 5474 2947 5526 egere
2976 5459 3147 5511 novit.
3183 5456 3387 5513 Balnei
3418 5474 3589 5512 usum
3634 5460 3769 5527 post

2119 5529 2401 5586 fmdatum
2436 5529 2659 5584 scelere
2691 5525 2907 5599 corpus
2952 5545 3069 5583 non
3093 5546 3127 5584 a
3148 5530 3392 5600 paganis
3414 5525 3768 5600 solum,_sed

2120 5618 2154 5656 a
2184 5600 2533 5656 L'hristianis
2558 5601 2734 5656 etiam
2759 5598 3113 5658 adhibitum.
3142 5598 3321 5654 testes
3347 5607 3563 5668 praeter
3583 5598 3771 5669 Cyril-

2118 5672 2265 5738 lum,
2298 5673 2776 5745 Chrysostomus,
2808 5672 2967 5728 hom.
3000 5674 3033 5745 β
3097 5673 3155 5724 in
3202 5671 3262 5723 II
3308 5673 3469 5745 Tini”
3503 5686 3613 5739 pag
3638 5669 3768 5745 _580

2120 5750 2177 5816 et
2197 5748 2322 5806 582.
2357 5738 2604 5799 et'hom.
2641 5745 2705 5798 18
2762 5746 2819 5800 in
2875 5746 2933 5799 ΙΙ
2984 5743 3129 5807 (.‘or.,
3165 5756 3295 5816 pag.
3336 5740 3455 5816 181:,
3488 5738 3605 5807 quo
3637 5738 3766 5816 loco

2116 5815 2175 5870 id
2208 5816 2269 5872 in
2293 5817 2437 5873 solis
2458 5834 2588 5888 quae
2612 5833 2717 5888 per
2737 5831 2975 5871 carnem
3002 5810 3456 5888 committuntur
3484 5810 3766 5887 peccatis,

2115 5892 2175 5943 et
2201 5884 2522 5961 antequam
2546 5884 2876 5943 in'domum
2898 5884 3359 5948 reverterentur,
3382 5884 3655 5948 usurpari
3678 5892 3772 5933 as-
