4132 6266
376 366 495 425 607

1428 365 1491 426 S.
1537 361 1861 424 CYRILLI
1902 355 2317 419 HIEROSOL.
2362 361 2730 423 ARCHIEP.

3667 372 3784 431 608

387 497 1362 555 conveniuntadversusDominum
1376 494 2028 554 etadversusChristum

2163 490 2276 545 ιατᾶ
2303 496 2404 546 τοῦ
2435 492 2657 569 Κυρίου,
2714 495 2805 549 καὶ
2862 496 2998 551 κατὰ
3047 500 3145 552 τοῦ
3202 499 3438 573 Χριστοῦ
3467 500 3662 568 αὐτοῦ,
3693 522 3787 557 νο-

383 589 512 661 ejus
528 586 1012 651 “ﬂexistimantes
1028 589 1354 644 amicitiam
1387 589 1576 643 Patris
1595 588 1741 643 citra
1756 585 2037 658 pietatem

383 677 444 731 in
477 676 525 711 ⁴⁹
552 677 766 732 Filium
798 694 972 748 posse
992 680 1352 749 seconsequi
1373 678 1541 743 ;dum
1578 674 2038 748 ignorant,quod

396 789 422 817 «
450 782 629 822 nemo
661 767 822 820 venit
845 766 919 821 ad
951 768 1206 835 Patrem,
1238 768 1355 822 nisi
1406 784 1512 839 per
1556 767 1771 821 Filium
1820 766 1864 801 ⁸ο
1888 788 1915 814 ››
1951 763 2036 818 di-

394 861 660 911 centem:
689 878 714 904 «
742 856 857 927 Ego
881 872 1009 911 sum
1030 858 1249 911 ostium
1268 857 1313 891 ³¹
1341 874 1353 923 ;
1388 863 1438 911 et
1459 874 1477 911 :
1500 858 1615 928 Ego
1648 871 1779 911 sum
1811 855 1906 909 via
1923 853 1990 908 3’.
2011 876 2039 902 »

386 945 497 1010 Qui
523 960 657 1016 ergo
689 944 889 1016 rejicit
915 945 1068 999 viam
1102 962 1234 1016 quae
1261 946 1427 1001 ducit
1454 946 1529 1001 ad
1560 947 1817 1004 Patrem.
1850 949 1909 999 et
1938 942 2040 1013 qui

387 1035 611 1089 ostium
640 1040 836 1104 negat.
872 1035 921 1089 is
943 1035 1241 1107 quomodo
1272 1036 1576 1108 ingressus
1606 1035 1681 1090 ad
1716 1035 1898 1089 Deum
1930 1033 2041 1087 ho-

387 1139 534 1179 nore
560 1122 957 1194 dignabitur?
1006 1123 1430 1180 Contradicunt
1485 1141 1620 1180 vero
1679 1125 1752 1179 iis
1800 1140 1932 1193 qua)
1980 1123 2042 1178 in

385 1213 793 1286 octuagesimo
811 1219 1012 1268 octavo
1034 1213 1266 1285 psalmo
1299 1214 1520 1285 scripta
1551 1220 1690 1269 sunt
1713 1230 1724 1268 :
1746 1236 1773 1264 ‹‹
1798 1214 1927 1283 Ipso
1950 1213 2042 1267 in-

383 1326 412 1355 ‹‹
438 1303 669 1358 vocabit
689 1320 804 1363 me.
840 1305 1013 1359 Pater
1039 1321 1205 1359 meus
1236 1321 1298 1360 es
1332 1310 1414 1368 tu,
1449 1306 1601 1359 Deus
1632 1313 1884 1359 meus.et
1913 1320 2043 1359 sus-

395 1414 422 1447 (ι
449 1398 656 1463 ceptor
677 1392 885 1447 salutis
915 1408 1084 1447 meai.
1118 1395 1186 1447 Et
1218 1409 1321 1465 ego
1345 1394 1803 1466 primogenitum
1826 1409 2043 1465 ponam
2084 1428 2091 1433 -

399 1503 426 1531 «
444 1481 943 1541 illum.excelsum
967 1499 1087 1553 praa
1112 1483 1346 1555 regibus
1370 1484 1652 1539 terrm‘”.~
1672 1483 1898 1538 Sienim
1920 1483 2046 1537 haec

394 1571 461 1627 in
511 1571 811 1642 Davidem,
856 1571 945 1626 vel
1003 1572 1403 1640 Salomonem,
1466 1579 1568 1628 aut
1633 1590 2046 1629 successorum

402 1661 744 1732 quempiam
802 1663 1188 1732 pronuntiata
1242 1662 1696 1727 contenderint;
1730 1663 2051 1718 ostendant

402 1750 701 1821 quomodo
732 1749 962 1805 thronus
982 1750 1180 1822 ejus“,
1215 1751 1315 1822 qui
1365 1768 1571 1806 eorum
1620 1752 1903 1823 Opinione
1944 1768 2050 1823 per

2149 579 2397 651 μίζοντες
2453 585 2549 655 (ll,
2610 584 2692 637 ὅτι
2752 582 2977 639 δυνατόν
3035 584 3146 641 ἐστι
3207 587 3377 661 Πατρὶ
3434 588 3789 666 φιλιωθῆναι,

2145 668 2322 743 χωρὶς
2350 677 2450 738 τῆς
2508 671 2584 734 είς
2630 673 2724 728 τὸν
2781 674 2904 728 Υἲὸν
2962 669 3256 742 εὐσεϐείας,
3315 678 3653 753 ἀγνοοῦντες.
3710 682 3794 737 δτι

2146 755 2326 820 οὐδεὶς
2358 757 2575 835 ἔρχεται
2609 762 2744 837 πρὸς
2772 764 2866 819 τὸν
2895 766 3126 839 Πατέρα,
3159 766 3205 821 εί
3265 768 3342 839 μὴ
3405 764 3493 822 διὰ
3521 773 3618 823 τοῦ
3643 770 3794 841 Υἱοῦ,

2143 851 2240 902 τοῦ
2272 848 2546 925 λέγοντος·
2581 853 2722 929 Ἐγώ
2761 852 2941 928 ε”μιή
3006 856 3160 930 θ’ὂρω
3212 858 3329 927 καὶ,
3387 859 3529 934 Ἐγώ
3586 860 3702 933 εἶμι
3755 864 3789 932 ἡ

2148 934 2295 1000 ὁδός.
2327 939 2389 995 Ὀ
2436 940 2618 995 τοίνυν
2686 946 2766 1017 (2)
2837 944 2940 1014 τὴν
3016 942 3141 1000 ὁδὸν
3202 948 3636 1020 παραιτούμενος
3692 951 3790 1018 τήν

2148 1024 2455 1102 ἀπάγουσαν
2480 1030 2616 1105 πρὸς
2645 1034 2738 1086 τὸν
2788 1034 3023 1108 Πατέρα,
3080 1033 3169 1090 καὶ
3231 1035 3259 1089 ὁ
3316 1036 3417 1102 τήν
3470 1035 3635 1112 θύραν
3696 1038 3796 1115 ἆρ-

2146 1114 2426 1188 νοῦμενος,
2460 1123 2578 1181 πῶς
2608 1126 2709 1189 τῆς
2738 1121 2876 1195 πρὸς
2927 1122 3020 1177 τὸν
3078 1124 3208 1179 Θεὸν
3257 1122 3472 1180 εἰσόδου
3527 1114 3794 1198 καταξιῶ·

2150 1205 2419 1276 Hatram;
2470 1207 2845 1283 ἀντιλέγοντες
2902 1208 2960 1266 δὲ
3015 1211 3103 1267 καὶ
3142 1218 3258 1276 τοῖς
3335 1212 3389 1269 ἐν
3444 1213 3797 1290 ὀγδοηκοστῷ

2151 1293 2330 1369 ὀγδόῳ
2360 1296 2567 1371 ψαλμῷ
2617 1299 3047 1375 γεγραμμένοις,
3104 1323 3191 1372 το,
3249 1301 3427 1366 Δῦτδς
3484 1303 3801 1362 ἐπικαλέσε-

2147 1383 2236 1439 ταί
2287 1406 2374 1458 με,
2443 1389 2627 1463 Πατήρ
2690 1411 2796 1462 μου
2827 1390 2875 1445 εἶ
2930 1389 3015 1460 σὺ,
3074 1391 3204 1455 Θεός
3258 1413 3364 1466 μου
3420 1393 3511 1449 καὶ
3569 1394 3800 1465 ἀντιλή-

2152 1494 2305 1550 πτωρ
2363 1482 2465 1544 τῆς
2519 1478 2792 1553 σωτηρίας
2867 1500 2995 1553 μου.
3078 1480 3240 1557 Κάγὼ
3291 1483 3640 1554 πρωτότοκον
3698 1486 3801 1554 θῆ-

2154 1584 2318 1636 σομαι
2379 1563 2562 1634 αὐτὸν,
2621 1566 2832 1640 ὑψηλὸν
2910 1570 3058 1643 παρᾶ
3135 1575 3254 1633 τοῖς
3332 1569 3615 1645 βασιλεῦσι
3699 1573 3801 1642 τῆς

2153 1659 2278 1727 γῆς.
2314 1653 2377 1709 Εἰ
2409 1654 2512 1728 γὰρ
2541 1658 2709 1710 ταῦτα
2738 1657 2876 1731 πρὸς
2901 1658 2997 1713 τὸν
3048 1653 3238 1726 Δαόἶδ,
3269 1659 3306 1728 ἢ
3340 1660 3703 1732 Σολομῶντα,
3760 1657 3797 1731 ἤ

2152 1742 2241 1797 καί
2271 1764 2388 1797 τινα
2441 1749 2550 1799 τῶν
2605 1746 2836 1816 καθεξῆς
2892 1745 3137 1820 εἰρῆσθαι
3202 1750 3496 1823 βιάζοιντο·
3543 1747 3802 1824 δειξάτω-

400 1839 775 1911 prophetiam
807 1840 1172 1912 designatur,
1192 1841 1271 1895 sit
1305 1840 1462 1896 velut
1500 1840 1628 1895 dies
1649 1841 1797 1899 caeli.
1819 1848 1869 1895 et
1893 1841 2046 1895 sicut

2163 1852 2249 1886 σαν
2283 1838 2400 1895 πῶς
2430 1834 2458 1887 ὁ
2497 1834 2688 1907 θρόνος
2735 1834 2931 1890 τούτου
2979 1840 3075 1891 τοῦ
3132 1837 3616 1915 προφητευομένου
3672 1842 3801 1916 παρ’

398 1950 425 1977 ‹ι
456 1927 546 1982 sol
578 1928 641 1983 in
701 1935 1020 2000 conspectu
1070 1929 1191 1992 Dei.
1225 1935 1284 1984 et
1314 1929 1467 1984 sicut
1502 1929 1645 1984 luna
1692 1928 1951 2000 perfecta
1980 1930 2043 1983 in

402 2037 430 2067 α
462 2022 751 2072 mtcrnum
773 2017 873 2072 ⁸⁸.»
896 2019 1200 2083 Quomodo
1216 2025 1274 2073 et
1302 2018 1449 2074 illud
1464 2036 1585 2074 non
1599 2018 2045 2089 verenturquod

400 2106 686 2178 scriptum
720 2113 840 2163 est:
869 2132 889 2156 -
916 2110 996 2162 Ex
1015 2114 1176 2163 :ztero
1199 2114 1336 2164 ante
1355 2108 1662 2165 luciferum
1683 2108 1861 2181 genui
1894 2107 2042 2173 te“;

402 2218 430 2248 ‹‹
455 2203 507 2251 et
526 2197 699 2252 illud:
725 2197 1104 2253 Permanebit
1125 2214 1258 2252 cum
1293 2199 1417 2253 sole
1450 2205 1510 2253 et
1537 2205 1673 2253 ante
1707 2199 2046 2270 lunam,ge-

399 2307 427 2336 ‹‹
460 2286 801 2341 nerationes
830 2288 1283 2359 generationum
1307 2287 1441 2343 ‘7?»
1500 2289 1640 2352 Quas
1689 2287 1930 2359 quidem
1969 2286 2044 2343 ad

396 2375 701 2431 hominem
731 2376 975 2433 referre.
1007 2377 1449 2449 ingratitudinis
1479 2384 1758 2433 extremas
1798 2378 2043 2449 plenum

395 2471 572 2536 atque
604 2466 887 2520 refertum
920 2471 1027 2519 est-

464 2643 558 2700 llI.
592 2632 807 2698 Verum
829 2642 1010 2698 Judaei
1032 2649 1199 2699 sueto
1224 2644 1660 2700 incredulitatis
1682 2662 1824 2713 sum,
1841 2651 1963 2701 tum
1979 2646 2039 2700 in

396 2734 512 2799 his,
545 2737 671 2789 tum
703 2734 765 2788 in
797 2733 1094 2789 similibus
1118 2733 1431 2805 Scriptura:
1446 2736 1780 2795 sententiis.
1804 2735 2041 2807 quando

395 2822 479 2877 ita
514 2823 953 2879 volunt.morbo
986 2825 1442 2879 teneantur.l\'os
1473 2841 1630 2885 vero.
1663 2842 1840 2895 quam
1871 2826 2044 2880 docet

400 2910 570 2972 ﬁdes.
619 2913 900 2983 pietatem
934 2913 1313 2984 recipiamus.
1347 2913 1532 2968 Deum
1569 2930 1777 2981 unum,
1807 2915 2041 2970 Patrem

400 3001 615 3056 Christi
650 3001 1101 3067 adorantes.Qui
1136 3002 1293 3057 enim
1328 3003 1607 3059 omnibus
1626 3003 1901 3076 gignendi
1928 3005 2041 3059 vim

395 3091 737 3163 impartitur
755 3093 997 3159 “,illum
1029 3094 1321 3164 ejusmodi
1342 3093 1625 3166 dignitate
1643 3095 2043 3150 fraudareim-

396 3181 561 3252 pium
598 3197 739 3236 sane
770 3182 968 3238 fuerit.
1000 3184 1071 3236 Et
1099 3183 1412 3238 credamus
1443 3182 1503 3237 in
1541 3200 1710 3238 unum
1743 3187 1910 3239 Deum
1940 3187 2044 3240 Pa-

2158 1920 2364 1989 αὖτοῖς,
2399 1917 2540 1976 ἔστιν
2570 1923 2644 1984 ὡς
2697 1924 2749 1978 αἱ
2807 1923 3009 1998 ἡμέραι
3066 1930 3164 1981 τοῦ
3220 1926 3482 2003 οὐρανοῦ,
3525 1928 3615 1984 καὶ
3646 1930 3721 1992 ὡς
3774 1930 3804 1984 ὃ

2154 2008 2319 2081 ἣλιος
2377 2010 2618 2066 ἐναντίον
2674 2016 2773 2067 τοῦ
2825 2019 2981 2086 Θεοῦ,
3039 2015 3126 2070 καὶ
3188 2015 3262 2077 ὡς
3322 2018 3357 2086 ὴ
3410 2014 3614 2089 σελήνη
3677 2039 3801 2074 κατ-

2155 2101 2457 2173 ηρτισμένη
2520 2100 2598 2164 ε’ς
2652 2103 2743 2157 τὸν
2830 2101 3021 2159 αἰῶνα.
3109 2108 3233 2166 Πῶς
3294 2103 3353 2159 δὶ
3400 2107 3490 2160 καὶ
3545 2106 3608 2161 οὗ
3677 2103 3803 2162 δυσ-

2154 2191 2429 2243 ωποῦνται
2458 2189 2521 2244 τὸ
2568 2191 2978 2265 γεγραμμένον,
3006 2192 3089 2260 τὸ,
3149 2192 3243 2248 Ἐκ
3296 2194 3532 2269 γαστρὸς
3564 2198 3639 2268 (3)
3697 2196 3804 2271 πρὸ

2155 2277 2435 2356 ἓωσιρόρου
2491 2278 2753 2354 ἐγέννησα
2799 2302 2876 2349 σε,
2934 2282 3023 2336 καὶ
3079 2282 3163 2352 τὸ,
3244 2288 3676 2359 Συμπαραμενεῖ
3729 2288 3808 2358 τῷ

2151 2363 2300 2440 ἡλίῳ
2358 2367 2448 2422 καὶ
2505 2369 2611 2442 πρὸ
2673 2376 2774 2438 τῆς
2832 2367 3095 2441 σελήνης,
3154 2370 3344 2447 γενεὰς
3419 2377 3621 2446 γενεῶν
3674 2377 3801 2447 (4);

2149 2467 2321 2531 *Απερ
2382 2455 2464 2511 ἐπ’
2523 2455 2807 2533 ἄνθρωπον
2862 2459 3166 2537 ἀναφέρειν,
3228 2459 3407 2532 πάσης
3482 2461 3812 2537 ἀγνωμοσύ-

2150 2569 2251 2617 νης
2280 2543 2568 2602 ἀνάπλεων
2602 2547 2692 2602 καὶ
2728 2548 2952 2621 μεστόν.

2225 2642 2293 2694 I“.
2325 2634 2479 2693 Ἀλλ’
2510 2634 2767 2694 Ἰουδαῖοι
2804 2639 2899 2709 μὲν
2921 2639 2989 2694 τὰ
3042 2637 3247 2709 σῦνηθη
3301 2645 3401 2709 τῆς
3432 2638 3686 2704 ἀπιστίας
3743 2638 3793 2698 ἓν

2146 2746 2205 2781 τε
2233 2731 2349 2787 τοῖς
2408 2725 2597 2802 ῥητοῖς
2651 2727 2889 2794 τούτοις,
2941 2727 3029 2782 καὶ
3090 2728 3142 2782 ἐν
3198 2729 3316 2791 τοῖς
3364 2728 3794 2804 παραπλησίοις,

2148 2813 2337 2886 ἐπειδή
2375 2816 2691 2892 βούλονται,
2716 2817 3061 2876 νοσείτωσαν,
3092 2819 3286 2891 Ἡμεῖς
3345 2816 3403 2874 δὶ
3431 2820 3491 2874 τὸ
3547 2825 3650 2881 τίς
3696 2820 3795 2874 πί-

2150 2927 2317 2970 στεως
2338 2902 2550 2969 εὐσεϐὲς
2576 2902 3045 2979 ἀναλαμϐάνωμεν
3078 2911 3174 2979 (5),
3233 2908 3364 2963 Θεὸν
3394 2903 3488 2963 ἕνα
3538 2909 3629 2963 τὸν
3683 2914 3792 2964 Πα-

2148 2996 2276 3069 τέρα
2305 3000 2401 3050 τοῦ
2432 2996 2667 3067 Χριστοῦ
2697 2998 3123 3069 προσκυνοῦντες
3171 2996 3280 3068 (τὸν
3339 2997 3440 3072 γὰρ
3493 3002 3611 3061 τοῖς
3666 3002 3792 3052 πᾶσι

2147 3085 2211 3140 τὸ
2242 3090 2429 3159 γεννᾷν
2463 3086 2849 3161 χαριζόμενον,
2881 3089 3077 3141 τοῦτον
3104 3092 3207 3155 τῆς
3239 3090 3314 3159 (6)
3340 3086 3600 3157 τοιαύτης
3650 3087 3796 3157 ἀξίας

2158 3175 2470 3250 ἀποστερεῖν
2532 3175 2790 3248 ἀνόσιον)·
2848 3175 2938 3230 καὶ
2996 3173 3335 3249 πιστεύωμεν
3387 3176 3461 3237 εἷς
3527 3172 3619 3231 ἕνα
3672 3175 3801 3231 Θεὸν

398 3228 561 3252 τη...
598 3228 738 3236 --.η
772 3228 968 3238 -_----.
1002 3228 1070 3236 ..-
1102 3228 1411 3238 --η-...η
1543 3228 1710 3238 .........
1743 3228 1910 3239 --.πη
1940 3228 1965 3240 ..
1987 3228 2020 3239 ..

398 3275 535 3322 trem
558 3287 580 3332 ;
610 3275 677 3322 ut
705 3269 881 3323 etiam
926 3274 1062 3324 ante
1120 3271 1585 3343 disputationem
1617 3288 1651 3327 a
1682 3272 1877 3337 nobis,
1910 3290 2040 3343 quas

2163 3267 2390 3338 Πατέρα,
2420 3263 2510 3318 ἳνα
2557 3264 2647 3319 καὶ
2706 3262 2813 3338 πρὸ
2868 3268 2977 3319 τῶν
3039 3264 3162 3339 περὶ
3218 3269 3449 3341 Χριστοῦ
3505 3267 3805 3336 κινηθησο-

396 3354 469 3412 de
502 3356 733 3411 Christo
763 3357 1001 3427 plenius
1031 3357 1715 3425 doceat.instituendam,
1751 3360 2045 3433 Unigeniti

399 3444 547 3501 ﬁdes
569 3444 940 3500 audientium
966 3445 1027 3500 in
1057 3447 1254 3504 anima
1282 3449 1576 3521 deﬁgatur
1600 3468 1612 3516 ;
1632 3466 1705 3505 ne
1730 3453 1766 3505 1
1784 3453 1884 3505 14
1913 3456 2043 3505 tan-

399 3534 595 3592 tillum
627 3534 869 3604 quidem
901 3535 974 3591 ob
997 3536 1384 3609 interpositos
1413 3539 1485 3594 de
1517 3541 1687 3595 Patre
1738 3557 2046 3597 sermones

400 3631 692 3696 separata.
1114 3619 1123 3627 ’

469 3716 565 3771 ιν.
606 3716 796 3771 Patris
824 3717 983 3773 enim
1007 3734 1225 3774 nomen
1260 3736 1366 3775 sua
1404 3720 1593 3792 ipsius
1623 3722 2044 3793 appellatione,

395 3807 526 3864 Filii
548 3809 819 3864 notitiam
837 3809 1015 3865 simul
1034 3811 1488 3880 subjicitanimo
1506 3829 1520 3867 :
1540 3814 2046 3885 quemadmodum

397 3897 675 3953 similiter
704 3899 804 3970 qui
832 3899 1045 3954 Filium
1078 3901 1427 3969 nominavit,
1462 3903 1662 3957 statim
1680 3920 1916 3974 quoque
1938 3906 2045 3958 Pa-

397 3990 552 4042 trem
579 3988 935 4060 cogitatione
967 3988 1311 4060 complexus
1368 3995 1476 4044 est.
1540 3991 1596 4044 Si
1640 3991 1800 4046 enim
1850 3994 2045 4060 Pater,

402 4075 646 4131 omnino
680 4076 809 4132 Filii
837 4078 1011 4132 Pater
1041 4082 1161 4143 est;
1206 4083 1264 4132 et
1286 4078 1332 4132 si
1364 4078 1548 4133 Filius
1590 4080 1833 4134 omnino
1857 4081 2047 4137 Patris

398 4164 602 4219 Filius.
641 4165 711 4219 Ut
742 4182 818 4219 ne
850 4165 1125 4237 igitur,ex
1156 4181 1223 4220 eo
1274 4166 1431 4237 quod
1473 4166 1748 4235 dicimus,
1783 4171 1847 4224 In
1878 4187 2050 4226 unum

398 4252 593 4323 Deum,
635 4255 854 4309 Patrem
884 4255 1631 4325 omnipotentem;factorem
1678 4260 1800 4314 σαῖιί
1844 4266 1895 4315 et
1928 4267 2048 4315 ter-

2160 3352 2334 3427 μένων
2367 3356 2504 3426 ἡμῖν
2535 3350 2939 3409 διδασκαλικῶν
2972 3353 3177 3429 λόγων,
3209 3355 3245 3423 ἡ
3290 3354 3412 3430 περὶ
3471 3358 3571 3409 τοῦ
3623 3360 3807 3410 Μονο-

2155 3447 2351 3520 γενοῦς
2409 3447 2481 3515 (7,
2540 3444 2722 3507 πίστις
2799 3436 3276 3518 ἐγκαταϐαλληται
3332 3446 3401 3516 τῇ
3481 3443 3638 3518 ψυχῇ
3693 3448 3804 3500 τῶν

2156 3533 2487 3601 ἀκουόντων,
2518 3531 2578 3588 ἐκ
2605 3537 2714 3588 τῶν
2748 3532 2944 3606 μεταξὺ
2975 3532 3158 3607 λόγων
3217 3537 3328 3589 τῶν
3358 3532 3484 3609 περὶ
3540 3537 3638 3589 τοῦ
3694 3540 3806 3590 Πα-

2153 3628 2302 3703 τρὸς,
2325 3626 2459 3681 κατὰ
2492 3622 2789 3697 μηδοτιοῦν
2821 3624 3345 3699 ἀποσχοινιζομένη.

2227 3723 2297 3774 Δ’.
2328 3717 2403 3771 Τὸ
2434 3716 2538 3792 γὰρ
2566 3719 2664 3771 τοῦ
2693 3714 2905 3785 Πατρὸς
2936 3710 3109 3786 ὄνομα
3138 3716 3250 3787 ἁμα
3278 3720 3357 3788 τῷ
3373 3722 3472 3786 τῆς
3505 3714 3804 3787 ὀνομασιας

2155 3807 2684 3881 προσρήματι,νοεῖν
2718 3803 2948 3878 παρέχει
2978 3802 3069 3857 καὶ
3098 3803 3191 3858 τὸν
3224 3804 3561 3879 Υἳόνσῶσπερ
3590 3804 3801 3878 ὁμοίως

2156 3897 2281 3961 Υἱόν
2302 3916 2384 3956 τις
2418 3891 2876 3966 δνοψὶσαςβύθῦς
2904 3890 3096 3961 ἐνόησε
3124 3891 3214 3947 καὶ
3246 3893 3338 3949 τὸν
3373 3892 3681 3968 ΙΙατέρα.Εἶ
3701 3895 3802 3969 γὰρ

2158 3983 2587 4059 Πατήρ,πάντως
2620 3983 2704 4036 ὅτι
2740 3981 2924 4054 Ιίατήρ
2955 3981 3104 4035 Υἱοῦ·
3127 3981 3217 4036 καὶ
3250 3982 3294 4037 εἰ
3327 3981 3700 4051 Υἱὸς,πάντως
3722 3982 3803 4038 δτι

2159 4074 2367 4147 Πατρὸς
2397 4071 2541 4133 Τὶός.
2572 4071 2669 4128 “Ιν’
2702 4068 2795 4125 οῦν
2843 4070 2918 4141 μὴ
2981 4073 3053 4139 (8)
3094 4067 3154 4124 ὲκ
3207 4075 3305 4125 τοῦ
3363 4069 3543 4146 λέγειν
3600 4070 3802 4133 οὕτως·

2157 4162 2254 4224 Εἲς
2336 4158 2427 4216 ἕνα
2501 4160 2655 4226 Θεὸν,
2743 4158 2954 4230 Πατέρα
3036 4160 3469 4230 οτταντοκράτορα⁸
3558 4160 3803 4230 ποιητήν

2159 4253 2390 4329 οὐρανοῦ
2448 4251 2537 4306 καὶ
2593 4255 2722 4325 γῆς,
2782 4249 2989 4322 ὁρατῶν
3056 4269 3114 4303 τε
3193 4249 3403 4305 πάντων
3461 4249 3553 4304 καὶ
3641 4247 3806 4322 ἀορά-

2743 4157 2954 4231 [Ιατέρα
3036 4160 3469 4234 οτταντοκράτορα⁸

471 4405 520 4441 ⁴⁸
548 4405 697 4462 Ρςαι.
729 4423 787 4461 ιι.
810 4409 862 4460 2.
895 4405 941 4439 “
965 4404 1082 4461 Cat.
1115 4406 1200 4465 10.
1224 4422 1280 4460 η.
1314 4410 1363 4461 1.
1386 4406 1434 4442 ⁵ο
1461 4410 1631 4465 Joan.
1664 4428 1778 4475 xxv,
1805 4414 1857 4467 6.
1889 4411 1934 4448 ⁶¹
1968 4414 2046 4468 Jo:

2164 4428 2220 4476 χ,
2254 4413 2304 4465 9.
2330 4408 2377 4445 ⁸²
2394 4410 2557 4465 Joan.
2585 4423 2695 4475 XIV,
2728 4408 2780 4461 6.
2812 4405 2858 4441 ⁸³
2883 4404 3036 4461 Psal.
3069 4420 3332 4472 Lxxxvm,
3355 4407 3446 4474 27,
3479 4406 3565 4459 28.
3590 4402 3795 4459 54ibid.

402 4481 490 4535 30.
514 4477 561 4514 ⁸⁵
588 4478 730 4534 ibid.
767 4479 855 4533 38.
887 4477 933 4513 ⁸⁸
963 4476 1117 4532 Psal.
1150 4493 1261 4544 CIX,
1293 4479 1345 4531 3.
1378 4476 1424 4514 ⁸⁷
1454 4481 1609 4535 Psal.
1640 4499 1789 4549 LXXI,
1823 4486 1876 4538 5.
1907 4482 1958 4517 ⁵⁸
1985 4486 2098 4540 lsa.
2131 4499 2280 4550 LIVI,
2313 4483 2366 4536 9.

468 4636 544 4704 (ί)
599 4630 958 4708 Νομίζοντξς.
1001 4631 1366 4708 Δροᾱᾶκῐίοο
1436 4638 1496 4688 et
1564 4635 1837 4708 Casaub..
1891 4634 2047 4708 νομί-

402 4703 604 4781 ζουσιν.
641 4706 853 4781 Verum
884 4704 1138 4781 Cyrillus
1167 4703 1364 4781 plura.
1399 4706 1666 4762 cumulat
1715 4703 2047 4781 participia,

405 4771 1051 4848 continuansphra'sim
1082 4773 1144 4829 οὐ
1171 4771 1591 4848 καταδέχονται.

475 4847 657 4920 (2)1),
692 4847 893 4920 τοίνον.
946 4848 1080 4920 Haec
1136 4848 1198 4903 in
1259 4847 1475 4920 plurali
1534 4849 1817 4905 exhibent
1872 4850 2045 4907 codd.

399 4917 607 4995 Boe'et
635 4919 906 4995 Casaub.,
941 4917 1073 4976 οἱ...
1120 4917 1631 4995 παραιτούμενοι...
1656 4921 1845 4995 -οἱᾲτῇν
1882 4921 2044 4995 θύραν

401 4986 754 5062 ᾅρνοῦμενοι,
808 4992 925 5048 πῶς
978 4986 1493 5062 καταξιωθήσονται.
1529 4995 1593 5048 In
1641 4986 1819 5049 Coisl.
1855 4986 2049 5050 solum

402 5058 676 5131 habetur.
709 5058 1242 5131 OliﬁapattO'f'pE—VOL,
1274 5069 1487 5119 cmtera
1536 5065 1597 5119 in
1651 5082 1902 5122 numero
1935 5067 2053 5121 sin-

440 5130 618 5206 ulari;
649 5130 829 5206 Paulo
856 5137 1003 5206 post.
1050 5130 1179 5206 loco
1244 5136 1382 5206 πρὸς
1413 5134 1505 5188 τὸν
1541 5135 1691 5204 Θεόν,
1728 5137 1788 5192 in
1846 5138 2048 5206 Coisl.,

457 5219 550 5279 oe.
583 5201 827 5279 Casaub.
864 5208 922 5255 et
952 5202 1126 5279 procl.
1171 5201 1442 5279 habetur,
1499 5210 1636 5273 πρὸς
1681 5201 1779 5262 ’τὸν
1817 5201 2049 5279 Πατέρα.

481 5275 559 5336 (3)
613 5273 713 5327 Ἐκ
758 5270 1015 5355 γαστρός.
1076 5276 1181 5355 InJ
1213 5270 1623 5355 editis.'_post
1674 5270 2051 5355 γεγραμμένον

407 5347 1360 5422 perperam.reperitur_articulus
1405 5347 1504 5422 τόί
1525 5347 1702 5420 quem
1750 5347 2054 5410 eras-imus

399 5414 573 5492 juxta
604 5414 775 5492 codd.
811 5414 1011 5492 Coisl.,
1047 5417 1184 5492 Roe.
1220 5418 1465 5492 Casaub.

478 5492 556 5561 (tt)
605 5488 793 5547 Γενεᾶς
844 5490 1066 5559 γενεῶν,
1129 5489 1213 5542 lta
1269 5491 1446 5561 etiam
1496 5491 1655 5547 hunc
1706 5493 1903 5549 locum
1962 5511 2054 5549 re-

405 5560 665 5620 citatcat
719 5563 806 5625 l2,
840 5576 898 5614 n.
946 5561 1034 5621 10,
1090 5564 1159 5612 ut
1206 5565 1263 5613 et
1318 5560 1542 5615 habent
1600 5563 1892 5621 editiones
1948 5584 2057 5621 no-

404 5641 542 5694 stra)
576 5632 745 5690 LXX:
787 5636 848 5686 at
865 5630 927 5687 in
964 5628 1297 5685 codd.tloisl
1330 5672 1343 5698 ,
1373 5633 1513 5694 Roe.
1546 5632 1774 5690 Casaub
1804 5636 2058 5693 habetur

402 5708 523 5783 hic,
554 5707 762 5783 γενεαῖς
791 5704 1012 5779 γενεῶν,
1045 5706 1222 5773 atque
1276 5702 1358 5757 ita
1413 5704 1686 5759 nonnulli
1738 5707 1941 5763 Patres
1970 5708 2054 5764 le-

2080 4639 2127 4705 D
2158 4633 2553 4711 gere.Eu_seb.
2588 4634 2799 4711 (Ζευς-αι’.
2847 4631 3006 4711 hunc
3055 4630 3353 4702 psalmum
3406 4631 3809 4703 interpretans

2158 4700 2389 4763 videtur
2417 4706 2652 4777 legisse.
2677 4703 2753 4763 εἰς
2784 4700 2988 4777 γενεᾴς.

2231 4780 2301 4848 (5)
2342 4769 3009 4848 Ἀναλαμϐάνωμὲνηξιδ.
3054 4790 3163 4829 nos
3219 4790 3289 4848 ex
3321 4774 3521 4848 __Q0dd.
3585 4775 3705 4831 Roe
3754 4778 3815 4848 et

2159 4839 2405 4905 Casaub.
2440 4839 2614 4913 Editi,
2662 4839 3138 4919 ἀναλαμϐάνομεν
3200 4846 3595 4919 similiterque
3660 4846 3805 4901 scri-

2157 4921 2386 4993 psimus
2417 4920 2592 4993 infra,
2623 4916 2988 4993 πιστεύωμεν,
3022 4934 3091 4993 e_x
3127 4917 3301 4993 Grod.

2228 4994 2306 5063 (6)
2337 4991 2469 5058 Τῆς.
2504 4992 2585 5045 Ex
2615 4990 2816 5058 Coisl.,
2843 4992 2982 5058 Roe,
3033 4989 3283 5044 Casaub.
3318 4988 3539 5045 Vitiose
3589 4988 3654 5044 in
3686 4988 3809 5045 edi-

2160 5064 2257 5124 tis.
2279 5066 2422 5124 τοῖς.

2231 5137 2302 5205 (7)
2335 5134 2463 5203 Περὶ
2520 5136 2616 5187 τοῦ
2674 5129 3034 5206 Μονογενοῦς.
3062 5131 3262 5206 _Editi,
3320 5129 3445 5202 περὶ
3490 5134 3644 5206 τοῦ,
3684 5134 3812 5206 Χρι-

2162 5202 2292 5261 στοῦ
2341 5202 2634 5262 Patiorem
2650 5202 3376 5276 judicavimuslectionem
3399 5202 3566 5276 codd.
3605 5202 3809 5276 Coisl.2

2164 5278 2383 5345 Ottob.,
2420 5281 2559 5336 Hoc.
2592 5272 2839 5332 Cdsaub.
2881 5292 3060 5346 quam
3120 5275 3215 5330 hic
3263 5275 3673 5345 ascripsimus.
3724 5272 3811 5328 uti

2165 5350 2552 5421 sequentibus
2583 5347 2775 5402 verbis
2791 5345 3335 5421 convenientiorem
3364 5363 3532 5421 :nam
3559 5345 3815 5400 Filiino—

2164 5418 2309 5475 mihi
2343 5421 2581 5492 proprie
2612 5420 2916 5492 competit.
2946 5425 3010 5473 ut
3039 5418 3099 5472 in
3130 5419 3321 5473 Patris
3358 5419 3601 5473 nomine
3623 5424 3683 5472 et
3712 5433 3809 5472 no-

2165 5492 2326 5547 tione
2346 5490 2918 5561 comprehendatur.

2236 5565 2314 5628 (8)
2344 5564 2440 5617 "lv'
2472 5560 2564 5616 οὗν
2610 5562 2710 5632 μή,
2745 5568 2856 5617 etc.
2883 5560 3147 5632 Illudpvﬁ
3203 5562 3263 5615 in
3324 5560 3500 5615 editis
3551 5565 3610 5615 et
3667 5575 3809 5632 mss.

2168 5634 2444 5708 omnibus
2476 5629 2736 5708 positum
2767 5640 2858 5689 est
2887 5639 3022 5708 post
3155 5634 3275 5708 τοῦ,
3311 5632 3469 5705 quod
3497 5630 3811 5705 perspicue

2165 5705 2444 5763 vitiosum
2475 5703 2794 5763 Emendare
2824 5703 2946 5761 non
2975 5703 3255 5760 dubitavi.
