4124 6260
334 337 457 401 609

1475 332 1961 397 CATECHESIS
2005 331 2141 393 VII.
2193 332 2289 391 DE
2331 331 2625 395 PATRE.

3629 331 3751 394 6l0

332 488 466 526 των·
526 470 645 523 εἶτα
702 465 1014 543 ἐπαγόντων
1071 468 1232 540 ἡμῶν
1292 466 1381 522 καὶ
1429 469 1493 523 τὸ
1526 510 1541 539 ,
1599 466 1695 529 Εἰς
1753 463 1839 523 ἕνα
1881 465 2025 534 Κύ·¹

2134 482 2195 530 κ,
2239 466 2541 521 visibilium
2567 465 2821 521 'omnium
2874 471 2927 519 et
2974 465 3370 521 invisibilium:
3422 472 3748 540 posteaque

339 581 457 635 ριον
515 560 728 627 Ἰησοῦν
814 555 1042 631 Χριστόν
1078 575 1091 588 ’
1151 552 1421 612 ὑπολάϐοι
1493 578 1575 620 τις
1635 557 1744 631 οὐχ
1800 556 1987 623 ὁσίως,

337 650 578 722 οὐρανοῦ
608 646 698 702 καὶ
742 652 843 722 γῆς
888 642 1217 715 δευτερεύειν
1262 650 1332 720 τῇ
1382 647 1526 717 τάξει
1555 647 1648 702 τὸν
1680 647 1992 721 Μονογενῆ·

343 737 436 793 διὰ
472 741 658 803 τοῦτο,
714 735 820 811 πρὸ
873 741 973 804 τῆς
1022 733 1244 789 ἐκείνων
1299 734 1598 808 ὀνομασίας
1658 736 1868 810 Πατέρα
1896 735 1989 790 τὸν

338 828 470 883 Θεὸν
522 820 907 896 ὠνομάσαμεν,
956 820 1049 877 ’ἶνα
1100 824 1215 896 ἅμα
1258 828 1340 896 τῷ
1397 829 1540 879 νοεῖν
1583 824 1809 899 ΙΙατέρα,
1861 824 1990 893 νοή-

344 936 523 989 σωμεν
556 914 646 969 καὶ
676 913 771 967 τὸν
802 912 954 967 Υἱόν⁹
992 914 1121 967 Υἱοῦ
1173 913 1278 989 γὰρ
1325 913 1414 968 καὶ
1448 912 1658 987 [ἰατρὸς
1689 910 1847 968 οὐδὲν
1879 911 1991 968 ἐστι

345 1003 544 1079 μεταξὺ
571 1006 681 1059 τῶν
714 996 907 1056 ὄντων.

415 1271 491 1328 E'.
521 1271 674 1326 Ἔστι
730 1265 911 1322 τοίνυν
966 1267 995 1321 ὸ
1045 1265 1197 1335 Θεὸς,
1227 1264 1453 1322 πολλῶν
1490 1267 1585 1340 μὶν
1617 1287 1992 1343 καταχρηστι-

338 1364 455 1423 κῶς
513 1358 719 1431 Πατὴρ,
776 1357 895 1418 in;
949 1352 1008 1411 δὲ
1049 1354 1218 1428 μόνου
1272 1355 1427 1429 φύσει
1482 1356 1572 1410 καὶ
1611 1353 1845 1428 ἀληθείᾳ
1890 1362 1993 1412 τοῦ

344 1450 674 1524 μονογενοῦς
729 1445 881 1516 Υἳοῦ,
942 1444 1150 1520 Κυρίου
1180 1441 1238 1499 δὶ
1267 1446 1429 1517 ἡμῶν
1484 1446 1667 1515 Ἰησοῦ
1726 1449 1990 1519 Χριστοῦ,

343 1538 532 1611 Πατήρ
566 1555 580 1569 ⁸
634 1534 697 1589 οὐ
753 1533 981 1609 χρόνοις
1031 1534 1093 1588 τὸ
1155 1534 1340 1606 Πατὴρ
1400 1535 1539 1588 εἶναι
1594 1536 1939 1607 κτησάμενος
1976 1578 1990 1604 ,

338 1626 471 1682 ἀλλ’
499 1624 581 1680 ἀεὶ
637 1624 824 1698 Πατήρ
882 1626 980 1678 τοῦ
1034 1627 1370 1696 Μονογενοῦς
1425 1624 1732 1699 τυγχάνων.
1789 1623 1865 1680 Uti
1887 1625 1991 1701 γὰρ

337 1716 505 1777 ἄπαις
558 1710 633 1768 ὢν
693 1712 802 1788 πρὸ
852 1710 1071 1781 τούτου,
1127 1712 1312 1785 Πατὴρ
1360 1710 1576 1788 γέγονεν
1630 1716 1708 1783 (1)
1767 1713 1989 1787 ὕστερον

2096 553 2532 626 subjungimus,
2587 560 2638 608 et
2689 556 2749 607 in
2804 569 2975 607 unum
3032 554 3319 608 Dominum
3370 556 3554 611 Jesum
3583 557 3751 613 Chri-

2097 649 2247 708 tum;
2283 642 2619 713 suspicetur
2656 642 2954 713 quispiam
2986 641 3183 697 minus
3226 649 3465 712 sancta,
3518 647 3743 719 Unige-

2096 731 2288 786 nitum
2320 731 2452 786 loco
2498 737 2557 787 et
2611 731 2820 787 ordine
2878 731 3267 802 posteriorem
3321 748 3451 787 esse
3508 734 3657 789 caelo
3690 742 3749 791 et

2096 825 2288 875 terra:
2315 820 2561 881 idcirco.
2586 820 2934 891 priusquam
2957 825 3275 895 utrumque
3299 823 3745 880 nominaremus

2096 910 2283 965 Deum
2311 910 2743 982 appellavimus
2773 912 2991 965 Patrem
3013 926 3034 973 ;
3063 915 3130 964 ut
3158 909 3337 965 simul
3359 927 3427 966 ac
3457 913 3628 967 Pater
3658 930 3750 968 co.

2096 998 2339 1072 gitatur,
2388 1000 2598 1055 eodem
2654 1006 2787 1054 actu
2846 999 3059 1054 Filium
3113 1000 3480 1072 cogitemus:
3532 1001 3745 1058 Filium

2097 1089 2254 1143 enim
2285 1105 2353 1144 ac
2391 1090 2623 1143 Patrem
2674 1088 2826 1143 nihil
2875 1104 3119 1159 prorsus
3169 1105 3375 1145 eorum
3426 1107 3559 1162 quas
3609 1094 3752 1147 sunt

2100 1178 2367 1233 medium
2399 1179 2649 1233 interest
2678 1178 2772 1251 (4).

2169 1269 2232 1323 ν.
2265 1270 2366 1323 Est
2410 1269 2590 1339 igitur
2638 1269 2816 1326 Deus.
2848 1267 3175 1323 multorum
3223 1271 3465 1341 quidem
3498 1270 3743 1326 abusive

2097 1357 2299 1424 Pater;
2332 1357 2513 1412 unius
2553 1373 2687 1412 vero
2732 1356 2940 1421 solius,
2971 1358 3262 1430 unigeniti
3298 1358 3430 1414 Filii
3468 1360 3742 1415 Domini-

2097 1461 2212 1516 que
2241 1446 2427 1501 nostri
2456 1447 2594 1501 Jesu
2637 1446 2877 1514 Christi,
2927 1452 3141 1501 natura
3169 1454 3229 1502 et
3257 1449 3499 1505 veritate
3544 1452 3737 1505 Pater.

2096 1536 2173 1605 (bl
2204 1536 2330 1590 Non
2356 1540 2690 1606 temporum
2712 1551 2990 1590 successu
3012 1535 3261 1607 adeptus
3282 1543 3349 1591 ut
3378 1539 3551 1593 Pater
3580 1539 3658 1594 sit
3676 1539 3747 1599 5°.

2098 1622 2203 1678 sed
2260 1623 2557 1697 Unigeniti
2606 1626 2781 1680 Pater
2847 1624 3212 1695 sempiterno
3271 1625 3556 1681 existens.
3620 1630 3747 1684 Non

2098 1713 2279 1781 enim,
2312 1731 2447 1769 cum
2479 1721 2636 1769 esset
2665 1720 2839 1769 antea
2889 1714 3019 1769 sine
3068 1715 3254 1785 prole,
3287 1721 3493 1787 postea
3523 1723 3749 1779 mutata

342 1797 959 1878 μταϐουλευσάμενος·
1017 1797 1165 1855 ἀλλᾶ
1218 1801 1325 1872 πρὸ
1378 1800 1558 1871 πάσης
1620 1802 1989 1871 ὑποστάσεως,

2136 1802 2400 1858 ententia
2418 1803 2606 1858 factus
2629 1808 2719 1858 est
2738 1804 2913 1858 Pater
2935 1817 3167 1858 :verum
3192 1809 3328 1859 ante
3351 1821 3590 1860 omnem
3614 1807 3752 1862 sub-

340 1893 435 1948 καὶ
466 1891 575 1967 πρὸ
630 1888 810 1957 πάσης
866 1887 1189 1959 α’σθήσεως,
1247 1889 1355 1965 πρὸ
1407 1890 1625 1965 χρόνων
1678 1891 1853 1946 τεκαὶ
1886 1892 1992 1967 πρὸ

343 1982 563 2037 πάντων
629 1983 737 2034 τῶν
797 1977 1012 2033 αἶώνων
1062 1978 1126 2032 τὸ
1181 1979 1442 2053 πατρικὸν
1510 1978 1726 2051 ἀξίωμα
1782 1978 1898 2056 ἔχει
1968 1981 1996 2035 6

345 2072 478 2131 Θεὸς
508 2072 607 2143 (2),
637 2068 819 2140 τούτῳ
868 2064 1081 2140 μᾶλλον
1115 2065 1150 2137 ἢ
1181 2071 1304 2129 τοῖς
1362 2065 1581 2130 λοιποῖς
1611 2069 1880 2142 ἀξιώμασι
1913 2091 1996 2126 σε·

356 2158 718 2234 μνυνόμενος,
784 2156 877 2212 Καὶ
938 2155 1008 2210 οὐ
1066 2156 1225 2219 πάθει
1280 2158 1466 2232 Πατὴρ
1521 2157 1847 2232 γενόμενος,
1903 2156 2002 2213 οὐκ

351 2246 416 2304 ἐκ
445 2245 797 2320 συμπλοκῆς,
830 2243 893 2298 οὗ
935 2243 1051 2298 κατ’
1108 2240 1350 2319 ἄγνοιαν,
1407 2243 1507 2299 οὐκ
1544 2244 1882 2322 ἀπορῤιύσας
1906 2249 2001 2319 (3),

352 2337 419 2393 οὐ
478 2335 759 2411 μειωθεῖς,
818 2333 922 2388 οὐκ
964 2330 1295 2397 ἀλλοιωθεὶς
1345 2338 1479 2404 (Πᾶν
1517 2334 1621 2411 γὰρ
1662 2331 1899 2410 δώρημα
1924 2334 2006 2391 τὲ-

351 2452 504 2486 κειον
563 2429 765 2483 ἄνωθέν
825 2425 937 2481 ἐστι
972 2469 988 2493 ,
1043 2421 1369 2480 καταϐαῖνον
1455 2426 1559 2481 ἀπὸ
1614 2432 1711 2482 τοῦ
1771 2427 2007 2504 ΙΙατὲρος

348 2524 461 2575 τῶν
516 2518 742 2593 φώσων,
806 2517 933 2590 παρ’
992 2514 1038 2587 ᾦ
1096 2514 1197 2571 οὐκ
1251 2513 1326 2569 ἔνι
1381 2513 1737 2591 παραλλαγὴ,
1796 2518 1831 2587 ἢ
1889 2539 2012 2592 τρο-

354 2615 468 2678 πῆς
528 2604 891 2678 ἀποσκίασμα)
929 2647 942 2661 .
1026 2604 1215 2680 Πατήρ
1297 2603 1542 2673 τέλειος,
1617 2603 1827 2661 τέλειον
1884 2608 2009 2662 Υἱὸν

357 2697 645 2773 γεννήσας·
702 2693 870 2748 πάντα
926 2689 1207 2768 παραδοὺς
1269 2697 1351 2766 τῷ
1399 2694 1810 2770 γεγεννημένῳ·
1870 2700 2009 2752 Ιιαν.

2106 1890 2386 1947 stantiam
2418 1897 2477 1947 et
2506 1898 2643 1947 ante
2667 1908 2910 1948 sensum
2941 1908 3201 1960 omnem,
3235 1899 3372 1949 ante
3396 1901 3663 1967 tempora
3692 1901 3754 1952 et

2108 1982 2326 2037 saecula
2354 1981 2579 2047 omnia,
2610 1986 2916 2053 paternam
2961 1982 3308 2054 dignitatem
3356 1983 3535 2039 habet
3563 1984 3752 2041 Deus:

2107 2074 2233 2142 qua‘
2249 2071 2436 2144 magis
2457 2087 2634 2142 quam
2656 2071 2905 2142 reliquis
2926 2071 3205 2127 omnibus
3226 2072 3415 2128 titulis
3444 2074 3664 2146 gaudet
3685 2075 3752 2130 5°.

2110 2164 2236 2218 Non
2269 2178 2340 2217 ex
2383 2162 2660 2232 passione
2701 2164 2779 2233 (6)
2813 2162 2830 2233 [
2860 2178 2929 2217 ac
2959 2161 3361 2218 demutatione
3393 2164 3485 2219 sui
3516 2167 3534 2236 j
3569 2166 3759 2222 factus

2113 2257 2205 2307 est
2253 2252 2462 2317 Pater;
2524 2268 2643 2306 non
2677 2267 2746 2306 ex
2787 2251 3138 2323 complexu;
3184 2268 3303 2307 non
3342 2269 3452 2324 per
3480 2254 3761 2326 ignoran-

2115 2340 2259 2395 tiam
2285 2341 2398 2410 (7);
2448 2355 2569 2394 non
2613 2339 2938 2395 ﬂuxionem
2970 2356 3203 2412 passus,
3236 2357 3358 2397 non
3389 2341 3758 2410 deminutus,

2116 2444 2238 2483 non
2267 2428 2570 2483 alteratus.
2605 2428 2773 2484 Omne
2812 2428 2971 2483 enim
3001 2429 3205 2484 donum
3228 2434 3539 2500 perfectum
3568 2432 3760 2486 desur-

2116 2534 2235 2574 sum
2264 2521 2362 2581 est,
2409 2517 2731 2573 descendens
2757 2533 2793 2572 a
2814 2520 2982 2573 Patre
3039 2519 3307 2574 luminum
3339 2536 3354 2586 ;
3415 2522 3567 2590 apud
3605 2536 3766 2590 quem

2118 2625 2229 2664 non
2258 2613 2336 2662 est
2365 2606 2760 2662 transmutatio
2789 2607 2875 2662 vel
2923 2609 3290 2663 conversionis
3322 2609 3663 2664 obumbratio
3693 2607 3767 2664 ⁸⁸.

2122 2701 2296 2754 Pater
2325 2697 2645 2769 perfectus.
2678 2696 3007 2768 perfectum
3038 2697 3244 2769 genuit
3281 2697 3491 2753 Filium
3522 2716 3536 2766 ;
3570 2698 3771 2755 omnia

434 2821 487 2857 ⁵9
521 2820 643 2877 Vid.
673 2825 778 2876 cat.
806 2822 860 2890 4,
892 2836 953 2875 ιι.
985 2821 1039 2887 4,
1072 2825 1123 2874 et
1150 2821 1289 2888 infr.
1320 2835 1380 2874 ιι.
1417 2822 1504 2874 1οο
1544 2818 1592 2856 ⁸ο
1626 2821 1753 2876 για.
1786 2829 1895 2877 cat.
1932 2826 2018 2890 11,

2146 2824 2199 2885 8.
2261 2822 2305 2857 οι
2337 2822 2456 2877 Jac.
2491 2839 2528 2891 1,
2567 2825 2649 2876 17.

438 2968 515 3040 (1)
542 2965 728 3040 [latim
758 2960 1022 3040 γέγονεν
1048 2967 1263 3040 Vocem
1323 2964 1508 3040 Πατὴρ
1558 2965 1919 3039 addidimus,
1951 2985 2020 3025 ex
2051 2972 2094 3037 Β

368 3036 540 3096 codd.
576 3036 784 3103 Coisl.,
814 3036 949 3103 Roe,
984 3036 1233 3092 Casaub.

440 3113 516 3181 (2)
544 3109 606 3166 Ὁ
656 3106 810 3181 Θεός.
854 3108 1026 3175 Editi,
1075 3107 1103 3181 ὁ
1146 3107 1364 3181 Πατήρ,
1405 3109 1573 3181 Boe,
1612 3110 1888 3174 Casaub..
1922 3112 2019 3168 Ot-

370 3178 518 3245 tob.,
551 3187 618 3237 ut
659 3180 1022 3255 scripsimus.
1060 3178 1258 3244 Coisl.,
1300 3178 1329 3232 ὁ
1362 3178 1511 3247 Υἱός,
1562 3180 1799 3238 incaute
1832 3185 2021 3255 scrip-

374 3261 500 3309 tum
526 3270 632 3325 pro
654 3250 808 3325 esti.

444 3319 913 3406 (?l"Afoé_5_e-Sag5
949 3364 960 3374 .
1021 3322 1175 3406 Editi
1223 3319 1533 3406 ιξποροῦσας
1565 3391 1577 3406 ι
1603 3324 1770 3380 nullo
1820 3342 2020 3406 sensu.

374 3391 555 3451 Codd.
609 3391 762 3451 Coisl
797 3437 811 3461 ,
859 3396 998 3467 Roe.
1057 3391 1345 3467 Casaub.,'
1378 3391 1703 3467 ἀ-ποοεῦσας,
1741 3397 1897 3467 quod
1931 3414 2023 3452 se-

375 3467 640 3523 cundum
665 3465 1065 3540 grammaticas
1097 3465 1256 3538 leges
1288 3481 1421 3521 cum
1466 3466 1687 3538 duplici
1719 3465 2025 3540 iascripsi—

377 3555 535 3595 mus.

449 3613 505 3665 «4
554 3609 709 3665 Nihil
752 3609 992 3663 medium
1022 3605 1265 3664 interest.
1300 3608 1447 3663 Hom
1516 3606 1575 3663 in
1602 3609 1846 3679 paralyt.
1881 3627 1940 3665 n.
1972 3614 2026 3664 5.

379 3682 598 3739 Filium
631 3698 700 3735 ex
730 3681 902 3735 Patre
950 3679 1294 3734 immediate
1345 3680 1610 3750 genitum
1646 3680 1841 3735 tradit.
1880 3681 2031 3736 Illud

381 3761 587 3810 autem
628 3751 850 3822 duplici
898 3750 970 3805 de
1003 3767 1199 3807 causa.
1237 3750 1292 3805 l°
1322 3751 1470 3815 Quia
1516 3750 1673 3805 inter
1710 3753 1945 3807 Patrem
1977 3759 2037 3807 et

382 3826 605 3882 Filium
635 3823 805 3878 nulla
833 3838 1074 3892 prorsus
1107 3828 1196 3877 est
1220 3829 1511 3880 creatura.
1547 3822 1635 3876 vel
1666 3840 1761 3877 res
1791 3824 1910 3879 alia
1933 3841 1948 3887 ;
1970 3829 2037 3879 ut

386 3896 784 3952 excludantur
802 3894 889 3948 illi
913 3893 1128 3948 divorsi
1155 3910 1189 3948 a
1218 3893 1648 3948 Valentinianis
1670 3902 1728 3948 et
1744 3896 2036 3950 Gnosticis

388 3967 704 4041 excogitati
733 3964 1185 4041 generatiouum
1219 3971 1277 4020 et
1308 3965 1755 4041 processionnm
1796 3966 2033 4041 gradus.

386 4036 563 4097 Forte
593 4036 775 4094 etiam
805 4042 873 4091 ut
901 4036 1253 4108 excludatur
1295 4036 1414 4092 alia
1445 4037 1737 4108 sapientia
1767 4045 1825 4092 et
1854 4038 2038 4092 virtus

388 4111 593 4189 Patris
605 4108 894 4189 distincta
922 4124 957 4189 a
982 4107 1192 4189 Yerbo.
1225 4124 1410 4189 eaque
1435 4108 1639 4189 innata
1668 4114 1726 4164 ct
1755 4109 2040 4189 increata,

389 4199 525 4254 qua;
555 4180 773 4236 Christi
804 4179 1057 4254 creatri;
1081 4185 1146 4254 et
1195 4179 1450 4251 genitrix
1482 4186 1676 4245 esset;
1718 4182 1885 4254 quod
1917 4186 2044 4237 erat

391 4250 644 4309 iindium
675 4250 890 4307 Asterii
925 4250 1652 4320 sophistaa’commentum,
1681 4250 1759 4306 ab
1781 4253 2044 4308 Athana-

2203 2968 2277 3040 (6)
2312 2970 2430 3023 Non
2448 2984 2530 3040 "ea:
2551 2966 2829 3040 passione.
2865 2971 2976 3024 etc.
3014 2969 3225 3023 Vocem
3257 2969 3457 3024 minus
3487 2969 3781 3034 Latinam.

2133 3039 2412 3095 utGraaca
2433 3039 2690 3094 ﬁdeliter
2711 3040 3234 3110 sequamur.nobis
3255 3040 3554 3096 condonet
3576 3042 3778 3096 lector.

2136 3117 2287 3184 Duas
2306 3128 2399 3166 res
2420 3128 2455 3167 a
2476 3111 2673 3166 divina
2692 3111 3095 3182 generatione.
3122 3128 3258 3184 cum
3306 3112 3649 3184 passionem
3678 3129 3779 3168 ex-

2134 3183 2400 3238 cludunt.
2437 3179 2741 3237 semovent
2762 3185 2963 3237 Patres
2988 3199 3001 3236 :
3037 3186 3093 3236 1ο
3119 3183 3183 3236 τὸ
3212 3179 3558 3252 mnam,»
3581 3181 3775 3249 πάθος,

2135 3260 2201 3309 ut
2233 3255 2494 3324 loquitur
2520 3255 2715 3326 Gregs
2740 3255 3044 3326 Nyssenus
3083 3255 3306 3309 catech.
3342 3261 3489 3326 orat.
3524 3272 3652 3326 cap.
3688 3258 3777 3320 16,

2136 3343 2192 3397 p.
2227 3330 2314 3384 71,
2349 3326 2513 3380 illam
2546 3324 2822 3379 videlicet
2857 3325 2917 3378 in
2951 3325 3151 3380 animo
3194 3324 3680 3397 perturbationis,
3715 3343 3786 3381 ex

2136 3397 2457 3470 voluptatis
2479 3412 2656 3452 sensu
2684 3397 2901 3455 labem.
2926 3414 3057 3470 quae
3079 3398 3358 3453 humanm
3389 3397 3792 3470 generationis

2138 3469 2438 3523 indivulsa
2469 3476 2559 3523 est
2589 3484 2826 3523 comes:
2884 3470 2941 3540 2f
2992 3468 3156 3523 illam
3218 3468 3413 3524 etiam‘
3438 3470 3500 3524 in
3547 3485 3794 3540 corpore

2137 3540 2607 3622 d-emutationem
2626 3557 2758 3609 quin
2778 3545 2901 3591 tum
2924 3537 2984 3622 in
3008 3540 3191 3621 patris
3213 3557 3461 3622 corpore
3480 3537 3790 3622 contingit.

2141 3613 2260 3666 Hoc
2293 3617 2592 3682 postremo
2632 3626 2812 3665 sensu
2869 3610 3040 3669 πάθος
3097 3610 3379 3682 intelligit
3434 3610 3793 3667 Athanasius

2142 3688 2271 3737 orat
2296 3681 2307 3682 ί
2336 3686 2358 3736 1
2396 3688 2540 3736 cont.
2589 3683 2927 3753 Arian.._7n.
2978 3681 3066 3746 28,
3101 3699 3229 3753 pag.
3264 3683 3368 3736 432
3399 3687 3457 3735 et
3486 3685 3562 3738 De
3591 3684 3791 3738 decret.

2143 3755 2405 3815 Nicaenis,
2430 3768 2592 3806 num.
2626 3755 2712 3810 ll.
2741 3756 2800 3805 et
2829 3750 2931 3806 lib.
2962 3768 2975 3804 ι
3003 3750 3147 3807 cont.
3184 3750 3467 3822 'Apollinq
3504 3770 3669 3810 num.
3701 3757 3791 3821 2t,

2147 3840 2277 3896 pag.
2310 3825 2414 3878 939
2430 3842 2452 3896 ,ς
2496 3825 2661 3894 Greg.
2696 3825 2806 3878 Naz
2838 3863 2903 3896 ._,
2947 3829 3094 3896 orat.
3128 3826 3215 3896 36.
3252 3840 3361 3895 pag
3436 3827 3539 3878 590
3558 3842 3577 3896 ν;
3608 3825 3797 3896 Chry-

2148 3892 2391 3950 sostom.
2427 3895 2586 3949 hom.
2613 3892 2646 3948 ’1
2706 3901 2765 3949 et
2794 3896 2827 3947 4
2857 3892 3102 3965 ἱηγᾶοαη.
3130 3964 3135 3965 γ
3166 3892 3300 3949 Ηώο
3331 3892 3507 3965 porro
3537 3892 3793 3965 Cyl-illus

2147 3966 2429 4022 adversus
2484 3966 2686 4020 Arium
2729 3964 3004 4037 intendit.
3041 3964 3164 4035 qui,
3198 3971 3267 4037 ut
3289 3964 3732 4037 generationem
3765 3981 3796 4020 e

2148 4037 2363 4093 divinis
2406 4043 2720 4092 amoveret.
2757 4038 2908 4090 hanc
2956 4036 3086 4090 sine
3115 4035 3412 4106 passione.
3446 4036 3708 4091 sectione
3741 4041 3800 4090 et

2151 4109 2372 4164 efﬂuxu
2404 4108 2531 4162 fieri
2562 4124 2735 4179 posse
2779 4122 3020 4178 negans,
3054 4107 3181 4162 haec
3229 4107 3431 4162 omnia
3488 4108 3799 4163 catholica)

2152 4180 2463 4236 sententiae
2482 4178 2884 4250 imputabatin
2905 4184 3080 4233 suaet
3102 4180 3447 4250 sequacium
3460 4180 3534 4235 ad
3551 4179 3801 4234 Alexan-

2153 4252 2349 4307 drium
2377 4250 2627 4321 epistola
2647 4250 2804 4321 apud
2820 4251 3122 4315 Athamas,
3149 4253 3224 4305 De
3251 4252 3471 4320 synod.,
3503 4266 3670 4306 num.
3706 4253 3796 4314 16.

391 4325 480 4402 sio
512 4328 1068 4402 commemoratum,
1104 4323 1173 4402 D__e
1200 4321 1442 4402 synodis,
1468 4339 1619 4402 num
1678 4324 1763 4389 18,
1787 4330 1856 4402 et
1885 4331 2033 4379 orat.
2070 4327 2113 4391 Β
2148 4340 2276 4396 pag.
2312 4324 2447 4402 730.
2470 4322 2629 4402 Hanc
2667 4328 3001 4402 autem‘per
3029 4322 3435 4402 ilusumli‘ilii
3464 4322 3793 4402 generatio-

387 4399 446 4463 2,
478 4412 539 4450 n.
572 4398 659 4450 37.
692 4398 751 4449 2°
771 4394 921 4459 Quia
942 4393 1097 4448 inter
1119 4395 1352 4448 Patrem
1386 4398 1445 4447 et
1464 4392 1676 4447 Filium
1698 4395 1865 4449 nulla
1890 4402 2037 4450 tem~

390 4467 555 4549 poris
586 4482 753 4549 mora
782 4464 1119 4549 intercedit,
1152 4472 1247 4549 cat
1282 4466 1388 4547 ⁸11,
1560 4480 1579 4517 :
1608 4465 1779 4549 nulla
1794 4483 2040 4549 quoque

393 4534 848 4610 ignorantiavel
889 4535 1247 4610 consultatio
1278 4536 1340 4589 in
1374 4534 1589 4604 medio,
1622 4543 1688 4589 ut
1728 4534 2046 4593 ait'auc'tor

395 4608 604 4665 noster
636 4608 855 4663 ibidem
887 4623 1054 4662 num.
1092 4609 1145 4662 8.

472 4683 546 4748 (ὃ)
600 4682 716 4734 Νοη
772 4686 1076 4749 temporum
1127 4693 1391 4743 successu,
1425 4682 1534 4732 etc.
1587 4677 1801 4733 Contra
1837 4679 2046 4737 Arium

402 4751 505 4822 qui
532 4751 807 4822 inThalia
826 4749 983 4822 apud
1006 4749 1393 4804 Athanasium
1410 4755 1556 4803 orat.
1580 4752 1626 4814 l,
1652 4750 2043 4805 ContrArian.

401 4820 464 4878 ἡ.
499 4824 553 4887 5,
576 4820 769 4877 dicere
795 4820 974 4877 ausus
997 4826 1088 4876 est
1115 4837 1128 4874 :
1156 4823 1271 4876 Non
1300 4837 1510 4891 semper
1535 4822 1673 4875 Deus
1697 4823 1807 4889 fuit
1838 4823 2005 4876 Pater
2027 4839 2049 4887 ,-

399 4893 498 4951 θεά
522 4895 637 4962 fuit
688 4909 809 4949 cum
865 4893 1041 4947 solum
1098 4894 1240 4946 Deus
1270 4898 1421 4957 esset,
1482 4893 1832 4962 nondumque
1884 4895 2051 4947 Pater

403 4972 545 5026 erat.
602 4972 793 5034 postea
848 4980 976 5019 vero
1026 4966 1208 5032 fartus
1263 4969 1339 5017 est
1387 4965 1572 5017 Pater.
1633 4969 1774 5017 Cum
1835 4963 2051 5018 deinde

404 5036 660 5108 Cyrillus
717 5034 1042 5108 subjungit,
1104 5035 1283 5089 Deum
1343 5036 2056 5108 mutatagsententiaAPa-

405 5106 556 5162 trem
587 5124 708 5162 non
741 5123 871 5161 esse
901 5106 1160 5177 factum;
1198 5111 1453 5176 occupat
1498 5106 1852 5161 Arianorum
1884 5106 2052 5177 obje-

403 5179 687 5245 ctionem,
722 5194 840 5249 qua
870 5178 1083 5249 Filium
1110 5176 1172 5231 in
1206 5183 1468 5249 tempore
1484 5178 1751 5249 genitum
1783 5176 2053 5249 obtinere

403 5250 693 5308 volentes.
728 5247 955 5303 moram
997 5247 1207 5302 saltem
1257 5247 1542 5318 aliquam,
1576 5247 1718 5302 dum
1752 5250 1923 5303 Pater
1952 5248 2053 5303 Fi-

405 5322 553 5376 lium
574 5320 902 5393 producere
926 5319 1049 5373 vult
1069 5324 1128 5373 et
1153 5318 1463 5393 deliberat,
1487 5319 1888 5393 postulabant.
1914 5319 2056 5393 Vide

404 5391 692 5453 Athanas.
722 5398 872 5447 orat.
906 5393 958 5458 3,
991 5406 1156 5445 num.
1210 5393 1301 5456 59,
1334 5392 1401 5444 60
1432 5397 1491 5445 et
1519 5392 1631 5462 637;
1666 5408 1781 5462 quo
1833 5391 1893 5446 in
1925 5392 2056 5446 loco

406 5464 561 5519 hanc
591 5481 692 5519 eos
722 5480 753 5519 a
777 5462 1095 5517 Ptolemieo
1128 5461 1542 5517 Valentiniano
1566 5461 1897 5518 doctrinam
1923 5465 2062 5518 hau-

408 5536 567 5607 sisse,
589 5536 691 5589 ait.
724 5534 1136 5607 Aﬂternitatem
1169 5533 1298 5607 Filii
1329 5532 1675 5604 frequenter
1706 5540 1764 5590 et
1806 5535 2063 5607 graviter

408 5606 676 5663 inculcat
701 5604 979 5678 Cyrinus.
1006 5605 1067 5658 V.
1101 5611 1213 5659 cat.
1267 5606 1323 5673 4,
1373 5621 1432 5660 n.
1463 5607 1498 5659 4
1528 5611 1586 5660 et
1615 5608 1646 5657 Ἰ
1681 5621 1694 5672 ;
1729 5604 1842 5662 cat.
1878 5609 1965 5677 11,
1998 5622 2059 5663 n.

415 5680 469 5746 7,
500 5680 609 5745 20;
642 5682 756 5733 cat.
792 5678 878 5743 15,
913 5693 973 5733 n.
1006 5677 1062 5744 9,
1093 5681 1205 5731 etc.

2148 4392 2286 4450 nem
2320 4393 2661 4448 auctoribus
2702 4392 2958 4447 Sabellio
2992 4399 3051 4447 et
3083 4393 3389 4448 Valentino
3423 4393 3629 4448 tribuit
3659 4392 3796 4448 Ale-

2147 4465 2377 4521 xander
2407 4463 2864 4528 Alexandrinus,
2889 4464 3140 4535 epistola
3160 4465 3233 4519 ad
3266 4464 3664 4519 Alexandrum
3684 4465 3795 4536 By-

2147 4537 2449 4593 zantinum
2476 4535 2634 4607 apud
2664 4535 3037 4603 Theodoret,
3070 4536 3225 4608 lib.)
3258 4537 3426 4608 Hist,
3460 4552 3567 4608 cap
3621 4538 3675 4591 4.

2221 4612 2293 4679 (7)
2347 4610 2466 4663 Non
2518 4606 2622 4678 per
2675 4609 3071 4677 ignorantiam.
3132 4606 3195 4662 ld
3240 4607 3499 4679 explicat
3536 4606 3800 4679 icatslt,

2151 4677 2295 4735 n.'8.
2332 4677 2620 4735 Nimirum
2661 4679 2802 4749 quia
2847 4679 3119 4733 homines
3168 4677 3531 4750 generando,
3567 4677 3796 4750 prolem

2151 4767 2282 4822 qum
2309 4767 2378 4805 ex
2404 4768 2465 4804 se
2490 4750 2795 4819 proditura
2818 4750 3233 4823 estignorant;
3252 4766 3361 4805 nec
3376 4766 3553 4823 quem
3573 4750 3798 4811 volunt,

2152 4821 2254 4877 sed
2288 4838 2465 4893 quem
2500 4824 2652 4877 Deus
2684 4821 2978 4881 concedit,
3012 4827 3337 4894 generant:
3372 4821 3571 4876 dicere
3603 4828 3804 4876 autem

2152 4892 2321 4964 quod,
2368 4895 2522 4948 Deus
2585 4909 2719 4947 eum
2785 4910 2960 4963 quem
3019 4892 3204 4961 gignit
3262 4892 3512 4965 ignoret,
3572 4908 3808 4948 summa

2153 4965 2429 5036 impietas
2454 4970 2563 5020 est.
2600 4965 2802 5029 Aliter,
2836 4965 3193 5019 consultatio
3219 4969 3277 5018 et
3298 4964 3650 5036 deliberatio
3684 4979 3806 5019 non

2154 5035 2254 5091 est
2279 5037 2406 5091 sine
2439 5036 2811 5107 ignoratione
2839 5052 2852 5088 :
2882 5036 3046 5106 atqui
3079 5036 3281 5090 Ariani
3308 5035 3488 5091 Deum
3517 5035 3807 5093 delibera-

2156 5108 2317 5161 tione
2342 5106 2650 5178 praemissa
2670 5108 2899 5161 Patrem
2916 5107 3131 5161 factum
3148 5124 3277 5162 esse
3303 5107 3574 5163 aiebant:
3592 5107 3812 5163 delibe-

2158 5177 2449 5249 rationem
2475 5177 2657 5249 igitur
2677 5194 2954 5232 amovens
2968 5178 3459 5248 Cyrilluseodem
3481 5187 3615 5234 actu
3639 5179 3775 5244 igne
3791 5207 3809 5217 -

2159 5248 2452 5303 rationem
2486 5248 2763 5302 excludit.
2796 5249 3059 5303 Asterius
3091 5249 3357 5319 sophista
3383 5249 3539 5320 apud
3572 5250 3814 5311 Albam,

2163 5320 2236 5375 De
2256 5320 2471 5392 synod..
2494 5335 2671 5392 num.
2702 5322 2764 5372 19
2808 5320 3554 5392 generandiscientiamin
3580 5322 3696 5374 Deo
3715 5334 3817 5392 ge-

2161 5390 2457 5446 nerationi
2491 5389 2601 5460 ipsi
2638 5389 3027 5460 praaeititisse
3062 5390 3295 5446 volebat
3323 5398 3389 5446 ut
3411 5390 3537 5445 Filii
3573 5389 3812 5445 aeterni-

2163 5468 2344 5517 tatem
2366 5461 2717 5534 destrueret.
2751 5461 3005 5534 Cyrillus
3036 5462 3166 5530 ejus
3196 5461 3612 5534 generationis
3644 5469 3814 5516 aeter-

2164 5534 2413 5589 nitatem
2463 5532 2857 5593 constituens.
2912 5532 3307 5599 ignorantiam
3341 5548 3599 5604 quoque,
3634 5544 3816 5602 quam

2165 5605 2275 5661 filii
2296 5620 2442 5677 cum;
2458 5608 2683 5677 interna
2698 5604 3134 5677 Catholicorum
3156 5604 3535 5677 generatione
3559 5616 3813 5671 conJun-

2166 5682 2325 5733 ctam
2355 5674 2795 5746 existimabant,
2830 5676 3141 5733 excludere
3163 5674 3393 5731 debuit.
