4124 6260
416 284 534 347 611

1468 283 1532 342 S.
1579 280 1885 342 CYRILLI
1930 282 2344 346 HIEBOSOL.
2393 285 2760 352 ARCHIEP.

3703 301 3811 363 612

419 417 776 478 contradens
808 417 860 473 ei
892 434 1071 488 quem
1092 417 1332 486 genuit:
1366 419 1562 474 Omnia
1593 417 1751 472 enim
1784 417 1924 472 mihi
1955 423 2063 472 tra-

2185 442 2239 475 τα
2297 422 2399 498 γὰρ
2464 443 2556 494 μοι
2615 426 2911 498 παρενόθη,
2952 429 3113 504 φησῖν
3147 430 3249 503 (3),
3309 429 3412 485 ὑπὸ
3468 435 3562 488 τοῦ
3614 436 3813 509 Πατρός

420 513 541 568 dita
569 516 713 566 sunt.
751 508 970 580 inquit,
1000 526 1033 563 a
1063 511 1231 563 Patre
1291 524 1409 562 meo
1430 507 1493 569 ‘2.
1530 514 1590 562 et
1650 508 1721 562 ab
1755 508 2073 579 Unigenito

419 603 750 657 honoratur
781 600 991 662 Pater;
1022 600 1142 666 Ego
1168 596 1351 662 enim,
1402 596 1600 667 inquit
1630 596 1835 664 Filius,
1869 596 1956 650 1ιο)
1982 612 2077 651 oro

419 687 746 753 Patrem“;
810 693 869 742 et
915 703 1162 741 rursus:
1220 688 1374 742 Sicut
1426 702 1526 755 ego
1573 693 1853 756 praeepta
1895 687 2076 740 Patris

419 778 529 836 mei
564 778 794 833 servavi.
831 783 883 830 et
912 792 1072 830 mane
1102 777 1159 828 in
1212 776 1330 844 ejus
1377 775 1745 828 dilectione“.
1792 774 1941 829 115
1978 775 2075 828 Di-

420 869 609 924 cimus
640 867 820 937 igitur
850 869 905 919 et
945 880 1054 919 nos
1088 864 1264 917 simul
1306 880 1440 917 cum
1475 863 1755 933 Apostolo
1783 879 1795 916 :
1841 864 2077 917 Benedi-

422 964 538 1014 ctus
586 958 741 1019 Deus,
792 956 861 1009 Et
908 956 1075 1007 Pater
1128 952 1350 1006 Domini
1403 954 1582 1007 nostri
1640 954 1768 1005 Jesu
1820 952 2076 1016 Christi;

421 1047 586 1101 Pater
615 1042 1114 1098 miseriuordiarum
1142 1048 1192 1095 et
1214 1042 1350 1096 Deus
1372 1042 1542 1095 totius
1577 1039 1969 1095 consolationis
1989 1039 2072 1106 65’;

422 1143 514 1193 et:
550 1134 838 1190 Flectimus
885 1150 1064 1203 genua
1093 1134 1166 1187 ari
1194 1135 1411 1187 Patrem
1447 1173 1461 1199 ,
1522 1148 1589 1186 ea:
1619 1148 1725 1201 quo
1767 1135 1943 1186 omnis
1967 1148 2071 1201 pa-

423 1227 649 1283 ternitas
680 1223 739 1278 iu
785 1223 931 1277 caelis
978 1229 1030 1277 et
1088 1224 1147 1276 in
1199 1228 1349 1276 terra
1402 1224 1729 1275 nominatur
1756 1219 1847 1273 66:
1896 1220 2072 1292 glori-

420 1317 672 1372 ﬁcantes
734 1313 930 1383 ipsum
980 1326 1101 1365 una
1158 1326 1297 1366 cum
1356 1311 1670 1382 Unigenito
1729 1312 1858 1379 (Qui
1913 1311 2073 1365 enim

420 1411 591 1475 negat
649 1405 887 1466 Patrem,
940 1407 993 1455 et
1047 1400 1255 1455 Filium
1307 1407 1472 1471 negat
1495 1399 1582 1467 '7;
1634 1416 1841 1455 rursus
1894 1416 2071 1454 vero:

423 1497 529 1561 Qui
558 1497 850 1563 conﬁtetur
895 1490 1117 1553 Filium,
1150 1495 1202 1542 et
1261 1491 1481 1544 Patrem
1529 1488 1689 1544 habet
1717 1489 1805 1555 ⁸⁸),
1852 1505 2073 1559 cogno-

424 1589 678 1649 scentes,
719 1579 867 1651 quod
916 1578 1171 1633 Dominus
1205 1579 1357 1633 Jesus
1417 1578 1687 1643 Christus,
1720 1580 1781 1633 in
1834 1578 2074 1648 gloriam

423 1676 523 1730 Dei
553 1671 736 1729 Palis
757 1669 821 1727 '9.

496 1855 584 1906 VI.
639 1851 966 1906 Adoramus
1022 1849 1204 1921 igitur
1248 1852 1479 1919 patrem
1537 1847 1775 1913 Christi,
1836 1847 1967 1901 caeli
2010 1853 2069 1901 et

424 1948 597 1999 terrae
656 1939 1047 1994 conditorem.
1098 1938 1286 1991 Deum
1329 1935 1646 1997 Abraham,
1700 1938 1859 1990 Isaac
1892 1941 1950 1989 et
1971 1937 2062 1990 Ja-

422 2031 530 2088 cob
561 2031 605 2065 "°
628 2048 639 2085 :
666 2030 837 2099 cujus
860 2028 921 2082 in
940 2027 1223 2081 honorem
1253 2025 1416 2096 prius
1447 2024 1615 2093 illud,
1651 2024 1746 2079 hic
1790 2024 1966 2079 nobis
1996 2041 2066 2079 ex

415 2123 459 2160 ’τί
484 2122 728 2177 adverso
750 2119 1086 2190 oppositum
1108 2116 1395 2187 templum
1416 2121 1823 2170 constructum
1843 2116 2012 2187 fuit(t
2027 2115 2062 2183 ).

417 2214 543 2267 Non
575 2209 737 2264 enim
760 2208 1021 2263 feremus
1052 2206 1362 2261 haereticos
1397 2207 1496 2275 (2),
1524 2205 1625 2275 qui
1653 2205 1828 2259 Vetus
1861 2206 2062 2260 Testa-

416 2305 689 2356 mentum
734 2295 1091 2351 abscindunt
1119 2312 1154 2350 a
1184 2296 1369 2349 Novo:
1414 2294 1517 2348 sed
1549 2294 1780 2348 Christo
1829 2293 2068 2348 auscul—

418 2389 679 2445 tabimus
735 2385 955 2441 dicenti
1013 2382 1083 2439 de
1132 2383 1391 2453 templo:
1446 2383 1773 2438 Nesciebatis
1831 2383 1980 2453 quod
2006 2384 2067 2437 in

419 2478 502 2537 his
532 2493 653 2548 quze
687 2476 873 2530 Patris
900 2475 1008 2529 mei
1042 2479 1190 2540 sunt,
1224 2478 1437 2542 oportet
1467 2488 1551 2526 me
1580 2488 1693 2526 esse
1711 2471 1759 2505 τε
1788 2470 1815 2525 ‘2
1844 2477 1904 2525 et
1934 2487 2062 2525 rur-

423 2584 566 2625 sus:
600 2567 832 2634 Auferte
882 2565 990 2618 ista
1040 2562 1186 2623 hinc,
1227 2568 1279 2615 et
1329 2578 1396 2615 ne
1435 2563 1658 2628 faciatis
1705 2562 1926 2615 domum
1955 2562 2065 2614 Pa-

422 2660 523 2713 tris
570 2657 678 2711 mei
734 2655 953 2709 domum
1012 2648 1409 2720 negotiationis
1452 2650 1535 2705 ’¹⁸.
1595 2650 1817 2714 Quibus
1874 2648 2067 2703 verbis

422 2748 586 2819 prius
634 2742 783 2799 illud
815 2743 876 2796 in
922 2739 1345 2810 Hierosolymis
1394 2738 1682 2810 templum
1737 2739 1927 2792 Patris
1975 2738 2065 2792 sui

423 2837 667 2892 domum
708 2849 836 2888 esse
869 2830 1309 2886 evidentissima
1341 2828 1647 2883 confessus
1680 2833 1785 2882 est.
1821 2826 1982 2892 Quod
2017 2826 2065 2880 si

427 2925 559 2998 quis
589 2940 711 2996 pra:
742 2920 1093 2976 inﬁdelitate
1142 2918 1343 2989 plures
1374 2917 1568 2972 adhuc
1601 2958 1615 2983 ,
1648 2916 1804 2987 quod
1851 2914 2067 2971 Christi

423 3018 598 3072 Pater
617 3013 775 3068 idem
789 3010 865 3065 sit
881 3027 948 3065 ac
969 3008 1175 3064 mundi
1200 3006 1512 3070 conditior,
1531 3005 2068 3061 demonstrationes

423 3104 691 3175 accipere
749 3105 918 3165 avet;
977 3097 1178 3153 audiat
1232 3095 1448 3151 iterum
1502 3094 1796 3150 dicentem
1828 3096 2063 3167 ipsum:

429 3198 615 3250 Nonne
645 3192 754 3246 duo
793 3203 1036 3258 passeres
1084 3202 1204 3241 asse
1246 3188 1537 3240 veneunt?
1585 3192 1637 3238 et
1662 3202 1802 3239 unus
1853 3202 1921 3239 ea:
1953 3185 2063 3240 illis

421 3299 530 3338 non
560 3281 717 3335 cadet
758 3294 922 3346 super
966 3283 1186 3341 terram,
1240 3276 1357 3329 sine
1416 3279 1580 3328 Patre
1608 3289 1723 3328 meo
1772 3276 1870 3344 qui
1900 3280 1976 3329 est
2006 3273 2065 3327 in

426 3370 569 3427 oculis
588 3366 675 3433 7‘;
708 3372 804 3421 et:
854 3366 1124 3435 Respicite
1169 3364 1243 3417 ad
1286 3362 1542 3418 volatilia
1586 3362 1747 3428 ca'li;
1795 3367 1929 3432 quia
1956 3379 2067 3419 non

422 3461 715 3525 seminant,
758 3471 932 3525 neque
985 3460 1220 3518 metunt;
1266 3469 1440 3524 neque
1484 3460 1815 3523 congregant
1848 3454 1905 3507 in
1935 3455 2063 3509 hor-

423 3566 556 3617 rea;
597 3553 650 3602 et
679 3548 844 3600 Pater
871 3550 1045 3598 vester
1082 3543 1310 3598 cmlestis
1355 3541 1458 3597 alit
1508 3542 1607 3596 illa
1637 3539 1718 3608 7"";
1763 3547 1820 3596 et
1866 3542 2015 3598 illud
2050 3560 2063 3597 :

424 3640 592 3695 Pater
621 3650 771 3691 meus
801 3649 970 3703 usque
1000 3632 1161 3687 modo
1184 3637 1466 3702 operatur,
1494 3637 1546 3685 et
1576 3647 1674 3701 ego
1705 3647 1919 3702 aperor.

2188 532 2294 583 μου
2328 558 2341 582 ,
2400 515 2488 568 καί
2551 516 2861 588 τιμώμενος
2914 519 3017 573 ὑπὸ
3068 523 3164 574 τοῦ
3226 522 3576 595 Μονογενοῦς
3610 542 3623 557 ·
3680 525 3811 601 Ἐγὼ

2185 601 2288 676 γὰρ
2326 608 2481 675 τιμῶ
2536 605 2626 659 τὸν
2686 606 2916 680 Πατέρα,
2978 611 3139 685 φησὶν
3200 611 3227 664 ὁ
3286 610 3431 673 Υἱός
3493 615 3582 667 καὶ
3635 612 3810 669 πάλιν

2186 692 2374 753 Καθὼς
2430 693 2533 767 ἐγὼ
2603 694 2698 756 τὰς
2786 696 3009 759 inciti;
3082 700 3178 753 τοῦ
3236 701 3447 776 Πατρός
3510 724 3618 775 μου
3666 706 3816 774 τετή-

2187 802 2348 855 ρηκα,
2381 784 2469 839 καὶ
2523 786 2671 857 μένω
2729 786 2891 842 αὐτοῦ
2951 789 3003 844 ἐν
3056 793 3125 863 τῇ
3183 791 3391 866 ἀγάπῃ.
3436 792 3678 867 Λέγομεν
3708 794 3819 849 τοί-

2184 895 2275 926 νυν
2305 873 2393 927 καὶ
2443 877 2605 949 ἡμεῖς
2668 878 3065 951 παραπλησίως
3120 884 3198 952 τῷ
3258 880 3603 955 Ἀποστόλῳ’
3641 882 3815 940 Εὐλο-

2183 963 2348 1035 γητὸς
2408 965 2435 1018 ὁ
2481 966 2608 1027 Θεὸς
2659 968 2747 1020 καὶ
2821 970 3005 1042 Πατῆρ
3083 973 3181 1022 τοῦ
3238 972 3439 1045 Κυρίου
3496 973 3656 1042 ἡμῶν
3715 975 3819 1044 Ἰη-

2182 1056 2282 1106 σοῦ
2344 1059 2607 1130 Χριστοῦ,
2667 1057 2695 1110 ὁ
2748 1058 2933 1131 Πατήρ
2988 1063 3094 1113 τῶν
3151 1059 3492 1135 οἰκτιρμῶν,
3546 1061 3637 1116 καὶ
3695 1065 3815 1125 Θεὸς

2182 1144 2364 1212 πάσης
2418 1143 2816 1218 παρακλήσεως
2850 1166 2862 1178 ’
2924 1147 3013 1202 καὶ
3073 1150 3407 1222 [ίαμπτομεν
3472 1155 3546 1224 (4)
3604 1152 3671 1206 τὰ
3725 1153 3814 1227 γόο

2182 1252 2311 1285 νατα
2366 1232 2503 1305 πρὸς
2560 1237 2654 1287 τόν
2716 1236 2921 1305 Πατέρα
2955 1278 2970 1304 ,
3029 1236 3080 1307 ἐξ
3139 1237 3200 1292 οὗ
3285 1260 3430 1292 πασα
3513 1242 3719 1315 πατριὰ
3770 1241 3818 1296 iv

2183 1320 2437 1393 οὐρανοῖς
2492 1322 2582 1377 καὶ
2650 1321 2737 1377 ἐπὶ
2793 1331 2896 1399 γῆς
2952 1325 3297 1399 ὀνομάζεται·
3359 1325 3676 1401 δοξάζοντες
3733 1329 3821 1384 αῦ-

2179 1409 2270 1463 τὸν
2323 1409 2415 1464 σὺν
2472 1415 2551 1482 τῷ
2608 1414 2910 1488 Μονογενεῖ
2937 1417 3013 1488 (5)
3072 1415 3155 1488 (Ὁ
3204 1417 3305 1493 γὰρ
3363 1417 3695 1492 ἀρνούμενος
3736 1421 3822 1474 τὸν

2183 1500 2412 1575 Πατέρα,
2479 1501 2569 1555 καὶ
2626 1502 2718 1556 τὸν
2770 1504 2910 1570 Υἱὸν,
2961 1504 3051 1559 καὶ
3098 1506 3190 1560 τὸν
3249 1508 3460 1582 Πατὲρα
3512 1503 3693 1583 ἔχει),
3748 1531 3825 1585 γι-

2178 1590 2502 1661 νώσκοντες,
2560 1589 2643 1646 ὅτι
2698 1592 2903 1667 Κύριος
2961 1594 3173 1665 Ἰησοῦς
3233 1597 3468 1670 Χριστὸς
3540 1597 3621 1660 εἷς
3676 1595 3822 1672 δόξαν

2180 1685 2313 1737 Θεοῦ
2339 1679 2567 1751 Πατρός.

2100 1785 2148 1851 Β
2253 1771 2312 1839 ζ“.
2348 1774 2759 1845 Προσκυνοῦμεν
2790 1771 2970 1827 τοίνυν
3016 1773 3107 1828 τὸν
3160 1772 3369 1849 Πατέρα
3418 1778 3516 1829 τοῦ
3567 1778 3822 1852 Χριστοῦ,

2181 1861 2272 1915 τὸν
2307 1861 2537 1936 οὐρανοῦ
2576 1865 2647 1929 (6)
2677 1861 2766 1915 καὶ
2797 1869 2900 1936 γῆς
2932 1865 3167 1933 ποιητὴν
3201 1909 3214 1935 ,
3246 1865 3339 1919 τὸν
3370 1865 3498 1920 Θεὸν
3532 1861 3822 1943 Ἀϐραὰμ,

2183 1952 2383 2021 Ἰσαὰκ,
2440 1952 2528 2006 καὶ
2589 1946 2804 2008 Ἰακώὸο
2868 1950 2930 2007 οὗ
2982 1954 3118 2027 πρὸς
3168 1954 3335 2025 τιμὴν
3376 1953 3466 2009 καὶ
3500 1956 3526 2009 ὁ
3559 1957 3827 2032 πρότερος

2181 2041 2432 2114 ἄντικρυς
2488 2043 2649 2112 ἡμῶν
2704 2039 2928 2106 ἐνταῦθα
2976 2043 3103 2105 ναὸς
3163 2041 3535 2116 ᾠκοδόμητο.
3598 2046 3677 2100 Οῦ
3731 2047 3825 2121 γὰρ

2181 2128 2475 2202 ἀνεξόμεθα
2524 2134 2630 2183 τῶν
2666 2131 2951 2203 αἱρετιοιῶν
3004 2135 3111 2185 τῶν
3143 2133 3245 2199 τήν
3278 2133 3523 2188 Παλαιὰν
3554 2140 3661 2201 τῆς
3694 2138 3834 2191 Και-

2177 2225 2278 2287 νῆς
2310 2220 2585 2288 Διαοῆκης
2636 2219 3066 2296 ἀποσχλζόντιυν·
3102 2219 3247 2275 ἀλλᾶ
3304 2225 3381 2292 τῷ
3436 2227 3660 2297 Χριστῷ
3716 2245 3828 2277 πει·

2180 2308 2510 2381 σθησομεθα.
2570 2314 2650 2381 τῷ
2707 2309 2929 2383 λέγοντι
2959 2311 3082 2384 περῖ
3113 2313 3208 2364 τοῦ
3266 2311 3437 2384 ἱεροῦ·
3499 2312 3622 2368 Οὐκ
3653 2308 3831 2387 ᾔδειτε

2178 2395 2260 2451 ὅτι
2321 2395 2372 2450 ἐν
2433 2403 2549 2458 τοῖς
2607 2398 2702 2452 τοῦ
2761 2398 2969 2472 ΙΙατρός
3050 2419 3153 2472 μου
3225 2397 3309 2454 δεῖ
3366 2421 3435 2472 με
3492 2401 3684 2471 εἷναις
3741 2403 3827 2457 ιιτῖ

2178 2486 2342 2541 πάλιν
2381 2504 2394 2516 ·
2472 2488 2675 2561 ’Ἄρατε
2758 2492 2924 2542 ταῦτα
2980 2486 3217 2543 ἐντεῦθεν
3251 2531 3264 2555 ,
3334 2489 3422 2544 καὶ
3486 2491 3562 2562 μὴ
3626 2497 3828 2546 ποιεῖτε

2175 2576 2266 2630 τὸν
2323 2577 2467 2630 οἶκον
2527 2581 2623 2630 τοῦ
2681 2576 2892 2645 Πατρός
2980 2599 3084 2650 μου
3170 2582 3321 2635 οἷκον
3384 2579 3699 2654 ἐμπορίου·
3761 2578 3829 2635 δι’

2179 2663 2251 2720 ὧν
2307 2667 2607 2743 σαφέστατα
2662 2667 2753 2721 τὸν
2813 2665 2864 2721 ἐν
2900 2666 3317 2742 Ἰεροσολύμοις
3375 2669 3646 2744 πρότερον
3682 2672 3826 2728 ναὸν.

2180 2755 2328 2810 οἶκον
2357 2758 2489 2809 εἶναι
2535 2759 2633 2810 τοῦ
2689 2757 2880 2811 ἑαυτοῦ
2938 2758 3147 2831 Πατρὸς
3210 2759 3512 2834 ὡμολόγει.
3546 2760 3613 2819 Εἰ
3665 2759 3721 2817 δέ
3748 2782 3825 2823 τις

2180 2844 2231 2914 ἐξ
2263 2843 2514 2906 ἀπιστίας
2548 2843 2846 2918 ἀποδείξεις
2906 2844 2988 2902 ἔτῖ
3037 2847 3295 2912 πλείονας
3321 2844 3509 2904 λαϐεῖν
3548 2850 3823 2925 βούλεται,

2179 2934 2430 3008 περὶτοῦ
2468 2934 2559 2988 τὸν
2620 2933 2829 3010 Ηατέρα
2883 2939 2979 2990 τοῦ
3036 2937 3270 3011 Χριστοῦ
3326 2939 3416 2993 τὸν
3474 2937 3637 2994 αὐτὸν
3699 2943 3824 2997 εἶναι

2178 3022 2269 3077 καὶ
2299 3022 2512 3095 κόσμου
2569 3025 2829 3093 ποιητήν·
2891 3025 3173 3080 ἀκουσάτω
3229 3024 3396 3081 πάλιν
3439 3028 3605 3083 αὐτοῦ
3636 3027 3823 3103 λέγον-

2178 3131 2290 3174 τος’
2355 3111 2498 3187 Οὐχὶ
2555 3109 2650 3167 δύο
2707 3114 2968 3188 στρουγία
3042 3115 3302 3183 ἀσσαρίου
3350 3114 3613 3173 πωλεῖται
3646 3164 3663 3188 ,
3721 3117 3818 3171 καὶ

2178 3197 2230 3254 ἐν
2291 3199 2340 3274 ἐξ
2400 3201 2575 3255 αὐτῶν
2636 3201 2697 3255 οὐ
2759 3207 3001 3256 πεσεῖται
3071 3201 3158 3256 ἐπὶ
3208 3204 3307 3271 τήν
3381 3211 3484 3279 γῆν
3544 3204 3668 3259 ἄνευ
3722 3209 3816 3260 τοῦ

2178 3289 2387 3364 Πατρός
2451 3311 2554 3362 μου
2614 3296 2690 3359 (7)
2739 3295 2837 3344 τοῦ
2919 3289 2971 3346 ἐν
3043 3292 3318 3367 οὐρανοῖς⁹
3378 3295 3469 3348 καὶ
3517 3293 3623 3349 τό⁶
3686 3296 3819 3367 Ἐμ-

2176 3372 2412 3452 6λέψατε
2471 3377 2545 3441 εἴς
2597 3379 2663 3434 τὰ
2713 3379 2931 3435 πετεινᾶ
2983 3385 3078 3436 τοῦ
3137 3382 3392 3455 οὐρανοῦ,
3440 3382 3524 3438 ὅτι
3584 3383 3648 3439 οὗ
3679 3383 3823 3440 anel-

2176 3488 2357 3543 ρουσιν
2394 3515 2408 3540 ,
2494 3466 2618 3523 οὐδὲ
2703 3468 3003 3544 Θερίζουσιν
3040 3514 3055 3540 ,
3138 3467 3263 3525 οὐδὲ
3347 3473 3667 3547 συνάγουσιν
3744 3472 3821 3534 εἷς

2174 3556 2489 3628 ἂποθήκας·
2547 3557 2636 3613 καὶ
2694 3559 2722 3613 ὁ
2778 3560 2962 3635 Πατὴρ
3026 3560 3179 3632 ὑμῶν
3237 3561 3264 3614 ὁ
3322 3559 3579 3635 οὐράνιος
3633 3563 3815 3637 τρέφει

2173 3645 2327 3702 αὐτά*
2382 3648 2470 3702 καὶ
2529 3644 2613 3702 τό·
2655 3648 2712 3702 Ὀ
2773 3650 2959 3725 Πατήρ
3022 3670 3124 3722 μου
3177 3646 3276 3712 ἔως
3331 3646 3449 3724 ἄρτι
3511 3648 3817 3726 ἐργάζεται,

2172 3736 2321 3813 κάγὼ
2353 3736 2669 3813 ἐργάζομαι.

497 3918 544 3954 ⁸³
576 3914 781 3971 Matth.
817 3930 898 3975 XI,
935 3914 1024 3966 27.
1065 3909 1110 3945 ⁸³
1137 3910 1304 3964 Ιοιιιι.
1337 3924 1454 3982 Vili,
1486 3909 1590 3982 49._
1616 3906 1660 3942 ⁶⁴
1689 3909 1977 3982 Joan.__xv,
2013 3912 2070 3982 Π]

2185 3911 2265 3964 ἸΙ
2295 3911 2423 3964 Cor.
2458 3926 2495 3971 ι,
2523 3911 2573 3963 3.
2615 3909 2660 3945 ⁸⁸
2689 3910 2881 3982 Ephes
2935 3927 3018 3982 ιιι,
3064 3912 3150 3968 44.
3186 3914 3265 3965 15.
3330 3910 3373 3945 ετ
3408 3912 3424 3964 l
3457 3913 3623 3967 Joan.
3660 3930 3721 3977 ιι,
3754 3917 3821 3968 22

429 3991 474 4028 ⁸⁸
505 3988 648 4044 ibid.
677 3988 763 4040 23.
807 3982 855 4017 5°
886 3982 1102 4052 Philip.
1137 3997 1199 4045 ιι,
1236 3983 1319 4034 Η.
1362 3979 1406 4014 το
1436 3978 1615 4033 Exod.
1650 3994 1730 4048 ιιι,
1766 3981 1818 4034 6.
1852 3978 1896 4014 ⁷1
1934 3981 2061 4035 Vid.

2194 4024 2204 4034 .
2247 3984 2300 4048 9,
2327 3998 2386 4037 ιι,
2420 3984 2471 4034 2.
2505 3982 2550 4016 ⁷³
2584 3978 2811 4049 ιιιο.”ιι,
2844 3985 2931 4036 49.
2972 3980 3019 4017 τε
3047 3983 3213 4038 Joan.
3249 3999 3303 4050 ιι,
3343 3986 3421 4037 16.
3457 3983 3505 4018 ⁶¹⁴
3533 3986 3736 4041 Matth.
3770 4003 3823 4053 κ,

427 4066 516 4120 29.
574 4057 622 4093 ⁷⁵
653 4056 854 4112 Matth.
885 4071 962 4119 γι,
991 4055 1079 4107 26.
1112 4052 1156 4086 ⁷⁸
1175 4053 1338 4106 Joan.
1373 4067 1425 4115 v,
1452 4054 1537 4106 17.

500 4185 574 4255 (ιι
604 4183 766 4239 Nobis
802 4198 870 4235 ea:
892 4179 1116 4255 adverso
1146 4177 1455 4255 oppositum
1488 4177 1767 4255 templum.
1799 4176 2071 4255 Hieroso-

431 4248 783 4327 lymitanum
836 4249 1122 4327 templum
1170 4266 1200 4303 e
1250 4250 1489 4327 regione
1522 4248 1917 4327 adorientem
1948 4254 2077 4327 _erat

430 4318 614 4391 Elim,
649 4326 708 4379 in
740 4340 857 4394 qua
888 4318 1141 4394 Cy'rillus
1171 4318 1501 4394 orationem
1534 4318 1792 4374 habebat
1814 4338 1840 4394 ;_
1867 4326 1924 4374 et
1945 4322 2075 4394 ipsa

2254 4182 2327 4243 (4)
2362 4178 2716 4248 Κάμπτομεν.
2771 4181 2850 4234 Ex
2911 4178 3081 4235 codd.
3137 4180 3310 4236 Coisl.
3346 4181 3430 4236 ita
3485 4182 3823 4245 scribimus,

2184 4256 2249 4304 ut
2279 4251 2636 4325 respondeat
2673 4251 2864 4325 Averbo
2907 4248 3154 4325 :Aeydguv
3188 4253 3478 4325 superius
3525 4255 3735 4325 posito.
3771 4257 3827 4325 et

2181 4322 2356 4376 verbo
2389 4323 2801 4393 προσκυνοῦμεν
2830 4322 3095 4378 inferius.
3124 4322 3433 4380 Editi’vero
3464 4322 3819 4380 et'nonnulli

433 4399 582 4453 situs
603 4390 693 4469 sui
714 4390 1243 4469 eicelsitalefacile
1269 4390 1653 4460 conspicuum
1673 4398 1798 4445 erat
1831 4392 1889 4446 in
1916 4390 2073 4448 edito
2108 4395 2151 4458 Π
2184 4411 2351 4469 _mss.,
2384 4390 2744 4469 κάμπτωμεν.
2790 4394 3205 4451 Existimarem
3237 4397 3461 4467 pariter
3508 4396 3815 4469 legendum

426 4468 705 4525 Culvariai
740 4472 939 4521 monte
971 4461 1360 4535 degentibus:
1416 4478 1526 4535 nec
1584 4470 2073 4535 prostratmipene

428 4542 572 4596 aedis
605 4537 948 4610 conspectui
976 4533 1630 4610 obstabantintnrjecta
1655 4534 2075 4610 Hierosolymaa

426 4613 660 4669 veteris.
698 4604 830 4681 quae
862 4610 988 4681 ipsa
1015 4607 1191 4681 etiam
1225 4604 1351 4681 solo
1381 4611 1679 4681 prostrata
1700 4611 1870 4681 erant
1899 4604 2080 4681 nidiﬁ-

429 4686 538 4741 cia.
578 4676 853 4749 Quamvis
885 4676 1189 4750 'templurn
1250 4676 1396 4750 illud
1428 4678 1661 4750 cat._lO.
1697 4692 1753 4729 ιι.
1794 4680 1815 4730 1
1866 4678 2078 4750 .juxta

429 4746 646 4812 Christi
678 4746 1200 4826 praphetiamtiam
1242 4749 1493 4826 cecidisse
1542 4746 1699 4826 dicat
1756 4749 2078 4826 manebant

427 4834 629 4883 tamen
652 4819 898 4891 grandia
922 4822 1188 4896 ejusdem
1207 4819 1452 4896 rudera;
1475 4835 1583 4873 nec
1606 4819 1833 4896 integra
1857 4821 2075 4896 solum-

427 4899 603 4953 modo
626 4891 1239 4953 fundamenlayerum
1265 4892 1443 4947 etiam
1470 4897 1591 4944 tum
1618 4891 1928 4945 exterioris
1949 4909 2075 4947 am-

425 4969 606 5032 bitus,
650 4974 773 5021 tum
829 4964 1129 5020 interioris
1163 4970 1221 5021 et
1266 4963 1602 5035 secretioris
1653 4963 1837 5035 partis
1870 4965 2073 5035 templi

428 5039 793 5095 eediﬁcorum
825 5053 961 5107 pars
993 5053 1111 5090 non
1155 5034 1594 5107 contemnenda
1633 5034 1924 5107 exstabat.
1959 5034 2070 5093 cat.

435 5111 517 5175 l5,
550 5127 609 5164 ιι.
637 5112 721 5162 15.
755 5105 1070 5162 ΑΗιιΙίίιιιί
1105 5106 1470 5177 temporibus
1493 5105 1707 5176 partim
1733 5105 2073 5162 Judmorum

426 5182 613 5237 aedem
649 5187 980 5234 restaurare
1013 5177 1338 5232 volentium
1372 5194 1574 5243 manu,
1600 5178 1813 5247 partim
1838 5178 2074 5249 ignibus

430 5269 461 5307 e
493 5252 639 5307 cwlo
673 5257 729 5305 et
759 5267 789 5305 e
836 5258 992 5304 terra
1020 5249 1239 5320 missis,
1270 5248 1537 5318 reliquize
1595 5249 1799 5320 templi
1832 5248 1904 5304 ad
1936 5250 2071 5306 fun-

425 5324 705 5381 damenta
735 5337 922 5392 usque
956 5319 1189 5392 penitus
1222 5336 1438 5374 eversus
1480 5326 1639 5374 sunt.

495 5398 567 5463 (2)
603 5397 716 5449 Νοη
748 5390 1028 5461 patiemur
1051 5393 1352 5451 hareticos,
1387 5396 1495 5445 etc.
1531 5392 1611 5446 De
1660 5390 1780 5446 illis
1830 5392 2072 5449 haereti-

426 5468 510 5523 cis
542 5467 818 5521 duximus
850 5463 923 5518 ad
948 5467 1059 5518 cat.
1101 5465 1134 5516 4
1180 5478 1237 5516 n.
1274 5463 1360 5516 33.

498 5540 587 5609 (3)Δ
609 5532 911 5609 Παρεδόθλη,
946 5532 1112 5609 ιιρησίΔ
1139 5532 1392 5609 Verbum
1440 5529 1601 5609 φῃσίν
1636 5532 1695 5587 in
1728 5534 1902 5591 editis
1933 5544 2072 5593 ante

423 5603 701 5683 παρεδόθή
738 5603 1017 5683 positum_
1055 5603 1151 5659 hic
1212 5603 1658 5674 collocavimus,
1715 5614 1850 5676 post
1897 5609 2067 5664 codd.

423 5676 600 5754 Cois.,
634 5676 775 5750 Roé,
811 5676 1059 5736 Casaub.

2183 4465 2330 4539 locis
2356 4467 2594 4539 Acitatis.
2628 4465 2876 4539 λέγωμεν
2937 4473 2995 4539 et
3042 4465 3455 4539 προσχτνιῖιμεν,
3504 4465 3655 4539 quod
3685 4465 3816 4536 qui-

2183 4486 2330 4519 lOClS
2380 4486 2594 4527 Cllalls.
2631 4486 2876 4537 Λεγωμεν
2937 4486 2995 4520 et
3042 4486 3455 4539 προσχτνωμεν,
3546 4486 3655 4521 1100
3685 4486 3816 4536 qui-

2183 4537 2315 4610 dem
2353 4537 2411 4610 in
2470 4538 2784 4608 posteriori
2817 4537 3331 4610 _legitGrodecius
3386 4486 3563 4595 Codd.
3614 4539 3729 4593 Boe
3760 4540 3819 4590 et

2182 4609 2428 4734 Ctaslaub.
2474 4607 2719 4673 habent,
2765 4607 2999 4679 κάμτξτω
3052 4630 3179 4680 μου,
3232 4616 3298 4665 ut
3355 4611 3618 4682 loquitur
3668 4611 3820 4679 Apo-

2182 4698 2209 4734 s
2239 4696 2270 4733 ο
2302 4698 2389 4734 us.

2182 4687 2389 4737 stolus.

2253 4754 2329 4821 (5;
2363 4748 2466 4822 Σὺν
2523 4755 2602 4819 τῷ
2659 4754 2976 4822 Μονογξνεῖ.
3026 4753 3216 4807 Aliter
3257 4755 3318 4808 in
3374 4753 3576 4811 Coisl..
3611 4748 3704 4805 διὰ
3728 4752 3827 4801 τοῦ

2183 4822 2309 4874 Υἱοῦ
2338 4821 2501 4875 αὐτοῦ
2563 4825 2706 4879 Ὶσοῦ
2763 4821 2859 4876 τοῦ
2893 4828 3246 4896 μονογενοῦς,
3301 4842 3404 4895 per
3452 4824 3661 4879 Filium
3714 4825 3829 4894 ejus

2178 4897 2527 4963 unigenitum
2556 4899 2754 4950 Iesum.
2791 4897 3012 4951 Eodem
3059 4897 3232 4952 modo
3289 4896 3430 4960 legit
3483 4896 3826 4961 Grodecius,

2179 4967 2279 5039 qui
2315 4972 2512 5021 tamen
2546 4968 2769 5022 omittit
2817 4968 3009 5023 verba.
3072 4970 3277 5023 Filium
3324 4969 3443 5038 ejus
3469 4969 3667 5039 Jesumr
3717 4968 3827 5039 Cy-

2178 5037 2349 5092 rillus
2372 5040 2589 5108 passim
2619 5041 2828 5095 Filium
2866 5040 3019 5094 Patri
3046 5040 3107 5093 in
3135 5037 3359 5095 honore
3390 5038 3703 5109 conjungit
3726 5037 3833 5108 per

2179 5110 2531 5181 particulam
2565 5109 2681 5175 σύν,
2715 5112 2774 5165 ιιι
2803 5112 2920 5166 fine
2952 5111 3218 5166 omnium
3245 5112 3365 5166 fere
3395 5110 3787 5165 catecheseon
3815 5125 3828 5162 :

2182 5181 2510 5252 eodemque
2565 5183 2738 5237 modo
2772 5185 3005 5237 Patrem
3039 5200 3106 5237 ac
3138 5184 3351 5238 Filium
3382 5198 3502 5237 una
3532 5188 3593 5237 et
3622 5182 3831 5236 eadem

2179 5253 2367 5323 gloria
2389 5253 2810 5309 celebrandum
2860 5255 3035 5309 docet
3090 5256 3314 5310 catech.
3344 5257 3397 5315 6.
3430 5270 3489 5308 ιι.
3528 5257 3578 5309 1.
3616 5254 3832 5307 Verum

2180 5325 2338 5380 idem
2372 5341 2522 5380 esse.
2557 5328 2791 5380 Patrem
2841 5342 2975 5381 cum
3008 5326 3177 5393 Filio,
3209 5344 3276 5382 ac
3310 5342 3414 5396 per
3442 5324 3663 5379 Filium
3703 5324 3831 5396 glo-

2179 5398 2415 5452 rificare
2474 5397 2648 5453 docet
2696 5398 2995 5463 Basilius,
3055 5397 3158 5454 lib.
3220 5401 3294 5453 De
3352 5398 3568 5467 Spiritu
3622 5402 3831 5453 sancto.

2181 5485 2306 5523 cap.
2345 5472 2433 5521 27.

2302 5514 2306 5519 .
2345 5486 2433 5521 zz.

2252 5486 2327 5614 Eii)
2362 5541 2476 5614 '1:ng
2503 5537 2759 5614 οὐρανοῦ.
2796 5542 2861 5595 In
2894 5540 3087 5614 editis,
3110 5543 3208 5593 τοῦ
3234 5539 3486 5614 οὐρανοῦ.
3516 5539 3840 5609 Sequimur

2179 5610 2350 5665 codd.
2380 5612 2581 5669 Coisl..
2617 5614 2755 5671 Roe.
2791 5612 3040 5667 Casaub.

2250 5684 2323 5753 (7)
2370 5683 2481 5738 Τοῦ
2534 5681 2743 5755 Πατρός
2806 5703 2931 5755 μου.
2990 5685 3076 5740 lta
3133 5683 3273 5739 editi
3332 5684 3502 5741 codd.
3538 5687 3598 5739 et
3654 5678 3834 5737 Grod.
