4124 6260
370 310 488 370 615

373 556 400 583 ‹‹
435 533 537 589 sed
569 549 690 588 non
726 532 944 588 multos
976 537 1174 603 patres
1199 548 1211 584 :
1237 531 1298 585 in
1318 530 1551 586 Christo
1578 530 1741 584 enim
1765 528 1901 582 Jesu
1925 542 2031 596 per

370 646 399 675 α
433 622 819 691 Evangelium
851 637 958 691 ego
999 637 1099 674 vos
1128 618 1305 690 genui
1339 642 1366 667 ››
1398 619 1461 667 ³³η
1505 618 1631 673 Non
1663 633 1730 671 eo
1763 614 1919 685 quod
1946 630 2033 669 se-

367 711 631 767 cundum
659 724 902 764 carnem
931 707 1262 779 genuisset,
1297 705 1402 760 sed
1429 705 1585 776 quod
1643 702 1945 757 docuisset
1973 704 2033 755 et

376 797 708 856 secundum
741 797 1024 868 Spiritum
1070 800 1498 867 regenerasset,
1554 793 1772 848 Paulus
1824 789 2032 845 Corin-

379 889 641 943 thiorum
672 892 842 957 pater
871 891 1016 940 erat.
1039 885 1189 939 Audi
1218 899 1455 954 quoque
1486 888 1546 937 et
1566 882 1672 937 Job
1697 880 2025 934 dicentem:

374 980 540 1033 Pater
567 991 718 1029 eram
752 974 1110 1029 imbecillium
1138 972 1223 1040 ‘3;
1261 980 1487 1045 patrem
1520 971 1681 1026 enim
1716 987 1778 1025 se
1834 969 2030 1040 ipsum

373 1067 716 1140 appellavit,
750 1082 870 1120 non
902 1066 1043 1137 quia
1072 1082 1279 1121 omnes
1337 1064 1662 1136 genuisset,
1717 1060 1822 1117 sed
1872 1058 2031 1130 quod

376 1172 581 1212 curam
611 1156 991 1226 suscepisset.
1015 1155 1167 1220 Quin
1190 1154 1316 1226 ipse
1336 1152 1676 1225 unigenitus
1696 1150 1880 1205 Filius
1905 1147 2028 1212 Dei,

375 1262 491 1317 quo
523 1251 786 1315 tempore
820 1244 980 1299 cruci
1013 1243 1346 1299 secundum
1377 1257 1622 1298 carnem
1645 1240 1858 1295 afﬁxus
1880 1242 2028 1303 erat,

372 1335 619 1390 Mariam
650 1333 857 1388 videns
890 1334 981 1389 sui
1014 1333 1201 1405 ipsius
1223 1333 1454 1388 ratione
1475 1331 1672 1387 carnis
1694 1331 2034 1395 matrem,et

370 1425 663 1480 Joannem
720 1423 1153 1495 discipulorum
1203 1422 1644 1484 charissimum,
1703 1419 1780 1475 ad
1831 1419 2030 1490 ipsum

368 1513 613 1585 quidem
644 1514 764 1568 ait:
801 1515 934 1568 Ecce
963 1519 1132 1567 mater
1166 1520 1267 1567 tua
1295 1511 1378 1580 8";
1430 1511 1504 1567 ad
1555 1510 1797 1565 Mariam
1847 1523 1982 1562 vero
2015 1522 2029 1561 :

365 1604 503 1659 Ecce
532 1602 681 1674 ﬁlius
731 1609 899 1666 tuus;
947 1618 1126 1673 quam
1176 1601 1420 1656 deberet
1460 1600 1566 1655 illa
1614 1600 1675 1654 in
1722 1604 2030 1670 posterum

364 1692 576 1748 Joanni
601 1691 881 1746 exhibere
914 1691 1265 1746 charitatem
1299 1690 1541 1746 docens.
1575 1687 1800 1754 Quibus
1832 1686 2031 1741 verbis

1422 307 1487 366 S.
1533 302 1846 365 CYRILLI
1893 295 2305 360 HIEBOSOL.
2353 301 2715 365 ΑηοΗιΕΡ.

373 465 402 493 ‹‹
435 443 640 499 decem
669 442 863 497 millia
891 441 1343 513 pmdagogorum
1375 440 1644 496 habeatis
1676 438 1735 493 in
1768 436 2020 502 Christo,

2141 433 2368 507 μυρίους
2430 435 2822 513 παιδαγωγοὺς
2878 437 3045 516 ἔχητε
3099 439 3154 495 ἐν
3218 444 3454 514 Χριστῷ,

3668 306 3788 369 616

3542 439 3671 496 ἀλλ’
3730 440 3793 495 οὗ

2137 523 2382 588 πολλοὺς
2441 529 2697 603 πατέρας·
2756 528 2807 582 ἐν
2866 530 2967 605 γὰρ
3024 531 3234 604 Χριστῷ
3295 531 3475 600 Ἰησοῦ
3550 526 3643 584 διὰ
3698 534 3794 584 τοῦ

2138 614 2470 689 Εὐαγγελίου
2527 615 2636 690 ἐγὼ
2694 618 2833 689 ὑμᾶς
2891 615 3168 693 ἐγέννησαο
3225 618 3287 673 οὗ
3374 619 3477 693 γὰρ
3533 624 3615 690 τῷ
3670 639 3794 694 γεν-

2134 706 2294 772 νῆσαι
2325 707 2462 759 κατᾶ
2491 708 2683 776 σάρκα,
2717 705 2864 762 ἀλλὰ
2911 711 2991 779 τῷ
3048 705 3255 778 διδάξαι
3307 712 3382 781 (2)
3431 708 3521 762 καὶ
3575 710 3796 782 ἀναγεν-

2135 799 2295 861 νῆσαι
2356 794 2494 848 κατὰ
2536 798 2778 867 Πνεῦμα,
2842 796 3061 857 Παῦλος
3118 797 3185 866 ἧν
3249 797 3559 872 Κορινθίων
3616 800 3793 874 πατήρ

2138 884 2345 937 ’Ἄκουε
2374 879 2432 936 δὲ
2460 882 2547 937 καὶ
2578 887 2675 938 τοῦ
2719 879 2846 939 Ἰὼϐ
2908 884 3190 959 λέγοντος’
3243 888 3389 961 Ἐγω
3419 885 3572 959 ἤμην
3611 889 3791 963 πατὴρ

2139 970 2436 1028 ἀδυνάτων·
2479 976 2685 1046 πατέρα
2735 977 2836 1050 γὰρ
2887 978 3095 1043 ἑαυτὸν,
3126 977 3187 1032 οὐ
3217 982 3296 1048 τῷ
3342 981 3602 1053 γεννῆσαι
3654 977 3791 1032 πάν-

2137 1082 2230 1123 τας
2261 1066 2356 1135 (3),
2391 1062 2536 1120 ἀλλὰ
2564 1070 2642 1137 τῷ
2697 1063 3046 1140 κηδεμονεῖν,
3106 1066 3411 1140 ὠνόμασεν.
3466 1066 3644 1127 Αὐτός
3674 1088 3732 1122 τι
3760 1068 3788 1123 6

2141 1154 2445 1227 μονογεΑής
2477 1154 2600 1217 Υἱὸς
2625 1158 2721 1208 τοῦ
2781 1159 2938 1221 Θεοῦ,
2988 1159 3068 1227 τῷ
3114 1153 3261 1228 ξύλῳ
3304 1159 3442 1211 κατά
3486 1155 3581 1210 τὸν
3628 1176 3789 1210 σταυ-

2141 1242 2236 1312 ροῦ
2262 1240 2449 1314 καιρὸν
2479 1242 2580 1310 τήν
2614 1241 2786 1317 σάρκα
2833 1240 3291 1317 προσηλωμένος,
3343 1240 3472 1298 ἰδὼν
3518 1244 3617 1311 τὴν
3668 1245 3790 1301 Μα-

2138 1328 2276 1401 ριὰμ
2302 1330 2400 1399 τήν
2435 1329 2628 1385 ἑαυτοῦ
2658 1331 2794 1386 κατὰ
2839 1330 3007 1408 σάρκα
3060 1331 3291 1408 μητέρα,
3343 1334 3433 1387 καὶ
3462 1333 3554 1387 τὸν
3597 1334 3789 1388 Ἰωάν-

2135 1438 2234 1487 νην
2286 1420 2379 1474 τὸν
2435 1423 2545 1474 τῶν
2606 1425 2870 1494 μαθητῶν
2919 1421 3411 1499 προσφιλέστατον,
3473 1422 3607 1500 φησὶ
3653 1423 3791 1496 πρὸς

2138 1506 2337 1562 ἐκεῖνον
2400 1509 2520 1581 μὲν,
2583 1507 2730 1565 Ἰδοὺ
2784 1512 2818 1579 ἢ
2883 1512 3068 1585 μήτηρ
3153 1529 3269 1565 σου“
3348 1512 3486 1586 πρὸς
3562 1508 3621 1567 δὲ
3687 1512 3791 1580 τὴν

2138 1597 2388 1672 Μαριὰμ,
2475 1594 2617 1654 Ἰδοὺ
2703 1598 2731 1652 6
2815 1598 2931 1661 υἱός
3018 1618 3137 1654 σου·
3220 1600 3322 1667 τὴν
3422 1599 3788 1679 ὀφειλομένην

2138 1686 2523 1765 φικοστοργίαν
2558 1684 3029 1759 ἐκδιδάσκων,καὶ
3058 1688 3121 1744 τὸ
3169 1690 3315 1763 παρᾶ
3370 1695 3450 1762 τῷ
3495 1694 3678 1761 Λουκᾷ
3716 1690 3789 1745 εἲ·

371 1782 612 1853 oblique
644 1780 941 1852 expedivit
974 1780 1125 1835 illud
1161 1780 1320 1850 quod
1352 1797 1387 1835 a
1417 1780 1570 1834 Luca
1621 1777 1846 1831 dictum
1894 1770 2021 1830 est:

2137 1776 2374 1850 ρημὲνον
2408 1775 2661 1852 πλαγίως
2720 1776 2985 1844 ἐπιλύων,
3035 1779 3119 1847 τὸ,
3180 1779 3276 1833 Καὶ
3304 1780 3372 1849 ἦν
3405 1781 3433 1835 6
3465 1781 3646 1855 πατὴρ
3693 1781 3788 1836 αὐ-

384 1891 406 1922 c
444 1875 513 1927 Et
545 1877 671 1925 erat
700 1877 869 1941 pater
898 1870 1028 1941 ejus
1058 1876 1117 1925 et
1145 1877 1336 1925 mater
1355 1870 1483 1940 ejus
1506 1867 1867 1923 admirantes
1902 1888 1928 1914 υ
1959 1865 2023 1919 ⁸⁸.

371 1964 558 2027 Quam
593 1976 795 2014 vocem
823 1960 1120 2030 arripiunt
1148 1959 1413 2014 haeretici
1454 1958 1650 2029 ipsum
1705 1973 1773 2011 ex
1803 1956 1926 2010 viro
1958 1972 2025 2010 ac

374 2051 628 2107 muliere
662 2056 869 2104 natum
915 2048 1311 2120 praedicantes
1369 2051 1464 2119 (1).
1509 2044 2023 2112 Quemadmodum

375 2141 534 2196 enim
568 2140 747 2194 Maria
773 2139 1018 2194 Joannis
1056 2145 1246 2195 mater
1270 2138 1488 2193 dicitur
1537 2142 1779 2208 propter
1829 2136 2024 2190 chari-

372 2234 577 2295 tatem,
608 2244 729 2283 non
759 2244 894 2282 vero
926 2228 1085 2299 quod
1114 2228 1455 2300 genuisset:
1489 2226 1571 2281 ita
1595 2225 1809 2296 Ioseph
1859 2230 2026 2296 pater

376 2319 588 2376 Christi
624 2318 815 2374 dictus
846 2324 955 2380 est.
989 2336 1110 2374 non
1168 2318 1401 2374 ratione
1445 2316 1845 2390 generationis
1886 2318 2024 2387 (Non

372 2409 531 2464 enim
562 2407 816 2479 cognovit
837 2424 974 2468 eam.
995 2407 1167 2479 juxta
1186 2407 1593 2479 Evangelium.
1621 2406 1791 2460 donec:
1802 2407 2026 2476 peperit

367 2500 545 2567 ﬁlium
572 2514 731 2553 suum
764 2499 1196 2567 primogenitum
1221 2496 1309 2567 95),
1341 2495 1447 2551 sed
1485 2495 1714 2550 ratione
1748 2511 1903 2550 curua
1960 2494 2024 2549 in

367 2584 582 2642 alendo
616 2584 1044 2655 educandoque
1076 2584 1328 2639 collatae.

431 2675 497 2731 Χ.
532 2676 650 2731 Ηοο
681 2675 883 2745 itaque
915 2673 1082 2728 vobis
1110 2689 1271 2728 nunc
1303 2672 1496 2727 obiter
1526 2672 1685 2727 velut
1714 2674 1750 2726 1
1774 2672 1861 2726 1⁸1
1919 2671 2021 2725 ad-

355 2763 703 2820 monitionis
733 2763 925 2832 gratia
954 2763 1183 2818 dictum
1214 2763 1309 2817 sit.
1344 2761 1712 2832 Adjiciamus
1735 2765 1935 2815 autem
1962 2764 2023 2815 et

360 2853 524 2908 aliud
556 2852 987 2917 testimonium,
1013 2852 1088 2906 ad
1121 2850 1657 2906 demonstrandum
1692 2851 1877 2904 Deum
1909 2849 2017 2903 ho—

368 2943 595 2998 minum
629 2947 856 3014 patrem
889 2941 1129 2997 abusive
1161 2941 1297 2996 dici.
1358 2941 1504 2994 Cum
1552 2940 1708 2994 enim
1758 2939 1819 2994 in
1871 2938 2023 2993 Isaia

367 3032 440 3088 ad
465 3032 649 3087 Deum
662 3031 894 3087 dicatur
918 3047 930 3085 :
963 3032 1047 3085 Tu
1060 3030 1221 3085 enim
1235 3046 1296 3084 es
1309 3034 1712 3100 paternoster,
1737 3028 2020 3099 quoniam

371 3121 665 3178 Abraham
694 3137 814 3176 non
838 3120 997 3175 novit
1013 3126 1207 3187 nos,et
1226 3119 1364 3174 Sara
1378 3135 1497 3173 non
1512 3115 2018 3190 parturivitnos‘”;

362 3217 528 3266 estne
569 3210 895 3282 quidquam
949 3210 1021 3264 de
1071 3210 1183 3264 hoc
1233 3207 1624 3279 quaerendum
1679 3206 2021 3278 prmierea?

368 3299 534 3365 Quod
567 3300 616 3353 si
650 3299 876 3353 Psaltes
901 3298 1090 3353 dicat:
1124 3321 1150 3348 «
1186 3297 1521 3353 Turbentur
1550 3313 1584 3352 a
1606 3296 1754 3352 facie
1778 3296 1906 3368 ejus
1924 3312 2018 3367 pa-

371 3388 526 3442 «tris
548 3387 951 3458 orphanorum
977 3392 1036 3441 et
1047 3386 1271 3458 judicis
1282 3386 1589 3441 viduarum
1609 3405 1631 3435 ι
1648 3384 1693 3420 ⁸⁸
1718 3385 2020 3455 ;nunquid

360 3493 484 3532 non
514 3475 793 3531 omnibus
824 3474 1208 3530 manifestum
1240 3482 1349 3540 est,
1384 3474 1691 3546 quodcum
1722 3475 2017 3546 orphano‘

371 3582 527 3623 rum.
561 3564 662 3635 qui
704 3579 912 3618 recens
941 3570 1139 3636 patres
1168 3564 1439 3636 proprios
1469 3564 1816 3626 amiserunt,
1851 3570 2019 3635 pater

369 3653 588 3710 dicitur
610 3653 783 3718 Deus,
813 3669 934 3708 non
966 3653 1183 3709 idcirco
1238 3653 1397 3725 quod
1455 3669 1524 3707 ex
1570 3652 1860 3725 genuerit.
1912 3653 2016 3709 sed

367 3743 525 3817 quod
551 3760 754 3799 curam
787 3749 847 3799 et
874 3744 1284 3799 defensionem
1317 3744 1661 3799 earumdem
1708 3744 2011 3816 suscipiat,

364 3831 448 3887 ita
468 3831 801 3903 appellatus
829 3831 905 3886 sit
925 3830 953 3885 ‘I
978 3831 1294 3886 Hominum
1319 3831 1538 3902 itaque,
1565 3836 1632 3885 ut
1652 3832 1875 3886 dictum
1902 3838 2010 3900 est,

362 3920 603 3976 abusive
636 3925 805 3992 pater
834 3926 963 3987 est;
996 3919 1179 3975 solius
1210 3936 1344 3975 vero
1377 3918 1592 3974 Christi
1641 3920 1797 3975 Deus
1845 3927 2014 3991 pater

2131 3940 2230 3990 ται,
2285 3924 2742 3995 καταχρηστικῶς
2799 3917 2912 3974 ἐστι
2960 3920 3163 3993 πατηρο

423 4101 470 4138 ⁸³
510 4105 528 4155 l
560 4103 690 4156 Cor.
726 4118 796 4161 ιν,
842 4102 923 4155 t5.
1025 4098 1075 4133 ⁸³
1102 4099 1224 4154 Job.
1259 4115 1420 4167 nix,
1455 4101 1538 4155 16.

353 4191 516 4242 Lxm,
551 4175 638 4229 16.
714 4172 759 4207 ⁸⁸
789 4171 946 4226 Psal.
978 4188 1146 4237 vau,
1179 4173 1231 4226 6.

1642 4097 1689 4133 ⁸⁴
1713 4099 1877 4154 Joan.
1912 4117 2030 4168 xIx,
2062 4105 2150 4169 27,
2181 4101 2271 4155 26.

2131 1871 2228 1921 τοῦ
2284 1866 2375 1922 καὶ
2415 1870 2449 1937 ἡ
2500 1870 2684 1940 μήτηρ
2742 1867 2909 1923 αὐτοῦ
2967 1869 3351 1938 θαυμάζοντες·
3416 1869 3549 1944 ὅπερ
3608 1870 3785 1945 ἁρπα-

2132 1961 2311 2025 ζουσιν
2365 1957 2697 2031 αἳρεσιωτῶν
2747 1953 2962 2019 παῖδες,
2994 1956 3044 2029 ἐξ
3100 1954 3292 2029 ἀνδρὸς
3340 1957 3499 2012 αὐτὸν
3549 1956 3640 2012 καὶ
3686 1980 3784 2032 γυ-

2128 2045 2312 2106 ναικὸς
2356 2048 2707 2120 γεγεννῆσθαι
2767 2044 3037 2121 λέγοντες.
3098 2046 3301 2121 Ὅνπερ
3351 2045 3452 2120 γὰρ
3510 2045 3779 2121 τρόπονή

2129 2133 2312 2207 Μαρία
2347 2135 2531 2207 μήτηρ
2564 2135 2813 2188 Ἰωάννου
2861 2130 2952 2188 διὰ
2989 2134 3088 2202 τὴν
3142 2133 3533 2209 φιλοστοργίαν
3585 2134 3648 2189 οὗ
3695 2130 3785 2188 διὰ

2127 2222 2189 2276 τὸ
2215 2229 2488 2296 γεννῆσαι·
2525 2219 2668 2276 οὕτω
2708 2223 2797 2277 καὶ
2832 2222 3035 2296 Ἱωσῆφ
3067 2226 3138 2294 (4)
3170 2223 3350 2298 πατὴρ
3409 2220 3660 2278 ἐκαλεῖτο
3688 2227 3784 2278 τοῦ

2127 2312 2382 2387 Χριστοῦ,
2417 2308 2601 2365 οὐδιὰ
2645 2311 2709 2366 τὸ
2765 2318 3020 2386 γεννῆσαι
3080 2310 3179 2381 (Οὐ
3236 2313 3339 2387 γὰρ
3395 2308 3534 2387 ἔγνω
3590 2313 3785 2386 αότὴν,

2127 2400 2261 2456 κατᾶ
2293 2399 2354 2455 to‘
2386 2399 2751 2474 Εὐαγγὲλιον,
2808 2395 2911 2464 ἕως
2968 2401 3029 2455 οὗ
3086 2396 3233 2456 ἔτεκε
3289 2401 3383 2455 τὸν
3443 2399 3560 2456 υἱὸν
3618 2401 3788 2471 αὐτῆς

2126 2491 2218 2545 τὸν
2263 2490 2662 2566 πρωτότοκον),
2722 2488 2869 2545 ἀλλὰ
2925 2487 3015 2544 διὰ
3067 2490 3166 2558 τήν
3227 2491 3350 2563 περὶ
3400 2491 3502 2559 τήν
3555 2490 3786 2568 ἀνατρο-

2127 2599 2234 2655 φην
2265 2575 2593 2652 κηδεμονίαν
2624 2599 2815 2655 γεγενη
2827 2578 3016 2652 μένην.

2200 2667 2254 2723 Γ.
2287 2669 2462 2723 Τοῦτο
2497 2668 2593 2740 μὲν
2653 2668 2742 2722 οὗν
2806 2668 2934 2740 ὑμῖν
2975 2666 3028 2722 ἐν
3079 2662 3407 2735 παραϐάσει
3454 2672 3546 2722 νῦν
3594 2670 3670 2732 ὡς
3723 2669 3777 2724 ἐν

2131 2758 2436 2830 ὖπομσῆσει
2502 2754 2776 2832 λελέχθω.
2837 2761 3170 2833 Ιιροσθῶμεν
3228 2754 3285 2812 δὶ
3339 2758 3430 2812 καὶ
3478 2759 3776 2834 μαρτυρίαν

2128 2847 2309 2920 ἑτέραν
2365 2845 2753 2915 ἀποὸεικτικῆν
2809 2850 2906 2902 τοῦ
2963 2852 3421 2923 καταχρηστικῶς
3473 2848 3772 2919 ἀνθρώπων

2124 2937 2216 2991 τὸν
2245 2938 2374 2992 Θεὸν
2400 2942 2685 3001 καλεῖσθαι
2715 2938 2937 3008 πατὲρα,
2970 2938 3135 2994 ’Ὀταν
3186 2937 3290 3013 γὰρ
3339 2935 3391 2991 ἐν
3436 2935 3631 3009 Ἡσαΐᾳ
3680 2937 3770 2993 λέν

2124 3047 2285 3102 γηται
2317 3026 2452 3099 πρὸς
2480 3027 2571 3081 τὸν
2618 3027 2769 3080 Θεὸν·
2829 3025 2901 3079 Σὺ
2959 3026 3060 3101 γὰρ
3120 3028 3166 3080 εἴ
3225 3027 3404 3100 πατὴρ
3449 3032 3630 3098 ἡμῶν,
3687 3027 3771 3081 ὃτι

2131 3110 2382 3191 ’Λϐραὰμ
2411 3113 2510 3169 οὐκ
2554 3109 2692 3191 ἔγνω
2742 3117 2914 3186 ἡμᾶς,
2970 3114 3060 3170 καὶ
3110 3117 3145 3180 ἡ
3195 3114 3378 3192 Σάῥρα
3420 3114 3517 3170 οὐκ
3571 3111 3766 3183 ὠδίνη-

2132 3225 2218 3259 σεν
2276 3207 2426 3276 ἡμᾶς
2482 3207 2576 3277 (5)·
2635 3206 2737 3279 ἄρα
2792 3202 2869 3259 ἔτι
2927 3203 3051 3278 περὶ
3106 3204 3296 3259 τοῦτον
3359 3209 3532 3275 ζητεῖν
3588 3204 3699 3279 χρή
3757 3229 3774 3272 ς

2130 3295 2241 3349 Κᾶν
2287 3294 2314 3348 6
2369 3290 2685 3366 Ψαλμῳδὸς
2746 3291 2898 3368 λέγῃο
2949 3295 3397 3368 Ταραχθήτωσαν
3456 3293 3562 3348 ἀπὸ
3606 3313 3774 3366 προσ-

2128 3386 2283 3438 ώπου
2338 3383 2524 3450 αὐτοῦ,
2581 3388 2677 3438 τοῦ
2734 3384 2940 3459 πατρὸς
2994 3389 3103 3438 τῶν
3193 3383 3442 3461 ὀρφανῶν
3518 3384 3610 3439 καὶ
3658 3403 3777 3459 κρι-

2127 3478 2226 3527 οοῦ
2256 3477 2363 3528 τῶν
2419 3477 2635 3548 χηρῶν·
2697 3474 2798 3547 ἆρα
2857 3473 2921 3527 οὐ
2979 3478 3110 3527 πᾶσι
3167 3470 3475 3546 πρόδηλον,
3536 3472 3619 3527 ὅτι
3668 3476 3775 3527 τῶν

2123 3563 2319 3617 νεωστὶ
2373 3562 2501 3619 τοὺς
2569 3561 2804 3624 οἶκείους
2860 3563 3092 3637 πατέρας
3150 3556 3620 3630 ἀποϐεϐληκότων
3681 3560 3779 3637 ὀρ·

2125 3656 2303 3729 φανῶν
2350 3652 2529 3721 πατὴρ
2562 3651 2590 3705 6
2619 3650 2748 3712 Θεὸς
2797 3648 3163 3723 καλούμενος,
3235 3649 3298 3705 οὐ
3356 3648 3445 3705 διὰ
3486 3650 3549 3705 τὸ
3587 3654 3774 3724 γεννᾷν

2122 3741 2173 3811 ἐξ
2204 3739 2389 3810 αὒτοῦ,
2423 3738 2568 3796 ἀλλᾶ
2598 3737 2686 3795 διὰ
2722 3741 2784 3794 τὸ
2839 3738 3162 3813 κηδεμονεῖν
3222 3740 3316 3795 καὶ
3365 3740 3771 3812 ὑπερασπίζειν,

2122 3829 2436 3904 ὠνόμασται
2465 3850 2480 3899 ς
2512 3829 2684 3887 Ἀλλὰ
2710 3834 2820 3885 τῶν
2861 3829 2958 3903 μὶν
3009 3829 3331 3905 ἀνθρώπων,
3380 3830 3558 3891 καθὼς
3613 3827 3771 3903 εἷ’ρη-

3250 3920 3489 3995 Χριστοῦ
3541 3915 3600 3974 δὶ
3668 3916 3776 3991 μό-

3561 4098 3607 4135 ⁸⁷
3656 4100 3771 4154 Isa-

2377 4100 2425 4137 ⁸⁵
2454 4102 2589 4157 Luc.
2635 4119 2694 4167 ιι,
2742 4102 2828 4156 33.
2932 4101 2977 4136 ⁸⁸
3025 4100 3225 4156 Matth.
3282 4115 3321 4167 ι,
3368 4103 3458 4156 25.

429 4354 507 4425 (1)
540 4355 718 4428 Quam
744 4367 923 4428 vocem
952 4352 1235 4428 arripiunt
1266 4350 1531 4428 h_o:re_tici.
1561 4351 1850 4428 Nimirum
1870 4354 2006 4408 Car-

2131 4352 2297 4425 τατήρ
2353 4354 2621 4428 Χριστοῦ,
2678 4350 2802 4428 διὰ-
2851 4355 2913 4408 τὸ
3000 4353 3274 4425 ὑπουργὸς
3351 4354 3773 4428 γενεσθαιῇτοῦ

355 4421 649 4505 pocrates.
681 4424 1018 4489 Cerinthus,
1046 4421 1426 4505 Ebionncitati
1460 4428 1603 4505 nota
1631 4426 1684 4487 3,
1706 4440 2009 4505 _pag.‘praa-

356 4492 512 4561 ced.,
544 4512 890 4567 quanquam
923 4492 1199 4567 nonnulli
1237 4492 1517 4567 Ebionmi,
1550 4492 1822 4567 Eusebio,
1846 4492 2017 4549 lib.m

355 4571 521 4637 Hist,
554 4564 682 4639 cap.
717 4564 784 4621 27
810 4584 822 4632 ;
844 4571 916 4639 et
943 4564 1329 4639 Theodoreto.
1356 4564 1474 4639 _lib._
1527 4580 1565 4618 ιι
1599 4566 1819 4639 ﬂagret.
1870 4567 2014 4635 fab.,

357 4656 487 4711 cap.
510 4635 574 4705 ’1,
608 4635 970 4711 auctoribus,
1005 4636 1077 4711 ab
1129 4637 1236 4711 hac
1270 4635 1531 4711 Ebionis.
1582 4635 1654 4689 de
1685 4636 1914 4711 Christo
1947 4654 2018 4693 ex

355 4706 594 4784 Iosephi
630 4710 860 4765 semine
889 4707 1424 4784 genitoLopinione
1458 4706 1820 4784 discesserit.

429 4774 647 4855 (2.3.126
696 4774 1031 4855 γεννῆσαι..-
1083 4774 1454 4855 τῖ’ρῗδιᾷαξαι.
1515 4776 1686 4855 Nullo
1745 4780 2017 4855 quamvis

370 4855 573 4910 codice
627 4849 762 4908 freti
799 4855 923 4909 loco
971 4850 1032 4904 τό
1083 4850 1241 4922 quod
1285 4851 1538 4905 habetur
1584 4849 1643 4903 in
1690 4849 1889 4918 editis,
1937 4854 2017 4921 τῷ

368 4926 752 4994 scripsimus;
786 4941 918 4981 cum
948 4923 1005 4978 id
1038 4921 1160 4977 tum
1195 4928 1506 4977 structura;
1539 4921 1706 4994 ratio.
1736 4930 1857 4976 tum
1882 4940 2014 4993 pro-

366 4993 591 5052 ximum
625 4997 687 5049 in
719 4996 902 5050 simili
937 4994 1134 5066 phrasi
1168 5002 1300 5066 post
1328 4993 1777 5066 aliquotlineas
1817 5010 2016 5066 exem-

366 5066 841 5140 plumpostulet.
867 5064 1045 5140 _l_.evis_
1071 5064 1329 5120 est‘mss.
1363 5064 1683 5120 auctoritas
1714 5064 1775 5119 in
1803 5065 2019 5120 similis

371 5136 474 5194 aut
504 5136 679 5191 vicini
707 5138 836 5191 soni
867 5136 1099 5190 litteris.

441 5211 495 5278 (3
555 5206 761 5267 Πάντας
814 5206 1163 5263 Oxoniensis
1206 5206 1487 5278 editionis
1534 5211 1882 5277 procurator
1929 5208 2019 5264 lo-

368 5298 436 5336 co
469 5280 648 5349 hujus
691 5278 848 5333 vocis
906 5278 1243 5347 scripserat,
1298 5277 1555 5345 πὲνητας.
1605 5295 1895 5349 pauperes,
1948 5297 2019 5335 ex

369 5354 713 5422 conjectura
744 5349 817 5403 cl.
845 5350 1193 5422 Casauboni.
1220 5351 1299 5403 Ea
1312 5365 1463 5422 sane
1483 5349 1736 5404 multum
1764 5352 2015 5419 arridet;

370 5420 671 5479 sedwnulla
704 5437 811 5474 nos
842 5420 1166 5492 necessitas
1196 5420 1352 5492 cogit
1385 5428 1639 5475 veterem
1673 5422 2017 5492 lectionem,

380 5497 473 5550 cui
506 5493 701 5549 bonus
734 5508 854 5545 non
886 5491 1054 5545 deest
1085 5491 1316 5555 sensus,
1342 5498 1731 5547 commutare.

440 5559 708 5634 (4)(»ὄτῶ
761 5561 846 5615 καὶ
910 5561 1378 5634 Ἰωσῆφηγιιοουδ
1437 5563 1539 5634 ille
1596 5564 1777 5634 paulo
1843 5565 2019 5622 aliter

366 5629 586 5712 legitur
610 5636 671 5691 in
705 5634 875 5691 codd.
910 5635 1028 5689 Roe
1059 5629 1118 5688 et
1147 5632 1419 5700 Casaub.,
1475 5629 1619 5686 οὕτὼ
1666 5634 1755 5688 καὶ
1815 5636 2017 5713 Ἰωσηφ

2124 4422 2449 4499 μυστηρίου,
2482 4426 2571 4479 καὶ
2597 4422 2877 4496 κηδεμὼν,
2914 4446 2939 4479 ι
2975 4428 3058 4482 sic
3092 4422 3152 4483 et
3178 4422 3390 4498 Ioseph
3415 4431 3579 4497 pater
3602 4422 3771 4499 Chri-

2122 4494 2149 4547 ὶ<
2183 4497 2279 4562 sti,
2310 4494 2553 4569 propter
2582 4494 2822 4570 operam
2855 4514 3031 4570 quam
3064 4500 3125 4554 in
3160 4494 3438 4570 mysterio
3468 4494 3767 4570 con_tulis-_

2126 4576 2291 4641 uiset,
2311 4563 2382 4624 ὀι
2413 4563 2639 4637 curam,
2673 4592 2699 4619 ››
2723 4586 2790 4623 ac
2821 4563 3258 4641 consequenter
3290 4566 3669 4641 postuvel‘ba.
3705 4563 3769 4618 οὗ

2118 4640 2220 4714 γὰρ
2250 4636 2409 4714 ἔγνω2
2442 4647 2580 4704 etc.,
2615 4635 2972 4714 omittuntur
3024 4635 3355 4714 sequentia,
3409 4635 3576 4705 ἀλλὰ,
3629 4643 3769 4706 etc.,

2121 4711 2309 4784 usque
2341 4712 2414 4784 ad
2445 4713 2811 4784 γεγενημένην
2845 4713 3060 4769 inclus.
3083 4711 3401 4770 Grodocius
3423 4715 3561 4784 ante
3577 4725 3772 4784 voces,

2122 4728 2309 4837 usque
2341 4728 2414 4767 aa
2445 4728 2811 4784 γεγενημενην
2845 4728 3060 4769 ineius.
3083 4728 3401 4770 urouocnus
3423 4728 3561 4766 ante
3577 4728 3772 4777 voces,

2122 4783 2184 4836 οὐ
2253 4782 2305 4836 ιὰ
2333 4783 2393 4835 τὸ
2422 4789 2695 4856 γεννῆσαι,
2733 4784 2873 4856 legit
2893 4785 3181 4855 quasdam
3240 4800 3390 4855 quas
3436 4783 3545 4856 ita__
3579 4782 3773 4856 vertit,

2120 4863 2348 4927 propter
2376 4850 2563 4909 curam
2587 4850 3066 4927 vclidilé'ctionem.
3102 4850 3282 4910 Porro
3333 4859 3472 4911 ante
3519 4850 3661 4927 ἔγνω
3708 4852 3771 4907 in

2123 4924 2650 5053 edji'tiscirrilepserat
2679 4924 2758 4992 ἄν,
2818 4927 2976 4999 quod
3030 4927 3382 4983 sustulimus
3427 4924 3779 4981 auctoritate

2123 5016 2189 5053 co
2241 5039 2250 5049 .
2328 5014 2416 5051 OlS
2447 5039 2460 5051 .

2122 5014 2250 5055 οοα.
2284 5014 2460 5052 υοιδι.

2196 5071 2269 5139 ὤ)
2303 5066 2406 5123 Καὶ
2464 5068 2509 5143 ἡ-
2561 5066 2899 5143 252651706):
2945 5064 3217 5143 eam“).
3268 5069 3444 5139 ἡμᾶς.
3508 5069 3594 5143 Ea
3647 5082 3773 5143 ver-

2121 5140 2197 5196 ba
2214 5137 2751 5212 praetermittuntur
2772 5142 2831 5196 in
2855 5140 3023 5195 codd.
3049 5141 3251 5205 Coisl.,
3277 5137 3395 5212 Hoc
3420 5145 3478 5194 et
3496 5137 3773 5212 Casaub.,

2122 5210 2271 5268 forte
2303 5212 2444 5282 quia
2473 5229 2592 5282 non
2629 5212 2921 5282 habentur
2949 5213 3017 5282 in»
3037 5211 3261 5278 Bibliis,
3284 5210 3385 5266 sed
3409 5227 3617 5266 eorum
3652 5210 3777 5282 loco

2122 5280 2356 5357 legitur,
2415 5281 2507 5335 καὶ
2568 5282 2792 5352 Ἰσραήλ
2851 5281 2958 5357 οὐκ.
3004 5280 3209 5357 ἐπέγνω
3267 5283 3437 5353 ἡμᾶς.
3474 5280 3778 5357 ,οιΔΙετρᾳί

2122 5351 2231 5410 non
2260 5357 2413 5410 novit
2442 5370 2559 5409 nos.
2596 5351 2807 5411 Verum
2839 5354 3027 5410 multa
3049 5351 3233 5409 habes
3258 5351 3533 5424 exempla
3551 5351 3778 5422 Cyrilli,

2122 5426 2262 5482 dum
2288 5443 2359 5481 ex
2381 5432 2643 5496 tempore
2663 5426 2826 5495 dicit,
2856 5427 3171 5495 Scripturze
3206 5426 3381 5482 verba
3402 5428 3779 5480 commutan-

2123 5499 2216 5553 tis.
2255 5499 2386 5553 Haec
2418 5498 2757 5553 informavit
2807 5515 2876 5552 ex
2906 5497 3093 5553 altero
3130 5498 3292 5552 Isaiae
3342 5497 3472 5551 loco
3523 5512 3653 5566 cap.
3704 5510 3774 5560 LI,

2122 5573 2175 5637 2,
2206 5569 2304 5625 ubi
2340 5569 2593 5624 habetur
2623 5586 2740 5625 sec.
2780 5571 2923 5624 LXX
2954 5585 2967 5622 :
3008 5593 3027 5617 ι
3063 5569 3348 5639 Inspicite
3378 5569 3441 5623 in
3479 5567 3777 5639 Abraham

2126 5660 2152 5691 ιι
2176 5648 2405 5712 patrem
2424 5646 2706 5708 vestrum,
2729 5642 2867 5697 etin
2894 5641 3097 5697 Saram
3115 5638 3247 5712 qua)
3270 5656 3371 5695 vos
3391 5638 3707 5713 parturivit
3728 5660 3749 5688 ι
3764 5677 3778 5690 .
