4124 6260
301 347 420 408 ΘΠ

1444 339 1926 406 CATECHESIS
1973 337 2106 398 vn.
2156 339 2260 401 DE
2304 343 2583 406 pune.

3595 346 3716 406 618

305 501 403 536 νου
435 481 510 553 (1)
540 479 678 533 κατὰ
707 477 860 556 φύσιν
894 475 1004 532 ἐστὶ
1041 478 1225 552 Πατὴρ
1257 476 1285 532 ὁ
1315 477 1470 546 Θεὸς,
1512 475 1574 530 οὐ
1602 473 1737 530 κατὰ
1786 470 1949 526 Θέσιν·

2072 478 2155 528 est
2174 476 2500 531 secundum
2531 483 2949 542 naturam,non
2968 483 3164 534 autem
3194 480 3519 536 secundum
3542 481 3718 554 ad0p-

306 569 398 626 xw‘
455 574 563 625 τῶν
622 569 715 642 μὲν
767 568 1067 642 ἀνθρώπων
1112 566 1164 623 ἐν
1200 569 1447 644 χρόνοις,
1496 569 1730 639 Χριστοῦ
1763 561 1819 618 δὲ
1848 561 1955 636 πρὸ

310 661 550 735 χρόνων,
583 659 763 722 καθὼς
795 657 956 719 αὐτός
990 677 1140 733 φησι·
1181 657 1276 712 Καὶ
1337 660 1427 710 νῦν
1497 653 1718 726 δόξασόν
1769 673 1836 726 με
1868 650 1952 717 σὺ,

313 749 510 822 Πάτερ,
544 749 690 822 παρὰ
722 751 927 818 σεαυτῴ
955 752 1028 819 (2)
1063 750 1128 820 τῇ
1154 743 1282 821 δόξῃ
1327 745 1363 821 ᾖ
1396 747 1572 822 εἶχον,
1605 745 1709 820 πρὸ
1737 746 1833 797 τοῦ
1861 742 1952 796 τὸν

309 839 522 912 κόσμον
547 837 702 908 εἶναι,
735 837 880 910 παρὰ
911 834 1018 892 σοί.

373 1019 483 1073 IA'.
519 1014 854 1087 Ηιστεῦομεν
903 1013 1084 1068 τοίνυν
1148 1014 1223 1077 εἰς
1285 1010 1374 1069 ἕνα
1424 1014 1551 1070 Θεὸν
1617 1014 1824 1087 Πατέρα
1855 1015 1954 1081 (3).

303 1107 398 1160 τὸν
459 1104 865 1178 ἀνεξιχνίαστον
918 1103 1008 1159 καὶ
1068 1101 1482 1178 ἀνεκδιῆγητον·
1542 1103 1598 1157 δν
1658 1102 1951 1173 ἀνθρώπων

308 1195 406 1268 μὶν
440 1192 619 1256 οὐδεὶς
653 1192 913 1269 ἑώρακεν,
962 1194 990 1249 ὁ
1046 1194 1362 1267 Μονογενὴς
1421 1189 1478 1247 δὲ
1538 1191 1698 1265 μόνος
1758 1193 1955 1268 ἐξηγή-

305 1305 458 1339 σατο.
492 1284 556 1341 Ὀ
603 1284 708 1358 γὰρ
769 1280 845 1337 ὢν
905 1281 965 1338 ἐκ
1011 1287 1107 1337 τοῦ
1167 1279 1324 1353 Θεοῦ,
1385 1282 1546 1344 αὐτὸς
1608 1281 1813 1354 ἑώρακε
1860 1282 1952 1336 τὸν

304 1370 454 1428 Θιόν·
490 1371 552 1426 οὗ
573 1371 635 1426 τὸ
665 1371 962 1437 πρόσωπον
1016 1371 1066 1424 οἱ
1109 1369 1333 1444 ἄγγελοι
1394 1367 1686 1434 διαπαντὸς
1719 1368 1954 1446 βλέπου-

307 1483 392 1516 σιν
425 1460 476 1515 έν
503 1465 621 1522 τοῖς
662 1460 938 1534 οὐρανοῖςο
1003 1459 1266 1536 βλέπουσι
1323 1456 1404 1530 δὲ,
1459 1460 1594 1514 κατᾶ
1647 1460 1710 1514 τὸ
1762 1463 1956 1532 μέτρον

303 1558 407 1622 τῆς
435 1549 635 1612 οἰκείας
663 1550 864 1622 τάξεως
893 1548 1136 1613 ἕκαστος.
1169 1549 1242 1606 Τὸ
1274 1547 1331 1604 δὲ
1361 1549 1647 1626 ἀκραιφνὲς
1702 1555 1800 1618 τῆς
1857 1553 1953 1603 τοῦ

306 1639 520 1715 ΙῙατρὸς
541 1639 770 1714 Θεωρίας
831 1637 1166 1716 εἲλικρινῶς,
1228 1639 1336 1710 Υἱῷ
1367 1637 1458 1693 σὸν
1493 1639 1629 1714 ἁγίῳ
1679 1637 1954 1712 υνεύματι

302 1731 624 1803 τετήρηται.

2065 564 2285 618 tionem
2319 566 2460 635 (7)39,
2480 574 2536 621 et
2565 569 2876 623 hominum
2906 568 3147 639 quidem
3173 570 3233 623 in
3259 576 3523 642 tempore
3547 578 3716 644 pater

2064 659 2200 718 est;
2235 654 2448 710 Christi
2482 673 2615 710 vero
2675 663 2812 712 ante
2872 663 3158 728 tempora,
3210 659 3713 728 quemadmodum

2063 743 2187 814 ipse
2219 743 2337 799 ait:
2366 768 2391 794 α
2426 747 2494 798 Et
2525 762 2684 801 nunc
2714 747 2982 818 gloriﬁca
3007 763 3101 801 me
3134 748 3418 815 tu,Pater,
3447 750 3604 819 apud
3640 757 3719 805 te-

2063 854 2090 881 ‹‹
2125 833 2466 904 metipsum,
2499 834 2687 906 gloria
2716 852 2894 906 quam
2928 835 3130 903 habui,
3167 835 3515 907 priusquam
3543 854 3718 894 mun-

2063 941 2092 974 ι(
2125 923 2234 977 dus
2267 929 2443 990 esset,
2467 923 2622 994 apud
2648 930 2700 978 te
2730 925 2792 979 ⁹⁰.
2829 945 2856 973 ››

2134 1014 2225 1068 XI.
2259 1013 2565 1068 Credimus
2598 1013 2774 1084 igitur
2794 1015 2851 1067 in
2883 1030 3053 1067 unum
3087 1014 3249 1068 Deum
3280 1015 3517 1078 Patrem,
3555 1016 3716 1075 inve-

2063 1101 2397 1174 stigabilem
2431 1108 2486 1154 et
2518 1101 2980 1157 ineuarrabilem
3013 1103 3126 1172 -8):
3161 1119 3337 1174 quem
3376 1121 3554 1160 nemo
3578 1106 3712 1177 qui-

2063 1193 2197 1247 dem
2226 1191 2537 1246 hominum
2564 1191 2722 1253 vidit,
2744 1191 3090 1262 Unigenitus
3120 1208 3255 1246 vero
3280 1193 3442 1248 solus
3467 1211 3712 1250 enarra-

2060 1283 2142 1336 vit
2170 1281 2236 1333 υί.
2268 1282 2372 1346 Qui
2403 1281 2562 1334 enim
2591 1287 2669 1334 est
2700 1297 2768 1334 ex
2794 1281 2920 1347 Deo,
2953 1280 3040 1334 hic
3096 1281 3236 1335 vidit
3267 1284 3434 1337 Deum
3467 1281 3533 1337 9'.
3592 1285 3710 1339 Cu-

2054 1375 2157 1446 jus
2188 1373 2400 1428 faciem
2433 1371 2923 1444 angelicontinuo
2955 1371 3410 1429 videntinccelis
3431 1375 3713 1442 ”;vident

2063 1469 2281 1528 autem,
2337 1461 2749 1533 unusquisque
2783 1461 3109 1516 secundum
3140 1463 3362 1534 proprii
3396 1463 3623 1521 ordinis
3656 1471 3715 1521 et

2063 1553 2176 1607 loci
2209 1567 2550 1606 mensuram
2572 1549 2636 1605 9‘.
2671 1552 2862 1604 Purus
2893 1567 3026 1604 vero
3087 1552 3317 1621 paterni
3377 1552 3713 1623 splendoris

2062 1643 2381 1703 contuitus,
2414 1640 2653 1712 proprie
2683 1656 2751 1694 ac
2782 1638 3010 1694 sincere
3042 1640 3190 1695 Filio
3250 1657 3370 1696 una
3417 1657 3553 1698 cum
3586 1643 3710 1714 Spi-

2061 1733 2179 1788 ritu
2211 1736 2415 1787 sancto
2448 1735 2780 1784 reservatus
2811 1734 2920 1784 est.

378 1819 478 1877 lB'.
510 1820 772 1880 Ἐνταῦθα
829 1821 929 1870 τοῦ
989 1817 1157 1893 λόγου
1216 1816 1532 1892 γενόμενος,
1565 1814 1797 1869 καὶτῶν
1846 1817 1949 1891 πρὸ

2133 1823 2252 1876 ΧΙΙ.
2279 1821 2422 1875 Cum
2455 1819 2910 1875 adhunclocum
2930 1819 3232 1874 devenerit
3262 1821 3712 1895 oratio,eorum,

304 1908 559 1986 βραχέως
591 1906 903 1983 εἰρημένων
963 1909 1352 1982 ὑπομνησθεὶς,
1387 1907 1439 1963 έν
1499 1911 1586 1971 οἷς
1619 1911 1646 1964 ὁ
1691 1910 1816 1972 Θεὸς
1849 1931 1950 1964 πα-

297 2001 406 2072 τὴρ
438 1999 738 2073 ἀνθρώπων
771 1998 1149 2073 ἀνηγορεύετο
1194 1997 1446 2074 μεγάλως
1500 1999 1637 2074 πρὸς
1684 2020 1782 2070 την
1841 2005 1950 2054 τῶν

300 2088 607 2162 ἀνθρώπων
638 2087 1029 2161 ἀγνωμοσύνην
1062 2088 1359 2160 ἐξίσταμαι.
1415 2089 1477 2144 Ὀ
1540 2089 1632 2161 μὲν
1660 2089 1762 2164 γὰρ
1821 2091 1950 2152 Θεὸς

301 2177 492 2255 ἆφάτῳ
525 2175 911 2256 φιλανθρωπίᾳ
941 2179 1118 2250 πατὴρ
1174 2179 1472 2252 ἀνθρώπων
1514 2176 1794 2242 καλεῖσθαι
1823 2199 1950 2234 κατ-

299 2266 610 2338 ηξίωσινσὸ
656 2266 708 2321 ἐν
771 2265 1045 2340 οὐρανοῖς,
1103 2271 1212 2321 τῶν
1260 2265 1348 2321 ἐπὶ
1407 2273 1532 2340 γῆς’
1590 2267 1680 2322 καὶ
1742 2269 1770 2322 ὁ
1841 2273 1947 2322 τῶν

296 2355 515 2410 αἰώνων
547 2355 809 2425 ποιητής,
836 2359 946 2409 τῶν
979 2354 1029 2409 ἐν
1064 2357 1311 2430 χρόνοις·
1342 2355 1430 2410 καὶ
1463 2358 1491 2411 ὁ
1537 2358 1638 2424 τὴν
1669 2364 1772 2432 γῆν
1823 2379 1951 2413 κατ-

295 2445 447 2520 έχων
477 2441 530 2498 ἐν
565 2441 718 2515 δρακὶ
756 2446 852 2518 (4),
883 2447 991 2498 τῶν
1025 2442 1110 2498 ἐπὶ
1170 2452 1276 2518 γῆς
1335 2442 1501 2500 ὄντων
1555 2446 1631 2508 ὡς
1689 2444 1946 2522 ἀκρίδων,

291 2535 358 2590 Ὁ
391 2530 451 2588 δέ
482 2532 764 2607 ἅνθρωπος
815 2530 1132 2588 καταλιπὼν
1183 2535 1272 2588 τὸν
1333 2533 1650 2610 ἐπουράνιον
1719 2535 1948 2612 Πατέρα,

299 2625 385 2693 τῷ
417 2620 565 2693 ξύλῳ
597 2620 732 2676 εἶπε·
765 2623 949 2696 Πατήρ
985 2643 1089 2696 μου
1139 2623 1189 2678 εἴ
1242 2623 1323 2677 σύ·
1375 2624 1463 2678 καὶ
1521 2630 1600 2698 τῷ
1657 2625 1814 2698 λίθῳ’
1877 2625 1946 2680 Σὺ

297 2708 597 2784 ἐγέννησας
632 2730 716 2783 με.
778 2710 882 2766 Καί
942 2732 1036 2784 μοι
1090 2709 1260 2784 δοκεῖ,
1306 2709 1394 2767 διὰ
1438 2717 1600 2768 τοῦτο
1654 2715 1792 2790 πρὸς
1846 2716 1944 2783 τήν

301 2798 700 2872 ἀνθρωπὸτητα
755 2797 900 2876 λέγει
959 2801 987 2855 ὸ
1037 2798 1354 2874 Ψαλμῳδός
1387 2807 1482 2869 (5)·
1526 2805 1626 2859 Καὶ
1685 2803 1948 2867 ἐπιλάθου

291 2893 391 2944 τοῦ
423 2889 562 2943 λαοῦ
608 2891 840 2958 σου,καῖ
901 2893 998 2943 τοῦ
1055 2888 1208 2944 ο”κου
1262 2895 1364 2945 τοῦ
1422 2894 1626 2966 πατρός
1683 2915 1800 2959 σου,
1887 2894 1944 2949 ὅν

293 2976 455 3033 εἶ’λου
487 2977 712 3053 πατέρα,
745 2977 800 3032 ὅν
833 2977 1116 3033 ἐπεσπάσω
1145 2979 1281 3052 πρὸς
1313 2981 1411 3049 τήν
1437 2980 1730 3042 ἀπώλειαν.

374 3159 470 3215 II".
498 3156 575 3215 Οὔ
611 3157 776 3231 μόνον
803 3154 860 3212 δὲ
889 3155 1022 3230 ξύλα
1053 3158 1141 3213 καὶ
1176 3156 1382 3230 λίθους,
1442 3155 1576 3216 ἔνιοι
1608 3160 1664 3218 δὲ
1719 3165 1806 3219 καὶ
1854 3166 1944 3220 τὸν

2065 1929 2194 1983 quaa
2229 1910 2403 1982 paulo
2437 1915 2573 1963 ante
2606 1907 2969 1974 dicebamus,
2999 1907 3153 1979 quod
3187 1910 3341 1965 Deus
3400 1910 3706 1967 hominum

2062 2003 2237 2055 Pater
2265 1997 3117 2070 appellaretur,recordatione
3150 1999 3440 2069 pulsatus,
3474 2018 3711 2075 magno-

2061 2107 2199 2162 pere
2232 2089 2544 2143 hominum
2594 2087 3082 2158 ingratitudinem
3138 2087 3523 2159 obstupesco:
3558 2091 3710 2147 Deus

2062 2180 2362 2235 enimvero
2395 2175 2679 2231 ineffabili
2716 2175 2975 2231 bonitate
3026 2177 3335 2232 hominum
3393 2182 3562 2249 pater
3591 2179 3707 2236 dici

2059 2269 2244 2325 voluit
2275 2285 2287 2322 :
2323 2267 2422 2338 qui
2456 2267 2516 2319 in
2548 2265 2712 2321 caelis
2746 2271 2852 2331 est,
2907 2265 3249 2336 degentium
3282 2267 3340 2320 in
3377 2272 3562 2334 terra;
3597 2286 3707 2324 saa-

2060 2359 2329 2416 culorum
2362 2358 2622 2422 el‘l‘ector,
2658 2355 2870 2408 horum
2903 2356 3002 2426 qui
3063 2356 3123 2410 in
3153 2355 3520 2428 temporibus
3553 2357 3708 2412 exsi-

2059 2453 2224 2504 stunt
2255 2464 2269 2513 ;
2304 2446 2402 2516 qui
2435 2451 2651 2499 terram
2682 2445 2747 2499 in
2786 2445 3013 2517 pugillo
3076 2447 3344 2501 continet
3401 2447 3464 2514 ",
3499 2463 3705 2501 eorum

2059 2539 2160 2612 qui
2192 2553 2370 2608 super
2403 2542 2617 2591 terram
2643 2536 2832 2592 instar
2853 2536 3214 2592 locustarum
3239 2543 3378 2592 sunt
3405 2535 3469 2591 ’⁸.
3504 2535 3568 2591 ⁸⁷.
3601 2538 3705 2592 Ho-

2060 2647 2154 2684 mo
2182 2643 2337 2692 vero,
2365 2625 2587 2682 cmlesti
2611 2631 2776 2697 patre
2808 2625 3114 2693 derelicto,
3149 2625 3308 2698 ligno
3367 2625 3514 2680 dixit
3545 2643 3562 2680 :
3595 2629 3709 2681 Pa-

2059 2729 2141 2776 ter
2169 2734 2316 2774 meus
2347 2734 2399 2774 es
2431 2725 2491 2772 tu
2520 2736 2540 2780 ;
2575 2722 2632 2771 et
2663 2716 2845 2788 lapidi
2881 2733 2893 2771 :
2921 2719 3000 2771 Tu
3031 2734 3114 2771 me
3143 2718 3385 2785 genuisti
3413 2716 3548 2770 "-Et
3570 2733 3707 2788 pro-

2057 2813 2354 2883 pterea,ut
2384 2807 2528 2862 mihi
2553 2805 2793 2876 quidem
2825 2805 3074 2872 videtur,
3092 2806 3415 2860 humanam
3429 2811 3704 2861 naturam

2060 2901 2144 2956 sic
2173 2898 2498 2968 alloquitur
2519 2895 2744 2950 Psaltes
2779 2912 2792 2949 :
2829 2917 2855 2945 «
2888 2897 2956 2949 Et
3014 2895 3362 2949 obliviscere
3417 2895 3704 2968 populum

2059 3013 2084 3039 α
2122 2994 2306 3054 tuam,
2353 2990 2411 3039 et
2455 2984 2697 3039 domum
2753 2984 2938 3055 patris
2973 2984 3054 3038 tui
3079 2983 3126 3018 9°
3160 3001 3174 3049 ;
3209 3005 3236 3032 »
3269 3001 3446 3055 quem
3478 2983 3709 3057 elegisti

2057 3083 2493 3150 patrem,quem
2527 3072 2598 3128 ad
2629 3072 2935 3128 interitum
2967 3072 3071 3127 tibi
3103 3073 3385 3128 accivisti.

2129 3164 2271 3222 XIII.
2300 3165 2413 3218 Nec
2447 3161 2640 3216 solum
2687 3161 2850 3234 ligna
2898 3166 2956 3216 et
3003 3161 3251 3234 lapides,
3285 3179 3488 3217 verum
3547 3162 3704 3218 118

305 3252 542 3301 Σατανᾶν
577 3246 736 3301 αὐτὸν
771 3251 847 3319 (6)
877 3243 985 3317 ἤδη
1021 3244 1237 3303 εἵλοντο
1267 3248 1493 3325 πατέρα,
1524 3250 1614 3304 τὸν
1673 3254 1949 3332 ψυχοιρθό-

2065 3257 2245 3313 etiam
2276 3254 2470 3325 ipsum
2487 3252 2762 3306 Satanam
2779 3250 3113 3307 animarum
3133 3251 3586 3324 perditorem,in
3610 3269 3713 3324 pa-

371 3380 419 3416 “
450 3383 572 3438 Vid.
606 3388 714 3438 cat.
750 3384 836 3448 11,
867 3399 922 3436 n.
956 3384 1011 3436 4.
1042 3383 1087 3417 ⁹⁰
1114 3381 1284 3440 Joan.
1317 3401 1456 3451 xvu,
1485 3387 1538 3439 5.
1570 3384 1612 3420 οί
1643 3387 1812 3444 Joan.
1837 3407 1874 3444 I.
1912 3394 1949 3445 I:

2065 3390 2268 3445 'Joan.
2306 3402 2383 3452 v1,
2435 3384 2524 3439 48.
2553 3384 2598 3419 ⁸³
2630 3385 2832 3440 Matth.
2865 3401 3016 3450 xvm,
3069 3389 3154 3439 10.
3187 3383 3235 3419 ⁹⁴
3273 3385 3397 3441 Vid.
3427 3392 3533 3440 cat.
3559 3387 3613 3440 6.
3646 3401 3705 3439 η.

294 3465 349 3517 6.
384 3460 430 3497 9⁸
461 3463 565 3518 Isa.
590 3479 681 3533 xL,
718 3464 805 3518 I2.
839 3461 884 3497 ’δ
914 3461 1057 3518 ibid.
1083 3466 1170 3518 22.
1197 3462 1241 3498 ’7
1277 3465 1404 3519 νεά.
1439 3471 1544 3520 cat.
1569 3467 1622 3533 6,
1653 3483 1710 3524 η.
1739 3471 1823 3524 10.
1849 3470 1892 3505 θ’
1919 3473 1946 3527 J

2065 3487 2134 3526 ω.
2165 3486 2242 3536 xl,
2270 3470 2360 3531 27,
2383 3465 2427 3499 9'
2459 3463 2613 3519 Psal.
2636 3481 2784 3531 κων,
2820 3467 2904 3518 11.

366 3617 442 3688 (1)
472 3617 716 3692 ξριστοιῖ
739 3611 804 3692 iis
838 3612 1032 3692 μόνου.
1067 3616 1214 3692 Loco
1254 3614 1445 3692 μόνον,
1478 3617 1560 3692 ita
1588 3620 1940 3692 scripsimus

293 3686 570 3744 ex'codd.
603 3687 803 3755 Coisl.,
863 3689 1003 3755 Roe,
1060 3686 1308 3744 Casaub.
1353 3695 1409 3744 et
1464 3686 1762 3746 similibus
1794 3693 1941 3749 locis

289 3766 389 3816 cat
443 3760 496 3822 4,
518 3777 592 3830 γη.
627 3762 681 3822 5,
715 3764 775 3813 et
804 3775 981 3830 supra
1008 3775 1064 3813 n.
1093 3763 1143 3813 5.

365 3831 444 3900 (2)
469 3829 568 3896 Σὺ,
594 3830 806 3906 -Ι1εἱτερ.⁸
831 3828 977 3906 napi:
1008 3833 1234 3906 σεαυτῷ.
1269 3833 1350 3906 Ea
1379 3833 1560 3906 verba
1609 3851 1728 3889 non
1760 3851 1944 3906 agno-

292 3907 475 3959 scunt
502 3901 672 3957 codd.
707 3901 918 3968 Coisl.,
945 3904 1082 3962 Hoe.
1106 3902 1378 3967 Casaub.,
1413 3904 1586 3960 Grod.

368 3975 451 4045 (3)
483 3971 614 4026 Θεὸν
647 3973 878 4045 Πατέρα.
911 3975 998 4045 Ita
1027 3989 1095 4028 ex
1151 3974 1320 4029 codd.
1367 3976 1568 4045 Coisl.,
1627 3979 1768 4045 Roe,
1838 3979 1946 4034 Ca-

299 4043 700 4118 saub.,icrod.
724 4043 801 4118 et
825 4044 1120 4118 similibus
1148 4045 1305 4118 locis
1323 4063 1452 4118 sup.
1486 4043 1562 4103 n.
1611 4049 1656 4115 1,
1690 4043 1762 4118 3,
1792 4052 1846 4117 4,
1891 4055 1949 4105 et

299 4114 471 4186 alibi.
506 4117 570 4170 In
595 4115 770 4186 editis
803 4113 1010 4186 Πατέρα
1040 4123 1177 4172 ante
1208 4115 1340 4171 Θεόν
1377 4113 1739 4175 ᾰοιιοοαιιιῐῐί
1764 4113 1873 4176 est.

375 4185 455 4256 (4)
515 4186 601 4241 Ἐν
665 4182 842 4253 δρακὶ.
901 4182 1258 4243 Particulam
1333 4186 1386 4241 έν
1454 4189 1793 4247 addidimus
1879 4209 1950 4247 ex

299 4257 476 4314 codd.
512 4260 652 4323 Roe,
684 4259 932 4314 Casaub.
968 4266 1026 4314 et
1055 4260 1256 4331 Cyrilli
1290 4263 1720 4317 consuetudine
1753 4263 1948 4319 locum

299 4331 462 4386 hunc
485 4331 650 4386 Isaia)
691 4331 773 4385 ita
829 4331 1137 4385 recitantis
1191 4336 1302 4386 cat.
1361 4334 1416 4398 4,
1475 4349 1536 4388 n.
1580 4333 1652 4399 '5,
1692 4339 1804 4389 cat.
1860 4337 1946 4400 I8,

302 4419 362 4456 n.
400 4404 452 4456 3.

371 4474 453 4544 (5)7
501 4471 564 4527 '0
622 4467 965 4544 Ψαλμῳδός.
1048 4472 1132 4527 lta
1227 4473 1573 4544 scripsimus
1630 4491 1702 4530 ex
1776 4476 1946 4533 codd.

299 4543 482 4617 cois}.
515 4543 802 4617 et_Grod..
835 4545 1281 4617 convenientius
1312 4543 1421 4600 rati
1453 4563 1632 4616 quam
1691 4547 1849 4617 quod
1889 4550 1950 4604 in

305 4615 489 4689 editis
516 4613 1060 4689 habetur-Lqiﬂpog,
1123 4613 1489 4689 quanquam'
1543 4634 1611 4672 ea
1667 4613 1949 4689 loquendi

299 4687 514 4766 figur‘a,
546 4683 767 4766 ψαλμὸς
798 4683 971 4766 λέγει,
1008 4683 1321 4766 interdum
1343 4689 1529 4766 utitur
1558 4683 1843 4766 omnis,
1885 4696 1950 4744 ut
1984 4703 2026 4766 ι)

298 4757 416 4883 (ﬁt.
443 4757 496 4819 8,
524 4774 584 4812 n.
609 4763 661 4825 2,
695 4766 830 4826 etc.,
864 4757 929 4813 lit
958 4765 1016 4814 et
1043 4759 1192 4823 istis,
1217 4759 1398 4836 Γραφή
1429 4757 1946 4835 λέγει,Εὐαγγέλιον

371 4847 474 4883 γει.

408 4847 474 4884 ει.

538 4904 780 4953 Σατανᾶν
896 4898 1056 4974 αὐτόν
1189 4903 1310 4974 Vox
1419 4900 1579 4955 αὐτόν
1665 4904 1955 4974 majorem

307 4973 624 5044 continens
652 4973 984 5044 emphasim
1011 4989 1078 5027 ex
1102 4973 1272 5027 codd.
1305 4974 1506 5040 Coisl.,
1537 4973 1954 5042 Roe.CaSaub.,

306 5043 502 5116 9tt9b_.
537 5060 571 5098 a
602 5043 774 5098 nobis
803 5044 1054 5116 adjecta.
1092 5044 1273 5098 Paulo
1317 5052 1467 5116 post,
1503 5045 1670 5100 abest
1723 5065 1831 5101 vox
1859 5051 1956 5100 τοῦ

309 5108 580 5168 διαϐόλου
610 5132 643 5171 a
672 5115 840 5170 codd.
875 5108 1086 5182 "Coisl.,
1166 5108 1333 5178 Boef
1360 5117 1603 5172 Casaub.
1667 5124 1726 5172 et
1781 5119 1954 5174 Grod.

311 5187 462 5258 Loco
518 5186 622 5252 τήν
691 5185 920 5254 enim,
972 5186 1198 5258 legitur
1258 5187 1318 5240 in
1379 5189 1717 5242 memoratis
1765 5189 1955 5256 libris,

308 5257 596 5313 Grodecio
627 5265 892 5329 excepto,
923 5257 1022 5322 τήν
1077 5257 1313 5329 ἀγάπην·
1348 5260 1514 5330 quasi
1549 5259 1817 5314 diabolus
1849 5262 1956 5315 im-

308 5330 542 5410 piorum
586 5335 942 5410 pateprhesset
1007 5346 1108 5410 per
1165 5331 1510 5410 charitatem.
1538 5348 1654 5410 non
1690 5348 1808 5410 qua
1859 5350 1959 5410 eos

310 5399 412 5472 ille
444 5399 883 5472 complectitur.
944 5401 1047 5455 sed
1095 5417 1211 5471 qua
1255 5401 1366 5472 ipsi
1414 5399 1746 5458 voluntaria
1775 5405 1957 5458 animi

311 5471 656 5598 inlclluctione
687 5490 806 5528 una
832 5489 965 5528 cum
998 5489 1066 5527 eo
1089 5471 1356 5538 currunt,
1386 5481 1450 5528 ut
1472 5474 1718 5529 inferius
1748 5475 1960 5548 aitCy-

311 5559 357 5596 τι
413 5560 503 5598 us.

309 5559 503 5599 riuus.

378 5617 456 5690 (7)
519 5615 978 5690 Nonsecundugn
1011 5685 1025 5690 _
1051 5615 1420 5690 adoptionem.
1483 5616 1835 5690 Arianorum
1868 5619 1964 5690 ju-

306 5685 512 5756 gulum
548 5688 715 5758 petit,
765 5687 864 5758 qui
898 5685 1151 5742 Verbum
1183 5686 1244 5741 in
1287 5693 1552 5759 tempore
1625 5689 1846 5744 factum
1869 5685 1964 5746 ἐι

661 5803 930 5869 Panos.
974 5804 1088 5867 Gn.
1131 5803 1398 5868 XXXIII.

2049 3626 2315 3678 creatum
2346 3621 2703 3683 asserentes,
2736 3616 2925 3671 filium
2975 3633 3094 3672 non
3155 3623 3390 3681 natura,
3442 3616 3546 3672 sed
3603 3616 3706 3673 ad-

2053 3694 2299 3765 optione
2313 3693 2550 3765 tantum
2583 3694 2640 3742 et
2668 3688 2857 3765 gratia
2885 3688 3345 3765 confitebantur.
3381 3688 3706 3765 Videipsa-

2053 3759 2176 3820 met
2205 3762 2327 3817 Arii
2360 3759 2535 3813 verba
2567 3759 2722 3830 apud
2756 3759 3062 3822 Athanas.,
3097 3759 3168 3814 De
3197 3765 3428 3814 sentent.
3481 3761 3698 3828 Dionys.

2055 3834 2448 3895 Alemandrini,
2483 3848 2648 3885 num.
2682 3834 2770 3898 23,
2805 3836 2864 3884 et
2891 3836 3038 3886 orat.
3102 3833 3124 3883 I
3187 3836 3332 3884 cont.
3377 3832 3478 3884 Ar.
3535 3845 3593 3884 n.
3647 3833 3700 3883 5.

2056 3908 2148 3962 Sic
2178 3911 2375 3961 autem
2393 3903 2649 3958 Hilarius
2679 3919 2884 3957 eorum
2905 3903 3050 3956 scita
3077 3901 3356 3972 exprimit
3378 3899 3479 3956 lib.
3504 3917 3554 3953 ιν
3571 3921 3600 3972 ᾳ
3622 3900 3701 3972 De

2058 4001 2085 4028 ‹‹
2116 3978 2345 4034 Trinit..
2373 3993 2430 4030 η.
2447 3977 2476 4028 3
2495 3992 2506 4029 :
2528 3974 2984 4028 Aiuntharretici
3013 3989 3132 4028 non
3156 3971 3226 4027 ex
3247 3973 3364 4027 Deo
3387 3987 3516 4026 esse
3533 3971 3702 4026 Chri-

2057 4055 2284 4115 «stum,
2315 4046 2373 4101 id
2393 4052 2483 4102 est
2513 4045 2723 4100 Filium
2774 4061 2893 4100 non
2944 4061 3013 4099 ex
3068 4046 3239 4099 Patre
3271 4047 3476 4098 natum
3507 4058 3701 4113 neque

2058 4144 2085 4170 ‹‹
2121 4123 2305 4175 Deum
2339 4136 2408 4172 ex
2431 4116 2774 4174 natumsed
2801 4133 2870 4171 ex
2900 4115 3321 4171 constitutione
3349 4115 3442 4180 (ad
3459 4115 3702 4168 litteram

2060 4215 2089 4244 «
2110 4194 2276 4247 vertit
2307 4192 2550 4246 Grecam
2577 4204 2758 4242 vocem
2778 4187 2940 4258 θέσει)
2989 4203 3118 4242 esse
3141 4204 3155 4242 :
3190 4185 3704 4258 adoptionemsci-

2057 4286 2085 4314 «
2122 4263 2261 4318 licet
2289 4262 2420 4330 ejus
2452 4260 2514 4314 in
2543 4259 2806 4322 nomine,
2840 4256 2980 4330 quia
3010 4259 3163 4314 sicut
3189 4256 3390 4330 plures
3431 4256 3703 4330 Deopﬁlii,

2059 4358 2086 4385 ι(
2111 4335 2193 4390 ita
2214 4338 2271 4387 et
2296 4327 2393 4387 hic
2416 4331 2598 4386 Filius
2621 4331 2733 4396 sit;
2766 4327 2981 4385 dehinc
2997 4327 3414 4386 liberalitatem
3430 4329 3492 4382 in
3513 4327 3706 4400 digni-

2058 4429 2088 4457 «
2125 4404 2407 4476 tate.quia
2427 4403 2584 4476 sicut
2605 4401 2684 4455 dii
2702 4401 2904 4476 plures
2923 4402 3189 4476 sunt,_ita
3206 4408 3264 4476 et
3285 4401 3379 4476 hic
3405 4401 3556 4454 Deus
3581 4399 3657 4453 Sit
3689 4414 3701 4452 :

2061 4472 2546 4544 «indulgentiore
2571 4472 2770 4528 tamen
2789 4473 2849 4528 in
2870 4491 2938 4529 eo
2960 4479 3019 4528 et
3035 4472 3374 4543 adoptionis
3393 4477 3452 4544 et
3472 4486 3700 4525 nuncu-

2061 4573 2088 4600 «
2115 4542 2372 4622 pationis
2398 4548 2635 4622 ellectu,
2672 4552 2736 4600 ut
2765 4551 2824 4622 et
2854 4563 2972 4622 praa
3003 4542 3342 4622 caateri_s_sit
3369 4542 3708 4622 adoptatus,

2065 4643 2093 4671 «
2116 4615 2183 4675 'et
2212 4618 2503 4690 adOptivis
2529 4616 2663 4690 aliis
2699 4615 2889 4687 major
2919 4617 3044 4687 ipse
3077 4615 3400 4690 sit‘Filiusi
3423 4635 3449 4661 ι)
3473 4619 3592 4690 etc:

2128 4695 2182 4760 (8
2242 4684 2677 4756 lnv'estigabilem
2734 4684 2806 4742 ρι’
2845 4684 3294 4760 ἰηθιὶανναγὸξζεῃι.
3357 4684 3547 4739 Verba
3579 4684 3706 4740 haac

2059 4757 2586 4832 adgieuitCyrillus,
2640 4765 2698 4813 et
2753 4760 2942 4832 Patris
3000 4757 3710 4832 invisibilitatempouse-

2060 4827 2381 4906 quentibus
2412 4832 2605 4885 verbis
2635 4829 3186 4906 constituithredo.
3211 4827 3708 4906 propter_Gnosti-

2068 4899 2188 4971 cos,
2221 4905 2319 4974 qui
2355 4909 2679 4974 creatorem
2709 4901 2912 4956 mundi
2947 4903 3130 4974 Deum
3153 4899 3620 4974 al‘hﬁstiPatre
3647 4899 3710 4954 in

2066 4979 2178 5032 hoc
2207 4972 2674 5046 distinguebant.
2709 4973 2866 5042 quod
2899 4974 3021 5046 iste,
3042 4972 3356 5046 invisibilis
3381 4977 3442 5027 et
3479 4972 3706 5046 incom-

2067 5043 2421 5120 prehensus,
2453 5045 2560 5120 ille
2583 5050 2780 5098 autem
2813 5050 2872 5097 et
2901 5045 3160 5120 visibilis
3179 5048 3421 5120 esset,et
3449 5043 3714 5120 δωρεῇ-

2069 5113 2168 5175 sus
2193 5119 2251 5172 in
2285 5116 2476 5170 Veteri
2521 5117 2916 5169 Testamento.
2975 5116 3203 5170 Similia
3234 5115 3428 5179 verba,
3461 5113 3712 5168 invisibi-

2070 5193 2171 5246 lem
2203 5197 2252 5243 et
2283 5185 2696 5256 impassihilem,
2730 5193 2972 5257 propter
3002 5187 3475 5241 Sabellianorum
3517 5191 3577 5239 et
3605 5187 3716 5257 Pa-

2070 5264 2139 5316 tri
2153 5255 2558 5332 passianorum
2591 5255 2855 5332 errorem
2886 5258 3250 5332 Aquileiensi
3270 5257 3539 5332 symbolo
3553 5255 3716 5325 adje-

2068 5328 2164 5388 cta
2192 5331 2334 5386 dicit
2364 5329 2896 5394 Ruﬁnus.Angelos
2915 5345 3050 5382 vero
3073 5328 3327 5399 (:yrillus
3358 5328 3722 5383 statuitcon-

2073 5412 2158 5460 tra
2191 5401 2500 5457 Gnosticos
2531 5399 2629 5453 Dei
2663 5407 2984 5470 conspertu
3017 5401 3342 5454 secundum
3368 5416 3539 5454 suum
3585 5415 3717 5452 mo-

2071 5477 2209 5532 dum
2244 5473 2392 5539 frui;
2426 5488 2490 5526 ac
2524 5470 2736 5525 Filium
2768 5479 2826 5525 et
2867 5472 3148 5542 Spiritum
3183 5479 3475 5535 sanctum,
3507 5476 3716 5542 contra

2071 5548 2320 5604 Arianos
2377 5549 2436 5598 et
2491 5543 2798 5597 Gnosticos
2866 5540 3065 5600 simul.
3145 5545 3463 5612 perfectam
3525 5540 3716 5612 Patris

2071 5613 2666 5700 comprehensi-onem
2692 5613 2928 5700 habere.
2980 5617 3065 5700 Ita
3102 5610 3241 5694 _nos
3292 5615 3392 5700 Iden
3419 5615 3529 5667 hoc
3587 5610 3718 5700 locno

2073 5681 2449 5761 conﬁcimus.
2477 5687 2539 5746 V.
2571 5693 2773 5742 notam
2800 5691 2852 5757 6,
2887 5706 2944 5760 p.
2977 5690 3065 5755 90,
3099 5684 3160 5739 in
3217 5690 3330 5739 cat.
3364 5687 3417 5750 6,
3465 5695 3631 5734 num.
3664 5681 3730 5748 6,

3311 5799 3396 5860 20
