4132 6266
341 387 458 449 6'21

1485 363 1963 432 CATECHESIS
2011 363 2140 425 vu.
2194 370 2287 429 an
2332 374 2619 440 pnus,

3642 389 3762 450 622

344 515 565 590 Πατρὸς
595 511 647 568 έν
674 513 843 583 αὐτῷ.
872 512 1056 573 Ὥστε,
1108 508 1271 562 τέκνα
1310 500 1601 593 avara-ti.
1630 497 1786 593 δόξαν
1815 502 1895 570 τῷ
1926 498 2000 570 (1)

2120 502 2223 559 tris
2257 506 2315 561 in
2350 507 2451 565 illo
2476 511 2538 568 ¹².
2564 513 2787 584 Itaque,
2807 513 3009 570 dilecti
3040 515 3170 577 ﬁlii,
3199 516 3448 588 gloriam
3478 520 3635 575 Patri
3660 521 3765 593 qui

345 608 400 662 ἐν
446 589 700 680 οὐρανοῖς
757 600 925 673 Ιιατρὶ
986 597 1074 653 δια
1125 600 1235 651 τῶν
1292 589 1465 670 ἔργων
1526 589 1997 665 προσενέγκιομεν·

347 676 523 755 ὅπως,
552 689 715 746 ’ἰόωσι
771 690 933 761 ἡμῶν
990 686 1059 741 τὰ
1109 684 1253 739 καλᾶ
1309 678 1460 757 ἔργα,
1490 679 1583 737 καὶ
1613 676 1876 747 δοξάσωσι
1906 676 1997 729 τὸν

346 784 560 848 Πατέρα
590 783 752 852 ἡμῶν
808 782 903 833 τὸν
962 776 1015 831 ἐν
1072 779 1191 835 τοῖς
1249 771 1519 846 οὐρανοῖς.
1564 774 1740 823 Ηᾶσαν
1770 768 1871 835 τὴν
1904 764 2003 837 μέ-

348 892 546 945 ριμναν
613 871 772 941 ἡμῶν
829 866 911 922 ἐπ’
942 864 1101 920 αὐτὸν
1135 861 1513 937 ἕπιῤῥίψωμεν
1545 861 1642 930 (2)·
1680 852 1794 911 οἶδε
1839 874 1939 928 γαρ
1974 854 2003 907 6

354 962 538 1034 Ηατὴρ
572 962 736 1031 ἡμῶν
766 956 842 1010 ὧν
875 954 1063 1029 χρείαν
1096 952 1324 1028 ἔχομεν.

424 1031 521 1107 IE'.
556 1051 844 1120 Τιμῶντες
878 1042 937 1098 δέ
985 1044 1080 1098 τὸν
1138 1038 1456 1115 ἐπουράνιον
1494 1037 1722 1110 Πατέρα,
1753 1034 1843 1089 καὶ
1872 1031 2000 1093 τοὺς

350 1142 452 1209 τῆς
509 1137 705 1211 σαρκὸς
765 1137 928 1207 ἡμῶν
987 1132 1221 1207 πατέρας
1272 1134 1345 1203 (3)
1402 1130 1747 1201 τιμήσωμεν·
1809 1120 1998 1192 ἐπειδὴ

352 1232 538 1307 σαφῶς
569 1227 621 1281 ἐν
643 1225 798 1299 νόμῳ
826 1223 915 1278 καὶ
966 1223 1274 1299 προφήταις
1302 1218 1461 1280 αὐτὸς
1495 1217 1686 1291 ὥρισεν
1716 1212 1998 1307 ὁΔΚύριος,

355 1304 558 1392 λέγων·
616 1314 761 1388 Τίμα
806 1312 898 1368 τὸν
952 1310 1157 1386 πατέρα
1212 1330 1311 1364 σου
1357 1306 1446 1363 καὶ
1494 1307 1595 1374 τήν
1639 1304 1999 1392 μητέρασου,

345 1391 445 1462 ’ἶνα
491 1404 549 1462 εὖ
605 1425 690 1460 σοι
736 1403 980 1481 γένηται,
1028 1400 1116 1456 καὶ
1174 1395 1266 1473 ἔσῃ
1335 1394 1738 1471 μακροχρόνιος
1787 1391 2001 1481 ἰπὶτῆς

348 1504 470 1574 γῆς.
501 1495 604 1553 Καὶ
634 1479 1226 1568 τοῦὝπαραγγέλματος
1247 1486 1446 1543 τούτου
1472 1482 1812 1540 ἀκουέτωσαν
1843 1479 2004 1556 μάλι-

348 1571 446 1641 στα
473 1588 582 1639 τῶν
604 1581 888 1658 παρόντων
909 1581 960 1635 οἱ
989 1581 1221 1654 πατέρας
1251 1577 1341 1633 καὶ
1377 1576 1616 1650 μητέρας
1648 1593 1813 1640 κεκτη
1825 1571 1997 1645 μένοι.

345 1676 427 1732 Ἰᾶ.
452 1675 634 1740 τέκνα,
667 1671 965 1729 ὑπακούετε
1003 1674 1121 1731 τοῖς
1170 1670 1420 1744 γονεῦσιν
1452 1666 1604 1739 ὐμῶν
1638 1663 1773 1719 κατᾶ
1803 1660 1995 1716 πάντα·

345 1763 510 1821 τοῦτο
537 1765 640 1841 γὰρ
672 1759 956 1837 εὐάρεστόν
1012 1758 1121 1815 tot:
1179 1762 1260 1830 τῷ
1319 1754 1521 1831 Κυρίῳ.
1556 1752 1634 1813 Οὐ
1661 1754 1762 1841 γὰρ
1794 1752 1935 1806 εἶπεν
1969 1751 1998 1805 6

2110 594 2173 650 in
2204 597 2367 653 caelis
2399 606 2488 656 est
2517 618 2626 673 per
2645 618 2825 674 Opera
2848 605 3204 660 aderamus:
3239 610 3305 660 ut
3326 607 3562 663 videant
3583 626 3766 681 opera

2110 693 2313 743 nostra
2345 690 2520 757 bona,
2545 698 2603 745 et
2631 693 2969 764 gloriﬁcent
3000 696 3232 749 Patrem
3265 702 3535 752 nostrum
3566 700 3666 770 qui
3699 702 3761 756 in

2109 776 2273 831 CtBllS
2330 785 2420 833 est
2453 779 2515 834 ιδ.
2569 783 2818 838 Omnem
2877 783 3343 840 sollicitudinem
3402 792 3669 842 nostram
3698 789 3761 844 in

2106 863 2277 919 ilJum
2309 868 2694 939 projiciamus
2722 871 2805 925 ηε
2840 871 2951 926 scit
2980 873 3141 928 enim
3172 875 3346 929 Pater
3375 882 3601 944 noster,
3634 878 3761 948 qui-

2108 953 2217 1009 bus
2248 957 2423 1013 rebus
2453 959 2787 1027 indigemus
2811 960 2878 1017 ¹⁸.

2178 1047 2219 1100 1
2236 1048 2268 1099 1
2283 1047 2330 1101 9
2355 1049 2466 1102 XV.
2492 1050 2861 1106 Honorantes
2879 1069 3017 1107 vero
3040 1052 3339 1108 cmlestem
3358 1056 3616 1119 Patrem,
3636 1071 3760 1112 car-

2107 1133 2201 1188 nis
2214 1152 2449 1206 quoque
2474 1146 2691 1194 nostra)
2713 1146 2911 1210 patres
2940 1141 3197 1197 honores
3224 1159 3657 1214 prosequamur
3678 1146 3759 1199 “:

2108 1224 2591 1296 quandoquidem
2610 1234 2812 1299 aperte
2830 1230 2890 1284 in
2914 1229 3042 1303 lege
3065 1236 3122 1285 et
3142 1232 3448 1302 prophetis
3473 1232 3758 1289 Dominus

2106 1311 2232 1383 ipse
2260 1311 2546 1381 deﬁnivit,
2566 1317 2733 1371 aiens
2758 1334 2771 1371 :
2800 1341 2827 1369 ‹‹
2861 1320 3096 1375 Honora
3117 1325 3346 1391 patrem
3370 1326 3537 1377 tuum
3563 1327 3623 1377 et
3636 1339 3761 1379 ma-

2108 1421 2136 1449 «
2162 1406 2312 1457 trem
2337 1409 2521 1468 tuam,
2541 1411 2608 1460 ut
2625 1404 2776 1461 bene
2800 1406 2876 1462 sit
2901 1406 3029 1474 tibi,
3048 1414 3106 1462 et
3125 1408 3425 1481 longaavus
3447 1411 3565 1465 eris
3583 1427 3765 1484 super

2107 1512 2134 1540 «
2164 1495 2383 1546 terram
2402 1517 2424 1544 ι
2446 1491 2599 1548 ¹⁷.Αο
2622 1494 2971 1551 mandatum
2987 1496 3147 1553 istud
3166 1496 3411 1553 audiant
3429 1500 3762 1569 prmsertim

2107 1596 2177 1634 ex
2198 1581 2530 1637 astantibus
2562 1583 2601 1637 ii
2634 1584 2734 1655 qui
2766 1590 2967 1656 patres
2991 1591 3051 1640 et
3075 1592 3295 1641 matres
3328 1586 3569 1642 habent.
3607 1588 3761 1656 Filii,

2107 1668 2341 1725 obedite
2373 1671 2718 1743 parentibus
2771 1673 2981 1729 vestris
3014 1674 3076 1729 in
3107 1674 3385 1730 omnibus
3412 1692 3424 1729 :
3459 1675 3568 1732 hoc
3601 1676 3762 1734 enim

2108 1758 2551 1830 beneplacitum
2574 1767 2663 1817 est
2687 1762 2938 1818 Domino
2969 1760 3035 1819 ’⁸.
3060 1765 3186 1818 Νοιι
3209 1762 3368 1819 enim
3392 1763 3540 1819 dixit
3563 1765 3761 1821 Domi-

351 1836 575 1930 Κύριος·
616 1836 693 1910 νὈ
745 1836 926 1927 φιλῶν
980 1847 1185 1923 πατέρα
1239 1846 1274 1917 ἢ
1339 1846 1549 1919 μητέρα
1605 1843 1706 1899 οὐκ
1734 1836 1845 1897 ἔστι
1893 1860 1999 1913 μου

2119 1865 2248 1904 nus:
2284 1872 2311 1899 ‹‹
2336 1850 2443 1915 Qui
2466 1858 2626 1906 amat
2646 1858 2875 1923 patrem
2899 1857 3001 1908 aut
3022 1858 3421 1917 matrem.non
3446 1860 3537 1911 est
3559 1872 3652 1911 me
3673 1855 3761 1911 di-

349 1944 519 2015 ἇξιος’
555 1944 631 2016 μή
689 1942 755 1997 τὸ
810 1943 997 2002 καλῶς
1054 1936 1435 2014 γεγραμμένον
1486 1932 1646 1995 αὐτὸς
1694 1932 1746 2002 ἐξ
1778 1930 2002 2007 ἀγνοίας

352 2026 588 2107 ἑκλάόῃς
643 2034 850 2093 κακῶς·
908 2026 1058 2084 ἀλλὰ
1109 2027 1195 2089 τὸ,
1256 2026 1388 2100 ὑπὲρ
1464 2023 1582 2096 έμὶ,
1640 2021 1997 2097 προσέθηκεν.

352 2126 514 2178 ’Ὁταν
544 2121 647 2198 γὰρ
697 2124 779 2191 τῷ
829 2118 881 2175 έν
934 2118 1190 2190 οὐρανοῖς
1250 2113 1418 2189 Πατρὶ
1450 2113 1503 2169 οἱ
1531 2111 1618 2167 ἐπὶ
1648 2113 1747 2187 γῆς
1778 2112 2003 2183 πατέρες

349 2216 621 2290 φρονῶσιν
654 2207 881 2277 ἐναντία,
912 2208 1036 2263 τότε
1084 2203 1166 2261 δεῖ
1215 2209 1296 2277 τῷ
1350 2202 1557 2276 ῥήματι
1586 2199 1997 2255 ἐπακολουθεῖν.

346 2286 517 2360 ’Ὅταν
548 2298 605 2356 δὶ
639 2296 812 2373 μηδὲν
842 2300 977 2370 ἡμῖν
1024 2295 1101 2359 εἷς
1152 2288 1422 2349 εὐσέϐειαν
1456 2291 1633 2346 αὐτῶν
1669 2286 1997 2362 ἐμποδιζόν-

345 2413 483 2458 των,
536 2386 898 2465 ἀγνωμοσύνῃ
952 2384 1268 2464 φερόμενοι,
1323 2382 1413 2436 καὶ
1461 2384 1567 2434 τῶν
1611 2379 1688 2441 εἷς
1717 2380 1866 2451 ἡμᾶς
1897 2377 1997 2432 αὐ-

353 2483 466 2535 τῶν
525 2477 838 2552 εὐεργεσιῶν
918 2474 1363 2547 ἀμνημονοῦντες
1418 2472 1844 2545 καταφρονῶμεν
1902 2470 1996 2537 (4)’

349 2568 482 2624 τότε
512 2567 700 2643 χώραν
730 2562 836 2635 ’ἄξει
888 2564 952 2619 τὸ
1008 2562 1223 2637 λόγιον,
1254 2561 1318 2615 τὸ
1365 2557 1541 2636 λέγον
1574 2558 1632 2611 Ὀ
1674 2559 1997 2630 κακολογῶν

352 2656 562 2732 πατέρα
589 2654 625 2725 ἢ
660 2654 887 2728 μητέρα,
921 2654 1135 2724 θανάτῳ
1158 2647 1484 2707 τελευτάτω.

426 2838 516 2908 Ιζ’.
564 2839 901 2910 Χριστιανῶν
956 2827 1199 2889 εὐσέϐεια
1254 2833 1331 2903 (5)
1391 2828 1637 2906 ἐνάρετος
1688 2828 1905 2904 πρώτη,
1933 2827 1998 2882 τὸ

344 2931 513 2999 τιμᾷν
564 2925 693 2988 τοὺς
751 2926 1105 3000 γεννήτορας,
1156 2923 1220 2977 τὸ
1274 2919 1403 2983 τοὺς
1434 2919 1636 2980 πόνους
1664 2916 1995 2991 ἀμείψασθαι

346 3021 457 3074 τῶν
490 3014 725 3095 φύντων,
756 3015 845 3071 καὶ
904 3014 1053 3088 πάσῃ
1114 3009 1341 3085 δυνίμει
1395 3011 1464 3065 τὰ
1517 3011 1654 3085 πρὸς
1699 3008 1995 3064 ἀνάπαυσιν

344 3109 534 3170 αὐτοῖς
563 3105 889 3181 ἐπενεγκεῖν·
921 3102 1018 3159 κᾶν
1075 3103 1178 3179 γαρ
1232 3101 1299 3157 τὰ
1350 3099 1580 3157 πλεῖστα
1604 3098 1824 3161 τούτοις
1853 3098 1991 3153 ἀπο-

343 3195 552 3268 δῶμεν,
583 3194 709 3250 ἆΛλ¹
761 3194 1136 3269 ἀντιγεννῆσαι
1190 3189 1417 3252 τούτους
1459 3187 1722 3245 οὐδέποτε
1750 3185 1990 3258 δυνησό-

346 3296 511 3360 μεθα·
538 3282 630 3341 ’ἱνα
657 3285 745 3339 καὶ
795 3282 948 3337 αὐτοὶ
1003 3288 1104 3351 τῆς
1156 3282 1285 3355 παρ’
1342 3280 1502 3352 ἡμῶν
1536 3283 1612 3352 (6)
1642 3278 1994 3340 ἀναπαύσεως

338 3375 770 3441 ἀπολαύσαντες,
803 3370 1084 3446 εὐλογίαις
1116 3372 1263 3442 ἡμᾶς
1302 3368 1648 3445 στηρίξωσιν,
1681 3368 1744 3433 ἃς
1774 3369 1802 3423 ὁ
1832 3387 1996 3441 πτερ-

337 3463 538 3532 νιστὴς
595 3455 792 3520 Ἰακὼὸ
848 3458 1138 3534 ἐμφρόνως
1194 3458 1421 3532 ἣρπασε’
1482 3457 1569 3511 καὶ
1623 3458 1723 3526 τήν
1792 3457 1993 3531 ἀγαθὴν

336 3555 509 3625 ἡμῶν
540 3550 855 3627 προαίρεσιν
888 3550 917 3603 6
964 3546 1016 3603 ἐν
1068 3546 1319 3623 οὐρανοῖς
1358 3548 1541 3621 Πατὴρ
1574 3544 1993 3619 ἀποδεξάμενος,

335 3639 730 3711 καταξιώσειεν
778 3640 929 3711 ἡμᾶς
989 3637 1124 3710 μετᾶ
1175 3639 1282 3691 τῶν
1334 3634 1554 3690 δικαίων
1596 3633 1834 3709 λάμπειν
1864 3634 1939 3697 ὡς
1968 3635 1996 3690 ὁ

334 3730 535 3800 ἥλιος,
567 3729 621 3783 ἐν
653 3730 723 3801 τῇ
757 3725 1008 3803 βασιλείᾳ
1029 3729 1126 3780 τοῦ
1158 3725 1546 3801 Πατρὶς-ἡμῶν
1580 3726 1675 3798 (7)·
1709 3725 1756 3797 ᾧ
1785 3726 1821 3794 ἡ
1848 3720 1995 3797 δόξα,

327 3819 442 3877 σὺν
473 3822 555 3890 τῷ
592 3818 897 3890 Μονογενεῐ
925 3814 1014 3872 καὶ
1046 3820 1266 3889 Σωτῆρι
1310 3815 1490 3884 Ἰησοῦ
1520 3813 1761 3889 Χριστῷ,
1795 3811 1886 3867 σὺν
1918 3817 2000 3887 τῷ

340 3907 497 3985 ἁγίῳ
549 3907 642 3963 καὶ
702 3910 963 3977 ζωοποιῷ
1014 3904 1308 3977 Πνεύματι,
1365 3907 1457 3959 νῦν
1515 3903 1605 3958 καὶ
1663 3902 1769 3973 ἀεὶ,
1799 3903 1891 3959 καὶ
1921 3903 1998 3968 εἰς

337 3997 479 4061 τοὺς
509 3996 712 4060 αἴῶνας
737 3999 845 4051 τῶν
873 3993 1110 4052 αἰώνων.
1144 3993 1339 4066 ’Δμήν.

434 4288 479 4324 ¹²
505 4288 675 4344 Joan.
707 4303 765 4355 ιι,
802 4290 886 4343 15.
966 4284 1012 4320 ί³
1042 4286 1244 4342 Matth.
1277 4304 1331 4349 ν.
1363 4284 1453 4341 16.
1532 4283 1579 4321 ¹⁴
1632 4286 1659 4340 Ι
1712 4287 1870 4344 Petr.
1924 4303 1978 4350 ν,

2038 4288 2094 4342 7.
2170 4283 2215 4323 “
2264 4285 2465 4340 Matth.
2499 4302 2573 4352 γι,
2600 4286 2656 4341 8.
2735 4285 2777 4320 ¹⁶
2809 4284 2950 4341 Heb.
2983 4302 3083 4353 xu,
3116 4289 3169 4341 9.

2110 1961 2139 1989 «
2161 1955 2312 2009 gnus
2333 1962 2359 1989 ι»
2396 1942 2473 2008 ¹⁹;
2502 1957 2578 1995 ne
2610 1941 2669 1995 id
2700 1942 2859 2013 quod
2892 1942 3179 2014 scriptum
3212 1948 3370 1999 esset
3398 1944 3569 2013 bene,
3599 1951 3661 2000 tu
3692 1962 3763 2001 ex

2109 2029 2448 2101 ignorantia
2493 2031 2971 2102 interpretareris
3004 2048 3217 2104 prave;
3279 2048 3484 2089 verum
3513 2034 3761 2104 addidit,

2108 2136 2272 2190 super
2292 2138 2372 2175 me
2393 2121 2454 2176 ιο.
2481 2121 2726 2187 Quando
2750 2123 2909 2178 enim
2933 2123 3091 2178 Patri
3113 2123 3214 2194 qui
3234 2123 3292 2178 in
3317 2124 3482 2180 ccelis
3503 2130 3614 2189 est,
3636 2141 3762 2180 ver-

2110 2214 2310 2263 santes
2336 2209 2396 2263 in
2428 2216 2586 2265 terra
2614 2216 2810 2281 patres
2841 2212 3139 2268 contraria
3161 2213 3480 2281 senserint,
3503 2218 3644 2268 tunc
3676 2219 3766 2269 est

2109 2298 2247 2352 huic
2274 2297 2429 2354 dicto
2451 2298 2902 2370 obsequendum
2925 2318 2940 2366 ;
2966 2301 3203 2372 quando
3225 2318 3362 2357 vero
3383 2302 3504 2357 illis
3527 2302 3763 2359 nullum

2109 2387 2282 2443 nobis
2302 2388 2377 2442 ad
2399 2388 2680 2459 pietatem
2705 2390 3200 2462 impedimentum
3222 2391 3628 2460 aﬂ‘ereutibus,
3653 2409 3764 2449 nos

2110 2477 2323 2550 ingrati
2384 2479 2568 2532 animi
2622 2479 2819 2535 furore
2877 2480 3128 2554 abrepti,
3178 2481 3651 2555 collatorumque
3683 2482 3758 2538 ab

2110 2567 2254 2637 ipsis
2277 2567 2338 2621 in
2361 2584 2469 2622 nos
2490 2566 2934 2624 benefactorum
2958 2571 3363 2636 immemores,
3390 2572 3630 2627 eosdem
3658 2571 3763 2627 ha-

2108 2655 2319 2712 bemus
2352 2655 2694 2728 despectui;
2731 2663 2869 2713 tunc
2926 2658 3093 2714 locus
3148 2666 3233 2714 est
3284 2660 3373 2714 illi
3406 2660 3761 2715 sententia):

2108 2768 2136 2795 ι(
2162 2746 2269 2811 Qui
2286 2746 2659 2801 maledixerit
2674 2748 2824 2819 patri
2839 2747 2930 2802 vel
2943 2748 3336 2816 matri,morte
3353 2753 3643 2804 moriatur
3659 2749 3760 2805 »είς

2178 2835 2317 2892 XVI.
2349 2835 2819 2891 Christianorum
2867 2838 3061 2908 prima
3103 2842 3193 2892 est
3236 2837 3297 2892 in
3350 2838 3582 2894 virtutis
3630 2838 3761 2896 loco

2105 2924 2316 2995 pietas,
2348 2924 2642 2979 honorare
2670 2930 2964 2996 parentes,
2999 2941 3205 2981 eorum
3238 2925 3340 2997 qui
3370 2925 3553 2982 vitam
3584 2927 3762 2984 nobis

2105 3013 2399 3069 dederunt
2426 3012 2660 3068 labores
2692 3029 3097 3081 remunerare,
3130 3019 3309 3086 atque
3341 3015 3504 3070 omni
3536 3016 3760 3085 studio,

2103 3118 2474 3175 quascunque
2487 3101 2710 3158 adillos
2731 3102 3124 3159 sublevandos
3147 3104 3451 3176 pertinent
3466 3105 3760 3180 conferre.

2109 3194 2254 3248 Nam
2276 3191 2508 3247 etiamsi
2531 3191 2652 3248 illis
2674 3191 2864 3248 multa
2883 3191 3304 3259 refuderimus,
3329 3209 3639 3266 nunquam
3665 3199 3760 3252 ta-

2108 3298 2248 3338 men
2270 3281 2426 3338 illos.
2451 3282 2535 3337 uti
2558 3297 2666 3338 nos
2689 3297 2970 3354 genuere,
2996 3281 3255 3339 vicissim
3278 3298 3563 3355 generare
3592 3289 3764 3355 pote-

2107 3372 2315 3427 rimus.
2349 3370 2589 3427 Scilicet
2638 3376 2704 3426 ut
2758 3370 2872 3443 ipsi
2924 3376 3237 3443 procurata
3269 3389 3375 3444 per
3402 3390 3515 3429 nos
3547 3373 3762 3430 solatio

2104 3462 2371 3517 fruentes
2388 3461 2574 3529 “,nos
2609 3461 2731 3518 illis
2749 3460 3055 3519 stabiliant
3073 3462 3594 3521 benedictionibus
3615 3479 3764 3536 quas

2106 3551 2521 3623 supplantator
2539 3551 2717 3607 Jacob
2741 3550 3069 3623 prudenter
3088 3553 3398 3625 praeripuit
3420 3553 3467 3588 ³³
3493 3571 3506 3608 :
3541 3554 3762 3610 bonam

2105 3656 2241 3695 vero
2264 3639 2628 3695 voluntatem
2651 3645 2917 3695 nostram
2939 3640 3195 3696 caalestis
3216 3643 3391 3698 Pater
3404 3648 3632 3715 gratam
3655 3644 3757 3700 ha-

2106 3729 2274 3797 bens,
2300 3728 2510 3801 dignos
2548 3746 2657 3784 nos
2706 3729 2946 3796 efﬁciat,
2981 3729 3082 3801 qui
3116 3734 3401 3801 tanquam
3432 3731 3522 3786 sol
3554 3731 3757 3803 splene

2108 3818 2353 3875 deamus
2392 3835 2528 3874 cum
2551 3819 2733 3891 justis
2762 3819 2827 3873 in
2857 3834 3037 3890 regno
3063 3819 3254 3874 Patris
3284 3819 3506 3875 nostris
3527 3817 3575 3854 ²⁴
3602 3835 3617 3875 :
3650 3820 3752 3892 qui

2108 3907 2317 3982 gloria,
2350 3924 2483 3964 cum
2518 3908 2829 3982 Unigenito
2857 3913 2914 3963 et
2938 3908 3243 3964 Servatore
3268 3909 3407 3964 Jesu
3436 3907 3756 3977 Christo,et

2112 4015 2248 4054 cum
2279 4001 2482 4053 sancto
2537 3997 2885 4069 viviﬁcoque
2943 3997 3186 4070 Spiritu,
3218 4013 3379 4054 nunc
3409 4002 3469 4053 et
3496 4014 3756 4070 semper,

2115 4092 2173 4142 et
2202 4087 2264 4141 in
2296 4086 2514 4142 saecula
2543 4085 2918 4141 saaculorum.
2954 4088 3166 4143 Amen.

3249 4284 3295 4323 ¹⁷
3332 4285 3514 4343 Exod.
3546 4301 3642 4352 xx,
3678 4287 3769 4341 12.

354 4359 406 4399 ιδ
437 4360 652 4431 Ephes.
680 4374 756 4423 v1,
790 4361 842 4413 1.
902 4355 957 4431 η,
978 4357 1186 4431 Matth,
1218 4375 1276 4425 x,
1309 4359 1396 4413 37.
1422 4355 1505 4431 “’0
1532 4355 1678 4412 ibid.
1737 4357 1780 4391 ³⁸
1809 4357 1992 4414 Exod.

2124 4400 2139 4428 ,
2172 4358 2272 4423 i7;
2305 4356 2483 4412 Levit.
2516 4374 2612 4423 xx,
2645 4359 2715 4412 9:
2768 4357 2967 4413 Matth.
3029 4374 3119 4426 xv,
3173 4359 3229 4416 4.
3288 4357 3335 4392 ²²
3387 4356 3563 4413 Eccli.
3597 4372 3680 4424 ιιι,
3712 4358 3767 4412 6.

352 4431 409 4469 ³³
439 4427 585 4487 Gen.
618 4446 789 4498 χχιιι,
822 4431 909 4485 37.
943 4427 991 4463 ²⁴
1020 4428 1222 4485 Matth.
1254 4444 1379 4497 xm,
1410 4428 1498 4487 b3.

434 4638 513 4708 (Ι)
545 4635 710 4706 Δόξαν
763 4638 865 4706 τῷ,
923 4639 1059 4708 etc.
1091 4636 1225 4691 Haec
1257 4634 1491 4708 phrasis
1522 4632 1695 4708 aliter
1725 4633 1788 4690 in
1837 4632 2002 4708 codd:

2123 4633 2292 4690 deret
2317 4632 2514 4708 verbis
2571 4633 2895 4708 superioris
2952 4632 3186 4706 phrasis
3243 4628 3441 4689 ὅταν...
3475 4635 3768 4707 φρονῶσιν,

356 4701 575 4769 Βόέθῑ
601 4701 862 4778 (ξᾶεᾶιιῦξ
912 4701 1276 4771 θιιιίιὶθῐιιτ,’
1302 4708 1405 4778 τῷ,
1439 4702 1493 4759 ἰν
1548 4701 1797 4777 οὐρανοῖς
1839 4702 2011 4778 Πατρὶ

359 4780 454 4837 διὰ
480 4784 588 4834 τῶν
622 4774 791 4854 ἔργων
813 4777 1280 4851 εὐαρεστήσωμεν,
1307 4774 1511 4835 caelesti
1540 4774 1703 4834 Patri
1721 4793 1828 4850 per
1847 4774 2015 4849 opera

404 4855 698 4910 taceamus.

436 4929 521 5002 (2)_
594 4918 1028 5002 Ἐπιῤῥέψωμεν.
1070 4924 1191 5002 ita
1239 4919 1615 5002 “scripsimus
1694 4936 1767 5002 ex
1802 4918 2012 5002 Acodd.

364 4990 571 5063 θέαι,
596 4990 735 5051 Βοεζ
757 4990 990 5050 Ὀἁεειιιὶι
1026 4999 1088 5049 et
1103 4990 1526 5063 Grod.p,quibus
1547 4991 1779 5047 accedit
1795 4990 2014 5063 Ottob.,

366 5070 429 5139 in
478 5060 600 5139 quo
650 5067 925 5139 habetur
951 5066 1027 5126 ε’ς
1071 5063 1232 5118 αὐτὸν
1266 5060 1684 5139 ἀπορᾇίψέυμεν.
1717 5062 2017 5139 ιιιγθᾶίιὶει,

366 5132 765 5214 ἐπιρβἱψαντες,
793 5137 1170 5208 proﬁcientes.
1200 5139 1266 5190 ut
1321 5132 1410 5218 est
1444 5132 1652 5189 lPetr.
1686 5150 1738 5201 ν,
1771 5138 1824 5199 '7,
1858 5132 2018 5205 quod

370 5210 756 5261 referendum
787 5209 1059 5261 superius
1084 5206 1159 5261 ad
1189 5222 1660 5261 προσενεγκωμεν.

370 5210 756 5268 referendum
787 5210 1059 5293 superius
1084 5210 1159 5262 ad
1189 5210 1660 5290 προεξενέγκωμεν.

440 5284 520 5351 (3)
550 5283 670 5347 Τῆς
725 5298 922 5351 σαρκος
981 5280 1142 5349 ἡμῶν
1200 5296 1454 5351 πατέρας·
1492 5276 1657 5351 Hunc
1704 5273 2023 5351 verborum

374 5345 647 5410 ordinem
679 5345 982 5407 servamus
1008 5345 1083 5405 ex
1114 5349 1245 5404 cod.
1269 5348 1471 5412 Coisl.,
1496 5346 1768 5402 versione
1800 5345 2020 5402 Grode-

376 5426 472 5491 cii,
505 5433 566 5481 et
594 5441 761 5480 sacro
794 5428 957 5477 textu
988 5421 1160 5477 Hebr.
1217 5436 1318 5484 xu,
1349 5423 1399 5475 9.
1436 5421 1501 5473 ιιι
1533 5418 1732 5485 editis,
1763 5423 1861 5485 τῆς
1895 5436 2027 5490 σαρ-

373 5496 465 5557 κὸς
497 5495 731 5567 πατέρας
762 5496 948 5569 ἡμῴν,
979 5499 1193 5569 nostros
1224 5493 1405 5569 carnis
1431 5496 1635 5560 patres.
1726 5557 1752 5569 ν

444 5572 519 5643 (4)
553 5558 1013 5643 Καταφρονῶ-μενλ
1058 5566 1130 5643 in
1184 5558 1881 5643 agitisuxatazppovonpav.
1914 5558 2024 5614 Se-

377 5632 926 5696 cuti'sumus'codd.
973 5634 1174 5705 Coisl.,
1206 5636 1348 5702 Roe,
1379 5632 1655 5702 Casau'b.,
1686 5636 1754 5687 ut
1780 5645 2027 5703 respon-

2123 4710 2182 4760 et
2209 4704 2517 4777 regiminis
2548 4704 2859 4777 aequalitas
2891 4704 3243 4777 servaretur.

2189 4768 2637 4858 (ἓξΓΧριστιανῶν
2699 4768 2918 4858 εὐσέ6η.
2957 4781 3093 4858 et_c.,
3152 4776 3286 4858 Hinc
3342 4775 3525 4858 verba

2125 4842 2197 4920 ad
2230 4842 2571 4920 δυνησόμεθα
2594 4846 2815 4920 inclus.
2847 4846 3106 4920 citantur
3134 4846 3243 4920 sub
3290 4846 3535 4920 nomine
3564 4842 3767 4920 Cyrilli
3854 4854 3857 4857 ’

2126 4918 2254 4973 sine
2282 4916 2447 4973 urbis
2479 4916 2672 4978 titulo,
2705 4933 2740 4971 a
2771 4922 2974 4972 sancto
3040 4918 3290 4974 Maximo
3335 4916 3675 4975 confessore
3706 4919 3769 4977 in

2126 4988 2503 5044 sermonibus
2535 5003 2640 5060 per
2670 4993 2965 5060 excerpta,
2998 5005 3174 5044 serm.
3206 4990 3297 5055 23,
3329 4993 3466 5045 tom.
3501 4990 3570 5046 II.
3600 4990 3772 5057 Quaa-

2126 5061 2266 5141 dam
2294 5075 2534 5141 quoque
2552 5059 2695 5141 hinc
2711 5059 3167 5141 transcripsisse
3188 5060 3421 5117 videtur
3440 5061 3495 5117 S.
3524 5060 3691 5119 Nilus
3710 5061 3773 5117 in

2130 5131 2229 5186 lib.
2265 5147 2324 5197 ιι,
2359 5130 2610 5201 epistola
2634 5133 2757 5185 206.

2200 5204 2279 5269 (ὃ)
2314 5199 2481 5275 ᾼύτοὶ
2522 5207 2652 5275 ,τῆς
2690 5200 2816 5275 παρ’
2874 5201 3075 5275 ἡμῶν,
3120 5208 3234 5258 etc.
3293 5204 3376 5258 Ex
3404 5203 3604 5275 Coisl..
3632 5204 3779 5275 Boe,

2133 5273 2382 5328 Casaub.
2417 5278 2475 5327 et
2504 5273 2748 5329 Grodec.
2772 5273 3121 5330 necessario
3152 5274 3527 5331 immutanda
3558 5274 3673 5331 fuit
3697 5274 3786 5328 vi-

2134 5345 2286 5427 tiosa
2327 5343 2639 5431 teditorum
2698 5347 3011 5418 scriptura,
3069 5345 3227 5400 αὐτοὶ
3282 5350 3402 5407 ταῖς
3457 5345 3585 5419 παρ’
3620 5347 3783 5415 ἡμῶν

2134 5436 2192 5469 αν
2200 5433 2552 5475 απαυσαντες.

2206 5489 2284 5573 (Ἰ.)
2346 5486 2553 5573 ματρὸς
2593 5487 2793 5573 ἡμῶν.
2856 5489 3213 5573 scripsimus
3270 5490 3457 5572 ἡμῶν,
3500 5489 3791 5573 Δξιι-

2136 5554 2758 5685 fonte'xtus'postulat,
2787 5576 2857 5615 ex
2898 5554 3074 5617 Coisl.
3109 5565 3169 5615 et
3200 5554 3471 5616 versione
3497 5554 3790 5616 Grodecii,

2161 5647 2266 5685 oco
2300 5650 2476 5685 υιεων.

2161 5647 2266 5687 oco
2300 5647 2476 5704 ομων.
