4132 6266
386 423 505 482 623
1127 499 1129 501 ι
1437 420 1502 481 s.
1549 418 1868 482 GYRILLI
1911 417 2328 478 HIEROSOL.
2379 413 2740 480 ARCHIEP.
3675 421 3798 480 δυ

1398 705 2180 802 GATECHESIS
2248 705 2794 802 OCTAVA.

1078 925 1166 986 De
1196 923 1652 1005 omnipotentia
1679 943 1786 986 seu
1818 925 1898 985 ad
1936 922 2150 986 omnia
2179 923 2526 1003 pertinente
2558 924 2951 1003 providentia
2982 924 3115 986 Dei.

1766 1330 2455 1420 ADMONITIO.

484 1600 537 1660 Ῑ.
572 1594 894 1678 Explanat
922 1602 1131 1656 auctor
1160 1592 1222 1653 in
1255 1592 1368 1654 hac
1393 1592 1662 1654 oratione
1689 1610 1815 1652 eam
1847 1591 1965 1653 Dei
1988 1589 2116 1651 dote

2195 1608 2314 1672 qua
2337 1588 2558 1650 dicitur
2578 1587 2746 1669 apud
2777 1594 3014 1654 Graecas
3042 1598 3458 1673 παντοκράτωρ,
3490 1589 3556 1651 id
3581 1601 3664 1652 est
3687 1613 3811 1654 am-

399 1695 506 1756 nia
533 1694 641 1755 sub
670 1697 921 1775 imperio
951 1705 1146 1753 tenens
1173 1703 1228 1753 et
1257 1691 1340 1753 ad
1365 1690 1689 1752 arbitrium
1721 1691 2075 1750 moderans:
2105 1708 2286 1770 quam
2315 1707 2506 1749 vacem
2539 1689 2752 1748 Latini
2780 1687 2842 1747 in
2876 1687 3160 1767 ngbola
3190 1689 3599 1768 Omnipotens
3629 1710 3811 1753 vaca-

405 1791 540 1854 bulo
570 1795 822 1853 reddere
851 1792 1035 1853 solent
1061 1811 1074 1852 :
1108 1810 1452 1874 quanquam
1481 1789 1586 1849 hac
1615 1790 1796 1850 aliam
1829 1794 2005 1848 menti
2056 1786 2194 1866 subj
2202 1793 2302 1846 icit
2349 1787 2866 1867 signiﬁcationem,
2899 1787 2971 1848 ab
2999 1807 3070 1848 ea
3099 1807 3237 1868 quae
3267 1794 3396 1848 voci
3431 1794 3651 1853 Graecae
3681 1810 3811 1852 res-

399 1891 616 1972 pondet
646 1892 847 1971 (num.
883 1892 964 1969 1).
1001 1890 1201 1970 Igitur
1228 1901 1437 1950 contra
1467 1887 1731 1966 gentiles,
1781 1886 2017 1947 Judxas
2067 1895 2123 1946 et
2170 1885 2474 1946 hxreticos
2525 1905 2721 1946 omnes
2766 1884 2988 1964 duplex
3011 1884 3381 1967 principium
3410 1899 3810 1966 agnoscentes,

407 1994 662 2051 maxime
690 1988 1072 2062 Manichaeas,
1109 1987 1372 2066 defendit
1405 1989 1519 2047 Dei
1539 1985 2004 2066 providentiam,
2037 1985 2390 2052 dominium,
2424 1995 2481 2044 et
2503 1993 2850 2064 potestatem
2882 1985 2965 2044 ad
2987 1983 3193 2046 omnia
3219 1991 3612 2060 pertinentem
3645 1986 3738 2066 (η.
3773 1993 3811 2049 2

403 2069 595 2167 et.3);
627 2089 905 2161 caelestia,
940 2090 1294 2161 terrestria;
1334 2087 1616 2157 animam,
1651 2104 1893 2166 corpus;
1951 2083 2324 2150 idololatras,
2373 2083 2701 2159 haereticos,
2743 2082 3044 2143 diabolum
3091 2083 3327 2164 ipsum;
3369 2086 3547 2163 cujus
3577 2086 3813 2149 malitia

398 2205 578 2269 quam
605 2185 844 2260 tolerat,
876 2188 1068 2246 utitur
1095 2185 1183 2245 ad
1207 2205 1310 2245 suo
1341 2184 1593 2244 consilia
1619 2181 2002 2264 perﬁcienda,
2033 2192 2086 2242 et
2105 2180 2569 2263 promovendam
2599 2180 2900 2240 hominum
2935 2179 3250 2241 utilitatem
3279 2181 3367 2261 (η.
3396 2185 3481 2260 4).
3525 2181 3814 2246 Trinitati

400 2283 689 2357 videlicet,
720 2303 851 2366 quae
877 2283 1001 2344 sola
1027 2283 1334 2344 servitutis
1361 2301 1571 2354 expers
1597 2290 1702 2349 est,
1736 2280 2010 2340 serviunt
2041 2298 2131 2339 res
2160 2298 2354 2339 omnes
2383 2289 2633 2349 creata;
2662 2289 3015 2358 peccatores,
3042 2297 3186 2359 quas
3203 2297 3334 2360 pra:
3357 2282 3651 2356 patientia
3673 2302 3808 2362 pere

398 2391 529 2460 fert
557 2379 735 2452 Deus,
765 2379 842 2440 ab
873 2379 998 2460 ipsa
1028 2380 1263 2440 tandem
1288 2381 1618 2460 punientur
1645 2377 1736 2456 (η.
1769 2377 1854 2455 5).
1895 2375 2231 2455 Regnorum
2279 2386 2334 2435 et
2379 2395 2557 2454 apum
2588 2374 2843 2438 Arbiter
2871 2383 2932 2435 et
2961 2373 3247 2436 Dominus
3275 2387 3378 2449 est,
3413 2396 3598 2459 eaque
3637 2399 3812 2440 acca-

399 2482 562 2540 sione
586 2477 963 2554 Manichxas,
996 2478 1237 2538 divitias
1265 2475 1505 2537 diabolo
1534 2477 1772 2536 auctori
1795 2475 2162 2556 deputantes,
2211 2485 2266 2534 et
2309 2484 2636 2535 creatorem
2691 2476 2873 2534 [leum
2906 2471 3254 2554 blasphemis
3284 2474 3474 2536 verbis
3503 2477 3807 2551 caedentes,

396 2579 756 2657 gravissima
785 2576 1054 2634 aratione
1081 2573 1360 2653 refellens
1394 2575 1671 2654 Cyrillus
1697 2593 2020 2634 sermonem
2051 2573 2307 2634 absolvit
2331 2574 2418 2654 (n.
2451 2576 2512 2644 6,
2546 2577 2582 2633 7
2616 2580 2674 2633 et
2703 2572 2790 2652 8).

477 2674 552 2735 ll.
588 2671 660 2733 In
692 2670 804 2732 hac
830 2669 1100 2732 aratione
1118 2681 1432 2754 postquam
1453 2671 1698 2750 gentiles
1715 2678 1923 2751 paucis
1944 2669 2196 2749 refellit,
2230 2669 2584 2732 Manichxos
2612 2671 2989 2750 potissimum
3013 2679 3137 2732 tota
3165 2677 3438 2732 aratione
3467 2685 3810 2754 Oppugnat:

403 2769 514 2854 qui
544 2769 607 2830 in
636 2769 907 2831 divinam
933 2779 1275 2851 potestatem
1305 2772 1510 2830 multis
1539 2769 1727 2829 modis
1751 2767 2075 2850 peccabant
2094 2792 2116 2828 .-
2148 2773 2212 2828 ίο
2244 2769 2319 2829 ab
2365 2788 2434 2830 ea
2481 2767 2875 2830 subtrahendo
2920 2787 3202 2848 corpora,
3233 2788 3487 2850 quorum
3515 2782 3814 2833 auctorem

403 2868 480 2930 ab
509 2867 847 2930 animarum
881 2868 1184 2929 conditore
1214 2868 1504 2929 diversum
1536 2866 1998 2942 txistimabant;
2034 2870 2096 2926 2°
2115 2866 2421 2928 diabolum
2449 2873 2634 2928 etiam
2661 2887 2692 2927 e
2719 2865 2940 2928 divinis
2968 2867 3242 2948 aperibus
3269 2868 3806 2949 exeipiendo,eum-

402 2986 517 3050 que
541 2967 633 3027 uti
653 2978 998 3048 potestatem
1030 2966 1152 3028 Deo
1182 2977 1550 3028 contrariam
1579 2979 2061 3046 caxternamque,
2095 2976 2274 3047 atque
2304 2967 2366 3026 in
2396 2985 2499 3026 suo
2531 2967 2777 3045 imperio
2805 2985 3024 3026 summe
3053 2965 3461 3027 dominantem
3490 2965 3812 3028 admitten-

398 3064 514 3138 do;
544 3069 610 3127 3°
637 3068 908 3126 universi
929 3065 1419 3145 gubernationem
1450 3063 1854 3136 criminando,
1881 3070 1945 3123 in
1976 3083 2096 3144 qua
2151 3083 2442 3123 summam
2501 3065 2737 3123 ordinis
2786 3062 3303 3144 perturbationem
3346 3083 3480 3145 qua!
3511 3063 3656 3124 bona
3687 3064 3810 3126 Deo

399 3160 598 3222 aliena
623 3173 792 3232 esset,
823 3164 1089 3240 reperiri
1112 3161 1686 3234 calumniabuntur;
1721 3173 1783 3221 ut
1814 3160 2017 3222 videre
2057 3169 2144 3220 est
2195 3165 2260 3222 in
2315 3160 2448 3221 Tito
2497 3163 2802 3220 Bostrensi
2829 3158 2934 3222 lib.
2970 3178 3011 3219 ιι
3044 3169 3211 3222 cont.
3249 3161 3523 3222 Manich.
3559 3160 3811 3236 Quamo-

403 3258 565 3318 brem
598 3260 873 3336 Cgrillus
903 3261 1021 3319 Dei
1039 3260 1396 3340 patientiam
1429 3263 1491 3317 in
1518 3259 1784 3338 ferendis
1812 3259 1986 3318 malis
2016 3258 2430 3319 commendare
2456 3259 2652 3319 studet
2678 3279 2693 3334 ;
2723 3262 2785 3318 4°
2818 3257 3056 3318 tandem
3087 3257 3338 3319 divitias
3367 3269 3422 3320 et
3450 3279 3586 3341 opes
3613 3279 3650 3320 a
3675 3260 3804 3320 dia-

404 3355 534 3417 bolo
563 3366 806 3416 auctore
832 3368 884 3417 et
913 3355 1123 3417 datare
1150 3377 1269 3418 esse
1296 3357 1716 3418 contendendo.
1780 3361 2002 3419 Contra
2058 3359 2322 3416 Arcanos
2367 3356 2677 3438 perspicue
2731 3362 2918 3444 trium
2967 3362 3039 3420 S.
3081 3356 3396 3418 Trinitatis
3414 3377 3808 3438 personarum

403 3473 704 3515 commune
731 3456 1044 3536 imperium
1079 3468 1132 3515 et
1162 3455 1516 3535 dignitatem
1547 3455 1833 3530 defendit.
1868 3456 2176 3516 Praeclare
2207 3475 2437 3536 quoque
2466 3461 2535 3516 de
2565 3454 2918 3516 divitiarum
2949 3474 3097 3519 usu:
3131 3465 3184 3516 et
3201 3456 3530 3538 prudenter
3547 3459 3616 3518 de
3636 3459 3812 3518 relic-

402 3565 462 3614 ta
491 3552 731 3613 diabolo
761 3556 821 3613 in
853 3573 944 3613 res
970 3553 1150 3634 hujus
1178 3554 1396 3613 mundi
1409 3563 1702 3634 potestate
1730 3553 1986 3614 disserit.

488 3653 590 3712 lll.
626 3650 747 3713 Nos
772 3672 957 3731 porro
989 3655 1338 3712 Latinorum
1370 3653 1838 3712 consuetudinem
1868 3650 2080 3716 secuti.
2113 3661 2514 3713 consecratum
2548 3653 2807 3712 omnium
2835 3650 3234 3734 symbolarum
3277 3672 3383 3714 usu
3413 3653 3821 3734 Omnipoten-

415 3749 493 3810 tis
524 3749 872 3811 vocabulum
904 3763 1136 3813 mutare
1164 3752 1489 3819 noluimus;
1526 3751 1901 3812 admonentes
1934 3763 2127 3810 tamen
2172 3751 2346 3812 aliud
2391 3757 2599 3814 Graeca
2643 3770 2777 3812 voce
2820 3750 3176 3831 signi/icon,
3209 3762 3264 3810 et
3312 3750 3374 3810 in
3403 3751 3511 3814 hac
3537 3751 3830 3813 catechesi

399 3857 722 3940 explicari,
747 3879 922 3941 quam
954 3859 1111 3938 quod
1142 3857 1359 3919 Latina
1407 3875 1524 3917 vox
1569 3867 1752 3918 sonet.
1813 3857 1964 3918 Nam
2015 3856 2411 3936 omnipotens
2453 3857 2761 3936 significat
2790 3877 2918 3917 eum
2966 3863 3074 3938 qui
3102 3863 3306 3919 omnia
3343 3868 3558 3940 potest,
3609 3862 3820 3942 cuique

393 3965 571 4035 factu
598 3957 965 4024 impossibile
994 3956 1149 4017 nihil
1164 3974 1188 4028 ,°
1217 3975 1396 4035 eoque
1422 3975 1588 4016 sensu
1618 3958 2018 4034 Augustinus,
2046 3955 2277 4033 aliique
2303 3974 2503 4014 omnes
2531 3957 2721 4031 [erme
2751 3957 2964 4015 Latini
2996 3957 3207 4016 Patres
3235 3956 3391 4017 hanc
3413 3957 3680 4036 ngbali
3710 3979 3816 4020 vo-

394 4075 516 4116 cem
546 4057 896 4138 explanant.
930 4058 1013 4115 At
1051 4055 1268 4116 (bacis
1295 4054 1420 4115 alia
1454 4073 1567 4115 vox
1593 4065 1677 4114 est
1705 4055 1786 4114 ad
1813 4054 2242 4114 declarandam
2292 4057 2779 4128 omnipotentiam
2811 4058 2945 4128 Dei,
2997 4075 3204 4137 nempe
3227 4060 3661 4135 παντοδύναμος.
3696 4057 3816 4119 Ista

395 4165 590 4215 autem
620 4164 1012 4236 παντοκράτωρ
1042 4153 1343 4233 signiﬁcat
1377 4152 1558 4212 Deum
1585 4157 1784 4212 omnia
1813 4151 1918 4211 sub
1950 4153 2204 4231 imperio
2243 4162 2436 4211 tenere
2464 4170 2534 4212 ac
2563 4153 2908 4213 mouerari:
2942 4151 3026 4213 ita
3058 4159 3181 4233 ipse
3203 4155 3482 4235 Cgrillus
3513 4156 3693 4235 hujus
3725 4175 3817 4216 vo-

399 4251 608 4312 cabuli
631 4259 750 4313 vim
780 4251 980 4312 reddit
1008 4271 1176 4311 num.
1211 4253 1247 4310 3
1273 4269 1286 4310 ε
1323 4258 1716 4331 Παντοκράτωρ
1751 4255 1914 4324 ἐστὶν,
1967 4257 1994 4311 ὁ

2184 4279 2256 4311 ων
2311 4261 2545 4333 κρατῶν,
2579 4259 2607 4311 ὁ
2638 4259 2854 4313 πάντων
2883 4257 3228 4328 ἐξουσιάζων·
3251 4271 3380 4331 qua“:
3405 4271 3518 4313 vox
3544 4259 3690 4313 satis
3703 4274 3816 4334 per

406 4355 581 4410 istam
613 4350 896 4410 reddetur
928 4349 1339 4412 omnitenens.
1375 4350 1432 4408 si
1456 4351 1672 4410 Latina
1696 4359 1858 4409 esset.
1889 4348 1961 4409 Id
1978 4350 2192 4428 optime
2213 4353 2364 4409 vidit
2384 4349 2662 4429 Ruﬁnus,
2683 4349 2793 4431 qui
2812 4369 2887 4411 ex
2909 4353 3156 4416 Graecis,
3190 4360 3244 4412 et
3269 4357 3534 4410 omnium
3565 4356 3822 4412 maxime

402 4467 476 4508 ex
509 4447 764 4528 Cgrzlla,
797 4468 963 4509 suam
999 4445 1266 4526 Symboli
1292 4446 1770 4526 explanationem
1801 4447 2125 4517 adarnans,
2177 4458 2400 4509 retenta
2439 4450 2658 4509 Latina
2705 4468 2837 4530 quae
2867 4452 2925 4508 in
2954 4469 3065 4508 usu
3094 4460 3222 4509 erat
3249 4467 3404 4521 voce,
3436 4469 3665 4510 sensum
3688 4451 3819 4529 eius

402 4555 458 4606 et
487 4549 904 4628 etymologiam
938 4546 1019 4607 ad
1047 4549 1160 4604 vim
1198 4549 1423 4606 θηρία)
1452 4563 1604 4604 rocrs
1627 4545 2110 4621 accommodavit,
2144 4547 2304 4606 aiens
2335 4545 2836 4624 Omnipotentem
2869 4547 2950 4607 ab
2981 4566 3055 4607 eo
3086 4547 3205 4606 dici
3235 4549 3451 4625 Deum,
3485 4550 3652 4627 quod
3685 4568 3820 4609 om-

403 4645 577 4706 nium
613 4653 822 4707 teneat
857 4651 1274 4725 potentatum.
1321 4643 1660 4704 Pixicerat
1707 4643 1845 4703 huic
1899 4648 2244 4725 etpasitiam
2300 4643 2727 4717 Tertullianus,
2763 4644 2832 4704 de
2861 4646 3022 4707 Filio
3053 4644 3244 4704 dict-ns
3273 4652 3490 4706 contra
3527 4649 3816 4707 Praxean

399 4763 535 4823 cap.
573 4747 641 4804 17
672 4763 687 4804 :
723 4744 848 4806 Suo
874 4745 1018 4824 jure
1051 4747 1214 4805 Deus
1243 4743 1664 4821 omnipotens,
1701 4760 1825 4820 qua
1855 4760 2058 4802 sermo
2110 4743 2214 4803 Dei
2262 4743 2731 4820 omnipotentis,
2763 4763 3076 4822 quamque
3107 4743 3392 4806 omnium
3424 4744 3667 4823 accepit
3697 4763 3814 4824 po-

404 4849 719 4902 testatem.
756 4843 870 4904 His
899 4843 1182 4923 exemplis
1211 4847 1357 4922 freti
1387 4852 1718 4902 consuetam
1753 4860 1941 4900 iace-ni
1976 4853 2206 4900 mutaie
2235 4840 2528 4921 religioni
2547 4841 2887 4902 habuimus.

495 4941 595 5000 ιν.
629 4938 862 5000 Habita
907 4952 989 5000 est
1040 4940 1163 5001 haec
1207 4941 1514 5002 catechesis
1557 4946 1841 5019 patina
1891 4941 1984 4996 dtt-
2026 4953 2155 5020 μιν
2207 4943 2654 5018 praecedentem,
2705 4954 2770 4999 ut
2811 4940 2887 5000 ob
2919 4947 3044 5020 ipso
3073 4941 3206 5019 ejus
3233 4939 3480 5000 exordio
3508 4940 3817 5018 significat

401 5033 694 5113 Cyrillus,
729 5035 868 5095 dum
889 5039 1247 5116 prxcedenti
1278 5037 1374 5099 die
1402 5040 1471 5098 de
1506 5040 1692 5098 Patre
1735 5057 1794 5098 se
1837 5057 2157 5098 sennonem
2207 5037 2474 5097 habuisse
2518 5055 2952 5098 commemorat.
2985 5039 3328 5099 Emendata
3356 5057 3394 5098 a
3429 5037 3591 5098 nobis
3619 5051 3702 5098 est
3729 5036 3809 5099 ad

393 5133 564 5197 cadd.
603 5133 876 5207 Coislm.,
914 5137 1136 5209 Ottob.,
1175 5138 1371 5216 Cotb.,
1409 5137 1550 5212 liae,
1589 5136 1845 5199 Casaub.
1878 5147 1934 5197 et
1970 5137 2143 5197 Bodl.
2179 5138 2480 5215 adiunctis
2511 5137 2886 5198 variantibus
2937 5137 3285 5199 lectionibus
3325 5139 3569 5220 antiqui
3605 5157 3712 5199 ms.
3746 5139 3804 5197 in

397 5233 558 5296 libra
587 5232 662 5294 S.
691 5233 996 5311 Genovefx
1024 5238 1268 5297 notatis.
