  <div class='ocr_page' id='page_1' title='image "/cluster/home/n/w/nwhite01/storage/ocr_20150623/33/mdp.39015078384412/321.png"; bbox 0 0 4132 6266; ppageno 0'>
   <div class='ocr_carea' id='block_1_1' title="bbox 382 354 507 432">
    <p class='ocr_par' dir='ltr' id='par_1_1' title="bbox 382 354 507 432">
     <span class='ocr_line' id='line_1_1' title="bbox 382 354 507 432; baseline 0 0"><span class='ocrx_word' id='word_1_1' title='bbox 382 354 507 432; x_wconf 58' lang='grc' dir='ltr'><strong>φτ</strong></span> 
     </span>
    </p>
   </div>
   <div class='ocr_carea' id='block_1_2' title="bbox 1444 349 2744 421">
    <p class='ocr_par' dir='ltr' id='par_1_2' title="bbox 1444 349 2744 421">
     <span class='ocr_line' id='line_1_2' title="bbox 1444 349 2744 421; baseline 0.008 -10"><span class='ocrx_word' id='word_1_2' title='bbox 1444 352 1514 412; x_wconf 90' lang='lat' dir='ltr'><strong>S.</strong></span> <span class='ocrx_word' id='word_1_3' title='bbox 1560 349 1869 413; x_wconf 81' lang='lat' dir='ltr'><strong>CYRILLI</strong></span> <span class='ocrx_word' id='word_1_4' title='bbox 1910 350 2325 421; x_wconf 76' lang='lat' dir='ltr'><strong>HIEROSOL.</strong></span> <span class='ocrx_word' id='word_1_5' title='bbox 2371 356 2744 421; x_wconf 78' lang='lat' dir='ltr'><strong>ARCHIEP.</strong></span> 
     </span>
    </p>
   </div>
   <div class='ocr_carea' id='block_1_3' title="bbox 383 479 2060 563">
    <p class='ocr_par' dir='ltr' id='par_1_3' title="bbox 383 479 2037 561">
     <span class='ocr_line' id='line_1_3' title="bbox 383 479 2037 561; baseline -0.002 -18"><span class='ocrx_word' id='word_1_6' title='bbox 383 483 762 561; x_wconf 78' lang='lat' dir='ltr'><strong>pertendere.</strong></span> <span class='ocrx_word' id='word_1_7' title='bbox 798 479 996 553; x_wconf 83' lang='lat' dir='ltr'><strong>Aliqui</strong></span> <span class='ocrx_word' id='word_1_8' title='bbox 1055 479 1236 537; x_wconf 87' lang='lat' dir='ltr'><strong>etiam</strong></span> <span class='ocrx_word' id='word_1_9' title='bbox 1290 480 1473 536; x_wconf 87' lang='lat' dir='ltr'><strong>simili</strong></span> <span class='ocrx_word' id='word_1_10' title='bbox 1514 498 1651 537; x_wconf 90' lang='lat' dir='ltr'><strong>cum</strong></span> <span class='ocrx_word' id='word_1_11' title='bbox 1684 482 1803 537; x_wconf 88' lang='lat' dir='ltr'>illis</span> <span class='ocrx_word' id='word_1_12' title='bbox 1836 500 2037 539; x_wconf 91' lang='lat' dir='ltr'><strong>errore</strong></span> 
     </span>
    </p>
   </div>
   <div class='ocr_carea' id='block_1_4' title="bbox 2176 479 3806 563">
    <p class='ocr_par' dir='ltr' id='par_1_4' title="bbox 2176 479 3806 563">
     <span class='ocr_line' id='line_1_4' title="bbox 2176 479 3806 563; baseline 0.003 -25"><span class='ocrx_word' id='word_1_13' title='bbox 2176 484 2517 552; x_wconf 76' lang='grc' dir='ltr'>ελανηθέντες</span> <span class='ocrx_word' id='word_1_14' title='bbox 2550 489 2665 563; x_wconf 87' lang='grc' dir='ltr'>μετ’</span> <span class='ocrx_word' id='word_1_15' title='bbox 2705 484 2944 552; x_wconf 78' lang='grc' dir='ltr'><strong>ἐκείνων,</strong></span> <span class='ocrx_word' id='word_1_16' title='bbox 2994 487 3178 546; x_wconf 81' lang='grc' dir='ltr'>κακῶς</span> <span class='ocrx_word' id='word_1_17' title='bbox 3225 486 3304 556; x_wconf 78' lang='grc' dir='ltr'><strong>τῷ</strong></span> <span class='ocrx_word' id='word_1_18' title='bbox 3355 479 3510 557; x_wconf 79' lang='grc' dir='ltr'><strong>ῥητῷ</strong></span> <span class='ocrx_word' id='word_1_19' title='bbox 3549 499 3806 557; x_wconf 82' lang='grc' dir='ltr'>συγχρη-</span> 
     </span>
    </p>
   </div>
   <div class='ocr_carea' id='block_1_5' title="bbox 382 570 2033 645">
    <p class='ocr_par' dir='ltr' id='par_1_5' title="bbox 382 570 2033 645">
     <span class='ocr_line' id='line_1_5' title="bbox 382 570 2033 645; baseline -0.002 -13"><span class='ocrx_word' id='word_1_20' title='bbox 382 573 644 643; x_wconf 82' lang='lat' dir='ltr'><strong>abducti,</strong></span> <span class='ocrx_word' id='word_1_21' title='bbox 676 571 1064 645; x_wconf 87' lang='lat' dir='ltr'><strong>pronuntiato</strong></span> <span class='ocrx_word' id='word_1_22' title='bbox 1111 570 1225 626; x_wconf 90' lang='lat' dir='ltr'><strong>hoc</strong></span> <span class='ocrx_word' id='word_1_23' title='bbox 1276 570 1626 627; x_wconf 72' lang='lat' dir='ltr'><strong>abutentes:</strong></span> <span class='ocrx_word' id='word_1_24' title='bbox 1661 595 1687 622; x_wconf 88' lang='lat'>«</span> <span class='ocrx_word' id='word_1_25' title='bbox 1722 574 1792 627; x_wconf 88' lang='lat' dir='ltr'><strong>Et</strong></span> <span class='ocrx_word' id='word_1_26' title='bbox 1821 572 2033 629; x_wconf 87' lang='lat' dir='ltr'><strong>veritas</strong></span> 
     </span>
    </p>
   </div>
   <div class='ocr_carea' id='block_1_6' title="bbox 385 660 2034 735">
    <p class='ocr_par' dir='ltr' id='par_1_6' title="bbox 385 660 2034 735">
     <span class='ocr_line' id='line_1_6' title="bbox 385 660 2034 735; baseline 0 -17"><span class='ocrx_word' id='word_1_27' title='bbox 385 687 414 718; x_wconf 85' lang='lat'>«</span> <span class='ocrx_word' id='word_1_28' title='bbox 438 670 540 720; x_wconf 91' lang='lat' dir='ltr'><strong>tua</strong></span> <span class='ocrx_word' id='word_1_29' title='bbox 560 679 750 735; x_wconf 90' lang='lat' dir='ltr'><strong>usque</strong></span> <span class='ocrx_word' id='word_1_30' title='bbox 772 661 847 717; x_wconf 88' lang='lat' dir='ltr'><strong>ad</strong></span> <span class='ocrx_word' id='word_1_31' title='bbox 868 660 1058 716; x_wconf 91' lang='lat' dir='ltr'><strong>nubes</strong></span> <span class='ocrx_word' id='word_1_32' title='bbox 1082 682 1110 710; x_wconf 83' lang='lat'>»</span> <span class='ocrx_word' id='word_1_33' title='bbox 1135 660 1177 695; x_wconf 71' lang='grc' dir='ltr'><strong>εδ</strong></span> <span class='ocrx_word' id='word_1_34' title='bbox 1202 678 1216 727; x_wconf 93' lang='grc'>;</span> <span class='ocrx_word' id='word_1_35' title='bbox 1251 661 1379 716; x_wconf 86' lang='lat' dir='ltr'><strong>ausi</strong></span> <span class='ocrx_word' id='word_1_36' title='bbox 1416 665 1556 715; x_wconf 89' lang='lat' dir='ltr'><strong>sunt</strong></span> <span class='ocrx_word' id='word_1_37' title='bbox 1581 662 1682 716; x_wconf 91' lang='lat' dir='ltr'><strong>Dei</strong></span> <span class='ocrx_word' id='word_1_38' title='bbox 1710 663 2034 733; x_wconf 88' lang='lat' dir='ltr'><strong>providen-</strong></span> 
     </span>
    </p>
   </div>
   <div class='ocr_carea' id='block_1_7' title="bbox 387 750 2037 822">
    <p class='ocr_par' dir='ltr' id='par_1_7' title="bbox 387 750 2037 822">
     <span class='ocr_line' id='line_1_7' title="bbox 387 750 2037 822; baseline -0.003 -12"><span class='ocrx_word' id='word_1_39' title='bbox 387 755 534 810; x_wconf 82' lang='lat' dir='ltr'><strong>tiam</strong></span> <span class='ocrx_word' id='word_1_40' title='bbox 559 752 821 808; x_wconf 91' lang='lat' dir='ltr'><strong>nubibus</strong></span> <span class='ocrx_word' id='word_1_41' title='bbox 853 768 919 806; x_wconf 91' lang='lat' dir='ltr'><strong>ac</strong></span> <span class='ocrx_word' id='word_1_42' title='bbox 952 751 1097 807; x_wconf 67' lang='lat' dir='ltr'><strong>caelo</strong></span> <span class='ocrx_word' id='word_1_43' title='bbox 1149 750 1659 820; x_wconf 83' lang='lat' dir='ltr'><strong>circumscribere,</strong></span> <span class='ocrx_word' id='word_1_44' title='bbox 1693 767 1941 822; x_wconf 78' lang='lat' dir='ltr'><strong>quaeque</strong></span> <span class='ocrx_word' id='word_1_45' title='bbox 1974 752 2037 806; x_wconf 91' lang='lat' dir='ltr'><strong>in</strong></span> 
     </span>
    </p>
   </div>
   <div class='ocr_carea' id='block_1_8' title="bbox 389 840 2041 900">
    <p class='ocr_par' dir='ltr' id='par_1_8' title="bbox 389 840 2041 900">
     <span class='ocr_line' id='line_1_8' title="bbox 389 840 2041 900; baseline -0.003 0"><span class='ocrx_word' id='word_1_46' title='bbox 389 850 550 900; x_wconf 88' lang='lat' dir='ltr'><strong>terra</strong></span> <span class='ocrx_word' id='word_1_47' title='bbox 600 846 740 899; x_wconf 90' lang='lat' dir='ltr'><strong>sunt</strong></span> <span class='ocrx_word' id='word_1_48' title='bbox 769 857 803 897; x_wconf 89' lang='lat' dir='ltr'><strong>a</strong></span> <span class='ocrx_word' id='word_1_49' title='bbox 831 842 949 897; x_wconf 89' lang='lat' dir='ltr'><strong>Deo</strong></span> <span class='ocrx_word' id='word_1_50' title='bbox 1001 840 1359 896; x_wconf 77' lang='lat' dir='ltr'><strong>abalienare.</strong></span> <span class='ocrx_word' id='word_1_51' title='bbox 1394 842 1780 896; x_wconf 87' lang='lat' dir='ltr'><strong>Immemores</strong></span> <span class='ocrx_word' id='word_1_52' title='bbox 1812 840 2041 897; x_wconf 85' lang='lat' dir='ltr'>scilicet</span> 
     </span>
    </p>
   </div>
   <div class='ocr_carea' id='block_1_9' title="bbox 390 930 2041 1008">
    <p class='ocr_par' dir='ltr' id='par_1_9' title="bbox 390 930 2041 1008">
     <span class='ocr_line' id='line_1_9' title="bbox 390 930 2041 1008; baseline -0.002 -18"><span class='ocrx_word' id='word_1_53' title='bbox 390 932 607 1008; x_wconf 85' lang='lat' dir='ltr'><strong>psalmi</strong></span> <span class='ocrx_word' id='word_1_54' title='bbox 633 932 846 989; x_wconf 87' lang='lat' dir='ltr'><strong>aientis</strong></span> <span class='ocrx_word' id='word_1_55' title='bbox 872 947 885 985; x_wconf 90' lang='lat'>:</span> <span class='ocrx_word' id='word_1_56' title='bbox 912 953 939 981; x_wconf 88' lang='grc'><em>‹‹</em></span> <span class='ocrx_word' id='word_1_57' title='bbox 970 930 1027 985; x_wconf 89' lang='lat' dir='ltr'><strong>Si</strong></span> <span class='ocrx_word' id='word_1_58' title='bbox 1057 930 1380 986; x_wconf 79' lang='lat' dir='ltr'><strong>escendero</strong></span> <span class='ocrx_word' id='word_1_59' title='bbox 1431 930 1492 984; x_wconf 91' lang='lat' dir='ltr'><strong>in</strong></span> <span class='ocrx_word' id='word_1_60' title='bbox 1538 930 1773 999; x_wconf 64' lang='lat' dir='ltr'><strong>caelum,</strong></span> <span class='ocrx_word' id='word_1_61' title='bbox 1807 935 1869 985; x_wconf 87' lang='lat' dir='ltr'><strong>tu</strong></span> <span class='ocrx_word' id='word_1_62' title='bbox 1916 930 2041 987; x_wconf 90' lang='lat' dir='ltr'><strong>illic</strong></span> 
     </span>
    </p>
   </div>
   <div class='ocr_carea' id='block_1_10' title="bbox 396 1019 2041 1090">
    <p class='ocr_par' dir='ltr' id='par_1_10' title="bbox 396 1019 2041 1090">
     <span class='ocr_line' id='line_1_10' title="bbox 396 1019 2041 1090; baseline -0.001 -13"><span class='ocrx_word' id='word_1_63' title='bbox 396 1030 424 1077; x_wconf 66' lang='grc' dir='ltr'><em>ἀ</em></span> <span class='ocrx_word' id='word_1_64' title='bbox 447 1026 550 1090; x_wconf 83' lang='lat' dir='ltr'><strong>e’s;</strong></span> <span class='ocrx_word' id='word_1_65' title='bbox 584 1022 634 1078; x_wconf 89' lang='lat' dir='ltr'><strong>si</strong></span> <span class='ocrx_word' id='word_1_66' title='bbox 662 1019 1028 1078; x_wconf 84' lang='lat' dir='ltr'><strong>descendero</strong></span> <span class='ocrx_word' id='word_1_67' title='bbox 1060 1020 1123 1074; x_wconf 91' lang='lat' dir='ltr'><strong>in</strong></span> <span class='ocrx_word' id='word_1_68' title='bbox 1155 1020 1476 1087; x_wconf 88' lang='lat' dir='ltr'><strong>infernum,</strong></span> <span class='ocrx_word' id='word_1_69' title='bbox 1501 1019 1641 1076; x_wconf 84' lang='lat' dir='ltr'><strong>ades</strong></span> <span class='ocrx_word' id='word_1_70' title='bbox 1666 1041 1692 1069; x_wconf 85' lang='lat'><strong>»</strong></span> <span class='ocrx_word' id='word_1_71' title='bbox 1715 1020 1780 1074; x_wconf 72' lang='lat'><strong>’9.</strong></span> <span class='ocrx_word' id='word_1_72' title='bbox 1815 1021 1959 1076; x_wconf 88' lang='lat' dir='ltr'><strong>Nam</strong></span> <span class='ocrx_word' id='word_1_73' title='bbox 1992 1020 2041 1075; x_wconf 89' lang='lat' dir='ltr'><strong>si</strong></span> 
     </span>
    </p>
   </div>
   <div class='ocr_carea' id='block_1_11' title="bbox 392 1107 2042 1180">
    <p class='ocr_par' dir='ltr' id='par_1_11' title="bbox 392 1107 2042 1180">
     <span class='ocr_line' id='line_1_11' title="bbox 392 1107 2042 1180; baseline -0.002 -14"><span class='ocrx_word' id='word_1_74' title='bbox 392 1111 541 1167; x_wconf 67' lang='lat' dir='ltr'><strong>caelo</strong></span> <span class='ocrx_word' id='word_1_75' title='bbox 574 1108 890 1165; x_wconf 84' lang='lat' dir='ltr'><strong>sublimius</strong></span> <span class='ocrx_word' id='word_1_76' title='bbox 921 1108 1074 1163; x_wconf 91' lang='lat' dir='ltr'>nihil</span> <span class='ocrx_word' id='word_1_77' title='bbox 1104 1113 1214 1176; x_wconf 87' lang='lat' dir='ltr'><strong>est,</strong></span> <span class='ocrx_word' id='word_1_78' title='bbox 1248 1124 1381 1163; x_wconf 90' lang='lat' dir='ltr'><strong>cum</strong></span> <span class='ocrx_word' id='word_1_79' title='bbox 1414 1107 1683 1163; x_wconf 90' lang='lat' dir='ltr'><strong>infernus</strong></span> <span class='ocrx_word' id='word_1_80' title='bbox 1716 1114 1873 1163; x_wconf 89' lang='lat' dir='ltr'><strong>terra</strong></span> <span class='ocrx_word' id='word_1_81' title='bbox 1902 1126 2042 1180; x_wconf 57' lang='lat' dir='ltr'><strong>pro.</strong></span> 
     </span>
    </p>
   </div>
   <div class='ocr_carea' id='block_1_12' title="bbox 392 1197 2044 1271">
    <p class='ocr_par' dir='ltr' id='par_1_12' title="bbox 392 1197 2044 1271">
     <span class='ocr_line' id='line_1_12' title="bbox 392 1197 2044 1271; baseline -0.001 -15"><span class='ocrx_word' id='word_1_82' title='bbox 392 1199 639 1256; x_wconf 86' lang='lat' dir='ltr'><strong>fundior</strong></span> <span class='ocrx_word' id='word_1_83' title='bbox 663 1199 759 1268; x_wconf 86' lang='lat' dir='ltr'><strong>sit,</strong></span> <span class='ocrx_word' id='word_1_84' title='bbox 791 1198 1058 1271; x_wconf 86' lang='lat' dir='ltr'><strong>profecto</strong></span> <span class='ocrx_word' id='word_1_85' title='bbox 1082 1197 1184 1269; x_wconf 87' lang='lat' dir='ltr'><strong>qui</strong></span> <span class='ocrx_word' id='word_1_86' title='bbox 1206 1197 1493 1253; x_wconf 89' lang='lat' dir='ltr'><strong>inferiora</strong></span> <span class='ocrx_word' id='word_1_87' title='bbox 1522 1204 1790 1270; x_wconf 82' lang='lat' dir='ltr'><strong>occupat,</strong></span> <span class='ocrx_word' id='word_1_88' title='bbox 1824 1203 2044 1255; x_wconf 87' lang='lat' dir='ltr'><strong>terram</strong></span> 
     </span>
    </p>
   </div>
   <div class='ocr_carea' id='block_1_13' title="bbox 395 1285 1138 1360">
    <p class='ocr_par' dir='ltr' id='par_1_13' title="bbox 395 1285 1138 1360">
     <span class='ocr_line' id='line_1_13' title="bbox 395 1285 1138 1360; baseline -0.004 -15"><span class='ocrx_word' id='word_1_89' title='bbox 395 1303 633 1360; x_wconf 89' lang='lat' dir='ltr'><strong>quoque</strong></span> <span class='ocrx_word' id='word_1_90' title='bbox 663 1285 856 1359; x_wconf 86' lang='lat' dir='ltr'><strong>ipsam</strong></span> <span class='ocrx_word' id='word_1_91' title='bbox 885 1286 1138 1359; x_wconf 85' lang='lat' dir='ltr'><strong>attingit.</strong></span> 
     </span>
    </p>
   </div>
   <div class='ocr_carea' id='block_1_14' title="bbox 466 1376 2049 1448">
    <p class='ocr_par' dir='ltr' id='par_1_14' title="bbox 466 1376 2049 1448">
     <span class='ocr_line' id='line_1_14' title="bbox 466 1376 2049 1448; baseline -0.001 -15"><span class='ocrx_word' id='word_1_92' title='bbox 466 1377 623 1434; x_wconf 71' lang='lat' dir='ltr'><strong>I22</strong></span> <span class='ocrx_word' id='word_1_93' title='bbox 671 1377 767 1432; x_wconf 88' lang='lat' dir='ltr'><strong>III.</strong></span> <span class='ocrx_word' id='word_1_94' title='bbox 819 1376 1092 1431; x_wconf 69' lang='lat' dir='ltr'><strong>Haaretici</strong></span> <span class='ocrx_word' id='word_1_95' title='bbox 1149 1391 1387 1431; x_wconf 90' lang='lat' dir='ltr'><strong>rursum</strong></span> <span class='ocrx_word' id='word_1_96' title='bbox 1446 1377 1540 1448; x_wconf 82' lang='lat' dir='ltr'><strong>(l),</strong></span> <span class='ocrx_word' id='word_1_97' title='bbox 1601 1377 1754 1433; x_wconf 84' lang='lat' dir='ltr'><strong>sicut</strong></span> <span class='ocrx_word' id='word_1_98' title='bbox 1783 1377 2049 1433; x_wconf 85' lang='lat' dir='ltr'><strong>anterius</strong></span> 
     </span>
    </p>
   </div>
   <div class='ocr_carea' id='block_1_15' title="bbox 397 1465 2047 1538">
    <p class='ocr_par' dir='ltr' id='par_1_15' title="bbox 397 1465 2047 1538">
     <span class='ocr_line' id='line_1_15' title="bbox 397 1465 2047 1538; baseline -0.001 -14"><span class='ocrx_word' id='word_1_99' title='bbox 397 1467 623 1525; x_wconf 89' lang='lat' dir='ltr'><strong>dictum</strong></span> <span class='ocrx_word' id='word_1_100' title='bbox 641 1470 942 1533; x_wconf 89' lang='lat' dir='ltr'><strong>est,unum</strong></span> <span class='ocrx_word' id='word_1_101' title='bbox 964 1467 1151 1520; x_wconf 89' lang='lat' dir='ltr'><strong>Deum</strong></span> <span class='ocrx_word' id='word_1_102' title='bbox 1171 1465 1645 1538; x_wconf 79' lang='lat' dir='ltr'><strong>omnipotentem</strong></span> <span class='ocrx_word' id='word_1_103' title='bbox 1669 1482 1789 1521; x_wconf 92' lang='lat' dir='ltr'><strong>non</strong></span> <span class='ocrx_word' id='word_1_104' title='bbox 1813 1482 2047 1522; x_wconf 85' lang='lat' dir='ltr'><strong>novere.</strong></span> 
     </span>
    </p>
   </div>
   <div class='ocr_carea' id='block_1_16' title="bbox 398 1554 2047 1628">
    <p class='ocr_par' dir='ltr' id='par_1_16' title="bbox 398 1554 2047 1628">
     <span class='ocr_line' id='line_1_16' title="bbox 398 1554 2047 1628; baseline -0.002 -15"><span class='ocrx_word' id='word_1_105' title='bbox 398 1556 787 1628; x_wconf 88' lang='lat' dir='ltr'><strong>Omnipotens</strong></span> <span class='ocrx_word' id='word_1_106' title='bbox 820 1554 1119 1627; x_wconf 88' lang='lat' dir='ltr'><strong>siquidem</strong></span> <span class='ocrx_word' id='word_1_107' title='bbox 1147 1561 1238 1611; x_wconf 90' lang='lat' dir='ltr'><strong>est</strong></span> <span class='ocrx_word' id='word_1_108' title='bbox 1258 1556 1359 1627; x_wconf 89' lang='lat' dir='ltr'><strong>qui</strong></span> <span class='ocrx_word' id='word_1_109' title='bbox 1386 1555 1666 1611; x_wconf 91' lang='lat' dir='ltr'><strong>omnibus</strong></span> <span class='ocrx_word' id='word_1_110' title='bbox 1688 1555 2047 1627; x_wconf 83' lang='lat' dir='ltr'><strong>dominatur,</strong></span> 
     </span>
    </p>
   </div>
   <div class='ocr_carea' id='block_1_17' title="bbox 399 1643 2047 1717">
    <p class='ocr_par' dir='ltr' id='par_1_17' title="bbox 399 1643 2047 1717">
     <span class='ocr_line' id='line_1_17' title="bbox 399 1643 2047 1717; baseline -0.002 -15"><span class='ocrx_word' id='word_1_111' title='bbox 399 1661 641 1717; x_wconf 67' lang='lat' dir='ltr'><strong>sumque</strong></span> <span class='ocrx_word' id='word_1_112' title='bbox 659 1643 839 1701; x_wconf 86' lang='lat' dir='ltr'><strong>habet</strong></span> <span class='ocrx_word' id='word_1_113' title='bbox 855 1643 1124 1717; x_wconf 86' lang='lat' dir='ltr'><strong>subjecta</strong></span> <span class='ocrx_word' id='word_1_114' title='bbox 1142 1644 1450 1716; x_wconf 89' lang='lat' dir='ltr'><strong>potestati;</strong></span> <span class='ocrx_word' id='word_1_115' title='bbox 1470 1644 1558 1699; x_wconf 93' lang='lat' dir='ltr'>illi</span> <span class='ocrx_word' id='word_1_116' title='bbox 1577 1663 1715 1700; x_wconf 90' lang='lat' dir='ltr'><strong>vero</strong></span> <span class='ocrx_word' id='word_1_117' title='bbox 1740 1645 1840 1716; x_wconf 89' lang='lat' dir='ltr'><strong>qui</strong></span> <span class='ocrx_word' id='word_1_118' title='bbox 1862 1662 2047 1701; x_wconf 91' lang='lat' dir='ltr'><strong>unum</strong></span> 
     </span>
    </p>
   </div>
   <div class='ocr_carea' id='block_1_18' title="bbox 399 1734 2047 1807">
    <p class='ocr_par' dir='ltr' id='par_1_18' title="bbox 399 1734 2047 1807">
     <span class='ocr_line' id='line_1_18' title="bbox 399 1734 2047 1807; baseline -0.001 -16"><span class='ocrx_word' id='word_1_119' title='bbox 399 1735 644 1807; x_wconf 88' lang='lat' dir='ltr'><strong>quidem</strong></span> <span class='ocrx_word' id='word_1_120' title='bbox 695 1734 911 1790; x_wconf 82' lang='lat' dir='ltr'><strong>animae</strong></span> <span class='ocrx_word' id='word_1_121' title='bbox 963 1734 1297 1805; x_wconf 86' lang='lat' dir='ltr'><strong>dominum,</strong></span> <span class='ocrx_word' id='word_1_122' title='bbox 1327 1734 1512 1790; x_wconf 91' lang='lat' dir='ltr'><strong>alium</strong></span> <span class='ocrx_word' id='word_1_123' title='bbox 1542 1752 1674 1791; x_wconf 91' lang='lat' dir='ltr'><strong>vero</strong></span> <span class='ocrx_word' id='word_1_124' title='bbox 1706 1735 2047 1805; x_wconf 88' lang='lat' dir='ltr'><strong>quempiam</strong></span> 
     </span>
    </p>
   </div>
   <div class='ocr_carea' id='block_1_19' title="bbox 2150 566 3800 652">
    <p class='ocr_par' dir='ltr' id='par_1_19' title="bbox 2150 566 3800 652">
     <span class='ocr_line' id='line_1_19' title="bbox 2150 566 3800 652; baseline -0.001 -26"><span class='ocrx_word' id='word_1_125' title='bbox 2150 573 2374 647; x_wconf 68' lang='grc' dir='ltr'>σάμενοι</span> <span class='ocrx_word' id='word_1_126' title='bbox 2430 580 2508 648; x_wconf 80' lang='grc' dir='ltr'>τῷ</span> <span class='ocrx_word' id='word_1_127' title='bbox 2565 576 2803 652; x_wconf 77' lang='grc' dir='ltr'><strong>Αὲγοντι,</strong></span> <span class='ocrx_word' id='word_1_128' title='bbox 2866 572 2967 632; x_wconf 81' lang='grc' dir='ltr'><strong>Καὶ</strong></span> <span class='ocrx_word' id='word_1_129' title='bbox 3025 575 3059 642; x_wconf 85' lang='grc' dir='ltr'><strong>ἡ</strong></span> <span class='ocrx_word' id='word_1_130' title='bbox 3118 568 3352 642; x_wconf 72' lang='grc' dir='ltr'><strong>ἀλήθειά</strong></span> <span class='ocrx_word' id='word_1_131' title='bbox 3407 591 3509 625; x_wconf 91' lang='grc' dir='ltr'><strong>σου</strong></span> <span class='ocrx_word' id='word_1_132' title='bbox 3554 566 3658 632; x_wconf 83' lang='grc' dir='ltr'><strong>ἔως</strong></span> <span class='ocrx_word' id='word_1_133' title='bbox 3687 574 3800 624; x_wconf 81' lang='grc' dir='ltr'>τῶν</span> 
     </span>
    </p>
   </div>
   <div class='ocr_carea' id='block_1_20' title="bbox 2144 655 3808 738">
    <p class='ocr_par' dir='ltr' id='par_1_20' title="bbox 2144 655 3808 738">
     <span class='ocr_line' id='line_1_20' title="bbox 2144 655 3808 738; baseline -0.001 -23"><span class='ocrx_word' id='word_1_134' title='bbox 2144 663 2403 736; x_wconf 79' lang='grc' dir='ltr'><strong>νεφελῶν,</strong></span> <span class='ocrx_word' id='word_1_135' title='bbox 2437 663 2749 738; x_wconf 80' lang='grc' dir='ltr'>ἐτόλμησαν</span> <span class='ocrx_word' id='word_1_136' title='bbox 2809 665 2908 732; x_wconf 75' lang='grc' dir='ltr'>τήν</span> <span class='ocrx_word' id='word_1_137' title='bbox 2966 665 3063 718; x_wconf 91' lang='grc' dir='ltr'>τοῦ</span> <span class='ocrx_word' id='word_1_138' title='bbox 3114 663 3248 716; x_wconf 86' lang='grc' dir='ltr'>Θεοῦ</span> <span class='ocrx_word' id='word_1_139' title='bbox 3286 659 3548 735; x_wconf 76' lang='grc' dir='ltr'>πρόνοιαν</span> <span class='ocrx_word' id='word_1_140' title='bbox 3577 655 3686 721; x_wconf 77' lang='grc' dir='ltr'><strong>ἓως</strong></span> <span class='ocrx_word' id='word_1_141' title='bbox 3717 678 3808 715; x_wconf 86' lang='grc' dir='ltr'><strong>νε-</strong></span> 
     </span>
    </p>
   </div>
   <div class='ocr_carea' id='block_1_21' title="bbox 2149 744 3809 829">
    <p class='ocr_par' dir='ltr' id='par_1_21' title="bbox 2149 744 3809 829">
     <span class='ocr_line' id='line_1_21' title="bbox 2149 744 3809 829; baseline -0.002 -24"><span class='ocrx_word' id='word_1_142' title='bbox 2149 751 2330 820; x_wconf 82' lang='grc' dir='ltr'>φελῶν</span> <span class='ocrx_word' id='word_1_143' title='bbox 2385 753 2711 829; x_wconf 76' lang='grc' dir='ltr'><strong>περιγράψαι</strong></span> <span class='ocrx_word' id='word_1_144' title='bbox 2769 752 2859 808; x_wconf 83' lang='grc' dir='ltr'><strong>καὶ</strong></span> <span class='ocrx_word' id='word_1_145' title='bbox 2917 751 3168 828; x_wconf 81' lang='grc' dir='ltr'>οὐρανοῦ,</span> <span class='ocrx_word' id='word_1_146' title='bbox 3227 747 3680 824; x_wconf 77' lang='grc' dir='ltr'><strong>ἀπαλλοτριῶσαι</strong></span> <span class='ocrx_word' id='word_1_147' title='bbox 3747 744 3809 803; x_wconf 67' lang='grc' dir='ltr'>δὲ</span> 
     </span>
    </p>
   </div>
   <div class='ocr_carea' id='block_1_22' title="bbox 2148 836 3807 918">
    <p class='ocr_par' dir='ltr' id='par_1_22' title="bbox 2148 836 3807 918">
     <span class='ocr_line' id='line_1_22' title="bbox 2148 836 3807 918; baseline -0.001 -23"><span class='ocrx_word' id='word_1_148' title='bbox 2148 845 2246 895; x_wconf 89' lang='grc' dir='ltr'>τοῦ</span> <span class='ocrx_word' id='word_1_149' title='bbox 2277 846 2411 897; x_wconf 89' lang='grc' dir='ltr'>Θεοῦ</span> <span class='ocrx_word' id='word_1_150' title='bbox 2466 842 2533 898; x_wconf 70' lang='grc' dir='ltr'><strong>τὰ</strong></span> <span class='ocrx_word' id='word_1_151' title='bbox 2588 842 2675 898; x_wconf 77' lang='grc' dir='ltr'>ἐπὶ</span> <span class='ocrx_word' id='word_1_152' title='bbox 2733 850 2860 918; x_wconf 83' lang='grc' dir='ltr'><strong>γῆς·</strong></span> <span class='ocrx_word' id='word_1_153' title='bbox 2899 840 3290 913; x_wconf 86' lang='grc' dir='ltr'>ἐπιλαθόμενοι</span> <span class='ocrx_word' id='word_1_154' title='bbox 3320 842 3419 894; x_wconf 90' lang='grc' dir='ltr'><strong>τοῦ</strong></span> <span class='ocrx_word' id='word_1_155' title='bbox 3449 836 3674 913; x_wconf 79' lang='grc' dir='ltr'>ψαλμοῦ</span> <span class='ocrx_word' id='word_1_156' title='bbox 3704 840 3807 911; x_wconf 79' lang='grc' dir='ltr'><strong>τοῦ</strong></span> 
     </span>
    </p>
   </div>
   <div class='ocr_carea' id='block_1_23' title="bbox 2151 926 3804 1006">
    <p class='ocr_par' dir='ltr' id='par_1_23' title="bbox 2151 926 3804 1006">
     <span class='ocr_line' id='line_1_23' title="bbox 2151 926 3804 1006; baseline -0.001 -22"><span class='ocrx_word' id='word_1_157' title='bbox 2151 926 2428 1006; x_wconf 71' lang='grc' dir='ltr'>λεγοντος·</span> <span class='ocrx_word' id='word_1_158' title='bbox 2482 931 2604 988; x_wconf 76' lang='grc' dir='ltr'><strong>Ἐὰν</strong></span> <span class='ocrx_word' id='word_1_159' title='bbox 2659 926 2844 987; x_wconf 78' lang='grc' dir='ltr'><strong>ἆναϐῶ</strong></span> <span class='ocrx_word' id='word_1_160' title='bbox 2897 930 2975 993; x_wconf 81' lang='grc' dir='ltr'>εἰς</span> <span class='ocrx_word' id='word_1_161' title='bbox 3023 928 3118 985; x_wconf 87' lang='grc' dir='ltr'><strong>τὸν</strong></span> <span class='ocrx_word' id='word_1_162' title='bbox 3175 928 3427 1004; x_wconf 76' lang='grc' dir='ltr'>οὐρανὸν,</span> <span class='ocrx_word' id='word_1_163' title='bbox 3479 926 3541 981; x_wconf 78' lang='grc' dir='ltr'><strong>σὺ</strong></span> <span class='ocrx_word' id='word_1_164' title='bbox 3587 927 3700 982; x_wconf 83' lang='grc' dir='ltr'>ἐκεῖ</span> <span class='ocrx_word' id='word_1_165' title='bbox 3731 928 3804 983; x_wconf 84' lang='grc' dir='ltr'><strong>εἴ·</strong></span> 
     </span>
    </p>
   </div>
   <div class='ocr_carea' id='block_1_24' title="bbox 2150 1012 3807 1092">
    <p class='ocr_par' dir='ltr' id='par_1_24' title="bbox 2150 1012 3807 1092">
     <span class='ocr_line' id='line_1_24' title="bbox 2150 1012 3807 1092; baseline -0.001 -20"><span class='ocrx_word' id='word_1_166' title='bbox 2150 1017 2237 1073; x_wconf 73' lang='grc' dir='ltr'>ἐὰν</span> <span class='ocrx_word' id='word_1_167' title='bbox 2268 1014 2489 1075; x_wconf 74' lang='grc' dir='ltr'><strong>καταϐῶ</strong></span> <span class='ocrx_word' id='word_1_168' title='bbox 2549 1019 2624 1082; x_wconf 83' lang='grc' dir='ltr'><strong>εἷς</strong></span> <span class='ocrx_word' id='word_1_169' title='bbox 2680 1021 2772 1077; x_wconf 87' lang='grc' dir='ltr'><strong>τὸν</strong></span> <span class='ocrx_word' id='word_1_170' title='bbox 2831 1017 2990 1091; x_wconf 77' lang='grc' dir='ltr'>ᾇδην,</span> <span class='ocrx_word' id='word_1_171' title='bbox 3048 1013 3229 1092; x_wconf 78' lang='grc' dir='ltr'>πάρει.</span> <span class='ocrx_word' id='word_1_172' title='bbox 3286 1017 3350 1073; x_wconf 70' lang='grc' dir='ltr'><strong>Εἰ</strong></span> <span class='ocrx_word' id='word_1_173' title='bbox 3388 1012 3493 1092; x_wconf 79' lang='grc' dir='ltr'><strong>γὰρ</strong></span> <span class='ocrx_word' id='word_1_174' title='bbox 3525 1014 3807 1090; x_wconf 78' lang='grc' dir='ltr'>ὑψηλότε-</span> 
     </span>
    </p>
   </div>
   <div class='ocr_carea' id='block_1_25' title="bbox 2153 1103 3806 1185">
    <p class='ocr_par' dir='ltr' id='par_1_25' title="bbox 2153 1103 3806 1185">
     <span class='ocr_line' id='line_1_25' title="bbox 2153 1103 3806 1185; baseline -0.002 -22"><span class='ocrx_word' id='word_1_175' title='bbox 2153 1129 2246 1184; x_wconf 87' lang='grc' dir='ltr'>ρον</span> <span class='ocrx_word' id='word_1_176' title='bbox 2282 1109 2380 1183; x_wconf 78' lang='grc' dir='ltr'>μὶν</span> <span class='ocrx_word' id='word_1_177' title='bbox 2413 1108 2643 1185; x_wconf 82' lang='grc' dir='ltr'>οὐρανοῦ</span> <span class='ocrx_word' id='word_1_178' title='bbox 2692 1106 2847 1166; x_wconf 76' lang='grc' dir='ltr'>οὐδὲν</span> <span class='ocrx_word' id='word_1_179' title='bbox 2903 1109 3035 1178; x_wconf 86' lang='grc' dir='ltr'>ἐστι,</span> <span class='ocrx_word' id='word_1_180' title='bbox 3094 1106 3388 1184; x_wconf 72' lang='grc' dir='ltr'>βαθύτερον</span> <span class='ocrx_word' id='word_1_181' title='bbox 3421 1103 3478 1161; x_wconf 70' lang='grc' dir='ltr'><strong>δὲ</strong></span> <span class='ocrx_word' id='word_1_182' title='bbox 3506 1112 3604 1176; x_wconf 81' lang='grc' dir='ltr'><strong>τῆς</strong></span> <span class='ocrx_word' id='word_1_183' title='bbox 3635 1107 3741 1181; x_wconf 69' lang='grc' dir='ltr'>γῆς</span> <span class='ocrx_word' id='word_1_184' title='bbox 3776 1105 3806 1159; x_wconf 99' lang='lat'><strong>6</strong></span> 
     </span>
    </p>
   </div>
   <div class='ocr_carea' id='block_1_26' title="bbox 2153 1197 3809 1277">
    <p class='ocr_par' dir='ltr' id='par_1_26' title="bbox 2153 1197 3809 1277">
     <span class='ocr_line' id='line_1_26' title="bbox 2153 1197 3809 1277; baseline -0.002 -22"><span class='ocrx_word' id='word_1_185' title='bbox 2153 1197 2311 1271; x_wconf 73' lang='grc' dir='ltr'>ᾃδης,</span> <span class='ocrx_word' id='word_1_186' title='bbox 2366 1202 2394 1257; x_wconf 90' lang='lat'><strong>6</strong></span> <span class='ocrx_word' id='word_1_187' title='bbox 2450 1200 2517 1257; x_wconf 78' lang='grc' dir='ltr'><strong>τὰ</strong></span> <span class='ocrx_word' id='word_1_188' title='bbox 2592 1202 2872 1277; x_wconf 78' lang='grc' dir='ltr'><strong>κατώτερα</strong></span> <span class='ocrx_word' id='word_1_189' title='bbox 2951 1203 3187 1277; x_wconf 77' lang='grc' dir='ltr'>κρατῶν,</span> <span class='ocrx_word' id='word_1_190' title='bbox 3266 1198 3489 1254; x_wconf 81' lang='grc' dir='ltr'>ἅπτεται</span> <span class='ocrx_word' id='word_1_191' title='bbox 3556 1197 3649 1253; x_wconf 75' lang='grc' dir='ltr'><strong>καὶ</strong></span> <span class='ocrx_word' id='word_1_192' title='bbox 3701 1202 3809 1267; x_wconf 81' lang='grc' dir='ltr'><strong>τῆς</strong></span> 
     </span>
    </p>
   </div>
   <div class='ocr_carea' id='block_1_27' title="bbox 2155 1293 2381 1367">
    <p class='ocr_par' dir='ltr' id='par_1_27' title="bbox 2155 1293 2381 1367">
     <span class='ocr_line' id='line_1_27' title="bbox 2155 1293 2381 1367; baseline -0.004 0"><span class='ocrx_word' id='word_1_193' title='bbox 2155 1297 2260 1367; x_wconf 82' lang='grc' dir='ltr'><strong>γῆς</strong></span> <span class='ocrx_word' id='word_1_194' title='bbox 2283 1293 2381 1366; x_wconf 77' lang='lat'><strong>(2)-</strong></span> 
     </span>
    </p>
   </div>
   <div class='ocr_carea' id='block_1_28' title="bbox 2227 1373 3805 1457">
    <p class='ocr_par' dir='ltr' id='par_1_28' title="bbox 2227 1373 3805 1457">
     <span class='ocr_line' id='line_1_28' title="bbox 2227 1373 3805 1457; baseline -0.002 -22"><span class='ocrx_word' id='word_1_195' title='bbox 2227 1381 2300 1439; x_wconf 77' lang='lat'><strong>1“.</strong></span> <span class='ocrx_word' id='word_1_196' title='bbox 2329 1381 2608 1457; x_wconf 77' lang='grc' dir='ltr'>Αίρετικοὶ</span> <span class='ocrx_word' id='word_1_197' title='bbox 2640 1379 2697 1439; x_wconf 75' lang='grc' dir='ltr'><strong>δὲ</strong></span> <span class='ocrx_word' id='word_1_198' title='bbox 2733 1379 2924 1452; x_wconf 82' lang='grc' dir='ltr'>πάλιν,</span> <span class='ocrx_word' id='word_1_199' title='bbox 2955 1381 3136 1445; x_wconf 81' lang='grc' dir='ltr'>καθὼς</span> <span class='ocrx_word' id='word_1_200' title='bbox 3162 1377 3375 1454; x_wconf 78' lang='grc' dir='ltr'>εἴρηται</span> <span class='ocrx_word' id='word_1_201' title='bbox 3413 1379 3476 1435; x_wconf 86' lang='grc' dir='ltr'>τὸ</span> <span class='ocrx_word' id='word_1_202' title='bbox 3506 1373 3805 1453; x_wconf 82' lang='grc' dir='ltr'>πρότερον,</span> 
     </span>
    </p>
   </div>
   <div class='ocr_carea' id='block_1_29' title="bbox 2156 1466 3800 1546">
    <p class='ocr_par' dir='ltr' id='par_1_29' title="bbox 2156 1466 3800 1546">
     <span class='ocr_line' id='line_1_29' title="bbox 2156 1466 3800 1546; baseline -0.001 -22"><span class='ocrx_word' id='word_1_203' title='bbox 2156 1468 2256 1525; x_wconf 79' lang='grc' dir='ltr'>οὐκ</span> <span class='ocrx_word' id='word_1_204' title='bbox 2312 1468 2520 1526; x_wconf 80' lang='grc' dir='ltr'><strong>οἷ’δασιν</strong></span> <span class='ocrx_word' id='word_1_205' title='bbox 2574 1466 2667 1526; x_wconf 71' lang='grc' dir='ltr'><strong>ἕνα</strong></span> <span class='ocrx_word' id='word_1_206' title='bbox 2717 1469 3130 1546; x_wconf 68' lang='grc' dir='ltr'><strong>παντοκράτορα</strong></span> <span class='ocrx_word' id='word_1_207' title='bbox 3186 1468 3335 1528; x_wconf 86' lang='grc' dir='ltr'>Θεόν.</span> <span class='ocrx_word' id='word_1_208' title='bbox 3396 1467 3800 1544; x_wconf 77' lang='grc' dir='ltr'><strong>Παντοκράτωρ</strong></span> 
     </span>
    </p>
   </div>
   <div class='ocr_carea' id='block_1_30' title="bbox 2156 1556 3808 1637">
    <p class='ocr_par' dir='ltr' id='par_1_30' title="bbox 2156 1556 3808 1637">
     <span class='ocr_line' id='line_1_30' title="bbox 2156 1556 3808 1637; baseline 0 -23"><span class='ocrx_word' id='word_1_209' title='bbox 2156 1559 2260 1635; x_wconf 86' lang='grc' dir='ltr'><strong>γάρ</strong></span> <span class='ocrx_word' id='word_1_210' title='bbox 2315 1559 2486 1616; x_wconf 85' lang='grc' dir='ltr'>ἐστιὸ</span> <span class='ocrx_word' id='word_1_211' title='bbox 2523 1560 2738 1617; x_wconf 83' lang='grc' dir='ltr'>πάντων</span> <span class='ocrx_word' id='word_1_212' title='bbox 2796 1564 3034 1637; x_wconf 77' lang='grc' dir='ltr'>κρατῶν,</span> <span class='ocrx_word' id='word_1_213' title='bbox 3094 1559 3121 1613; x_wconf 87' lang='grc' dir='ltr'>ὁ</span> <span class='ocrx_word' id='word_1_214' title='bbox 3182 1562 3394 1613; x_wconf 82' lang='grc' dir='ltr'><strong>πάντων</strong></span> <span class='ocrx_word' id='word_1_215' title='bbox 3455 1556 3808 1631; x_wconf 75' lang='grc' dir='ltr'><strong>ἐξουσιάζων.</strong></span> 
     </span>
    </p>
   </div>
   <div class='ocr_carea' id='block_1_31' title="bbox 2157 1645 3806 1725">
    <p class='ocr_par' dir='ltr' id='par_1_31' title="bbox 2157 1645 3806 1725">
     <span class='ocr_line' id='line_1_31' title="bbox 2157 1645 3806 1725; baseline -0.001 -23"><span class='ocrx_word' id='word_1_216' title='bbox 2157 1649 2221 1703; x_wconf 76' lang='grc' dir='ltr'><strong>Οἱ</strong></span> <span class='ocrx_word' id='word_1_217' title='bbox 2253 1646 2311 1705; x_wconf 63' lang='grc' dir='ltr'><strong>δὲ</strong></span> <span class='ocrx_word' id='word_1_218' title='bbox 2341 1651 2620 1725; x_wconf 69' lang='grc' dir='ltr'>λέγοντες,</span> <span class='ocrx_word' id='word_1_219' title='bbox 2650 1671 2742 1705; x_wconf 89' lang='grc' dir='ltr'>τον</span> <span class='ocrx_word' id='word_1_220' title='bbox 2797 1651 2891 1724; x_wconf 72' lang='grc' dir='ltr'><strong>μὲν</strong></span> <span class='ocrx_word' id='word_1_221' title='bbox 2945 1650 3082 1705; x_wconf 83' lang='grc' dir='ltr'>εἶναι</span> <span class='ocrx_word' id='word_1_222' title='bbox 3137 1652 3237 1715; x_wconf 79' lang='grc' dir='ltr'><strong>τῆς</strong></span> <span class='ocrx_word' id='word_1_223' title='bbox 3294 1651 3480 1724; x_wconf 78' lang='grc' dir='ltr'>ψυχῆς</span> <span class='ocrx_word' id='word_1_224' title='bbox 3510 1645 3806 1718; x_wconf 79' lang='grc' dir='ltr'><strong>δεσπότην,</strong></span> 
     </span>
    </p>
   </div>
   <div class='ocr_carea' id='block_1_32' title="bbox 2157 1734 3810 1814">
    <p class='ocr_par' dir='ltr' id='par_1_32' title="bbox 2157 1734 3810 1814">
     <span class='ocr_line' id='line_1_32' title="bbox 2157 1734 3810 1814; baseline -0.001 -21"><span class='ocrx_word' id='word_1_225' title='bbox 2157 1745 2246 1794; x_wconf 87' lang='grc' dir='ltr'><strong>τὸν</strong></span> <span class='ocrx_word' id='word_1_226' title='bbox 2282 1737 2339 1794; x_wconf 81' lang='grc' dir='ltr'><strong>δέ</strong></span> <span class='ocrx_word' id='word_1_227' title='bbox 2367 1761 2488 1795; x_wconf 88' lang='grc' dir='ltr'>τινα</span> <span class='ocrx_word' id='word_1_228' title='bbox 2514 1743 2593 1814; x_wconf 88' lang='grc'><strong>(3)</strong></span> <span class='ocrx_word' id='word_1_229' title='bbox 2618 1744 2717 1796; x_wconf 88' lang='grc' dir='ltr'>τοῦ</span> <span class='ocrx_word' id='word_1_230' title='bbox 2763 1738 3039 1813; x_wconf 81' lang='grc' dir='ltr'>σώματος,</span> <span class='ocrx_word' id='word_1_231' title='bbox 3072 1735 3356 1812; x_wconf 64' lang='grc' dir='ltr'><strong>οὐδέτερον</strong></span> <span class='ocrx_word' id='word_1_232' title='bbox 3387 1738 3568 1793; x_wconf 79' lang='grc' dir='ltr'>αὐτῶν</span> <span class='ocrx_word' id='word_1_233' title='bbox 3594 1734 3810 1793; x_wconf 68' lang='grc' dir='ltr'>τέλειον</span> 
     </span>
    </p>
   </div>
   <div class='ocr_carea' id='block_1_33' title="bbox 398 1824 2060 1920">
    <p class='ocr_par' dir='ltr' id='par_1_33' title="bbox 398 1824 2046 1897">
     <span class='ocr_line' id='line_1_33' title="bbox 398 1824 2046 1897; baseline -0.002 -16"><span class='ocrx_word' id='word_1_234' title='bbox 398 1825 664 1897; x_wconf 90' lang='lat' dir='ltr'><strong>corporis</strong></span> <span class='ocrx_word' id='word_1_235' title='bbox 698 1824 922 1891; x_wconf 90' lang='lat' dir='ltr'><strong>dicunt,</strong></span> <span class='ocrx_word' id='word_1_236' title='bbox 955 1830 1234 1880; x_wconf 89' lang='lat' dir='ltr'><strong>neutrum</strong></span> <span class='ocrx_word' id='word_1_237' title='bbox 1280 1840 1484 1879; x_wconf 91' lang='lat' dir='ltr'><strong>eorum</strong></span> <span class='ocrx_word' id='word_1_238' title='bbox 1516 1824 1844 1896; x_wconf 91' lang='lat' dir='ltr'><strong>perfectum</strong></span> <span class='ocrx_word' id='word_1_239' title='bbox 1876 1824 2046 1878; x_wconf 84' lang='lat' dir='ltr'><strong>afﬁr-</strong></span> 
     </span>
    </p>
   </div>
   <div class='ocr_carea' id='block_1_34' title="bbox 2176 1824 3810 1920">
    <p class='ocr_par' dir='ltr' id='par_1_34' title="bbox 2176 1826 3810 1920">
     <span class='ocr_line' id='line_1_34' title="bbox 2176 1826 3810 1920; baseline -0.003 -36"><span class='ocrx_word' id='word_1_240' title='bbox 2176 1830 2399 1903; x_wconf 63' lang='lat' dir='ltr'><strong>téyooai,</strong></span> <span class='ocrx_word' id='word_1_241' title='bbox 2431 1833 2510 1920; x_wconf 79' lang='grc' dir='ltr'>τῷ</span> <span class='ocrx_word' id='word_1_242' title='bbox 2539 1826 2746 1885; x_wconf 83' lang='grc' dir='ltr'>λείπειν</span> <span class='ocrx_word' id='word_1_243' title='bbox 2798 1828 3048 1905; x_wconf 70' lang='grc' dir='ltr'><strong>ἑκάτερον</strong></span> <span class='ocrx_word' id='word_1_244' title='bbox 3100 1827 3330 1903; x_wconf 70' lang='grc' dir='ltr'><strong>θατέρῳ.</strong></span> <span class='ocrx_word' id='word_1_245' title='bbox 3381 1828 3444 1884; x_wconf 75' lang='grc' dir='ltr'>Ὀ</span> <span class='ocrx_word' id='word_1_246' title='bbox 3486 1828 3588 1920; x_wconf 53' lang='grc' dir='ltr'><strong>γὰρ</strong></span> <span class='ocrx_word' id='word_1_247' title='bbox 3618 1829 3810 1901; x_wconf 78' lang='grc' dir='ltr'>ψυχῆς</span> 
     </span>
    </p>
   </div>
   <div class='ocr_carea' id='block_1_35' title="bbox 398 1912 2047 1985">
    <p class='ocr_par' dir='ltr' id='par_1_35' title="bbox 398 1912 2047 1985">
     <span class='ocr_line' id='line_1_35' title="bbox 398 1912 2047 1985; baseline -0.002 -15"><span class='ocrx_word' id='word_1_248' title='bbox 398 1918 588 1979; x_wconf 88' lang='lat' dir='ltr'><strong>mant,</strong></span> <span class='ocrx_word' id='word_1_249' title='bbox 623 1913 782 1984; x_wconf 85' lang='lat' dir='ltr'><strong>quod</strong></span> <span class='ocrx_word' id='word_1_250' title='bbox 813 1929 1015 1968; x_wconf 89' lang='lat' dir='ltr'><strong>eorum</strong></span> <span class='ocrx_word' id='word_1_251' title='bbox 1072 1919 1323 1985; x_wconf 90' lang='lat' dir='ltr'><strong>uterque</strong></span> <span class='ocrx_word' id='word_1_252' title='bbox 1380 1913 1567 1968; x_wconf 89' lang='lat' dir='ltr'><strong>altera</strong></span> <span class='ocrx_word' id='word_1_253' title='bbox 1609 1929 1671 1967; x_wconf 89' lang='lat' dir='ltr'><strong>re</strong></span> <span class='ocrx_word' id='word_1_254' title='bbox 1718 1912 2047 1967; x_wconf 78' lang='lat' dir='ltr'><strong>deficiatur.</strong></span> 
     </span>
    </p>
   </div>
   <div class='ocr_carea' id='block_1_36' title="bbox 401 2001 2052 2074">
    <p class='ocr_par' dir='ltr' id='par_1_36' title="bbox 401 2001 2052 2074">
     <span class='ocr_line' id='line_1_36' title="bbox 401 2001 2052 2074; baseline -0.001 -15"><span class='ocrx_word' id='word_1_255' title='bbox 401 2002 512 2070; x_wconf 89' lang='lat' dir='ltr'><strong>Qui</strong></span> <span class='ocrx_word' id='word_1_256' title='bbox 543 2002 697 2059; x_wconf 91' lang='lat' dir='ltr'><strong>enim</strong></span> <span class='ocrx_word' id='word_1_257' title='bbox 730 2001 909 2061; x_wconf 85' lang='lat' dir='ltr'><strong>habet</strong></span> <span class='ocrx_word' id='word_1_258' title='bbox 953 2002 1167 2058; x_wconf 73' lang='lat' dir='ltr'><strong>animaa</strong></span> <span class='ocrx_word' id='word_1_259' title='bbox 1225 2007 1602 2074; x_wconf 88' lang='lat' dir='ltr'><strong>potestatem,</strong></span> <span class='ocrx_word' id='word_1_260' title='bbox 1636 2003 1900 2074; x_wconf 90' lang='lat' dir='ltr'><strong>corporis</strong></span> <span class='ocrx_word' id='word_1_261' title='bbox 1930 2019 2052 2057; x_wconf 90' lang='lat' dir='ltr'><strong>non</strong></span> 
     </span>
    </p>
   </div>
   <div class='ocr_carea' id='block_1_37' title="bbox 400 2092 2056 2164">
    <p class='ocr_par' dir='ltr' id='par_1_37' title="bbox 400 2092 2056 2164">
     <span class='ocr_line' id='line_1_37' title="bbox 400 2092 2056 2164; baseline -0.002 -14"><span class='ocrx_word' id='word_1_262' title='bbox 400 2093 600 2161; x_wconf 88' lang='lat' dir='ltr'><strong>habet,</strong></span> <span class='ocrx_word' id='word_1_263' title='bbox 635 2108 751 2164; x_wconf 84' lang='lat' dir='ltr'><strong>qua</strong></span> <span class='ocrx_word' id='word_1_264' title='bbox 780 2092 1010 2148; x_wconf 89' lang='lat' dir='ltr'><strong>ratione</strong></span> <span class='ocrx_word' id='word_1_265' title='bbox 1040 2092 1468 2163; x_wconf 86' lang='lat' dir='ltr'><strong>omnipotens?</strong></span> <span class='ocrx_word' id='word_1_266' title='bbox 1515 2093 1615 2163; x_wconf 89' lang='lat' dir='ltr'><strong>qui</strong></span> <span class='ocrx_word' id='word_1_267' title='bbox 1659 2109 1795 2149; x_wconf 91' lang='lat' dir='ltr'><strong>vero</strong></span> <span class='ocrx_word' id='word_1_268' title='bbox 1828 2092 1889 2146; x_wconf 91' lang='lat' dir='ltr'><strong>in</strong></span> <span class='ocrx_word' id='word_1_269' title='bbox 1922 2109 2056 2148; x_wconf 92' lang='lat' dir='ltr'><strong>cor-</strong></span> 
     </span>
    </p>
   </div>
   <div class='ocr_carea' id='block_1_38' title="bbox 400 2182 2054 2256">
    <p class='ocr_par' dir='ltr' id='par_1_38' title="bbox 400 2182 2054 2256">
     <span class='ocr_line' id='line_1_38' title="bbox 400 2182 2054 2256; baseline -0.001 -17"><span class='ocrx_word' id='word_1_270' title='bbox 400 2200 548 2256; x_wconf 89' lang='lat' dir='ltr'><strong>pora</strong></span> <span class='ocrx_word' id='word_1_271' title='bbox 578 2182 940 2247; x_wconf 81' lang='lat' dir='ltr'><strong>dominatur,</strong></span> <span class='ocrx_word' id='word_1_272' title='bbox 964 2183 1027 2237; x_wconf 92' lang='lat' dir='ltr'><strong>in</strong></span> <span class='ocrx_word' id='word_1_273' title='bbox 1054 2182 1298 2253; x_wconf 88' lang='lat' dir='ltr'><strong>spiritus</strong></span> <span class='ocrx_word' id='word_1_274' title='bbox 1320 2199 1458 2239; x_wconf 90' lang='lat' dir='ltr'><strong>vero</strong></span> <span class='ocrx_word' id='word_1_275' title='bbox 1482 2199 1881 2253; x_wconf 86' lang='lat' dir='ltr'><strong>nequaquam,</strong></span> <span class='ocrx_word' id='word_1_276' title='bbox 1914 2198 2054 2253; x_wconf 89' lang='lat' dir='ltr'><strong>quo-</strong></span> 
     </span>
    </p>
   </div>
   <div class='ocr_carea' id='block_1_39' title="bbox 401 2271 2051 2345">
    <p class='ocr_par' dir='ltr' id='par_1_39' title="bbox 401 2271 2051 2345">
     <span class='ocr_line' id='line_1_39' title="bbox 401 2271 2051 2345; baseline -0.002 -15"><span class='ocrx_word' id='word_1_277' title='bbox 401 2274 578 2330; x_wconf 90' lang='lat' dir='ltr'><strong>modo</strong></span> <span class='ocrx_word' id='word_1_278' title='bbox 609 2272 986 2345; x_wconf 89' lang='lat' dir='ltr'><strong>omnipotens</strong></span> <span class='ocrx_word' id='word_1_279' title='bbox 1007 2272 1035 2328; x_wconf 78' lang='lat' dir='ltr'><strong>‘I</strong></span> <span class='ocrx_word' id='word_1_280' title='bbox 1064 2271 1243 2342; x_wconf 86' lang='lat' dir='ltr'><strong>Atqui</strong></span> <span class='ocrx_word' id='word_1_281' title='bbox 1268 2272 1405 2329; x_wconf 92' lang='lat' dir='ltr'><strong>illos</strong></span> <span class='ocrx_word' id='word_1_282' title='bbox 1431 2272 1716 2328; x_wconf 90' lang='lat' dir='ltr'><strong>Dominus</strong></span> <span class='ocrx_word' id='word_1_283' title='bbox 1737 2272 2051 2339; x_wconf 85' lang='lat' dir='ltr'><strong>convincit,</strong></span> 
     </span>
    </p>
   </div>
   <div class='ocr_carea' id='block_1_40' title="bbox 404 2362 2058 2434">
    <p class='ocr_par' dir='ltr' id='par_1_40' title="bbox 404 2362 2058 2434">
     <span class='ocr_line' id='line_1_40' title="bbox 404 2362 2058 2434; baseline -0.002 -14"><span class='ocrx_word' id='word_1_284' title='bbox 404 2364 547 2420; x_wconf 90' lang='lat' dir='ltr'><strong>dum</strong></span> <span class='ocrx_word' id='word_1_285' title='bbox 565 2380 596 2419; x_wconf 90' lang='lat' dir='ltr'><strong>e</strong></span> <span class='ocrx_word' id='word_1_286' title='bbox 618 2362 918 2419; x_wconf 90' lang='lat' dir='ltr'><strong>contrario</strong></span> <span class='ocrx_word' id='word_1_287' title='bbox 935 2363 1046 2419; x_wconf 89' lang='lat' dir='ltr'><strong>ait:</strong></span> <span class='ocrx_word' id='word_1_288' title='bbox 1065 2384 1095 2412; x_wconf 75' lang='lat' dir='ltr'><strong><em>u</em></strong></span> <span class='ocrx_word' id='word_1_289' title='bbox 1110 2362 1334 2418; x_wconf 88' lang='lat' dir='ltr'><strong>Timete</strong></span> <span class='ocrx_word' id='word_1_290' title='bbox 1351 2362 1549 2434; x_wconf 87' lang='lat' dir='ltr'><strong>potius</strong></span> <span class='ocrx_word' id='word_1_291' title='bbox 1567 2379 1723 2430; x_wconf 88' lang='lat' dir='ltr'><strong>cum,</strong></span> <span class='ocrx_word' id='word_1_292' title='bbox 1739 2362 1838 2434; x_wconf 91' lang='lat' dir='ltr'><strong>qui</strong></span> <span class='ocrx_word' id='word_1_293' title='bbox 1862 2364 2058 2433; x_wconf 85' lang='lat' dir='ltr'><strong>potest</strong></span> 
     </span>
    </p>
   </div>
   <div class='ocr_carea' id='block_1_41' title="bbox 405 2451 2058 2525">
    <p class='ocr_par' dir='ltr' id='par_1_41' title="bbox 405 2451 2058 2525">
     <span class='ocr_line' id='line_1_41' title="bbox 405 2451 2058 2525; baseline -0.003 -15"><span class='ocrx_word' id='word_1_294' title='bbox 405 2477 433 2505; x_wconf 91' lang='lat'><strong>«</strong></span> <span class='ocrx_word' id='word_1_295' title='bbox 460 2459 520 2510; x_wconf 91' lang='lat' dir='ltr'><strong>et</strong></span> <span class='ocrx_word' id='word_1_296' title='bbox 547 2453 813 2509; x_wconf 89' lang='lat' dir='ltr'><strong>animam</strong></span> <span class='ocrx_word' id='word_1_297' title='bbox 841 2458 899 2507; x_wconf 87' lang='lat' dir='ltr'><strong>et</strong></span> <span class='ocrx_word' id='word_1_298' title='bbox 927 2468 1142 2523; x_wconf 90' lang='lat' dir='ltr'><strong>corpus</strong></span> <span class='ocrx_word' id='word_1_299' title='bbox 1171 2452 1421 2524; x_wconf 89' lang='lat' dir='ltr'><strong>perdere</strong></span> <span class='ocrx_word' id='word_1_300' title='bbox 1454 2452 1513 2507; x_wconf 91' lang='lat' dir='ltr'><strong>in</strong></span> <span class='ocrx_word' id='word_1_301' title='bbox 1544 2452 1817 2525; x_wconf 85' lang='lat' dir='ltr'><strong>gehenna</strong></span> <span class='ocrx_word' id='word_1_302' title='bbox 1850 2476 1874 2500; x_wconf 75' lang='grc' dir='ltr'>ιι</span> <span class='ocrx_word' id='word_1_303' title='bbox 1899 2452 1964 2508; x_wconf 82' lang='grc' dir='ltr'><strong>³ο.</strong></span> <span class='ocrx_word' id='word_1_304' title='bbox 2000 2451 2058 2506; x_wconf 92' lang='lat' dir='ltr'><strong>Si</strong></span> 
     </span>
    </p>
   </div>
   <div class='ocr_carea' id='block_1_42' title="bbox 407 2540 2055 2613">
    <p class='ocr_par' dir='ltr' id='par_1_42' title="bbox 407 2540 2055 2613">
     <span class='ocr_line' id='line_1_42' title="bbox 407 2540 2055 2613; baseline -0.002 -13"><span class='ocrx_word' id='word_1_305' title='bbox 407 2543 562 2600; x_wconf 88' lang='lat' dir='ltr'><strong>enim</strong></span> <span class='ocrx_word' id='word_1_306' title='bbox 595 2548 987 2612; x_wconf 87' lang='lat' dir='ltr'><strong>utrorumque</strong></span> <span class='ocrx_word' id='word_1_307' title='bbox 1009 2547 1365 2612; x_wconf 89' lang='lat' dir='ltr'><strong>potestatem</strong></span> <span class='ocrx_word' id='word_1_308' title='bbox 1389 2558 1512 2596; x_wconf 90' lang='lat' dir='ltr'><strong>non</strong></span> <span class='ocrx_word' id='word_1_309' title='bbox 1535 2542 1733 2609; x_wconf 84' lang='lat' dir='ltr'><strong>habet,</strong></span> <span class='ocrx_word' id='word_1_310' title='bbox 1758 2540 2055 2613; x_wconf 91' lang='lat' dir='ltr'><strong>quomodo</strong></span> 
     </span>
    </p>
   </div>
   <div class='ocr_carea' id='block_1_43' title="bbox 407 2630 2060 2704">
    <p class='ocr_par' dir='ltr' id='par_1_43' title="bbox 407 2630 2060 2704">
     <span class='ocr_line' id='line_1_43' title="bbox 407 2630 2060 2704; baseline -0.001 -15"><span class='ocrx_word' id='word_1_311' title='bbox 407 2638 661 2704; x_wconf 89' lang='lat' dir='ltr'><strong>utraque</strong></span> <span class='ocrx_word' id='word_1_312' title='bbox 721 2630 1012 2702; x_wconf 86' lang='lat' dir='ltr'><strong>supplicio</strong></span> <span class='ocrx_word' id='word_1_313' title='bbox 1072 2630 1317 2700; x_wconf 81' lang='lat' dir='ltr'><strong>subjicit</strong></span> <span class='ocrx_word' id='word_1_314' title='bbox 1385 2630 1618 2685; x_wconf 91' lang='lat' dir='ltr'><strong>Domini</strong></span> <span class='ocrx_word' id='word_1_315' title='bbox 1677 2631 1865 2686; x_wconf 87' lang='lat' dir='ltr'><strong>nostri</strong></span> <span class='ocrx_word' id='word_1_316' title='bbox 1922 2632 2060 2687; x_wconf 82' lang='lat' dir='ltr'><strong>Jesu</strong></span> 
     </span>
    </p>
   </div>
   <div class='ocr_carea' id='block_1_44' title="bbox 409 2719 2060 2790">
    <p class='ocr_par' dir='ltr' id='par_1_44' title="bbox 409 2719 2060 2790">
     <span class='ocr_line' id='line_1_44' title="bbox 409 2719 2060 2790; baseline -0.002 -12"><span class='ocrx_word' id='word_1_317' title='bbox 409 2721 627 2779; x_wconf 89' lang='lat' dir='ltr'><strong>Christi</strong></span> <span class='ocrx_word' id='word_1_318' title='bbox 682 2719 903 2776; x_wconf 86' lang='lat' dir='ltr'><strong>Pater?</strong></span> <span class='ocrx_word' id='word_1_319' title='bbox 955 2735 1093 2775; x_wconf 89' lang='lat' dir='ltr'><strong>nam</strong></span> <span class='ocrx_word' id='word_1_320' title='bbox 1151 2719 1252 2790; x_wconf 90' lang='lat' dir='ltr'><strong>qui</strong></span> <span class='ocrx_word' id='word_1_321' title='bbox 1306 2719 1524 2790; x_wconf 90' lang='lat' dir='ltr'><strong>poterit</strong></span> <span class='ocrx_word' id='word_1_322' title='bbox 1578 2720 1839 2774; x_wconf 90' lang='lat' dir='ltr'><strong>alienum</strong></span> <span class='ocrx_word' id='word_1_323' title='bbox 1889 2737 1923 2775; x_wconf 90' lang='lat' dir='ltr'><strong>a</strong></span> <span class='ocrx_word' id='word_1_324' title='bbox 1955 2737 2060 2775; x_wconf 91' lang='lat' dir='ltr'><strong>suo</strong></span> 
     </span>
    </p>
   </div>
   <div class='ocr_carea' id='block_1_45' title="bbox 403 2808 2062 2885">
    <p class='ocr_par' dir='ltr' id='par_1_45' title="bbox 403 2808 2062 2885">
     <span class='ocr_line' id='line_1_45' title="bbox 403 2808 2062 2885; baseline -0.002 -18"><span class='ocrx_word' id='word_1_325' title='bbox 403 2813 543 2885; x_wconf 88' lang='lat' dir='ltr'><strong>jure</strong></span> <span class='ocrx_word' id='word_1_326' title='bbox 574 2827 789 2882; x_wconf 90' lang='lat' dir='ltr'><strong>corpus</strong></span> <span class='ocrx_word' id='word_1_327' title='bbox 820 2808 1128 2876; x_wconf 88' lang='lat' dir='ltr'><strong>invadens,</strong></span> <span class='ocrx_word' id='word_1_328' title='bbox 1176 2808 1236 2863; x_wconf 91' lang='lat' dir='ltr'><strong>in</strong></span> <span class='ocrx_word' id='word_1_329' title='bbox 1286 2809 1618 2881; x_wconf 79' lang='lat' dir='ltr'><strong>gehennam</strong></span> <span class='ocrx_word' id='word_1_330' title='bbox 1659 2809 1913 2877; x_wconf 85' lang='lat' dir='ltr'><strong>tradere,</strong></span> <span class='ocrx_word' id='word_1_331' title='bbox 1945 2809 2062 2865; x_wconf 90' lang='lat' dir='ltr'><strong>nisi</strong></span> 
     </span>
    </p>
   </div>
   <div class='ocr_carea' id='block_1_46' title="bbox 411 2898 2064 2975">
    <p class='ocr_par' dir='ltr' id='par_1_46' title="bbox 411 2898 2064 2975">
     <span class='ocr_line' id='line_1_46' title="bbox 411 2898 2064 2975; baseline -0.001 -18"><span class='ocrx_word' id='word_1_332' title='bbox 411 2902 673 2975; x_wconf 90' lang='lat' dir='ltr'><strong>primum</strong></span> <span class='ocrx_word' id='word_1_333' title='bbox 696 2900 965 2974; x_wconf 85' lang='lat' dir='ltr'><strong>ligaverit</strong></span> <span class='ocrx_word' id='word_1_334' title='bbox 984 2899 1194 2955; x_wconf 90' lang='lat' dir='ltr'><strong>fortem</strong></span> <span class='ocrx_word' id='word_1_335' title='bbox 1210 2945 1223 2960; x_wconf 84' lang='lat'><strong>.</strong></span> <span class='ocrx_word' id='word_1_336' title='bbox 1245 2905 1303 2955; x_wconf 90' lang='lat' dir='ltr'><strong>et</strong></span> <span class='ocrx_word' id='word_1_337' title='bbox 1322 2917 1458 2956; x_wconf 85' lang='lat' dir='ltr'><strong>vasa</strong></span> <span class='ocrx_word' id='word_1_338' title='bbox 1488 2901 1615 2971; x_wconf 84' lang='lat' dir='ltr'><strong>ejus</strong></span> <span class='ocrx_word' id='word_1_339' title='bbox 1638 2900 1951 2972; x_wconf 90' lang='lat' dir='ltr'><strong>diripuerit</strong></span> <span class='ocrx_word' id='word_1_340' title='bbox 1971 2898 2015 2935; x_wconf 83' lang='grc'><strong>³¹</strong></span> <span class='ocrx_word' id='word_1_341' title='bbox 2036 2900 2064 2956; x_wconf 67' lang='grc' dir='ltr'>ῗ</span> 
     </span>
    </p>
   </div>
   <div class='ocr_carea' id='block_1_47' title="bbox 483 2989 2065 3063">
    <p class='ocr_par' dir='ltr' id='par_1_47' title="bbox 483 2989 2065 3063">
     <span class='ocr_line' id='line_1_47' title="bbox 483 2989 2065 3063; baseline 0 -16"><span class='ocrx_word' id='word_1_342' title='bbox 483 2994 572 3047; x_wconf 92' lang='lat' dir='ltr'><strong>IV.</strong></span> <span class='ocrx_word' id='word_1_343' title='bbox 608 2994 684 3047; x_wconf 83' lang='lat' dir='ltr'><strong>At</strong></span> <span class='ocrx_word' id='word_1_344' title='bbox 728 2989 934 3046; x_wconf 89' lang='lat' dir='ltr'><strong>divina</strong></span> <span class='ocrx_word' id='word_1_345' title='bbox 979 2989 1283 3061; x_wconf 89' lang='lat' dir='ltr'><strong>Scriptura</strong></span> <span class='ocrx_word' id='word_1_346' title='bbox 1339 2996 1399 3045; x_wconf 89' lang='lat' dir='ltr'><strong>et</strong></span> <span class='ocrx_word' id='word_1_347' title='bbox 1469 2991 1731 3045; x_wconf 85' lang='lat' dir='ltr'><strong>veritatis</strong></span> <span class='ocrx_word' id='word_1_348' title='bbox 1790 2991 2065 3063; x_wconf 79' lang='lat' dir='ltr'><strong>dogmata</strong></span> 
     </span>
    </p>
   </div>
   <div class='ocr_carea' id='block_1_48' title="bbox 412 3078 2063 3150">
    <p class='ocr_par' dir='ltr' id='par_1_48' title="bbox 412 3078 2063 3150">
     <span class='ocr_line' id='line_1_48' title="bbox 412 3078 2063 3150; baseline -0.001 -13"><span class='ocrx_word' id='word_1_349' title='bbox 412 3096 598 3137; x_wconf 89' lang='lat' dir='ltr'><strong>unum</strong></span> <span class='ocrx_word' id='word_1_350' title='bbox 632 3080 817 3135; x_wconf 88' lang='lat' dir='ltr'><strong>Deum</strong></span> <span class='ocrx_word' id='word_1_351' title='bbox 841 3083 1100 3142; x_wconf 80' lang='lat' dir='ltr'><strong>norunt;</strong></span> <span class='ocrx_word' id='word_1_352' title='bbox 1131 3078 1232 3150; x_wconf 92' lang='lat' dir='ltr'><strong>qui</strong></span> <span class='ocrx_word' id='word_1_353' title='bbox 1260 3079 1463 3134; x_wconf 86' lang='lat' dir='ltr'><strong>omnia</strong></span> <span class='ocrx_word' id='word_1_354' title='bbox 1484 3079 1724 3150; x_wconf 89' lang='lat' dir='ltr'><strong>quidem</strong></span> <span class='ocrx_word' id='word_1_355' title='bbox 1756 3080 2063 3150; x_wconf 87' lang='lat' dir='ltr'><strong>potestatis</strong></span> 
     </span>
    </p>
   </div>
   <div class='ocr_carea' id='block_1_49' title="bbox 2161 1914 3814 1994">
    <p class='ocr_par' dir='ltr' id='par_1_49' title="bbox 2161 1914 3814 1994">
     <span class='ocr_line' id='line_1_49' title="bbox 2161 1914 3814 1994; baseline -0.001 -22"><span class='ocrx_word' id='word_1_356' title='bbox 2161 1917 2400 1989; x_wconf 75' lang='grc' dir='ltr'><strong>ἐξουσίαν</strong></span> <span class='ocrx_word' id='word_1_357' title='bbox 2433 1914 2600 1994; x_wconf 83' lang='grc' dir='ltr'><strong>ἔχων.</strong></span> <span class='ocrx_word' id='word_1_358' title='bbox 2653 1919 2910 1992; x_wconf 84' lang='grc' dir='ltr'>σώματος</span> <span class='ocrx_word' id='word_1_359' title='bbox 2971 1915 3028 1973; x_wconf 75' lang='grc' dir='ltr'><strong>δὲ</strong></span> <span class='ocrx_word' id='word_1_360' title='bbox 3086 1916 3326 1988; x_wconf 73' lang='grc' dir='ltr'>ἐξουσίαν</span> <span class='ocrx_word' id='word_1_361' title='bbox 3383 1917 3459 1992; x_wconf 86' lang='grc' dir='ltr'>μή</span> <span class='ocrx_word' id='word_1_362' title='bbox 3493 1914 3659 1992; x_wconf 83' lang='grc' dir='ltr'>ἔχων,</span> <span class='ocrx_word' id='word_1_363' title='bbox 3691 1920 3814 1979; x_wconf 83' lang='grc' dir='ltr'>πῶς</span> 
     </span>
    </p>
   </div>
   <div class='ocr_carea' id='block_1_50' title="bbox 2160 2006 3817 2086">
    <p class='ocr_par' dir='ltr' id='par_1_50' title="bbox 2160 2006 3817 2086">
     <span class='ocr_line' id='line_1_50' title="bbox 2160 2006 3817 2086; baseline -0.001 -23"><span class='ocrx_word' id='word_1_364' title='bbox 2160 2010 2587 2086; x_wconf 74' lang='grc' dir='ltr'><strong>παντοκράτωρς</strong></span> <span class='ocrx_word' id='word_1_365' title='bbox 2638 2009 2728 2064; x_wconf 79' lang='grc' dir='ltr'><strong>καὶ</strong></span> <span class='ocrx_word' id='word_1_366' title='bbox 2777 2010 2806 2065; x_wconf 88' lang='lat'><strong>6</strong></span> <span class='ocrx_word' id='word_1_367' title='bbox 2853 2006 3130 2078; x_wconf 79' lang='grc' dir='ltr'><strong>δεσπόζων</strong></span> <span class='ocrx_word' id='word_1_368' title='bbox 3188 2008 3481 2081; x_wconf 80' lang='grc' dir='ltr'>σωμάτων,</span> <span class='ocrx_word' id='word_1_369' title='bbox 3535 2009 3612 2081; x_wconf 80' lang='grc' dir='ltr'>μὴ</span> <span class='ocrx_word' id='word_1_370' title='bbox 3654 2006 3817 2080; x_wconf 79' lang='grc' dir='ltr'>ἐξου-</span> 
     </span>
    </p>
   </div>
   <div class='ocr_carea' id='block_1_51' title="bbox 2161 2094 3822 2173">
    <p class='ocr_par' dir='ltr' id='par_1_51' title="bbox 2161 2094 3822 2173">
     <span class='ocr_line' id='line_1_51' title="bbox 2161 2094 3822 2173; baseline -0.001 -21"><span class='ocrx_word' id='word_1_371' title='bbox 2161 2099 2360 2167; x_wconf 76' lang='grc' dir='ltr'>σιάζων</span> <span class='ocrx_word' id='word_1_372' title='bbox 2446 2097 2504 2153; x_wconf 78' lang='grc' dir='ltr'><strong>δὲ</strong></span> <span class='ocrx_word' id='word_1_373' title='bbox 2588 2101 2937 2173; x_wconf 76' lang='grc' dir='ltr'><strong>πνευμάτων,</strong></span> <span class='ocrx_word' id='word_1_374' title='bbox 3006 2102 3124 2160; x_wconf 83' lang='grc' dir='ltr'><strong>πῶς</strong></span> <span class='ocrx_word' id='word_1_375' title='bbox 3178 2098 3610 2172; x_wconf 73' lang='grc' dir='ltr'><strong>παντοκράτωρς</strong></span> <span class='ocrx_word' id='word_1_376' title='bbox 3656 2094 3822 2154; x_wconf 88' lang='grc' dir='ltr'>Ἀλλ’</span> 
     </span>
    </p>
   </div>
   <div class='ocr_carea' id='block_1_52' title="bbox 2162 2184 3817 2264">
    <p class='ocr_par' dir='ltr' id='par_1_52' title="bbox 2162 2184 3817 2264">
     <span class='ocr_line' id='line_1_52' title="bbox 2162 2184 3817 2264; baseline 0.001 -23"><span class='ocrx_word' id='word_1_377' title='bbox 2162 2184 2457 2264; x_wconf 74' lang='grc' dir='ltr'>ἀπελέγχει</span> <span class='ocrx_word' id='word_1_378' title='bbox 2528 2187 2754 2252; x_wconf 76' lang='grc' dir='ltr'>τούτους</span> <span class='ocrx_word' id='word_1_379' title='bbox 2829 2190 2858 2244; x_wconf 90' lang='lat'><strong>6</strong></span> <span class='ocrx_word' id='word_1_380' title='bbox 2934 2187 3154 2263; x_wconf 83' lang='grc' dir='ltr'><strong>Κύριος,</strong></span> <span class='ocrx_word' id='word_1_381' title='bbox 3224 2185 3542 2249; x_wconf 81' lang='grc' dir='ltr'>ἂπεναντίας</span> <span class='ocrx_word' id='word_1_382' title='bbox 3616 2185 3817 2261; x_wconf 70' lang='grc' dir='ltr'><strong>λέγων·</strong></span> 
     </span>
    </p>
   </div>
   <div class='ocr_carea' id='block_1_53' title="bbox 2164 2272 3820 2351">
    <p class='ocr_par' dir='ltr' id='par_1_53' title="bbox 2164 2272 3820 2351">
     <span class='ocr_line' id='line_1_53' title="bbox 2164 2272 3820 2351; baseline 0 -20"><span class='ocrx_word' id='word_1_383' title='bbox 2164 2272 2458 2348; x_wconf 69' lang='grc' dir='ltr'><strong>Φοϐήθητε</strong></span> <span class='ocrx_word' id='word_1_384' title='bbox 2517 2276 2733 2350; x_wconf 79' lang='grc' dir='ltr'>μᾶλλον</span> <span class='ocrx_word' id='word_1_385' title='bbox 2807 2279 2898 2334; x_wconf 88' lang='grc' dir='ltr'><strong>τὸν</strong></span> <span class='ocrx_word' id='word_1_386' title='bbox 2980 2275 3279 2349; x_wconf 82' lang='grc' dir='ltr'>δυνάμενον</span> <span class='ocrx_word' id='word_1_387' title='bbox 3331 2277 3422 2332; x_wconf 79' lang='grc' dir='ltr'><strong>καὶ</strong></span> <span class='ocrx_word' id='word_1_388' title='bbox 3481 2277 3670 2351; x_wconf 75' lang='grc' dir='ltr'>ψυχὴν</span> <span class='ocrx_word' id='word_1_389' title='bbox 3724 2277 3820 2333; x_wconf 82' lang='grc' dir='ltr'><strong>καὶ</strong></span> 
     </span>
    </p>
   </div>
   <div class='ocr_carea' id='block_1_54' title="bbox 2165 2361 3821 2443">
    <p class='ocr_par' dir='ltr' id='par_1_54' title="bbox 2165 2361 3821 2443">
     <span class='ocr_line' id='line_1_54' title="bbox 2165 2361 3821 2443; baseline 0 -20"><span class='ocrx_word' id='word_1_390' title='bbox 2165 2372 2325 2441; x_wconf 83' lang='grc' dir='ltr'>σῶμα</span> <span class='ocrx_word' id='word_1_391' title='bbox 2382 2367 2648 2424; x_wconf 73' lang='grc' dir='ltr'><strong>ἀπολέσαι</strong></span> <span class='ocrx_word' id='word_1_392' title='bbox 2700 2367 2753 2424; x_wconf 78' lang='grc' dir='ltr'>ἒν</span> <span class='ocrx_word' id='word_1_393' title='bbox 2810 2367 3014 2443; x_wconf 71' lang='grc' dir='ltr'>γεέννῃ.</span> <span class='ocrx_word' id='word_1_394' title='bbox 3075 2367 3142 2425; x_wconf 75' lang='lat' dir='ltr'><strong>Et</strong></span> <span class='ocrx_word' id='word_1_395' title='bbox 3195 2367 3298 2443; x_wconf 69' lang='grc' dir='ltr'><strong>γὰρ</strong></span> <span class='ocrx_word' id='word_1_396' title='bbox 3359 2368 3435 2440; x_wconf 77' lang='grc' dir='ltr'><strong>μή</strong></span> <span class='ocrx_word' id='word_1_397' title='bbox 3487 2361 3821 2442; x_wconf 69' lang='grc' dir='ltr'>ἕχειέκατὲ·</span> 
     </span>
    </p>
   </div>
   <div class='ocr_carea' id='block_1_55' title="bbox 2168 2443 3824 2527">
    <p class='ocr_par' dir='ltr' id='par_1_55' title="bbox 2168 2443 3824 2527">
     <span class='ocr_line' id='line_1_55' title="bbox 2168 2443 3824 2527; baseline 0 -24"><span class='ocrx_word' id='word_1_398' title='bbox 2168 2470 2277 2527; x_wconf 87' lang='grc' dir='ltr'><strong>ρων</strong></span> <span class='ocrx_word' id='word_1_399' title='bbox 2308 2451 2409 2518; x_wconf 75' lang='grc' dir='ltr'>τὴν</span> <span class='ocrx_word' id='word_1_400' title='bbox 2460 2449 2725 2521; x_wconf 79' lang='grc' dir='ltr'>ἐξουσίαν,</span> <span class='ocrx_word' id='word_1_401' title='bbox 2776 2453 2893 2510; x_wconf 77' lang='grc' dir='ltr'>πῶς</span> <span class='ocrx_word' id='word_1_402' title='bbox 2951 2448 3233 2526; x_wconf 77' lang='grc' dir='ltr'><strong>ἀμφότερα</strong></span> <span class='ocrx_word' id='word_1_403' title='bbox 3291 2443 3597 2504; x_wconf 58' lang='grc' dir='ltr'>ὑποϐάλλει</span> <span class='ocrx_word' id='word_1_404' title='bbox 3636 2452 3704 2522; x_wconf 77' lang='grc' dir='ltr'>τῇ</span> <span class='ocrx_word' id='word_1_405' title='bbox 3735 2469 3824 2503; x_wconf 87' lang='grc' dir='ltr'><strong>τι-</strong></span> 
     </span>
    </p>
   </div>
   <div class='ocr_carea' id='block_1_56' title="bbox 2172 2538 3817 2616">
    <p class='ocr_par' dir='ltr' id='par_1_56' title="bbox 2172 2538 3817 2616">
     <span class='ocr_line' id='line_1_56' title="bbox 2172 2538 3817 2616; baseline 0.001 -22"><span class='ocrx_word' id='word_1_406' title='bbox 2172 2538 2353 2614; x_wconf 81' lang='grc' dir='ltr'>μωρίᾳ</span> <span class='ocrx_word' id='word_1_407' title='bbox 2402 2540 2430 2594; x_wconf 88' lang='lat'><strong>6</strong></span> <span class='ocrx_word' id='word_1_408' title='bbox 2480 2544 2578 2595; x_wconf 90' lang='grc' dir='ltr'><strong>τοῦ</strong></span> <span class='ocrx_word' id='word_1_409' title='bbox 2637 2540 2836 2616; x_wconf 80' lang='grc' dir='ltr'>Κυρίου</span> <span class='ocrx_word' id='word_1_410' title='bbox 2893 2541 3055 2612; x_wconf 81' lang='grc' dir='ltr'>ἡμῶν</span> <span class='ocrx_word' id='word_1_411' title='bbox 3107 2541 3286 2610; x_wconf 80' lang='grc' dir='ltr'>Ἰησοῦ</span> <span class='ocrx_word' id='word_1_412' title='bbox 3316 2540 3552 2611; x_wconf 82' lang='grc' dir='ltr'>Χριστοῦ</span> <span class='ocrx_word' id='word_1_413' title='bbox 3586 2540 3817 2613; x_wconf 73' lang='grc' dir='ltr'><strong>Ιιατήρς</strong></span> 
     </span>
    </p>
   </div>
   <div class='ocr_carea' id='block_1_57' title="bbox 2169 2622 3818 2705">
    <p class='ocr_par' dir='ltr' id='par_1_57' title="bbox 2169 2622 3818 2705">
     <span class='ocr_line' id='line_1_57' title="bbox 2169 2622 3818 2705; baseline -0.002 -21"><span class='ocrx_word' id='word_1_414' title='bbox 2169 2633 2285 2692; x_wconf 79' lang='grc' dir='ltr'>πῶς</span> <span class='ocrx_word' id='word_1_415' title='bbox 2314 2629 2417 2705; x_wconf 77' lang='grc' dir='ltr'><strong>γὰρ</strong></span> <span class='ocrx_word' id='word_1_416' title='bbox 2452 2625 2739 2701; x_wconf 65' lang='grc' dir='ltr'>δυνήσεται</span> <span class='ocrx_word' id='word_1_417' title='bbox 2768 2631 2830 2683; x_wconf 91' lang='grc' dir='ltr'><strong>τὸ</strong></span> <span class='ocrx_word' id='word_1_418' title='bbox 2857 2627 3149 2704; x_wconf 83' lang='grc' dir='ltr'>ἀλλότριον</span> <span class='ocrx_word' id='word_1_419' title='bbox 3193 2631 3353 2700; x_wconf 78' lang='grc' dir='ltr'>σῶμα</span> <span class='ocrx_word' id='word_1_420' title='bbox 3382 2622 3590 2695; x_wconf 76' lang='grc' dir='ltr'><strong>λαϐὼν,</strong></span> <span class='ocrx_word' id='word_1_421' title='bbox 3624 2625 3818 2704; x_wconf 83' lang='grc' dir='ltr'>βαλεῖν</span> 
     </span>
    </p>
   </div>
   <div class='ocr_carea' id='block_1_58' title="bbox 2171 2714 3824 2794">
    <p class='ocr_par' dir='ltr' id='par_1_58' title="bbox 2171 2714 3824 2794">
     <span class='ocr_line' id='line_1_58' title="bbox 2171 2714 3824 2794; baseline 0.001 -23"><span class='ocrx_word' id='word_1_422' title='bbox 2171 2716 2247 2779; x_wconf 79' lang='grc' dir='ltr'>εἰς</span> <span class='ocrx_word' id='word_1_423' title='bbox 2276 2720 2516 2793; x_wconf 81' lang='grc' dir='ltr'>γεενναν,</span> <span class='ocrx_word' id='word_1_424' title='bbox 2547 2716 2635 2772; x_wconf 75' lang='grc' dir='ltr'>ἐὰν</span> <span class='ocrx_word' id='word_1_425' title='bbox 2666 2719 2746 2787; x_wconf 74' lang='grc' dir='ltr'><strong>τίὴ</strong></span> <span class='ocrx_word' id='word_1_426' title='bbox 2781 2721 2999 2792; x_wconf 82' lang='grc' dir='ltr'>πρῶτον</span> <span class='ocrx_word' id='word_1_427' title='bbox 3050 2714 3190 2791; x_wconf 71' lang='grc' dir='ltr'><strong>δήσῃ</strong></span> <span class='ocrx_word' id='word_1_428' title='bbox 3226 2717 3316 2771; x_wconf 88' lang='grc' dir='ltr'><strong>τὸν</strong></span> <span class='ocrx_word' id='word_1_429' title='bbox 3351 2714 3598 2793; x_wconf 74' lang='grc' dir='ltr'>ἰσχυρὸν,</span> <span class='ocrx_word' id='word_1_430' title='bbox 3630 2715 3719 2794; x_wconf 58' lang='grc' dir='ltr'>καί</span> <span class='ocrx_word' id='word_1_431' title='bbox 3750 2715 3824 2772; x_wconf 75' lang='grc' dir='ltr'><strong>τὰ</strong></span> 
     </span>
    </p>
   </div>
   <div class='ocr_carea' id='block_1_59' title="bbox 2171 2804 2882 2882">
    <p class='ocr_par' dir='ltr' id='par_1_59' title="bbox 2171 2804 2882 2882">
     <span class='ocr_line' id='line_1_59' title="bbox 2171 2804 2882 2882; baseline 0 -20"><span class='ocrx_word' id='word_1_432' title='bbox 2171 2805 2334 2877; x_wconf 72' lang='grc' dir='ltr'>σκεύη</span> <span class='ocrx_word' id='word_1_433' title='bbox 2369 2806 2533 2863; x_wconf 83' lang='grc' dir='ltr'>αὐτοῦ</span> <span class='ocrx_word' id='word_1_434' title='bbox 2573 2804 2843 2882; x_wconf 71' lang='grc' dir='ltr'><strong>διαρπάσῃ</strong></span> <span class='ocrx_word' id='word_1_435' title='bbox 2867 2835 2882 2877; x_wconf 78' lang='lat'><strong>;</strong></span> 
     </span>
    </p>
   </div>
   <div class='ocr_carea' id='block_1_60' title="bbox 2244 2984 3820 3067">
    <p class='ocr_par' dir='ltr' id='par_1_60' title="bbox 2244 2984 3820 3067">
     <span class='ocr_line' id='line_1_60' title="bbox 2244 2984 3820 3067; baseline 0 -23"><span class='ocrx_word' id='word_1_436' title='bbox 2244 2994 2315 3045; x_wconf 83' lang='lat' dir='ltr'><strong>A&#39;.</strong></span> <span class='ocrx_word' id='word_1_437' title='bbox 2346 2986 2483 3045; x_wconf 83' lang='grc' dir='ltr'>Αλλ³</span> <span class='ocrx_word' id='word_1_438' title='bbox 2510 2992 2545 3058; x_wconf 71' lang='grc' dir='ltr'>ἡ</span> <span class='ocrx_word' id='word_1_439' title='bbox 2577 2987 2696 3044; x_wconf 83' lang='grc' dir='ltr'>Θεία</span> <span class='ocrx_word' id='word_1_440' title='bbox 2721 2989 2907 3067; x_wconf 73' lang='grc' dir='ltr'><strong>Γραφή</strong></span> <span class='ocrx_word' id='word_1_441' title='bbox 2939 2989 3030 3045; x_wconf 83' lang='grc' dir='ltr'><strong>καὶ</strong></span> <span class='ocrx_word' id='word_1_442' title='bbox 3060 2989 3128 3044; x_wconf 72' lang='grc' dir='ltr'><strong>τὰ</strong></span> <span class='ocrx_word' id='word_1_443' title='bbox 3153 2995 3255 3058; x_wconf 81' lang='grc' dir='ltr'><strong>τῆς</strong></span> <span class='ocrx_word' id='word_1_444' title='bbox 3285 2986 3543 3059; x_wconf 75' lang='grc' dir='ltr'><strong>ἀληθείας</strong></span> <span class='ocrx_word' id='word_1_445' title='bbox 3573 2984 3820 3063; x_wconf 78' lang='grc' dir='ltr'><strong>δόγματα</strong></span> 
     </span>
    </p>
   </div>
   <div class='ocr_carea' id='block_1_61' title="bbox 2170 3075 3816 3152">
    <p class='ocr_par' dir='ltr' id='par_1_61' title="bbox 2170 3075 3816 3152">
     <span class='ocr_line' id='line_1_61' title="bbox 2170 3075 3816 3152; baseline 0.001 -21"><span class='ocrx_word' id='word_1_446' title='bbox 2170 3075 2263 3133; x_wconf 73' lang='grc' dir='ltr'><strong>ἕνα</strong></span> <span class='ocrx_word' id='word_1_447' title='bbox 2308 3079 2436 3134; x_wconf 84' lang='grc' dir='ltr'>Θεὸν</span> <span class='ocrx_word' id='word_1_448' title='bbox 2490 3076 2630 3147; x_wconf 87' lang='grc' dir='ltr'>οἶδε,</span> <span class='ocrx_word' id='word_1_449' title='bbox 2688 3078 2904 3133; x_wconf 71' lang='grc' dir='ltr'>πάντων</span> <span class='ocrx_word' id='word_1_450' title='bbox 2962 3079 3056 3152; x_wconf 69' lang='grc' dir='ltr'><strong>μὲν</strong></span> <span class='ocrx_word' id='word_1_451' title='bbox 3106 3081 3409 3152; x_wconf 76' lang='grc' dir='ltr'>κρατοῦντα</span> <span class='ocrx_word' id='word_1_452' title='bbox 3448 3081 3517 3152; x_wconf 79' lang='grc' dir='ltr'><strong>τῇ</strong></span> <span class='ocrx_word' id='word_1_453' title='bbox 3567 3075 3816 3150; x_wconf 77' lang='grc' dir='ltr'>δυνάμει,</span> 
     </span>
    </p>
   </div>
   <div class='ocr_carea' id='block_1_62' title="bbox 412 3165 2060 3244">
    <p class='ocr_par' dir='ltr' id='par_1_62' title="bbox 412 3167 2060 3241">
     <span class='ocr_line' id='line_1_62' title="bbox 412 3167 2060 3241; baseline 0 -17"><span class='ocrx_word' id='word_1_454' title='bbox 412 3169 665 3241; x_wconf 90' lang='lat' dir='ltr'><strong>imperio</strong></span> <span class='ocrx_word' id='word_1_455' title='bbox 720 3167 989 3238; x_wconf 86' lang='lat' dir='ltr'><strong>subjecta</strong></span> <span class='ocrx_word' id='word_1_456' title='bbox 1042 3173 1227 3233; x_wconf 90' lang='lat' dir='ltr'><strong>tenet,</strong></span> <span class='ocrx_word' id='word_1_457' title='bbox 1287 3168 1477 3223; x_wconf 89' lang='lat' dir='ltr'><strong>multa</strong></span> <span class='ocrx_word' id='word_1_458' title='bbox 1506 3185 1640 3224; x_wconf 90' lang='lat' dir='ltr'><strong>vero</strong></span> <span class='ocrx_word' id='word_1_459' title='bbox 1673 3169 1895 3240; x_wconf 86' lang='lat' dir='ltr'><strong>perfert</strong></span> <span class='ocrx_word' id='word_1_460' title='bbox 1924 3169 2060 3240; x_wconf 89' lang='lat' dir='ltr'><strong>quia</strong></span> 
     </span>
    </p>
   </div>
   <div class='ocr_carea' id='block_1_63' title="bbox 2176 3165 3821 3244">
    <p class='ocr_par' dir='ltr' id='par_1_63' title="bbox 2176 3165 3821 3244">
     <span class='ocr_line' id='line_1_63' title="bbox 2176 3165 3821 3244; baseline 0 -22"><span class='ocrx_word' id='word_1_461' title='bbox 2176 3166 2398 3225; x_wconf 81' lang='grc' dir='ltr'>πολλῶν</span> <span class='ocrx_word' id='word_1_462' title='bbox 2433 3165 2490 3223; x_wconf 75' lang='grc' dir='ltr'><strong>δὲ</strong></span> <span class='ocrx_word' id='word_1_463' title='bbox 2518 3166 2853 3244; x_wconf 81' lang='grc' dir='ltr'>ἀνεχόμενον</span> <span class='ocrx_word' id='word_1_464' title='bbox 2887 3165 2978 3224; x_wconf 70' lang='grc' dir='ltr'>δια</span> <span class='ocrx_word' id='word_1_465' title='bbox 3016 3168 3081 3224; x_wconf 84' lang='grc' dir='ltr'><strong>τὸ</strong></span> <span class='ocrx_word' id='word_1_466' title='bbox 3137 3167 3334 3233; x_wconf 64' lang='grc' dir='ltr'>θέλειν.</span> <span class='ocrx_word' id='word_1_467' title='bbox 3373 3175 3567 3244; x_wconf 78' lang='grc' dir='ltr'>Κρατεῖ</span> <span class='ocrx_word' id='word_1_468' title='bbox 3593 3168 3697 3243; x_wconf 71' lang='grc' dir='ltr'><strong>γὰρ</strong></span> <span class='ocrx_word' id='word_1_469' title='bbox 3726 3167 3821 3223; x_wconf 81' lang='grc' dir='ltr'><strong>καὶ</strong></span> 
     </span>
    </p>
   </div>
   <div class='ocr_carea' id='block_1_64' title="bbox 415 3237 2060 3334">
    <p class='ocr_par' dir='ltr' id='par_1_64' title="bbox 415 3237 2060 3329">
     <span class='ocr_line' id='line_1_64' title="bbox 415 3237 2060 3329; baseline 0 -17"><span class='ocrx_word' id='word_1_470' title='bbox 415 3237 560 3312; x_wconf 78' lang='lat' dir='ltr'><strong>vult.</strong></span> <span class='ocrx_word' id='word_1_471' title='bbox 588 3257 734 3312; x_wconf 89' lang='lat' dir='ltr'><strong>Nam</strong></span> <span class='ocrx_word' id='word_1_472' title='bbox 766 3237 909 3310; x_wconf 84' lang='lat' dir='ltr'><strong>etin</strong></span> <span class='ocrx_word' id='word_1_473' title='bbox 942 3256 1233 3312; x_wconf 87' lang='lat' dir='ltr'><strong>idolorum</strong></span> <span class='ocrx_word' id='word_1_474' title='bbox 1261 3257 1519 3313; x_wconf 88' lang='lat' dir='ltr'><strong>cultores</strong></span> <span class='ocrx_word' id='word_1_475' title='bbox 1546 3237 1861 3329; x_wconf 76' lang='lat' dir='ltr'><strong>imperium</strong></span> <span class='ocrx_word' id='word_1_476' title='bbox 1896 3237 2060 3313; x_wconf 75' lang='lat' dir='ltr'><strong>exer-</strong></span> 
     </span>
    </p>
   </div>
   <div class='ocr_carea' id='block_1_65' title="bbox 2176 3237 3819 3334">
    <p class='ocr_par' dir='ltr' id='par_1_65' title="bbox 2176 3255 3819 3334">
     <span class='ocr_line' id='line_1_65' title="bbox 2176 3255 3819 3334; baseline 0.001 -23"><span class='ocrx_word' id='word_1_477' title='bbox 2176 3262 2281 3312; x_wconf 82' lang='grc' dir='ltr'>τῶν</span> <span class='ocrx_word' id='word_1_478' title='bbox 2339 3256 2779 3334; x_wconf 79' lang='grc' dir='ltr'><strong>εἶδωλολατρῶν,</strong></span> <span class='ocrx_word' id='word_1_479' title='bbox 2842 3256 2969 3313; x_wconf 85' lang='grc' dir='ltr'>ἀλλ’</span> <span class='ocrx_word' id='word_1_480' title='bbox 3025 3257 3274 3333; x_wconf 71' lang='grc' dir='ltr'><strong>ἀνέχεται</strong></span> <span class='ocrx_word' id='word_1_481' title='bbox 3337 3255 3408 3312; x_wconf 81' lang='grc' dir='ltr'>δι’</span> <span class='ocrx_word' id='word_1_482' title='bbox 3465 3257 3819 3329; x_wconf 72' lang='grc' dir='ltr'><strong>ἀνεξικακίαν*</strong></span> 
     </span>
    </p>
   </div>
   <div class='ocr_carea' id='block_1_66' title="bbox 418 3347 2067 3422">
    <p class='ocr_par' dir='ltr' id='par_1_66' title="bbox 418 3347 2067 3422">
     <span class='ocr_line' id='line_1_66' title="bbox 418 3347 2067 3422; baseline 0.001 -19"><span class='ocrx_word' id='word_1_483' title='bbox 418 3353 531 3414; x_wconf 88' lang='lat' dir='ltr'><strong>cet,</strong></span> <span class='ocrx_word' id='word_1_484' title='bbox 554 3362 758 3403; x_wconf 82' lang='lat' dir='ltr'><strong>verum</strong></span> <span class='ocrx_word' id='word_1_485' title='bbox 789 3347 1047 3403; x_wconf 90' lang='lat' dir='ltr'><strong>sustinet</strong></span> <span class='ocrx_word' id='word_1_486' title='bbox 1067 3356 1307 3420; x_wconf 89' lang='lat' dir='ltr'><strong>propter</strong></span> <span class='ocrx_word' id='word_1_487' title='bbox 1336 3350 1682 3422; x_wconf 87' lang='lat' dir='ltr'><strong>patientiam</strong></span> <span class='ocrx_word' id='word_1_488' title='bbox 1708 3366 1723 3416; x_wconf 89' lang='lat'><strong>;</strong></span> <span class='ocrx_word' id='word_1_489' title='bbox 1757 3349 2067 3405; x_wconf 62' lang='lat' dir='ltr'><strong>haereticos</strong></span> 
     </span>
    </p>
   </div>
   <div class='ocr_carea' id='block_1_67' title="bbox 422 3437 2063 3510">
    <p class='ocr_par' dir='ltr' id='par_1_67' title="bbox 422 3437 2063 3510">
     <span class='ocr_line' id='line_1_67' title="bbox 422 3437 2063 3510; baseline 0 -17"><span class='ocrx_word' id='word_1_490' title='bbox 422 3453 663 3509; x_wconf 88' lang='lat' dir='ltr'><strong>quoque</strong></span> <span class='ocrx_word' id='word_1_491' title='bbox 693 3438 796 3508; x_wconf 89' lang='lat' dir='ltr'><strong>qui</strong></span> <span class='ocrx_word' id='word_1_492' title='bbox 829 3453 966 3493; x_wconf 90' lang='lat' dir='ltr'><strong>eum</strong></span> <span class='ocrx_word' id='word_1_493' title='bbox 1022 3438 1332 3510; x_wconf 83' lang='lat' dir='ltr'><strong>abjiciunt,</strong></span> <span class='ocrx_word' id='word_1_494' title='bbox 1366 3438 1545 3495; x_wconf 87' lang='lat' dir='ltr'><strong>habet</strong></span> <span class='ocrx_word' id='word_1_495' title='bbox 1595 3437 1703 3493; x_wconf 88' lang='lat' dir='ltr'><strong>sub</strong></span> <span class='ocrx_word' id='word_1_496' title='bbox 1735 3443 2063 3509; x_wconf 87' lang='lat' dir='ltr'><strong>potestate;</strong></span> 
     </span>
    </p>
   </div>
   <div class='ocr_carea' id='block_1_68' title="bbox 422 3525 2071 3600">
    <p class='ocr_par' dir='ltr' id='par_1_68' title="bbox 422 3525 2071 3600">
     <span class='ocr_line' id='line_1_68' title="bbox 422 3525 2071 3600; baseline 0 -16"><span class='ocrx_word' id='word_1_497' title='bbox 422 3525 527 3584; x_wconf 84' lang='lat' dir='ltr'><strong>sed</strong></span> <span class='ocrx_word' id='word_1_498' title='bbox 557 3526 1002 3600; x_wconf 78' lang='lat' dir='ltr'><strong>longanimitate</strong></span> <span class='ocrx_word' id='word_1_499' title='bbox 1027 3528 1259 3586; x_wconf 89' lang='lat' dir='ltr'><strong>tolerat.</strong></span> <span class='ocrx_word' id='word_1_500' title='bbox 1284 3528 1597 3586; x_wconf 87' lang='lat' dir='ltr'><strong>Diabolum</strong></span> <span class='ocrx_word' id='word_1_501' title='bbox 1629 3544 1866 3600; x_wconf 91' lang='lat' dir='ltr'><strong>quoque</strong></span> <span class='ocrx_word' id='word_1_502' title='bbox 1890 3526 2071 3584; x_wconf 85' lang='lat' dir='ltr'><strong>habet</strong></span> 
     </span>
    </p>
   </div>
   <div class='ocr_carea' id='block_1_69' title="bbox 2172 3344 3818 3426">
    <p class='ocr_par' dir='ltr' id='par_1_69' title="bbox 2172 3344 3818 3426">
     <span class='ocr_line' id='line_1_69' title="bbox 2172 3344 3818 3426; baseline -0.002 -20"><span class='ocrx_word' id='word_1_503' title='bbox 2172 3355 2362 3426; x_wconf 78' lang='grc' dir='ltr'>κρατεῖ</span> <span class='ocrx_word' id='word_1_504' title='bbox 2415 3349 2503 3404; x_wconf 81' lang='grc' dir='ltr'><strong>καὶ</strong></span> <span class='ocrx_word' id='word_1_505' title='bbox 2562 3352 2672 3402; x_wconf 78' lang='grc' dir='ltr'><strong>τῶν</strong></span> <span class='ocrx_word' id='word_1_506' title='bbox 2743 3346 3074 3403; x_wconf 74' lang='grc' dir='ltr'><strong>ἀθετοῦντων</strong></span> <span class='ocrx_word' id='word_1_507' title='bbox 3128 3346 3287 3403; x_wconf 82' lang='grc' dir='ltr'>αὐτὸν</span> <span class='ocrx_word' id='word_1_508' title='bbox 3347 3347 3656 3421; x_wconf 75' lang='grc' dir='ltr'>αἱρετικῶν,</span> <span class='ocrx_word' id='word_1_509' title='bbox 3711 3344 3818 3402; x_wconf 83' lang='grc' dir='ltr'><strong>ἀλλ</strong></span> 
     </span>
    </p>
   </div>
   <div class='ocr_carea' id='block_1_70' title="bbox 2176 3434 3820 3516">
    <p class='ocr_par' dir='ltr' id='par_1_70' title="bbox 2176 3434 3820 3516">
     <span class='ocr_line' id='line_1_70' title="bbox 2176 3434 3820 3516; baseline -0.001 -20"><span class='ocrx_word' id='word_1_510' title='bbox 2176 3441 2424 3516; x_wconf 69' lang='grc' dir='ltr'><strong>ἀνέχεται</strong></span> <span class='ocrx_word' id='word_1_511' title='bbox 2455 3437 2546 3495; x_wconf 71' lang='grc' dir='ltr'><strong>διὰ</strong></span> <span class='ocrx_word' id='word_1_512' title='bbox 2578 3441 2980 3515; x_wconf 77' lang='grc' dir='ltr'>μακροθυμίαν·</span> <span class='ocrx_word' id='word_1_513' title='bbox 3030 3444 3219 3515; x_wconf 79' lang='grc' dir='ltr'>κρατεῖ</span> <span class='ocrx_word' id='word_1_514' title='bbox 3262 3438 3354 3494; x_wconf 80' lang='grc' dir='ltr'><strong>καὶ</strong></span> <span class='ocrx_word' id='word_1_515' title='bbox 3400 3443 3498 3494; x_wconf 70' lang='grc' dir='ltr'>ιιοῦ</span> <span class='ocrx_word' id='word_1_516' title='bbox 3530 3434 3820 3510; x_wconf 72' lang='grc' dir='ltr'>διαϐόλου,</span> 
     </span>
    </p>
   </div>
   <div class='ocr_carea' id='block_1_71' title="bbox 2178 3525 3821 3606">
    <p class='ocr_par' dir='ltr' id='par_1_71' title="bbox 2178 3525 3821 3606">
     <span class='ocr_line' id='line_1_71' title="bbox 2178 3525 3821 3606; baseline -0.001 -21"><span class='ocrx_word' id='word_1_517' title='bbox 2178 3528 2305 3585; x_wconf 83' lang='grc' dir='ltr'>ἀλλ’</span> <span class='ocrx_word' id='word_1_518' title='bbox 2335 3528 2585 3606; x_wconf 70' lang='grc' dir='ltr'><strong>ἀνέχεται</strong></span> <span class='ocrx_word' id='word_1_519' title='bbox 2638 3527 2728 3584; x_wconf 80' lang='grc' dir='ltr'><strong>διὰ</strong></span> <span class='ocrx_word' id='word_1_520' title='bbox 2773 3527 3150 3605; x_wconf 80' lang='grc' dir='ltr'>μακροθυμίαν</span> <span class='ocrx_word' id='word_1_521' title='bbox 3184 3532 3278 3601; x_wconf 78' lang='grc'><strong>(4)·</strong></span> <span class='ocrx_word' id='word_1_522' title='bbox 3313 3528 3376 3583; x_wconf 78' lang='grc' dir='ltr'>οὐ</span> <span class='ocrx_word' id='word_1_523' title='bbox 3407 3527 3511 3604; x_wconf 79' lang='grc' dir='ltr'><strong>γὰρ</strong></span> <span class='ocrx_word' id='word_1_524' title='bbox 3543 3525 3821 3584; x_wconf 76' lang='grc' dir='ltr'>ἀδυνατῶν</span> 
     </span>
    </p>
   </div>
   <div class='ocr_carea' id='block_1_72' title="bbox 495 3652 3360 3728">
    <p class='ocr_par' dir='ltr' id='par_1_72' title="bbox 495 3652 3360 3728">
     <span class='ocr_line' id='line_1_72' title="bbox 495 3652 3360 3728; baseline 0 -17"><span class='ocrx_word' id='word_1_525' title='bbox 495 3652 544 3690; x_wconf 76' lang='grc'><strong>³⁸</strong></span> <span class='ocrx_word' id='word_1_526' title='bbox 569 3654 725 3712; x_wconf 87' lang='lat' dir='ltr'><strong>Psal.</strong></span> <span class='ocrx_word' id='word_1_527' title='bbox 758 3672 930 3724; x_wconf 83' lang='lat' dir='ltr'><strong>xxxv,</strong></span> <span class='ocrx_word' id='word_1_528' title='bbox 966 3659 1036 3724; x_wconf 77' lang='lat'><strong>5;</strong></span> <span class='ocrx_word' id='word_1_529' title='bbox 1068 3674 1178 3725; x_wconf 61' lang='grc' dir='ltr'>ενι,</span> <span class='ocrx_word' id='word_1_530' title='bbox 1212 3659 1297 3724; x_wconf 80' lang='lat' dir='ltr'><strong>tl,</strong></span> <span class='ocrx_word' id='word_1_531' title='bbox 1331 3661 1391 3712; x_wconf 93' lang='lat' dir='ltr'><strong>et</strong></span> <span class='ocrx_word' id='word_1_532' title='bbox 1419 3673 1546 3725; x_wconf 85' lang='lat' dir='ltr'><strong>cvn,</strong></span> <span class='ocrx_word' id='word_1_533' title='bbox 1579 3660 1631 3716; x_wconf 80' lang='lat'><strong>5.</strong></span> <span class='ocrx_word' id='word_1_534' title='bbox 1665 3657 1710 3694; x_wconf 63' lang='lat'><strong>2°</strong></span> <span class='ocrx_word' id='word_1_535' title='bbox 1739 3658 1895 3714; x_wconf 91' lang='lat' dir='ltr'><strong>Psal.</strong></span> <span class='ocrx_word' id='word_1_536' title='bbox 1929 3673 2192 3728; x_wconf 82' lang='lat' dir='ltr'><strong>cxxxvm,</strong></span> <span class='ocrx_word' id='word_1_537' title='bbox 2225 3660 2279 3713; x_wconf 90' lang='lat'><strong>8.</strong></span> <span class='ocrx_word' id='word_1_538' title='bbox 2309 3656 2354 3693; x_wconf 77' lang='grc' dir='ltr'><strong>³ο</strong></span> <span class='ocrx_word' id='word_1_539' title='bbox 2384 3658 2584 3713; x_wconf 84' lang='lat' dir='ltr'><strong>Matth.</strong></span> <span class='ocrx_word' id='word_1_540' title='bbox 2616 3674 2675 3725; x_wconf 81' lang='lat' dir='ltr'><strong>x,</strong></span> <span class='ocrx_word' id='word_1_541' title='bbox 2706 3658 2794 3712; x_wconf 81' lang='lat'><strong>28.</strong></span> <span class='ocrx_word' id='word_1_542' title='bbox 2827 3655 2875 3691; x_wconf 67' lang='lat'><strong>3*</strong></span> <span class='ocrx_word' id='word_1_543' title='bbox 2908 3656 3108 3712; x_wconf 82' lang='lat' dir='ltr'><strong>Matth.</strong></span> <span class='ocrx_word' id='word_1_544' title='bbox 3140 3673 3239 3725; x_wconf 90' lang='lat' dir='ltr'><strong>xn,</strong></span> <span class='ocrx_word' id='word_1_545' title='bbox 3272 3659 3360 3712; x_wconf 76' lang='lat'><strong>29.</strong></span> 
     </span>
    </p>
   </div>
   <div class='ocr_carea' id='block_1_73' title="bbox 427 3770 2076 3847">
    <p class='ocr_par' dir='ltr' id='par_1_73' title="bbox 427 3770 2076 3847">
     <span class='ocr_line' id='line_1_73' title="bbox 427 3770 2076 3847; baseline 0.001 -18"><span class='ocrx_word' id='word_1_546' title='bbox 427 3772 574 3835; x_wconf 86' lang='lat' dir='ltr'><strong>rint.</strong></span> <span class='ocrx_word' id='word_1_547' title='bbox 605 3770 838 3847; x_wconf 60' lang='lat' dir='ltr'><strong>Iudaeos</strong></span> <span class='ocrx_word' id='word_1_548' title='bbox 868 3772 1201 3847; x_wconf 81' lang='lat' dir='ltr'><strong>intelligere</strong></span> <span class='ocrx_word' id='word_1_549' title='bbox 1229 3774 1457 3847; x_wconf 83' lang='lat' dir='ltr'><strong>videtur</strong></span> <span class='ocrx_word' id='word_1_550' title='bbox 1481 3775 1759 3847; x_wconf 88' lang='lat' dir='ltr'><strong>Cyrillus,</strong></span> <span class='ocrx_word' id='word_1_551' title='bbox 1786 3791 1935 3847; x_wconf 89' lang='lat' dir='ltr'><strong>quos</strong></span> <span class='ocrx_word' id='word_1_552' title='bbox 1949 3772 2076 3845; x_wconf 86' lang='lat' dir='ltr'><strong>jam</strong></span> 
     </span>
    </p>
   </div>
   <div class='ocr_carea' id='block_1_74' title="bbox 425 3844 2075 3918">
    <p class='ocr_par' dir='ltr' id='par_1_74' title="bbox 425 3844 2075 3918">
     <span class='ocr_line' id='line_1_74' title="bbox 425 3844 2075 3918; baseline 0.001 -16"><span class='ocrx_word' id='word_1_553' title='bbox 425 3846 717 3918; x_wconf 86' lang='lat' dir='ltr'><strong>superius,</strong></span> <span class='ocrx_word' id='word_1_554' title='bbox 741 3862 801 3900; x_wconf 91' lang='lat' dir='ltr'><strong>n.</strong></span> <span class='ocrx_word' id='word_1_555' title='bbox 830 3849 880 3910; x_wconf 85' lang='grc'>1,</span> <span class='ocrx_word' id='word_1_556' title='bbox 902 3844 1134 3903; x_wconf 63' lang='lat' dir='ltr'><strong>violata:</strong></span> <span class='ocrx_word' id='word_1_557' title='bbox 1158 3844 1548 3902; x_wconf 67' lang='lat' dir='ltr'><strong>Providentiaé</strong></span> <span class='ocrx_word' id='word_1_558' title='bbox 1571 3864 1702 3903; x_wconf 86' lang='lat' dir='ltr'><strong>reos</strong></span> <span class='ocrx_word' id='word_1_559' title='bbox 1732 3844 2075 3918; x_wconf 80' lang='lat' dir='ltr'><strong>fecit.atque</strong></span> 
     </span>
    </p>
   </div>
   <div class='ocr_carea' id='block_1_75' title="bbox 426 3916 2074 3991">
    <p class='ocr_par' dir='ltr' id='par_1_75' title="bbox 426 3916 2074 3991">
     <span class='ocr_line' id='line_1_75' title="bbox 426 3916 2074 3991; baseline 0.002 -20"><span class='ocrx_word' id='word_1_560' title='bbox 426 3933 498 3991; x_wconf 74' lang='lat' dir='ltr'><strong>ex</strong></span> <span class='ocrx_word' id='word_1_561' title='bbox 528 3916 800 3991; x_wconf 80' lang='lat' dir='ltr'><strong>instituta</strong></span> <span class='ocrx_word' id='word_1_562' title='bbox 830 3933 865 3972; x_wconf 90' lang='lat' dir='ltr'><strong>a</strong></span> <span class='ocrx_word' id='word_1_563' title='bbox 895 3934 958 3972; x_wconf 88' lang='lat' dir='ltr'><strong>se</strong></span> <span class='ocrx_word' id='word_1_564' title='bbox 988 3919 1319 3991; x_wconf 87' lang='lat' dir='ltr'><strong>argumenti</strong></span> <span class='ocrx_word' id='word_1_565' title='bbox 1352 3918 1663 3985; x_wconf 87' lang='lat' dir='ltr'><strong>divisione,</strong></span> <span class='ocrx_word' id='word_1_566' title='bbox 1696 3936 1830 3974; x_wconf 90' lang='lat' dir='ltr'><strong>cum</strong></span> <span class='ocrx_word' id='word_1_567' title='bbox 1862 3920 1923 3973; x_wconf 91' lang='lat' dir='ltr'><strong>in</strong></span> <span class='ocrx_word' id='word_1_568' title='bbox 1955 3916 2013 3973; x_wconf 74' lang='grc' dir='ltr'><strong>[ἱ.</strong></span> <span class='ocrx_word' id='word_1_569' title='bbox 2044 3921 2074 3974; x_wconf 87' lang='lat'>3</span> 
     </span>
    </p>
   </div>
   <div class='ocr_carea' id='block_1_76' title="bbox 423 3987 2073 4061">
    <p class='ocr_par' dir='ltr' id='par_1_76' title="bbox 423 3987 2073 4061">
     <span class='ocr_line' id='line_1_76' title="bbox 423 3987 2073 4061; baseline 0.001 -17"><span class='ocrx_word' id='word_1_570' title='bbox 423 3987 498 4061; x_wconf 87' lang='lat' dir='ltr'><strong>ad</strong></span> <span class='ocrx_word' id='word_1_571' title='bbox 529 3988 841 4044; x_wconf 66' lang='lat' dir='ltr'><strong>haereticos</strong></span> <span class='ocrx_word' id='word_1_572' title='bbox 872 3987 1268 4055; x_wconf 79' lang='lat' dir='ltr'><strong>convertatur,</strong></span> <span class='ocrx_word' id='word_1_573' title='bbox 1303 3992 1653 4061; x_wconf 83' lang='lat' dir='ltr'><strong>Graecosque</strong></span> <span class='ocrx_word' id='word_1_574' title='bbox 1680 3998 1817 4045; x_wconf 88' lang='lat' dir='ltr'><strong>ante</strong></span> <span class='ocrx_word' id='word_1_575' title='bbox 1841 3991 2073 4045; x_wconf 87' lang='lat' dir='ltr'><strong>relelle-</strong></span> 
     </span>
    </p>
   </div>
   <div class='ocr_carea' id='block_1_77' title="bbox 421 4060 2074 4127">
    <p class='ocr_par' dir='ltr' id='par_1_77' title="bbox 421 4060 2074 4127">
     <span class='ocr_line' id='line_1_77' title="bbox 421 4060 2074 4127; baseline 0.001 -11"><span class='ocrx_word' id='word_1_576' title='bbox 421 4060 519 4119; x_wconf 84' lang='lat' dir='ltr'><strong>rit.</strong></span> <span class='ocrx_word' id='word_1_577' title='bbox 554 4066 739 4116; x_wconf 88' lang='lat' dir='ltr'><strong>restat</strong></span> <span class='ocrx_word' id='word_1_578' title='bbox 757 4066 824 4116; x_wconf 92' lang='lat' dir='ltr'><strong>ut</strong></span> <span class='ocrx_word' id='word_1_579' title='bbox 843 4061 939 4117; x_wconf 89' lang='lat' dir='ltr'><strong>hic</strong></span> <span class='ocrx_word' id='word_1_580' title='bbox 960 4068 1166 4117; x_wconf 86' lang='lat' dir='ltr'><strong>contra</strong></span> <span class='ocrx_word' id='word_1_581' title='bbox 1194 4062 1427 4117; x_wconf 76' lang='lat' dir='ltr'><strong>Juda-os</strong></span> <span class='ocrx_word' id='word_1_582' title='bbox 1459 4060 1594 4127; x_wconf 74' lang='lat' dir='ltr'><strong>agat</strong></span> <span class='ocrx_word' id='word_1_583' title='bbox 1646 4062 1883 4117; x_wconf 87' lang='lat' dir='ltr'><strong>Nullum</strong></span> <span class='ocrx_word' id='word_1_584' title='bbox 1914 4067 2074 4118; x_wconf 89' lang='lat' dir='ltr'><strong>certe</strong></span> 
     </span>
    </p>
   </div>
   <div class='ocr_carea' id='block_1_78' title="bbox 425 4131 2072 4204">
    <p class='ocr_par' dir='ltr' id='par_1_78' title="bbox 425 4131 2072 4204">
     <span class='ocr_line' id='line_1_78' title="bbox 425 4131 2072 4204; baseline 0.001 -17"><span class='ocrx_word' id='word_1_585' title='bbox 425 4131 610 4187; x_wconf 86' lang='lat' dir='ltr'><strong>alium</strong></span> <span class='ocrx_word' id='word_1_586' title='bbox 644 4132 890 4187; x_wconf 87' lang='lat' dir='ltr'><strong>memini</strong></span> <span class='ocrx_word' id='word_1_587' title='bbox 918 4149 1009 4188; x_wconf 91' lang='lat' dir='ltr'><strong>me</strong></span> <span class='ocrx_word' id='word_1_588' title='bbox 1035 4134 1230 4199; x_wconf 75' lang='lat' dir='ltr'><strong>legere</strong></span> <span class='ocrx_word' id='word_1_589' title='bbox 1252 4135 1509 4200; x_wconf 88' lang='lat' dir='ltr'><strong>Patrem,</strong></span> <span class='ocrx_word' id='word_1_590' title='bbox 1537 4134 1636 4204; x_wconf 91' lang='lat' dir='ltr'><strong>qui</strong></span> <span class='ocrx_word' id='word_1_591' title='bbox 1664 4134 2072 4189; x_wconf 75' lang='lat' dir='ltr'><strong>determinatae</strong></span> 
     </span>
    </p>
   </div>
   <div class='ocr_carea' id='block_1_79' title="bbox 423 4204 2075 4276">
    <p class='ocr_par' dir='ltr' id='par_1_79' title="bbox 423 4204 2075 4276">
     <span class='ocr_line' id='line_1_79' title="bbox 423 4204 2075 4276; baseline 0.001 -17"><span class='ocrx_word' id='word_1_592' title='bbox 423 4204 488 4276; x_wconf 81' lang='lat' dir='ltr'><strong>in</strong></span> <span class='ocrx_word' id='word_1_593' title='bbox 515 4204 679 4260; x_wconf 58' lang='lat' dir='ltr'><strong>caelis</strong></span> <span class='ocrx_word' id='word_1_594' title='bbox 710 4205 810 4276; x_wconf 83' lang='lat' dir='ltr'><strong>Dei</strong></span> <span class='ocrx_word' id='word_1_595' title='bbox 839 4205 1222 4275; x_wconf 63' lang='lat' dir='ltr'><strong>providentia)</strong></span> <span class='ocrx_word' id='word_1_596' title='bbox 1263 4206 1495 4260; x_wconf 69' lang='lat' dir='ltr'><strong>Judaaos</strong></span> <span class='ocrx_word' id='word_1_597' title='bbox 1526 4213 1780 4260; x_wconf 83' lang='lat' dir='ltr'><strong>accuset.</strong></span> <span class='ocrx_word' id='word_1_598' title='bbox 1819 4206 2075 4276; x_wconf 80' lang='lat' dir='ltr'><strong>Respicit</strong></span> 
     </span>
    </p>
   </div>
   <div class='ocr_carea' id='block_1_80' title="bbox 422 4274 2074 4332">
    <p class='ocr_par' dir='ltr' id='par_1_80' title="bbox 422 4274 2074 4332">
     <span class='ocr_line' id='line_1_80' title="bbox 422 4274 2074 4332; baseline 0.001 -2"><span class='ocrx_word' id='word_1_599' title='bbox 422 4275 575 4330; x_wconf 85' lang='lat' dir='ltr'><strong>forte</strong></span> <span class='ocrx_word' id='word_1_600' title='bbox 603 4274 1008 4330; x_wconf 73' lang='lat' dir='ltr'><strong>Masbothmos.</strong></span> <span class='ocrx_word' id='word_1_601' title='bbox 1034 4281 1107 4329; x_wconf 82' lang='lat' dir='ltr'><strong>At</strong></span> <span class='ocrx_word' id='word_1_602' title='bbox 1133 4276 1407 4331; x_wconf 89' lang='lat' dir='ltr'><strong>Clemens</strong></span> <span class='ocrx_word' id='word_1_603' title='bbox 1432 4277 1887 4332; x_wconf 81' lang='lat' dir='ltr'><strong>Alexandrinus.</strong></span> <span class='ocrx_word' id='word_1_604' title='bbox 1913 4274 2015 4332; x_wconf 88' lang='lat' dir='ltr'><strong>lib.</strong></span> <span class='ocrx_word' id='word_1_605' title='bbox 2041 4294 2074 4332; x_wconf 90' lang='lat' dir='ltr'><strong>v</strong></span> 
     </span>
    </p>
   </div>
   <div class='ocr_carea' id='block_1_81' title="bbox 424 4347 2073 4428">
    <p class='ocr_par' dir='ltr' id='par_1_81' title="bbox 424 4347 2073 4428">
     <span class='ocr_line' id='line_1_81' title="bbox 424 4347 2073 4428; baseline -0.001 -25"><span class='ocrx_word' id='word_1_606' title='bbox 424 4347 656 4428; x_wconf 59' lang='grc' dir='ltr'><strong>βινοίη,</strong></span> <span class='ocrx_word' id='word_1_607' title='bbox 688 4348 869 4428; x_wconf 29' lang='lat' dir='ltr'><strong>nati,</strong></span> <span class='ocrx_word' id='word_1_608' title='bbox 902 4362 1015 4428; x_wconf 82' lang='lat' dir='ltr'><strong>pag</strong></span> <span class='ocrx_word' id='word_1_609' title='bbox 1055 4347 1162 4428; x_wconf 37' lang='lat' dir='ltr'><strong>Aed.</strong></span> <span class='ocrx_word' id='word_1_610' title='bbox 1214 4350 1342 4428; x_wconf 70' lang='lat' dir='ltr'><strong>Par.</strong></span> <span class='ocrx_word' id='word_1_611' title='bbox 1398 4352 1523 4428; x_wconf 55' lang='grc' dir='ltr'>βίη,</span> <span class='ocrx_word' id='word_1_612' title='bbox 1564 4350 1759 4428; x_wconf 81' lang='lat' dir='ltr'><strong>ipsum</strong></span> <span class='ocrx_word' id='word_1_613' title='bbox 1790 4349 2073 4428; x_wconf 81' lang='lat' dir='ltr'><strong>Aristote-</strong></span> 
     </span>
    </p>
   </div>
   <div class='ocr_carea' id='block_1_82' title="bbox 425 4417 2070 4477">
    <p class='ocr_par' dir='ltr' id='par_1_82' title="bbox 425 4417 2070 4477">
     <span class='ocr_line' id='line_1_82' title="bbox 425 4417 2070 4477; baseline 0.002 -3"><span class='ocrx_word' id='word_1_614' title='bbox 425 4418 567 4476; x_wconf 89' lang='lat' dir='ltr'><strong>lem.</strong></span> <span class='ocrx_word' id='word_1_615' title='bbox 601 4435 673 4473; x_wconf 89' lang='lat' dir='ltr'><strong>ex</strong></span> <span class='ocrx_word' id='word_1_616' title='bbox 699 4417 954 4474; x_wconf 86' lang='lat' dir='ltr'><strong>adducto</strong></span> <span class='ocrx_word' id='word_1_617' title='bbox 985 4417 1232 4473; x_wconf 89' lang='lat' dir='ltr'><strong>inferius</strong></span> <span class='ocrx_word' id='word_1_618' title='bbox 1282 4417 1653 4475; x_wconf 71' lang='lat' dir='ltr'><strong>Psalmoruin</strong></span> <span class='ocrx_word' id='word_1_619' title='bbox 1687 4422 1813 4476; x_wconf 93' lang='lat' dir='ltr'><strong>loco</strong></span> <span class='ocrx_word' id='word_1_620' title='bbox 1845 4421 1906 4475; x_wconf 93' lang='lat' dir='ltr'><strong>in</strong></span> <span class='ocrx_word' id='word_1_621' title='bbox 1941 4437 2070 4477; x_wconf 89' lang='lat' dir='ltr'><strong>eam</strong></span> 
     </span>
    </p>
   </div>
   <div class='ocr_carea' id='block_1_83' title="bbox 426 4490 2070 4565">
    <p class='ocr_par' dir='ltr' id='par_1_83' title="bbox 426 4490 2070 4565">
     <span class='ocr_line' id='line_1_83' title="bbox 426 4490 2070 4565; baseline 0.001 -20"><span class='ocrx_word' id='word_1_622' title='bbox 426 4490 772 4565; x_wconf 85' lang='lat' dir='ltr'><strong>opinionem</strong></span> <span class='ocrx_word' id='word_1_623' title='bbox 806 4496 1166 4565; x_wconf 81' lang='lat' dir='ltr'><strong>pertractum</strong></span> <span class='ocrx_word' id='word_1_624' title='bbox 1199 4491 1317 4546; x_wconf 90' lang='lat' dir='ltr'><strong>ait:</strong></span> <span class='ocrx_word' id='word_1_625' title='bbox 1351 4508 1538 4562; x_wconf 91' lang='lat' dir='ltr'><strong>eoque</strong></span> <span class='ocrx_word' id='word_1_626' title='bbox 1563 4493 1689 4565; x_wconf 83' lang='lat' dir='ltr'><strong>solo</strong></span> <span class='ocrx_word' id='word_1_627' title='bbox 1721 4500 2070 4565; x_wconf 76' lang='lat' dir='ltr'><strong>argumento</strong></span> 
     </span>
    </p>
   </div>
   <div class='ocr_carea' id='block_1_84' title="bbox 425 4562 2072 4635">
    <p class='ocr_par' dir='ltr' id='par_1_84' title="bbox 425 4562 2072 4635">
     <span class='ocr_line' id='line_1_84' title="bbox 425 4562 2072 4635; baseline 0.001 -18"><span class='ocrx_word' id='word_1_628' title='bbox 425 4578 562 4635; x_wconf 81' lang='lat' dir='ltr'><strong>eum</strong></span> <span class='ocrx_word' id='word_1_629' title='bbox 594 4562 907 4635; x_wconf 89' lang='lat' dir='ltr'><strong>scripturis</strong></span> <span class='ocrx_word' id='word_1_630' title='bbox 928 4563 1347 4635; x_wconf 9' lang='lat' dir='ltr'><strong>nostrisrusum</strong></span> <span class='ocrx_word' id='word_1_631' title='bbox 1376 4579 1506 4619; x_wconf 87' lang='lat' dir='ltr'><strong>esse</strong></span> <span class='ocrx_word' id='word_1_632' title='bbox 1530 4563 1759 4634; x_wconf 86' lang='lat' dir='ltr'><strong>probat.</strong></span> <span class='ocrx_word' id='word_1_633' title='bbox 1784 4562 1803 4616; x_wconf 83' lang='lat'><strong>(</strong></span> <span class='ocrx_word' id='word_1_634' title='bbox 1826 4570 2072 4619; x_wconf 68' lang='lat' dir='ltr'><strong>aeternum</strong></span> 
     </span>
    </p>
   </div>
   <div class='ocr_carea' id='block_1_85' title="bbox 2256 3771 3822 3847">
    <p class='ocr_par' dir='ltr' id='par_1_85' title="bbox 2256 3771 3822 3847">
     <span class='ocr_line' id='line_1_85' title="bbox 2256 3771 3822 3847; baseline 0 -18"><span class='ocrx_word' id='word_1_635' title='bbox 2256 3776 2330 3843; x_wconf 84' lang='lat'><strong>(2)</strong></span> <span class='ocrx_word' id='word_1_636' title='bbox 2365 3772 2461 3847; x_wconf 72' lang='grc' dir='ltr'><strong>Καὶ</strong></span> <span class='ocrx_word' id='word_1_637' title='bbox 2489 3778 2589 3840; x_wconf 77' lang='grc' dir='ltr'><strong>τῆς</strong></span> <span class='ocrx_word' id='word_1_638' title='bbox 2621 3778 2743 3847; x_wconf 79' lang='grc' dir='ltr'><strong>γῆς.</strong></span> <span class='ocrx_word' id='word_1_639' title='bbox 2796 3772 3299 3847; x_wconf 14' lang='grc' dir='ltr'><strong>Οοῃῇιιηοιίοηθωί</strong></span> <span class='ocrx_word' id='word_1_640' title='bbox 3336 3771 3426 3847; x_wconf 56' lang='grc' dir='ltr'>καί</span> <span class='ocrx_word' id='word_1_641' title='bbox 3479 3771 3822 3847; x_wconf 71' lang='lat' dir='ltr'><strong>addidimus</strong></span> 
     </span>
    </p>
   </div>
   <div class='ocr_carea' id='block_1_86' title="bbox 2184 3844 3822 3913">
    <p class='ocr_par' dir='ltr' id='par_1_86' title="bbox 2184 3844 3822 3913">
     <span class='ocr_line' id='line_1_86' title="bbox 2184 3844 3822 3913; baseline -0.002 -12"><span class='ocrx_word' id='word_1_642' title='bbox 2184 3863 2254 3901; x_wconf 87' lang='lat' dir='ltr'><strong>ex</strong></span> <span class='ocrx_word' id='word_1_643' title='bbox 2285 3845 2485 3913; x_wconf 84' lang='lat' dir='ltr'><strong>Coisl.,</strong></span> <span class='ocrx_word' id='word_1_644' title='bbox 2513 3844 2650 3902; x_wconf 48' lang='lat' dir='ltr'><strong>Roe&#39;.</strong></span> <span class='ocrx_word' id='word_1_645' title='bbox 2684 3844 2931 3900; x_wconf 75' lang='lat' dir='ltr'><strong>Casaub.</strong></span> <span class='ocrx_word' id='word_1_646' title='bbox 2983 3850 3043 3900; x_wconf 91' lang='lat' dir='ltr'><strong>et</strong></span> <span class='ocrx_word' id='word_1_647' title='bbox 3085 3861 3236 3900; x_wconf 87' lang='lat' dir='ltr'><strong>vers.</strong></span> <span class='ocrx_word' id='word_1_648' title='bbox 3275 3845 3497 3901; x_wconf 82' lang='lat' dir='ltr'><strong>Grodec</strong></span> <span class='ocrx_word' id='word_1_649' title='bbox 3550 3845 3699 3901; x_wconf 87' lang='lat' dir='ltr'><strong>Loco</strong></span> <span class='ocrx_word' id='word_1_650' title='bbox 3730 3845 3822 3899; x_wconf 78' lang='grc' dir='ltr'>καὶ</span> 
     </span>
    </p>
   </div>
   <div class='ocr_carea' id='block_1_87' title="bbox 2182 3915 3821 4005">
    <p class='ocr_par' dir='ltr' id='par_1_87' title="bbox 2182 3915 3821 4005">
     <span class='ocr_line' id='line_1_87' title="bbox 2182 3915 3821 4005; baseline 0.001 -35"><span class='ocrx_word' id='word_1_651' title='bbox 2182 3915 2851 4005; x_wconf 36' lang='grc' dir='ltr'><strong>προτερονκεοέἱρεὶωιιε</strong></span> <span class='ocrx_word' id='word_1_652' title='bbox 2901 3916 2964 3970; x_wconf 87' lang='grc' dir='ltr'>τὸ</span> <span class='ocrx_word' id='word_1_653' title='bbox 3021 3916 3304 4005; x_wconf 73' lang='grc' dir='ltr'>πρότερον,</span> <span class='ocrx_word' id='word_1_654' title='bbox 3346 3932 3415 3971; x_wconf 89' lang='lat' dir='ltr'><strong>ex</strong></span> <span class='ocrx_word' id='word_1_655' title='bbox 3447 3916 3821 4005; x_wconf 46' lang='lat' dir='ltr'><strong>tri_bus.p‘raa-</strong></span> 
     </span>
    </p>
   </div>
   <div class='ocr_carea' id='block_1_88' title="bbox 2181 3988 3821 4060">
    <p class='ocr_par' dir='ltr' id='par_1_88' title="bbox 2181 3988 3821 4060">
     <span class='ocr_line' id='line_1_88' title="bbox 2181 3988 3821 4060; baseline 0 -16"><span class='ocrx_word' id='word_1_656' title='bbox 2181 3988 2318 4045; x_wconf 87' lang='lat' dir='ltr'><strong>fatis</strong></span> <span class='ocrx_word' id='word_1_657' title='bbox 2349 3988 2518 4045; x_wconf 79' lang='lat' dir='ltr'><strong>Codd.</strong></span> <span class='ocrx_word' id='word_1_658' title='bbox 2552 3988 2917 4060; x_wconf 88' lang='lat' dir='ltr'><strong>Paulopost,</strong></span> <span class='ocrx_word' id='word_1_659' title='bbox 2968 3988 3075 4059; x_wconf 87' lang='lat' dir='ltr'><strong>pro</strong></span> <span class='ocrx_word' id='word_1_660' title='bbox 3125 3988 3340 4043; x_wconf 70' lang='grc' dir='ltr'>πάντων</span> <span class='ocrx_word' id='word_1_661' title='bbox 3367 3991 3603 4060; x_wconf 69' lang='grc' dir='ltr'>κρατῶν,</span> <span class='ocrx_word' id='word_1_662' title='bbox 3636 3988 3821 4044; x_wconf 81' lang='lat' dir='ltr'><strong>iidem</strong></span> 
     </span>
    </p>
   </div>
   <div class='ocr_carea' id='block_1_89' title="bbox 2181 4059 3821 4133">
    <p class='ocr_par' dir='ltr' id='par_1_89' title="bbox 2181 4059 3821 4133">
     <span class='ocr_line' id='line_1_89' title="bbox 2181 4059 3821 4133; baseline 0.001 -17"><span class='ocrx_word' id='word_1_663' title='bbox 2181 4061 2352 4117; x_wconf 89' lang='lat' dir='ltr'><strong>codd.</strong></span> <span class='ocrx_word' id='word_1_664' title='bbox 2403 4059 2857 4133; x_wconf 66' lang='lat' dir='ltr'><strong>habent_fi_taivu</strong></span> <span class='ocrx_word' id='word_1_665' title='bbox 2910 4062 3149 4133; x_wconf 55' lang='grc' dir='ltr'><strong>κρατῶνἶ</strong></span> <span class='ocrx_word' id='word_1_666' title='bbox 3203 4063 3278 4114; x_wconf 85' lang='lat' dir='ltr'><strong>At</strong></span> <span class='ocrx_word' id='word_1_667' title='bbox 3328 4059 3586 4133; x_wconf 75' lang='lat' dir='ltr'><strong>Cyrinus</strong></span> <span class='ocrx_word' id='word_1_668' title='bbox 3616 4061 3678 4117; x_wconf 86' lang='lat' dir='ltr'><strong>in</strong></span> <span class='ocrx_word' id='word_1_669' title='bbox 3710 4061 3821 4117; x_wconf 88' lang='lat' dir='ltr'><strong>hac</strong></span> 
     </span>
    </p>
   </div>
   <div class='ocr_carea' id='block_1_90' title="bbox 2181 4130 3820 4205">
    <p class='ocr_par' dir='ltr' id='par_1_90' title="bbox 2181 4130 3820 4205">
     <span class='ocr_line' id='line_1_90' title="bbox 2181 4130 3820 4205; baseline -0.002 -16"><span class='ocrx_word' id='word_1_670' title='bbox 2181 4132 2496 4205; x_wconf 77' lang='lat' dir='ltr'><strong>catechesi,</strong></span> <span class='ocrx_word' id='word_1_671' title='bbox 2530 4138 2587 4188; x_wconf 91' lang='lat' dir='ltr'><strong>et</strong></span> <span class='ocrx_word' id='word_1_672' title='bbox 2610 4130 2755 4205; x_wconf 84' lang='lat' dir='ltr'><strong>alibi</strong></span> <span class='ocrx_word' id='word_1_673' title='bbox 2784 4132 3004 4204; x_wconf 88' lang='lat' dir='ltr'><strong>passim</strong></span> <span class='ocrx_word' id='word_1_674' title='bbox 3035 4131 3291 4205; x_wconf 1' lang='lat' dir='ltr'><strong>verbum,</strong></span> <span class='ocrx_word' id='word_1_675' title='bbox 3315 4130 3530 4205; x_wconf 63' lang='grc' dir='ltr'><strong>κρατεῖν</strong></span> <span class='ocrx_word' id='word_1_676' title='bbox 3559 4148 3694 4188; x_wconf 91' lang='lat' dir='ltr'><strong>cum</strong></span> <span class='ocrx_word' id='word_1_677' title='bbox 3725 4133 3820 4204; x_wconf 80' lang='lat' dir='ltr'><strong>gi-</strong></span> 
     </span>
    </p>
   </div>
   <div class='ocr_carea' id='block_1_91' title="bbox 2179 4203 3345 4278">
    <p class='ocr_par' dir='ltr' id='par_1_91' title="bbox 2179 4203 3345 4278">
     <span class='ocr_line' id='line_1_91' title="bbox 2179 4203 3345 4278; baseline -0.003 -19"><span class='ocrx_word' id='word_1_678' title='bbox 2179 4204 2566 4278; x_wconf 72' lang='lat' dir='ltr'><strong>gnendicasu</strong></span> <span class='ocrx_word' id='word_1_679' title='bbox 2599 4203 2722 4259; x_wconf 83' lang='lat' dir='ltr'><strong>fere</strong></span> <span class='ocrx_word' id='word_1_680' title='bbox 2752 4203 2991 4278; x_wconf 76' lang='lat' dir='ltr'><strong>semper</strong></span> <span class='ocrx_word' id='word_1_681' title='bbox 3013 4204 3345 4278; x_wconf 64' lang='lat' dir='ltr'><strong>coniungit.</strong></span> 
     </span>
    </p>
   </div>
   <div class='ocr_carea' id='block_1_92' title="bbox 2253 4273 3823 4347">
    <p class='ocr_par' dir='ltr' id='par_1_92' title="bbox 2253 4273 3823 4347">
     <span class='ocr_line' id='line_1_92' title="bbox 2253 4273 3823 4347; baseline 0.001 -17"><span class='ocrx_word' id='word_1_682' title='bbox 2253 4278 2325 4345; x_wconf 75' lang='grc'><strong>(3)</strong></span> <span class='ocrx_word' id='word_1_683' title='bbox 2355 4274 2453 4328; x_wconf 82' lang='grc' dir='ltr'><strong>Τὸν</strong></span> <span class='ocrx_word' id='word_1_684' title='bbox 2489 4273 2547 4328; x_wconf 72' lang='grc' dir='ltr'><strong>δὲ.</strong></span> <span class='ocrx_word' id='word_1_685' title='bbox 2573 4294 2711 4328; x_wconf 81' lang='grc' dir='ltr'>τινα.</span> <span class='ocrx_word' id='word_1_686' title='bbox 2752 4273 2965 4331; x_wconf 86' lang='lat' dir='ltr'><strong>Locum</strong></span> <span class='ocrx_word' id='word_1_687' title='bbox 3013 4275 3172 4330; x_wconf 87' lang='lat' dir='ltr'><strong>hunc</strong></span> <span class='ocrx_word' id='word_1_688' title='bbox 3197 4273 3269 4329; x_wconf 69' lang='grc' dir='ltr'><strong>ἱιῐ</strong></span> <span class='ocrx_word' id='word_1_689' title='bbox 3291 4274 3466 4330; x_wconf 86' lang='lat' dir='ltr'><strong>editis</strong></span> <span class='ocrx_word' id='word_1_690' title='bbox 3513 4274 3674 4347; x_wconf 88' lang='lat' dir='ltr'><strong>haud</strong></span> <span class='ocrx_word' id='word_1_691' title='bbox 3722 4292 3823 4347; x_wconf 88' lang='lat' dir='ltr'><strong>pa-</strong></span> 
     </span>
    </p>
   </div>
   <div class='ocr_carea' id='block_1_93' title="bbox 2179 4346 3827 4413">
    <p class='ocr_par' dir='ltr' id='par_1_93' title="bbox 2179 4346 3827 4413">
     <span class='ocr_line' id='line_1_93' title="bbox 2179 4346 3827 4413; baseline -0.001 -11"><span class='ocrx_word' id='word_1_692' title='bbox 2179 4364 2312 4403; x_wconf 89' lang='lat' dir='ltr'><strong>rum</strong></span> <span class='ocrx_word' id='word_1_693' title='bbox 2344 4348 2759 4413; x_wconf 86' lang='lat' dir='ltr'><strong>deformatum,</strong></span> <span class='ocrx_word' id='word_1_694' title='bbox 2785 4347 3230 4403; x_wconf 85' lang='lat' dir='ltr'><strong>emendavimus</strong></span> <span class='ocrx_word' id='word_1_695' title='bbox 3252 4362 3322 4401; x_wconf 87' lang='lat' dir='ltr'><strong>ex</strong></span> <span class='ocrx_word' id='word_1_696' title='bbox 3342 4363 3484 4403; x_wconf 88' lang='lat' dir='ltr'><strong>mss.</strong></span> <span class='ocrx_word' id='word_1_697' title='bbox 3508 4346 3661 4402; x_wconf 88' lang='lat' dir='ltr'><strong>codd</strong></span> <span class='ocrx_word' id='word_1_698' title='bbox 3716 4346 3827 4403; x_wconf 83' lang='lat' dir='ltr'><strong>Ot-</strong></span> 
     </span>
    </p>
   </div>
   <div class='ocr_carea' id='block_1_94' title="bbox 2181 4419 3828 4491">
    <p class='ocr_par' dir='ltr' id='par_1_94' title="bbox 2181 4419 3828 4491">
     <span class='ocr_line' id='line_1_94' title="bbox 2181 4419 3828 4491; baseline 0.001 -18"><span class='ocrx_word' id='word_1_699' title='bbox 2181 4420 2324 4487; x_wconf 86' lang='lat' dir='ltr'><strong>toh.,</strong></span> <span class='ocrx_word' id='word_1_700' title='bbox 2358 4424 2474 4475; x_wconf 78' lang='lat' dir='ltr'><strong>Hoe</strong></span> <span class='ocrx_word' id='word_1_701' title='bbox 2526 4427 2586 4474; x_wconf 90' lang='lat' dir='ltr'><strong>et</strong></span> <span class='ocrx_word' id='word_1_702' title='bbox 2629 4419 2901 4487; x_wconf 87' lang='lat' dir='ltr'><strong>Casanb.,</strong></span> <span class='ocrx_word' id='word_1_703' title='bbox 2951 4419 3168 4489; x_wconf 88' lang='lat' dir='ltr'><strong>quibus</strong></span> <span class='ocrx_word' id='word_1_704' title='bbox 3225 4419 3438 4491; x_wconf 88' lang='lat' dir='ltr'><strong>partim</strong></span> <span class='ocrx_word' id='word_1_705' title='bbox 3470 4419 3828 4491; x_wconf 81' lang='lat' dir='ltr'><strong>astipulatur</strong></span> 
     </span>
    </p>
   </div>
   <div class='ocr_carea' id='block_1_95' title="bbox 2180 4489 3827 4553">
    <p class='ocr_par' dir='ltr' id='par_1_95' title="bbox 2180 4489 3827 4553">
     <span class='ocr_line' id='line_1_95' title="bbox 2180 4489 3827 4553; baseline -0.002 -6"><span class='ocrx_word' id='word_1_706' title='bbox 2180 4491 2518 4547; x_wconf 86' lang='lat' dir='ltr'><strong>Grodecius.</strong></span> <span class='ocrx_word' id='word_1_707' title='bbox 2554 4492 2839 4553; x_wconf 82' lang='lat' dir='ltr'><strong>Primum.</strong></span> <span class='ocrx_word' id='word_1_708' title='bbox 2892 4507 2961 4545; x_wconf 90' lang='lat' dir='ltr'><strong>ex</strong></span> <span class='ocrx_word' id='word_1_709' title='bbox 3020 4492 3114 4545; x_wconf 87' lang='lat' dir='ltr'><strong>his</strong></span> <span class='ocrx_word' id='word_1_710' title='bbox 3171 4490 3446 4545; x_wconf 91' lang='lat' dir='ltr'><strong>omnibus</strong></span> <span class='ocrx_word' id='word_1_711' title='bbox 3477 4489 3677 4547; x_wconf 81' lang='lat' dir='ltr'><strong>vocem</strong></span> <span class='ocrx_word' id='word_1_712' title='bbox 3705 4489 3827 4545; x_wconf 71' lang='grc' dir='ltr'>τινά</span> 
     </span>
    </p>
   </div>
   <div class='ocr_carea' id='block_1_96' title="bbox 2179 4562 3824 4634">
    <p class='ocr_par' dir='ltr' id='par_1_96' title="bbox 2179 4562 3824 4634">
     <span class='ocr_line' id='line_1_96' title="bbox 2179 4562 3824 4634; baseline 0.002 -18"><span class='ocrx_word' id='word_1_713' title='bbox 2179 4563 2505 4631; x_wconf 84' lang='lat' dir='ltr'><strong>adiecimus</strong></span> <span class='ocrx_word' id='word_1_714' title='bbox 2523 4570 2663 4634; x_wconf 85' lang='lat' dir='ltr'><strong>ante</strong></span> <span class='ocrx_word' id='word_1_715' title='bbox 2683 4565 2778 4616; x_wconf 89' lang='grc' dir='ltr'><strong>τοῦ</strong></span> <span class='ocrx_word' id='word_1_716' title='bbox 2805 4562 3058 4633; x_wconf 84' lang='grc' dir='ltr'>σώματος</span> <span class='ocrx_word' id='word_1_717' title='bbox 3107 4562 3329 4634; x_wconf 81' lang='lat' dir='ltr'><strong>Deinde</strong></span> <span class='ocrx_word' id='word_1_718' title='bbox 3358 4562 3485 4617; x_wconf 90' lang='lat' dir='ltr'><strong>loco</strong></span> <span class='ocrx_word' id='word_1_719' title='bbox 3518 4563 3824 4634; x_wconf 64' lang='lat' dir='ltr'><strong>particulas</strong></span> 
     </span>
    </p>
   </div>
   <div class='ocr_carea' id='block_1_97' title="bbox 425 4632 3825 4707">
    <p class='ocr_par' dir='ltr' id='par_1_97' title="bbox 425 4632 3825 4707">
     <span class='ocr_line' id='line_1_97' title="bbox 425 4632 3825 4707; baseline 0 -18"><span class='ocrx_word' id='word_1_720' title='bbox 425 4634 585 4707; x_wconf 79' lang='lat' dir='ltr'><strong>hunc</strong></span> <span class='ocrx_word' id='word_1_721' title='bbox 615 4632 876 4690; x_wconf 82' lang='lat' dir='ltr'><strong>errorem</strong></span> <span class='ocrx_word' id='word_1_722' title='bbox 899 4634 1135 4706; x_wconf 81' lang='lat' dir='ltr'><strong>Origeni</strong></span> <span class='ocrx_word' id='word_1_723' title='bbox 1157 4634 1409 4706; x_wconf 81' lang='lat' dir='ltr'><strong>imputat</strong></span> <span class='ocrx_word' id='word_1_724' title='bbox 1428 4632 1787 4705; x_wconf 78' lang='lat' dir='ltr'><strong>Theophilus</strong></span> <span class='ocrx_word' id='word_1_725' title='bbox 1818 4636 2072 4691; x_wconf 86' lang='lat' dir='ltr'><strong>Alexan-</strong></span> <span class='ocrx_word' id='word_1_726' title='bbox 2105 4638 2144 4702; x_wconf 81' lang='grc' dir='ltr'>Β</span> <span class='ocrx_word' id='word_1_727' title='bbox 2179 4636 2451 4707; x_wconf 75' lang='lat' dir='ltr'><strong>negantis</strong></span> <span class='ocrx_word' id='word_1_728' title='bbox 2482 4632 2729 4707; x_wconf 60' lang='lat' dir='ltr'><strong>96_,_qum</strong></span> <span class='ocrx_word' id='word_1_729' title='bbox 2761 4632 3053 4707; x_wconf 80' lang='lat' dir='ltr'><strong>soleante</strong></span> <span class='ocrx_word' id='word_1_730' title='bbox 3082 4632 3292 4707; x_wconf 69' lang='grc' dir='ltr'>τέλειον</span> <span class='ocrx_word' id='word_1_731' title='bbox 3326 4632 3651 4707; x_wconf 79' lang='lat' dir='ltr'><strong>legebatur,</strong></span> <span class='ocrx_word' id='word_1_732' title='bbox 3682 4637 3825 4691; x_wconf 85' lang='lat' dir='ltr'><strong>scri-</strong></span> 
     </span>
    </p>
   </div>
   <div class='ocr_carea' id='block_1_98' title="bbox 425 4703 2068 4778">
    <p class='ocr_par' dir='ltr' id='par_1_98' title="bbox 425 4703 2068 4778">
     <span class='ocr_line' id='line_1_98' title="bbox 425 4703 2068 4778; baseline 0.001 -18"><span class='ocrx_word' id='word_1_733' title='bbox 425 4703 656 4771; x_wconf 84' lang='lat' dir='ltr'><strong>drinus,</strong></span> <span class='ocrx_word' id='word_1_734' title='bbox 684 4707 857 4778; x_wconf 91' lang='lat' dir='ltr'><strong>epist.</strong></span> <span class='ocrx_word' id='word_1_735' title='bbox 893 4707 946 4774; x_wconf 86' lang='grc'>1,</span> <span class='ocrx_word' id='word_1_736' title='bbox 988 4703 1209 4773; x_wconf 60' lang='lat' dir='ltr'><strong>Pasch,</strong></span> <span class='ocrx_word' id='word_1_737' title='bbox 1243 4703 1388 4761; x_wconf 46' lang='lat' dir='ltr'><strong>_Bib.</strong></span> <span class='ocrx_word' id='word_1_738' title='bbox 1448 4709 1555 4762; x_wconf 86' lang='lat' dir='ltr'><strong>PP.</strong></span> <span class='ocrx_word' id='word_1_739' title='bbox 1589 4703 1793 4776; x_wconf 50' lang='lat' dir='ltr'><strong>_Ludg.</strong></span> <span class='ocrx_word' id='word_1_740' title='bbox 1828 4712 1969 4761; x_wconf 90' lang='lat' dir='ltr'><strong>tom.</strong></span> <span class='ocrx_word' id='word_1_741' title='bbox 2008 4709 2068 4775; x_wconf 89' lang='lat' dir='ltr'><strong>V,</strong></span> 
     </span>
    </p>
   </div>
   <div class='ocr_carea' id='block_1_99' title="bbox 424 4778 2072 4851">
    <p class='ocr_par' dir='ltr' id='par_1_99' title="bbox 424 4778 2072 4851">
     <span class='ocr_line' id='line_1_99' title="bbox 424 4778 2072 4851; baseline 0.001 -18"><span class='ocrx_word' id='word_1_742' title='bbox 424 4794 556 4851; x_wconf 84' lang='lat' dir='ltr'><strong>pag.</strong></span> <span class='ocrx_word' id='word_1_743' title='bbox 587 4778 851 4851; x_wconf 51' lang='lat' dir='ltr'><strong>846,_sed</strong></span> <span class='ocrx_word' id='word_1_744' title='bbox 883 4795 952 4832; x_wconf 83' lang='lat' dir='ltr'><strong>ex</strong></span> <span class='ocrx_word' id='word_1_745' title='bbox 1011 4779 1432 4834; x_wconf 87' lang='lat' dir='ltr'><strong>consecutione</strong></span> <span class='ocrx_word' id='word_1_746' title='bbox 1492 4779 2072 4851; x_wconf 12' lang='lat' dir='ltr'><strong>propriorum‘liujus</strong></span> 
     </span>
    </p>
   </div>
   <div class='ocr_carea' id='block_1_100' title="bbox 427 4849 2070 4922">
    <p class='ocr_par' dir='ltr' id='par_1_100' title="bbox 427 4849 2070 4922">
     <span class='ocr_line' id='line_1_100' title="bbox 427 4849 2070 4922; baseline 0 -17"><span class='ocrx_word' id='word_1_747' title='bbox 427 4849 1080 4922; x_wconf 9' lang='lat' dir='ltr'><strong>auctorisgdogmatum.</strong></span> <span class='ocrx_word' id='word_1_748' title='bbox 1116 4866 1330 4922; x_wconf 90' lang='lat' dir='ltr'><strong>nempe</strong></span> <span class='ocrx_word' id='word_1_749' title='bbox 1363 4849 1521 4922; x_wconf 92' lang='lat' dir='ltr'><strong>quod</strong></span> <span class='ocrx_word' id='word_1_750' title='bbox 1554 4849 1732 4904; x_wconf 90' lang='lat' dir='ltr'><strong>divini</strong></span> <span class='ocrx_word' id='word_1_751' title='bbox 1766 4849 1935 4905; x_wconf 89' lang='lat' dir='ltr'><strong>Verbi</strong></span> <span class='ocrx_word' id='word_1_752' title='bbox 1969 4867 2070 4921; x_wconf 89' lang='lat' dir='ltr'><strong>po-</strong></span> 
     </span>
    </p>
   </div>
   <div class='ocr_carea' id='block_1_101' title="bbox 429 4920 2068 4995">
    <p class='ocr_par' dir='ltr' id='par_1_101' title="bbox 429 4920 2068 4995">
     <span class='ocr_line' id='line_1_101' title="bbox 429 4920 2068 4995; baseline 0 -20"><span class='ocrx_word' id='word_1_753' title='bbox 429 4925 611 4995; x_wconf 83' lang='lat' dir='ltr'><strong>testas</strong></span> <span class='ocrx_word' id='word_1_754' title='bbox 641 4920 713 4976; x_wconf 90' lang='lat' dir='ltr'><strong>ad</strong></span> <span class='ocrx_word' id='word_1_755' title='bbox 743 4920 1128 4979; x_wconf 74' lang='lat' dir='ltr'><strong>rationabiles</strong></span> <span class='ocrx_word' id='word_1_756' title='bbox 1158 4920 1459 4980; x_wconf 73' lang='lat' dir='ltr'><strong>creaturas</strong></span> <span class='ocrx_word' id='word_1_757' title='bbox 1489 4922 1724 4995; x_wconf 88' lang='lat' dir='ltr'><strong>proprie</strong></span> <span class='ocrx_word' id='word_1_758' title='bbox 1757 4920 2068 4993; x_wconf 85' lang='lat' dir='ltr'><strong>pertineat.</strong></span> 
     </span>
    </p>
   </div>
   <div class='ocr_carea' id='block_1_102' title="bbox 498 4993 2068 5068">
    <p class='ocr_par' dir='ltr' id='par_1_102' title="bbox 498 4993 2068 5068">
     <span class='ocr_line' id='line_1_102' title="bbox 498 4993 2068 5068; baseline 0.001 -23"><span class='ocrx_word' id='word_1_759' title='bbox 498 4993 577 5057; x_wconf 83' lang='grc'><strong>(1)</strong></span> <span class='ocrx_word' id='word_1_760' title='bbox 612 4995 871 5068; x_wconf 62' lang='grc' dir='ltr'><strong>ἕζεταιίοἱ</strong></span> <span class='ocrx_word' id='word_1_761' title='bbox 898 5010 1138 5068; x_wconf 76' lang='lat' dir='ltr'><strong>rursum.</strong></span> <span class='ocrx_word' id='word_1_762' title='bbox 1171 5002 1262 5051; x_wconf 86' lang='lat' dir='ltr'><strong>etc</strong></span> <span class='ocrx_word' id='word_1_763' title='bbox 1316 4993 1505 5068; x_wconf 75' lang='lat' dir='ltr'><strong>Supra</strong></span> <span class='ocrx_word' id='word_1_764' title='bbox 1560 4993 1668 5049; x_wconf 89' lang='lat' dir='ltr'><strong>sub</strong></span> <span class='ocrx_word' id='word_1_765' title='bbox 1712 4995 1891 5068; x_wconf 84' lang='lat' dir='ltr'><strong>tinem</strong></span> <span class='ocrx_word' id='word_1_766' title='bbox 1922 5011 1980 5068; x_wconf 88' lang='lat' dir='ltr'><strong>n.</strong></span> <span class='ocrx_word' id='word_1_767' title='bbox 2020 4996 2068 5059; x_wconf 88' lang='grc'>1,</span> 
     </span>
    </p>
   </div>
   <div class='ocr_carea' id='block_1_103' title="bbox 429 5061 2071 5138">
    <p class='ocr_par' dir='ltr' id='par_1_103' title="bbox 429 5061 2071 5138">
     <span class='ocr_line' id='line_1_103' title="bbox 429 5061 2071 5138; baseline 0.004 -24"><span class='ocrx_word' id='word_1_768' title='bbox 429 5076 610 5116; x_wconf 84' lang='lat' dir='ltr'><strong>omnes</strong></span> <span class='ocrx_word' id='word_1_769' title='bbox 641 5061 950 5138; x_wconf 67' lang='lat' dir='ltr'><strong>hwreticos</strong></span> <span class='ocrx_word' id='word_1_770' title='bbox 982 5066 1129 5121; x_wconf 85' lang='lat' dir='ltr'><strong>dixit</strong></span> <span class='ocrx_word' id='word_1_771' title='bbox 1158 5061 1548 5138; x_wconf 71' lang='lat' dir='ltr'><strong>omnipotentis</strong></span> <span class='ocrx_word' id='word_1_772' title='bbox 1579 5068 1677 5122; x_wconf 85' lang='lat' dir='ltr'><strong>Dei</strong></span> <span class='ocrx_word' id='word_1_773' title='bbox 1706 5066 2071 5138; x_wconf 81' lang='lat' dir='ltr'><strong>professione</strong></span> 
     </span>
    </p>
   </div>
   <div class='ocr_carea' id='block_1_104' title="bbox 426 5134 2070 5208">
    <p class='ocr_par' dir='ltr' id='par_1_104' title="bbox 426 5134 2070 5208">
     <span class='ocr_line' id='line_1_104' title="bbox 426 5134 2070 5208; baseline 0.004 -22"><span class='ocrx_word' id='word_1_774' title='bbox 426 5134 776 5208; x_wconf 74' lang='lat' dir='ltr'><strong>oppugnari.</strong></span> <span class='ocrx_word' id='word_1_775' title='bbox 799 5136 871 5208; x_wconf 64' lang='lat' dir='ltr'><strong>Et</strong></span> <span class='ocrx_word' id='word_1_776' title='bbox 887 5142 1046 5192; x_wconf 88' lang='lat' dir='ltr'><strong>certe</strong></span> <span class='ocrx_word' id='word_1_777' title='bbox 1069 5134 1408 5208; x_wconf 81' lang='lat' dir='ltr'><strong>quicunque</strong></span> <span class='ocrx_word' id='word_1_778' title='bbox 1431 5139 1614 5195; x_wconf 92' lang='lat' dir='ltr'><strong>alium</strong></span> <span class='ocrx_word' id='word_1_779' title='bbox 1642 5155 1676 5193; x_wconf 91' lang='lat' dir='ltr'><strong>a</strong></span> <span class='ocrx_word' id='word_1_780' title='bbox 1699 5134 1930 5193; x_wconf 80' lang='lat' dir='ltr'><strong>summo</strong></span> <span class='ocrx_word' id='word_1_781' title='bbox 1955 5139 2070 5193; x_wconf 90' lang='lat' dir='ltr'><strong>Deo</strong></span> 
     </span>
    </p>
   </div>
   <div class='ocr_carea' id='block_1_105' title="bbox 426 5199 2068 5281">
    <p class='ocr_par' dir='ltr' id='par_1_105' title="bbox 426 5199 2068 5281">
     <span class='ocr_line' id='line_1_105' title="bbox 426 5199 2068 5281; baseline 0.001 -21"><span class='ocrx_word' id='word_1_782' title='bbox 426 5199 635 5281; x_wconf 64' lang='lat' dir='ltr'><strong>mundi</strong></span> <span class='ocrx_word' id='word_1_783' title='bbox 667 5205 1036 5281; x_wconf 74' lang='lat' dir='ltr'><strong>conditorem</strong></span> <span class='ocrx_word' id='word_1_784' title='bbox 1059 5199 1471 5275; x_wconf 67' lang='lat' dir='ltr'><strong>admittebant,</strong></span> <span class='ocrx_word' id='word_1_785' title='bbox 1498 5213 1720 5281; x_wconf 87' lang='lat' dir='ltr'><strong>quique</strong></span> <span class='ocrx_word' id='word_1_786' title='bbox 1744 5209 2068 5276; x_wconf 86' lang='lat' dir='ltr'><strong>diabolum,</strong></span> 
     </span>
    </p>
   </div>
   <div class='ocr_carea' id='block_1_106' title="bbox 429 5275 2070 5338">
    <p class='ocr_par' dir='ltr' id='par_1_106' title="bbox 429 5275 2070 5338">
     <span class='ocr_line' id='line_1_106' title="bbox 429 5275 2070 5338; baseline 0.003 -8"><span class='ocrx_word' id='word_1_787' title='bbox 429 5281 495 5330; x_wconf 90' lang='lat' dir='ltr'><strong>ut</strong></span> <span class='ocrx_word' id='word_1_788' title='bbox 524 5275 940 5333; x_wconf 85' lang='lat' dir='ltr'><strong>Valentiniani.</strong></span> <span class='ocrx_word' id='word_1_789' title='bbox 987 5275 1535 5338; x_wconf 42' lang='lat' dir='ltr'><strong>Cosmocratorem:</strong></span> <span class='ocrx_word' id='word_1_790' title='bbox 1573 5275 1682 5336; x_wconf 84' lang='lat' dir='ltr'><strong>hoc</strong></span> <span class='ocrx_word' id='word_1_791' title='bbox 1732 5288 1821 5336; x_wconf 89' lang='lat' dir='ltr'><strong>est</strong></span> <span class='ocrx_word' id='word_1_792' title='bbox 1866 5275 2070 5336; x_wconf 90' lang='lat' dir='ltr'><strong>mundi</strong></span> 
     </span>
    </p>
   </div>
   <div class='ocr_carea' id='block_1_107' title="bbox 427 5349 2072 5418">
    <p class='ocr_par' dir='ltr' id='par_1_107' title="bbox 427 5349 2072 5418">
     <span class='ocr_line' id='line_1_107' title="bbox 427 5349 2072 5418; baseline 0.004 -15"><span class='ocrx_word' id='word_1_793' title='bbox 427 5349 745 5418; x_wconf 65' lang='lat' dir='ltr'><strong>imperium</strong></span> <span class='ocrx_word' id='word_1_794' title='bbox 776 5354 1072 5404; x_wconf 80' lang='lat' dir='ltr'><strong>tenentem</strong></span> <span class='ocrx_word' id='word_1_795' title='bbox 1097 5353 1551 5411; x_wconf 79' lang='lat' dir='ltr'><strong>conﬁtebantur.</strong></span> <span class='ocrx_word' id='word_1_796' title='bbox 1579 5355 1758 5408; x_wconf 72' lang='lat' dir='ltr'><strong>Deum</strong></span> <span class='ocrx_word' id='word_1_797' title='bbox 1784 5355 1846 5408; x_wconf 92' lang='lat' dir='ltr'><strong>in</strong></span> <span class='ocrx_word' id='word_1_798' title='bbox 1868 5353 2072 5408; x_wconf 85' lang='lat' dir='ltr'><strong>omnia</strong></span> 
     </span>
    </p>
   </div>
   <div class='ocr_carea' id='block_1_108' title="bbox 426 5422 2071 5502">
    <p class='ocr_par' dir='ltr' id='par_1_108' title="bbox 426 5422 2071 5502">
     <span class='ocr_line' id='line_1_108' title="bbox 426 5422 2071 5502; baseline 0.002 -28"><span class='ocrx_word' id='word_1_799' title='bbox 426 5427 783 5502; x_wconf 81' lang='lat' dir='ltr'><strong>potestatem</strong></span> <span class='ocrx_word' id='word_1_800' title='bbox 819 5422 1034 5502; x_wconf 80' lang='lat' dir='ltr'><strong>habere</strong></span> <span class='ocrx_word' id='word_1_801' title='bbox 1066 5433 1500 5502; x_wconf 73' lang='lat' dir='ltr'><strong>consequenter</strong></span> <span class='ocrx_word' id='word_1_802' title='bbox 1530 5425 1861 5502; x_wconf 68' lang='lat' dir='ltr'><strong>negabant;</strong></span> <span class='ocrx_word' id='word_1_803' title='bbox 1895 5433 2071 5502; x_wconf 77' lang='lat' dir='ltr'><strong>atque</strong></span> 
     </span>
    </p>
   </div>
   <div class='ocr_carea' id='block_1_109' title="bbox 426 5496 2071 5567">
    <p class='ocr_par' dir='ltr' id='par_1_109' title="bbox 426 5496 2071 5567">
     <span class='ocr_line' id='line_1_109' title="bbox 426 5496 2071 5567; baseline 0.002 -21"><span class='ocrx_word' id='word_1_804' title='bbox 426 5496 738 5567; x_wconf 61' lang='lat' dir='ltr'><strong>ita_verun)</strong></span> <span class='ocrx_word' id='word_1_805' title='bbox 774 5500 864 5547; x_wconf 88' lang='lat' dir='ltr'><strong>est</strong></span> <span class='ocrx_word' id='word_1_806' title='bbox 893 5508 1104 5567; x_wconf 75' lang='lat' dir='ltr'><strong>omnes</strong></span> <span class='ocrx_word' id='word_1_807' title='bbox 1135 5497 1443 5552; x_wconf 77' lang='lat' dir='ltr'><strong>hmreticos</strong></span> <span class='ocrx_word' id='word_1_808' title='bbox 1467 5496 1540 5551; x_wconf 91' lang='lat' dir='ltr'><strong>de</strong></span> <span class='ocrx_word' id='word_1_809' title='bbox 1562 5496 1775 5567; x_wconf 81' lang='lat' dir='ltr'><strong>quibus</strong></span> <span class='ocrx_word' id='word_1_810' title='bbox 1802 5497 1947 5551; x_wconf 81' lang='lat' dir='ltr'><strong>dixit</strong></span> <span class='ocrx_word' id='word_1_811' title='bbox 1973 5512 2071 5550; x_wconf 87' lang='lat' dir='ltr'><strong>ca-</strong></span> 
     </span>
    </p>
   </div>
   <div class='ocr_carea' id='block_1_110' title="bbox 424 5563 2069 5632">
    <p class='ocr_par' dir='ltr' id='par_1_110' title="bbox 424 5563 2069 5632">
     <span class='ocr_line' id='line_1_110' title="bbox 424 5563 2069 5632; baseline 0.002 -14"><span class='ocrx_word' id='word_1_812' title='bbox 424 5563 579 5618; x_wconf 89' lang='lat' dir='ltr'><strong>tech.</strong></span> <span class='ocrx_word' id='word_1_813' title='bbox 614 5566 645 5619; x_wconf 85' lang='lat'><strong>6</strong></span> <span class='ocrx_word' id='word_1_814' title='bbox 701 5566 883 5620; x_wconf 91' lang='lat' dir='ltr'><strong>Deum</strong></span> <span class='ocrx_word' id='word_1_815' title='bbox 916 5564 1380 5632; x_wconf 80' lang='lat' dir='ltr'><strong>omnipotentem</strong></span> <span class='ocrx_word' id='word_1_816' title='bbox 1412 5563 1662 5623; x_wconf 79' lang='lat' dir='ltr'><strong>nescire.</strong></span> <span class='ocrx_word' id='word_1_817' title='bbox 1694 5570 1850 5632; x_wconf 86' lang='lat' dir='ltr'><strong>Quos</strong></span> <span class='ocrx_word' id='word_1_818' title='bbox 1872 5573 2069 5624; x_wconf 88' lang='lat' dir='ltr'><strong>autem</strong></span> 
     </span>
    </p>
   </div>
   <div class='ocr_carea' id='block_1_111' title="bbox 422 5632 2067 5709">
    <p class='ocr_par' dir='ltr' id='par_1_111' title="bbox 422 5632 2067 5709">
     <span class='ocr_line' id='line_1_111' title="bbox 422 5632 2067 5709; baseline 0.001 -18"><span class='ocrx_word' id='word_1_819' title='bbox 422 5632 523 5691; x_wconf 89' lang='lat' dir='ltr'><strong>hic</strong></span> <span class='ocrx_word' id='word_1_820' title='bbox 555 5636 792 5709; x_wconf 86' lang='lat' dir='ltr'><strong>refellit.</strong></span> <span class='ocrx_word' id='word_1_821' title='bbox 827 5636 935 5693; x_wconf 88' lang='lat' dir='ltr'><strong>soli</strong></span> <span class='ocrx_word' id='word_1_822' title='bbox 972 5642 1111 5689; x_wconf 89' lang='lat' dir='ltr'><strong>sunt</strong></span> <span class='ocrx_word' id='word_1_823' title='bbox 1136 5638 1461 5701; x_wconf 73' lang='lat' dir='ltr'><strong>Manichmi,</strong></span> <span class='ocrx_word' id='word_1_824' title='bbox 1487 5646 1544 5692; x_wconf 88' lang='lat' dir='ltr'><strong>et</strong></span> <span class='ocrx_word' id='word_1_825' title='bbox 1566 5640 1602 5693; x_wconf 90' lang='lat' dir='ltr'><strong>ii</strong></span> <span class='ocrx_word' id='word_1_826' title='bbox 1633 5657 1882 5709; x_wconf 83' lang='lat' dir='ltr'><strong>quorum</strong></span> <span class='ocrx_word' id='word_1_827' title='bbox 1913 5655 2067 5693; x_wconf 86' lang='lat' dir='ltr'><strong>erro-</strong></span> 
     </span>
    </p>
   </div>
   <div class='ocr_carea' id='block_1_112' title="bbox 412 5708 2067 5784">
    <p class='ocr_par' dir='ltr' id='par_1_112' title="bbox 412 5708 2067 5784">
     <span class='ocr_line' id='line_1_112' title="bbox 412 5708 2067 5784; baseline 0.001 -20"><span class='ocrx_word' id='word_1_828' title='bbox 412 5721 549 5784; x_wconf 80' lang='lat' dir='ltr'><strong>rem</strong></span> <span class='ocrx_word' id='word_1_829' title='bbox 581 5708 641 5784; x_wconf 79' lang='lat' dir='ltr'><strong>hi</strong></span> <span class='ocrx_word' id='word_1_830' title='bbox 676 5712 1083 5784; x_wconf 70' lang='lat' dir='ltr'><strong>sumpserant,</strong></span> <span class='ocrx_word' id='word_1_831' title='bbox 1115 5714 1177 5763; x_wconf 90' lang='lat' dir='ltr'><strong>ut</strong></span> <span class='ocrx_word' id='word_1_832' title='bbox 1205 5717 1367 5781; x_wconf 87' lang='lat' dir='ltr'><strong>patet</strong></span> <span class='ocrx_word' id='word_1_833' title='bbox 1397 5729 1464 5766; x_wconf 85' lang='lat' dir='ltr'><strong>ex</strong></span> <span class='ocrx_word' id='word_1_834' title='bbox 1498 5708 1669 5766; x_wconf 83' lang='lat' dir='ltr'><strong>dictis</strong></span> <span class='ocrx_word' id='word_1_835' title='bbox 1701 5717 1811 5766; x_wconf 86' lang='lat' dir='ltr'><strong>cat.</strong></span> <span class='ocrx_word' id='word_1_836' title='bbox 1848 5714 1899 5765; x_wconf 69' lang='grc'><strong>4.</strong></span> <span class='ocrx_word' id='word_1_837' title='bbox 1934 5728 1992 5767; x_wconf 93' lang='lat' dir='ltr'><strong>n.</strong></span> <span class='ocrx_word' id='word_1_838' title='bbox 2015 5713 2067 5779; x_wconf 71' lang='grc'>4,</span> 
     </span>
    </p>
   </div>
   <div class='ocr_carea' id='block_1_113' title="bbox 406 5777 1112 5841">
    <p class='ocr_par' dir='ltr' id='par_1_113' title="bbox 406 5777 1112 5841">
     <span class='ocr_line' id='line_1_113' title="bbox 406 5777 1112 5841; baseline -0.011 0"><span class='ocrx_word' id='word_1_839' title='bbox 406 5782 565 5841; x_wconf 85' lang='lat' dir='ltr'><strong>nota</strong></span> <span class='ocrx_word' id='word_1_840' title='bbox 594 5777 622 5837; x_wconf 85' lang='grc' dir='ltr'>δ</span> <span class='ocrx_word' id='word_1_841' title='bbox 654 5790 711 5841; x_wconf 89' lang='lat' dir='ltr'><strong>et</strong></span> <span class='ocrx_word' id='word_1_842' title='bbox 739 5777 901 5841; x_wconf 58' lang='lat' dir='ltr'><strong>n.&#39;l8</strong></span> <span class='ocrx_word' id='word_1_843' title='bbox 933 5785 995 5837; x_wconf 85' lang='lat' dir='ltr'><strong>et</strong></span> <span class='ocrx_word' id='word_1_844' title='bbox 1028 5781 1112 5834; x_wconf 66' lang='lat'><strong>:2.</strong></span> 
     </span>
    </p>
   </div>
   <div class='ocr_carea' id='block_1_114' title="bbox 2181 4703 3824 4779">
    <p class='ocr_par' dir='ltr' id='par_1_114' title="bbox 2181 4703 3824 4779">
     <span class='ocr_line' id='line_1_114' title="bbox 2181 4703 3824 4779; baseline -0.002 -17"><span class='ocrx_word' id='word_1_845' title='bbox 2181 4703 2435 4779; x_wconf 77' lang='lat' dir='ltr'><strong>psimus,</strong></span> <span class='ocrx_word' id='word_1_846' title='bbox 2464 4703 2744 4779; x_wconf 64' lang='grc' dir='ltr'>οῷὂεζτερον</span> <span class='ocrx_word' id='word_1_847' title='bbox 2769 4704 2975 4779; x_wconf 61' lang='grc' dir='ltr'>αὐτῶν.</span> <span class='ocrx_word' id='word_1_848' title='bbox 3022 4708 3134 4779; x_wconf 79' lang='lat' dir='ltr'><strong>Pro</strong></span> <span class='ocrx_word' id='word_1_849' title='bbox 3190 4706 3285 4779; x_wconf 83' lang='lat' dir='ltr'><strong>his</strong></span> <span class='ocrx_word' id='word_1_850' title='bbox 3333 4703 3546 4771; x_wconf 72' lang='lat' dir='ltr'><strong>verbis,</strong></span> <span class='ocrx_word' id='word_1_851' title='bbox 3576 4708 3695 4766; x_wconf 80' lang='grc' dir='ltr'>πῶς</span> <span class='ocrx_word' id='word_1_852' title='bbox 3724 4709 3824 4779; x_wconf 73' lang='grc' dir='ltr'><strong>γὰρ</strong></span> 
     </span>
    </p>
   </div>
   <div class='ocr_carea' id='block_1_115' title="bbox 2180 4773 3825 4848">
    <p class='ocr_par' dir='ltr' id='par_1_115' title="bbox 2180 4773 3825 4848">
     <span class='ocr_line' id='line_1_115' title="bbox 2180 4773 3825 4848; baseline 0.002 -18"><span class='ocrx_word' id='word_1_853' title='bbox 2180 4773 2445 4837; x_wconf 71' lang='grc' dir='ltr'>τελειοςὸ</span> <span class='ocrx_word' id='word_1_854' title='bbox 2506 4773 2708 4831; x_wconf 73' lang='grc' dir='ltr'>λείπὼν</span> <span class='ocrx_word' id='word_1_855' title='bbox 2766 4773 2994 4831; x_wconf 74' lang='grc' dir='ltr'>ἕκαστον</span> <span class='ocrx_word' id='word_1_856' title='bbox 3053 4776 3328 4847; x_wconf 73' lang='grc' dir='ltr'><strong>ἑκατὲρῳς</strong></span> <span class='ocrx_word' id='word_1_857' title='bbox 3387 4779 3658 4848; x_wconf 82' lang='lat' dir='ltr'><strong>quomodo</strong></span> <span class='ocrx_word' id='word_1_858' title='bbox 3683 4773 3825 4834; x_wconf 58' lang='lat' dir='ltr'><strong>enim</strong></span> 
     </span>
    </p>
   </div>
   <div class='ocr_carea' id='block_1_116' title="bbox 2172 4849 3824 4922">
    <p class='ocr_par' dir='ltr' id='par_1_116' title="bbox 2172 4849 3824 4922">
     <span class='ocr_line' id='line_1_116' title="bbox 2172 4849 3824 4922; baseline 0.001 -18"><span class='ocrx_word' id='word_1_859' title='bbox 2172 4853 2471 4921; x_wconf 78' lang='lat' dir='ltr'><strong>perfectus,</strong></span> <span class='ocrx_word' id='word_1_860' title='bbox 2503 4853 2600 4920; x_wconf 86' lang='lat' dir='ltr'><strong>qui</strong></span> <span class='ocrx_word' id='word_1_861' title='bbox 2644 4852 2866 4919; x_wconf 82' lang='lat' dir='ltr'><strong>singula</strong></span> <span class='ocrx_word' id='word_1_862' title='bbox 2924 4852 3144 4920; x_wconf 79' lang='lat' dir='ltr'><strong>utrique</strong></span> <span class='ocrx_word' id='word_1_863' title='bbox 3197 4851 3488 4905; x_wconf 75' lang='lat' dir='ltr'><strong>concedit?</strong></span> <span class='ocrx_word' id='word_1_864' title='bbox 3516 4849 3731 4922; x_wconf 90' lang='lat' dir='ltr'><strong>quibus</strong></span> <span class='ocrx_word' id='word_1_865' title='bbox 3762 4851 3824 4906; x_wconf 90' lang='lat' dir='ltr'><strong>in</strong></span> 
     </span>
    </p>
   </div>
   <div class='ocr_carea' id='block_1_117' title="bbox 2180 4921 3825 4992">
    <p class='ocr_par' dir='ltr' id='par_1_117' title="bbox 2180 4921 3825 4992">
     <span class='ocr_line' id='line_1_117' title="bbox 2180 4921 3825 4992; baseline 0.001 -17"><span class='ocrx_word' id='word_1_866' title='bbox 2180 4922 2420 4977; x_wconf 87' lang='lat' dir='ltr'><strong>vocibus</strong></span> <span class='ocrx_word' id='word_1_867' title='bbox 2451 4938 2661 4977; x_wconf 89' lang='lat' dir='ltr'><strong>sensus</strong></span> <span class='ocrx_word' id='word_1_868' title='bbox 2683 4921 2884 4992; x_wconf 81' lang='lat' dir='ltr'><strong>nullus</strong></span> <span class='ocrx_word' id='word_1_869' title='bbox 2906 4922 3081 4989; x_wconf 88' lang='lat' dir='ltr'><strong>inest,</strong></span> <span class='ocrx_word' id='word_1_870' title='bbox 3105 4929 3453 4992; x_wconf 83' lang='lat' dir='ltr'><strong>exquatuor</strong></span> <span class='ocrx_word' id='word_1_871' title='bbox 3482 4921 3825 4978; x_wconf 84' lang='lat' dir='ltr'><strong>memoratis</strong></span> 
     </span>
    </p>
   </div>
   <div class='ocr_carea' id='block_1_118' title="bbox 2181 4989 3828 5078">
    <p class='ocr_par' dir='ltr' id='par_1_118' title="bbox 2181 4989 3828 5078">
     <span class='ocr_line' id='line_1_118' title="bbox 2181 4989 3828 5078; baseline 0 -30"><span class='ocrx_word' id='word_1_872' title='bbox 2181 5010 2303 5078; x_wconf 82' lang='lat' dir='ltr'><strong>mss</strong></span> <span class='ocrx_word' id='word_1_873' title='bbox 2358 4989 3068 5078; x_wconf 46' lang='lat' dir='ltr'><strong>pOSl&#39;l&#39;imllS.‘T§).)t_£i1tEt:</strong></span> <span class='ocrx_word' id='word_1_874' title='bbox 3111 4989 3362 5078; x_wconf 64' lang='grc' dir='ltr'>ἑκάτερον</span> <span class='ocrx_word' id='word_1_875' title='bbox 3418 4993 3828 5078; x_wconf 48' lang='grc' dir='ltr'><strong>θατέρῳ,“ᾳᾳοᾴ</strong></span> 
     </span>
    </p>
   </div>
   <div class='ocr_carea' id='block_1_119' title="bbox 2180 5064 3829 5135">
    <p class='ocr_par' dir='ltr' id='par_1_119' title="bbox 2180 5064 3829 5135">
     <span class='ocr_line' id='line_1_119' title="bbox 2180 5064 3829 5135; baseline -0.001 -15"><span class='ocrx_word' id='word_1_876' title='bbox 2180 5073 2408 5135; x_wconf 77' lang='lat' dir='ltr'><strong>uterque</strong></span> <span class='ocrx_word' id='word_1_877' title='bbox 2436 5066 2551 5120; x_wconf 82' lang='lat' dir='ltr'><strong>alia</strong></span> <span class='ocrx_word' id='word_1_878' title='bbox 2581 5082 2641 5119; x_wconf 82' lang='lat' dir='ltr'><strong>re</strong></span> <span class='ocrx_word' id='word_1_879' title='bbox 2672 5065 2976 5134; x_wconf 81' lang='lat' dir='ltr'><strong>deﬁciatur.</strong></span> <span class='ocrx_word' id='word_1_880' title='bbox 3030 5066 3291 5129; x_wconf 88' lang='lat' dir='ltr'><strong>Quorum</strong></span> <span class='ocrx_word' id='word_1_881' title='bbox 3347 5064 3478 5120; x_wconf 88' lang='lat' dir='ltr'><strong>loco</strong></span> <span class='ocrx_word' id='word_1_882' title='bbox 3510 5064 3603 5121; x_wconf 85' lang='lat' dir='ltr'><strong>sic</strong></span> <span class='ocrx_word' id='word_1_883' title='bbox 3647 5065 3829 5121; x_wconf 86' lang='lat' dir='ltr'><strong>habet</strong></span> 
     </span>
    </p>
   </div>
   <div class='ocr_carea' id='block_1_120' title="bbox 2181 5135 3826 5193">
    <p class='ocr_par' dir='ltr' id='par_1_120' title="bbox 2181 5135 3826 5193">
     <span class='ocr_line' id='line_1_120' title="bbox 2181 5135 3826 5193; baseline 0.001 -2"><span class='ocrx_word' id='word_1_884' title='bbox 2181 5138 2519 5193; x_wconf 86' lang='lat' dir='ltr'><strong>Grodecius.</strong></span> <span class='ocrx_word' id='word_1_885' title='bbox 2553 5154 2675 5192; x_wconf 87' lang='lat' dir='ltr'><strong>cum</strong></span> <span class='ocrx_word' id='word_1_886' title='bbox 2706 5138 2941 5191; x_wconf 79' lang='lat' dir='ltr'><strong>alterum</strong></span> <span class='ocrx_word' id='word_1_887' title='bbox 2982 5136 3147 5190; x_wconf 80' lang='lat' dir='ltr'><strong>alteri</strong></span> <span class='ocrx_word' id='word_1_888' title='bbox 3179 5137 3451 5191; x_wconf 77' lang='lat' dir='ltr'><strong>tribuunt.</strong></span> <span class='ocrx_word' id='word_1_889' title='bbox 3489 5135 3703 5191; x_wconf 79' lang='grc' dir='ltr'>Λείπειν</span> <span class='ocrx_word' id='word_1_890' title='bbox 3731 5138 3826 5192; x_wconf 88' lang='lat' dir='ltr'><strong>hic</strong></span> 
     </span>
    </p>
   </div>
   <div class='ocr_carea' id='block_1_121' title="bbox 2179 5208 3828 5279">
    <p class='ocr_par' dir='ltr' id='par_1_121' title="bbox 2179 5208 3828 5279">
     <span class='ocr_line' id='line_1_121' title="bbox 2179 5208 3828 5279; baseline -0.001 -15"><span class='ocrx_word' id='word_1_891' title='bbox 2179 5215 2393 5264; x_wconf 85' lang='lat' dir='ltr'><strong>neutra</strong></span> <span class='ocrx_word' id='word_1_892' title='bbox 2421 5208 2854 5279; x_wconf 77' lang='lat' dir='ltr'><strong>significatione</strong></span> <span class='ocrx_word' id='word_1_893' title='bbox 2878 5208 3175 5277; x_wconf 81' lang='lat' dir='ltr'><strong>signiﬁcat</strong></span> <span class='ocrx_word' id='word_1_894' title='bbox 3195 5208 3573 5265; x_wconf 80' lang='lat' dir='ltr'><strong>deficientem</strong></span> <span class='ocrx_word' id='word_1_895' title='bbox 3606 5214 3828 5267; x_wconf 87' lang='lat' dir='ltr'><strong>esse.ut</strong></span> 
     </span>
    </p>
   </div>
   <div class='ocr_carea' id='block_1_122' title="bbox 2180 5279 3824 5351">
    <p class='ocr_par' dir='ltr' id='par_1_122' title="bbox 2180 5279 3824 5351">
     <span class='ocr_line' id='line_1_122' title="bbox 2180 5279 3824 5351; baseline 0 -16"><span class='ocrx_word' id='word_1_896' title='bbox 2180 5281 2321 5335; x_wconf 87' lang='lat' dir='ltr'><strong>alibi</strong></span> <span class='ocrx_word' id='word_1_897' title='bbox 2354 5297 2508 5351; x_wconf 59' lang='lat' dir='ltr'><strong>serpe</strong></span> <span class='ocrx_word' id='word_1_898' title='bbox 2540 5280 2927 5351; x_wconf 79' lang='lat' dir='ltr'><strong>apudCyrill.</strong></span> <span class='ocrx_word' id='word_1_899' title='bbox 2987 5279 3174 5351; x_wconf 73' lang='lat' dir='ltr'><strong>verbi</strong></span> <span class='ocrx_word' id='word_1_900' title='bbox 3205 5281 3416 5351; x_wconf 16' lang='lat' dir='ltr'><strong>gratia»</strong></span> <span class='ocrx_word' id='word_1_901' title='bbox 3449 5288 3560 5351; x_wconf 80' lang='lat' dir='ltr'><strong>cat.</strong></span> <span class='ocrx_word' id='word_1_902' title='bbox 3594 5284 3645 5341; x_wconf 83' lang='lat'><strong>5.</strong></span> <span class='ocrx_word' id='word_1_903' title='bbox 3679 5297 3718 5336; x_wconf 90' lang='lat' dir='ltr'><strong>n</strong></span> <span class='ocrx_word' id='word_1_904' title='bbox 3766 5282 3824 5349; x_wconf 85' lang='lat'><strong>9,</strong></span> 
     </span>
    </p>
   </div>
   <div class='ocr_carea' id='block_1_123' title="bbox 2178 5348 3823 5422">
    <p class='ocr_par' dir='ltr' id='par_1_123' title="bbox 2178 5348 3823 5422">
     <span class='ocr_line' id='line_1_123' title="bbox 2178 5348 3823 5422; baseline -0.001 -19"><span class='ocrx_word' id='word_1_905' title='bbox 2178 5356 2274 5405; x_wconf 80' lang='grc' dir='ltr'><strong>τοῦ</strong></span> <span class='ocrx_word' id='word_1_906' title='bbox 2330 5348 2523 5422; x_wconf 72' lang='grc' dir='ltr'>νεκροῦ</span> <span class='ocrx_word' id='word_1_907' title='bbox 2577 5348 2641 5405; x_wconf 75' lang='grc' dir='ltr'>τὸ</span> <span class='ocrx_word' id='word_1_908' title='bbox 2703 5348 2890 5404; x_wconf 83' lang='grc' dir='ltr'>λεῖπον</span> <span class='ocrx_word' id='word_1_909' title='bbox 2947 5357 3048 5414; x_wconf 72' lang='grc' dir='ltr'><strong>τῆς</strong></span> <span class='ocrx_word' id='word_1_910' title='bbox 3112 5348 3345 5411; x_wconf 71' lang='grc' dir='ltr'>πίστεως</span> <span class='ocrx_word' id='word_1_911' title='bbox 3403 5348 3823 5422; x_wconf 61' lang='grc' dir='ltr'>ἆναπλῆρωσον,</span> 
     </span>
    </p>
   </div>
   <div class='ocr_carea' id='block_1_124' title="bbox 2177 5424 3824 5494">
    <p class='ocr_par' dir='ltr' id='par_1_124' title="bbox 2177 5424 3824 5494">
     <span class='ocr_line' id='line_1_124' title="bbox 2177 5424 3824 5494; baseline 0.001 -18"><span class='ocrx_word' id='word_1_912' title='bbox 2177 5426 2306 5494; x_wconf 77' lang='lat' dir='ltr'><strong>ﬁdei</strong></span> <span class='ocrx_word' id='word_1_913' title='bbox 2330 5425 2600 5492; x_wconf 68' lang='lat' dir='ltr'><strong>defectum</strong></span> <span class='ocrx_word' id='word_1_914' title='bbox 2632 5425 2687 5476; x_wconf 87' lang='lat' dir='ltr'><strong>in</strong></span> <span class='ocrx_word' id='word_1_915' title='bbox 2720 5431 2935 5494; x_wconf 67' lang='lat' dir='ltr'><strong>mortuo</strong></span> <span class='ocrx_word' id='word_1_916' title='bbox 2965 5424 3225 5494; x_wconf 80' lang='lat' dir='ltr'><strong>adimple.</strong></span> <span class='ocrx_word' id='word_1_917' title='bbox 3259 5425 3364 5479; x_wconf 89' lang='lat' dir='ltr'><strong>Cat</strong></span> <span class='ocrx_word' id='word_1_918' title='bbox 3418 5427 3503 5483; x_wconf 79' lang='grc'><strong>12.</strong></span> <span class='ocrx_word' id='word_1_919' title='bbox 3535 5442 3574 5480; x_wconf 92' lang='lat' dir='ltr'><strong>n</strong></span> <span class='ocrx_word' id='word_1_920' title='bbox 3627 5424 3824 5482; x_wconf 61' lang='lat' dir='ltr'><strong>15.2w:</strong></span> 
     </span>
    </p>
   </div>
   <div class='ocr_carea' id='block_1_125' title="bbox 2178 5491 3826 5566">
    <p class='ocr_par' dir='ltr' id='par_1_125' title="bbox 2178 5491 3826 5566">
     <span class='ocr_line' id='line_1_125' title="bbox 2178 5491 3826 5566; baseline 0.003 -19"><span class='ocrx_word' id='word_1_921' title='bbox 2178 5491 2256 5559; x_wconf 78' lang='grc' dir='ltr'>τῷ</span> <span class='ocrx_word' id='word_1_922' title='bbox 2288 5491 2532 5549; x_wconf 80' lang='grc' dir='ltr'>λείποντι</span> <span class='ocrx_word' id='word_1_923' title='bbox 2569 5494 2788 5564; x_wconf 75' lang='grc' dir='ltr'>μείζονα</span> <span class='ocrx_word' id='word_1_924' title='bbox 2819 5491 2898 5562; x_wconf 75' lang='grc' dir='ltr'><strong>δῷ</strong></span> <span class='ocrx_word' id='word_1_925' title='bbox 2945 5495 3043 5560; x_wconf 78' lang='grc' dir='ltr'>τήν</span> <span class='ocrx_word' id='word_1_926' title='bbox 3092 5491 3277 5566; x_wconf 50' lang='grc' dir='ltr'>γαριν,</span> <span class='ocrx_word' id='word_1_927' title='bbox 3309 5503 3373 5551; x_wconf 82' lang='lat' dir='ltr'><strong>ut</strong></span> <span class='ocrx_word' id='word_1_928' title='bbox 3418 5499 3469 5551; x_wconf 84' lang='lat' dir='ltr'><strong>ei</strong></span> <span class='ocrx_word' id='word_1_929' title='bbox 3495 5497 3645 5566; x_wconf 84' lang='lat' dir='ltr'><strong>quod</strong></span> <span class='ocrx_word' id='word_1_930' title='bbox 3672 5497 3826 5566; x_wconf 82' lang='lat' dir='ltr'><strong>defe-</strong></span> 
     </span>
    </p>
   </div>
   <div class='ocr_carea' id='block_1_126' title="bbox 2178 5568 3642 5637">
    <p class='ocr_par' dir='ltr' id='par_1_126' title="bbox 2178 5568 3642 5637">
     <span class='ocr_line' id='line_1_126' title="bbox 2178 5568 3642 5637; baseline 0 -15"><span class='ocrx_word' id='word_1_931' title='bbox 2178 5575 2323 5622; x_wconf 84' lang='lat' dir='ltr'><strong>ctum</strong></span> <span class='ocrx_word' id='word_1_932' title='bbox 2350 5568 2689 5637; x_wconf 67' lang='lat' dir='ltr'><strong>patiebatur.</strong></span> <span class='ocrx_word' id='word_1_933' title='bbox 2723 5569 3040 5636; x_wconf 81' lang='lat' dir='ltr'><strong>ampliorem</strong></span> <span class='ocrx_word' id='word_1_934' title='bbox 3069 5570 3343 5635; x_wconf 71' lang='lat' dir='ltr'><strong>conferret</strong></span> <span class='ocrx_word' id='word_1_935' title='bbox 3383 5570 3642 5637; x_wconf 84' lang='lat' dir='ltr'><strong>gratiam.</strong></span> 
     </span>
    </p>
   </div>
   <div class='ocr_carea' id='block_1_127' title="bbox 2251 5637 3823 5708">
    <p class='ocr_par' dir='ltr' id='par_1_127' title="bbox 2251 5637 3823 5708">
     <span class='ocr_line' id='line_1_127' title="bbox 2251 5637 3823 5708; baseline 0.005 -20"><span class='ocrx_word' id='word_1_936' title='bbox 2251 5642 2321 5708; x_wconf 68' lang='grc'><strong>«4)</strong></span> <span class='ocrx_word' id='word_1_937' title='bbox 2356 5640 2450 5692; x_wconf 69' lang='grc' dir='ltr'>Διά</span> <span class='ocrx_word' id='word_1_938' title='bbox 2484 5637 2878 5708; x_wconf 68' lang='grc' dir='ltr'>μακεοθυμίαν.</span> <span class='ocrx_word' id='word_1_939' title='bbox 2914 5641 3027 5694; x_wconf 87' lang='lat' dir='ltr'><strong>Eas</strong></span> <span class='ocrx_word' id='word_1_940' title='bbox 3058 5655 3227 5693; x_wconf 79' lang='lat' dir='ltr'><strong>voces</strong></span> <span class='ocrx_word' id='word_1_941' title='bbox 3258 5656 3328 5694; x_wconf 87' lang='lat' dir='ltr'><strong>ex</strong></span> <span class='ocrx_word' id='word_1_942' title='bbox 3366 5640 3566 5705; x_wconf 80' lang='lat' dir='ltr'><strong>Coisl.,</strong></span> <span class='ocrx_word' id='word_1_943' title='bbox 3602 5639 3823 5705; x_wconf 87' lang='lat' dir='ltr'><strong>Ottob.,</strong></span> 
     </span>
    </p>
   </div>
   <div class='ocr_carea' id='block_1_128' title="bbox 2180 5709 3828 5783">
    <p class='ocr_par' dir='ltr' id='par_1_128' title="bbox 2180 5709 3828 5783">
     <span class='ocr_line' id='line_1_128' title="bbox 2180 5709 3828 5783; baseline 0.001 -17"><span class='ocrx_word' id='word_1_944' title='bbox 2180 5713 2298 5783; x_wconf 81' lang='lat' dir='ltr'><strong>Roe</strong></span> <span class='ocrx_word' id='word_1_945' title='bbox 2329 5717 2388 5765; x_wconf 91' lang='lat' dir='ltr'><strong>et</strong></span> <span class='ocrx_word' id='word_1_946' title='bbox 2417 5709 3033 5783; x_wconf 33' lang='lat' dir='ltr'><strong>casauchodicibus</strong></span> <span class='ocrx_word' id='word_1_947' title='bbox 3074 5710 3295 5773; x_wconf 85' lang='lat' dir='ltr'><strong>addidi,</strong></span> <span class='ocrx_word' id='word_1_948' title='bbox 3330 5728 3479 5783; x_wconf 90' lang='lat' dir='ltr'><strong>quas</strong></span> <span class='ocrx_word' id='word_1_949' title='bbox 3511 5713 3828 5783; x_wconf 81' lang='lat' dir='ltr'><strong>sequentia</strong></span> 
     </span>
    </p>
   </div>
   <div class='ocr_carea' id='block_1_129' title="bbox 2180 5778 3827 5860">
    <p class='ocr_par' dir='ltr' id='par_1_129' title="bbox 2180 5778 3827 5860">
     <span class='ocr_line' id='line_1_129' title="bbox 2180 5778 3827 5860; baseline 0.004 -24"><span class='ocrx_word' id='word_1_950' title='bbox 2180 5782 2376 5856; x_wconf 79' lang='lat' dir='ltr'><strong>verba,</strong></span> <span class='ocrx_word' id='word_1_951' title='bbox 2409 5780 2475 5836; x_wconf 82' lang='grc' dir='ltr'>οὐ</span> <span class='ocrx_word' id='word_1_952' title='bbox 2504 5781 2609 5857; x_wconf 71' lang='grc' dir='ltr'><strong>γὰρ</strong></span> <span class='ocrx_word' id='word_1_953' title='bbox 2642 5778 2917 5837; x_wconf 80' lang='grc' dir='ltr'>ἀδυνατῶν</span> <span class='ocrx_word' id='word_1_954' title='bbox 2949 5780 3221 5858; x_wconf 66' lang='grc' dir='ltr'>ἀνέχεται,</span> <span class='ocrx_word' id='word_1_955' title='bbox 3252 5778 3827 5860; x_wconf 54' lang='lat' dir='ltr'><strong>necessario-postu-</strong></span> 
     </span>
    </p>
   </div>
  </div>
