4132 6266
404 441 528 500 629

1315 443 1793 505 CATECHESIS
1837 445 1993 505 Vlll.
2042 446 2145 506 DE
2189 444 2733 506 PROVIDENTIA
2773 445 2930 505 DEl.

3709 443 3831 513 630

409 570 688 644 ἀνέχεται,
723 569 796 630 ὡς
825 570 1151 642 νικώμενοςο
1195 573 1376 648 Ἀρχῆ
1425 573 1526 650 γάρ
1576 574 1686 630 ἐστι
1736 573 2057 646 πλάσματος

2171 575 2527 647 subjectum,
2560 575 2662 631 sed
2685 592 2754 631 ex
2777 575 3091 631 tolerantia
3119 578 3342 647 patitur
3367 595 3381 644 ;
3408 594 3518 633 nec
3543 580 3705 635 enim
3723 599 3830 653 per

413 657 637 731 Κυρίου,
669 667 1038 731 πεποιημένος
1097 658 1603 736 ἐγκαταπαίζεσθαι,
1666 662 1769 740 οὐχ
1827 665 1916 718 ὑπ’
1969 664 2066 718 αὐ-

409 750 506 801 τοῦ
539 747 774 820 (ἀνάξιος
804 749 904 824 γάρ
939 747 1126 824 ἐστιν),
1159 748 1289 805 ἀλλ’
1347 751 1451 807 ὑπὸ
1505 758 1612 806 τῶν
1661 750 1905 828 ἀγγέλων
1955 758 2065 809 τῶν

414 837 502 890 ὑπ’
535 835 700 892 αὐτοῦ
731 839 1139 911 πεποιημένων.
1175 843 1540 918 Συνεχώρησε
1573 840 1630 897 δὲ
1677 843 1824 915 αὐτῷ
1881 845 1969 898 καὶ
2003 844 2065 898 τὸ

413 929 534 997 ζῇν,
566 924 656 980 ἳνα
688 923 783 980 δύο
812 928 1030 1000 γένηται
1062 929 1379 1003 πράγματα,
1435 931 1598 994 αὐτός
1644 953 1703 986 τε
1752 936 1828 1005 (1)
1881 937 2066 1004 μειζό-

405 1035 514 1077 νως
549 1016 849 1090 ἀσχημονῇ
882 1015 1208 1090 νικώμενος,
1240 1020 1330 1074 καὶ
1363 1021 1416 1074 οἱ
1463 1017 1741 1096 ἄνθρωποι
1791 1042 2066 1095 στεφανω-

407 1105 595 1161 θωσιν.
651 1105 717 1159 Ὠ
775 1105 1054 1180 πανόσφου
1112 1112 1191 1180 (2)
1248 1109 1394 1173 θείας
1449 1109 1721 1184 προνίαςι
1780 1109 1904 1181 ἥτις
1962 1113 2062 1180 τὴν

407 1193 652 1269 πονηρὰν
683 1195 1003 1270 προαίρεσιν
1037 1198 1111 1258 εἷς
1159 1198 1411 1262 ὑπόθεσιν
1465 1202 1742 1274 σωτηρίας
1796 1196 2064 1274 λαμϐἅνει

407 1288 515 1338 τῶν
547 1287 774 1340 πιστῶν.
809 1286 1016 1360 Ὠσπερ
1047 1288 1148 1362 γὰρ
1207 1289 1306 1356 τήν
1363 1286 1698 1368 μισάδελφον
1745 1294 1852 1344 τῶν
1903 1288 2061 1345 ἀδελ-

407 1377 522 1450 φῶν
549 1377 646 1428 τοῦ
677 1375 880 1452 Ἰωσὴφ
942 1378 1022 1448 (3)
1071 1376 1383 1450 προαίρεσιν
1436 1373 1630 1434 ἔλαϐεν
1681 1378 1756 1442 εἷς
1808 1379 2059 1443 ὑπόθεσιν

403 1469 502 1530 τῆς
532 1461 671 1525 ἴδίας
719 1462 1058 1537 οἰκονομίας,
1115 1466 1206 1520 καὶ
1269 1471 1632 1544 συγχωρήσας
1692 1468 1876 1532 αὐτοῖς
1929 1470 2063 1525 κατὰ

406 1557 567 1624 μῖσος
595 1552 854 1622 πωλῆσαι
884 1555 978 1608 τὸν
1010 1551 1268 1632 ἀδελφὸν,
1305 1557 1557 1612 ὑπόθεσιν
1589 1553 1754 1614 ἔλαϐε
1774 1563 1871 1614 τοῦ
1907 1560 2064 1633 βασι-

405 1638 807 1699 λεῦσαιτοῦτον
841 1642 900 1697 ’ὀν
955 1642 1169 1712 ἢθελεν·
1221 1644 1363 1700 οὕτω
1410 1648 1762 1723 συνεχώρησε
1809 1647 2063 1703 παλαίειν

402 1734 483 1802 τῷ
515 1726 789 1805 διαϐόλῳ,
817 1730 908 1787 ⁴ίνα
939 1734 995 1787 o't
1050 1738 1306 1797 νικῶντες
1365 1742 1769 1814 πεφανωθῶσι·
1828 1736 1918 1793 καὶ
1973 1737 2062 1792 ἳνα

402 1817 562 1890 νίκης
598 1822 923 1896 γενομένης,
960 1822 988 1878 ὁ
1022 1825 1118 1896 μὶν
1150 1830 1335 1896 μεῖζον
1370 1826 1783 1901 ἀσχημονῆται,
1817 1827 1921 1882 ὑπὸ
1948 1831 2058 1882 τῶν

2173 667 2584 738 impotentiam
2620 667 2785 737 quasi
2819 673 3134 737 superatus
3167 669 3405 738 patitur.
3459 670 3825 742 Principium

2171 757 2332 811 enim
2356 763 2446 811 est
2467 757 2838 811 formationis
2854 757 3086 811 Domini
3108 757 3182 824 ⁸²;
3217 760 3404 812 factus
3427 765 3491 812 ut
3515 760 3824 829 illudatur,

2171 863 2290 900 non
2323 847 2394 901 ab
2427 847 2577 917 ipso.
2606 846 2885 918 indignus
2904 853 2992 900 est
3021 848 3198 913 enim,
3228 846 3330 901 sed
3352 847 3424 901 ab
3459 849 3685 920 angelis
3718 851 3821 922 qui

2170 935 2242 989 ab
2267 937 2392 1006 ipso
2419 934 2725 990 suntfacti.
2767 936 2963 989 Vivere
2984 952 3119 990 vero
3144 935 3195 990 ei
3219 935 3470 990 indulsit
3491 937 3723 994 duabus
3750 938 3822 994 de

2171 1025 2400 1090 causis;
2425 1032 2490 1079 ut
2519 1031 2577 1079 et
2606 1026 2732 1096 ipse
2763 1025 2975 1096 majori
3008 1025 3364 1081 verecundia
3389 1026 3686 1082 afficiatur
3730 1045 3825 1082 su-

2169 1120 2429 1187 peratus,
2465 1121 2523 1169 et
2552 1115 2824 1170 homines
2856 1115 3094 1169 coronis
3119 1115 3568 1172 illustrentur.0
3595 1117 3827 1189 sapien-

2169 1204 2267 1259 tiae
2298 1204 2535 1275 plenam
2580 1203 3014 1275 providentiam
3051 1205 3150 1259 Dei
3178 1204 3189 1259 l
3224 1221 3356 1275 quas
3387 1223 3624 1276 pravam
3658 1206 3822 1262 illam

2169 1293 2531 1346 voluntatem
2563 1291 2638 1345 ad
2669 1291 2933 1346 ﬁdelium
2991 1293 3200 1347 salutis
3231 1294 3696 1349 instrumentum
3727 1312 3824 1351 as-

2169 1379 2369 1434 sumit.
2406 1382 2477 1435 Ut
2506 1381 2664 1435 enim
2698 1380 2941 1434 inimica
2965 1380 3216 1436 fratrum
3237 1382 3821 1454 Josephivoluntate,

2168 1469 2241 1524 ad
2295 1469 2739 1524 exsecutionem
2783 1469 3174 1524 consiliorum
3224 1488 3468 1526 suorum
3517 1489 3661 1527 usus
3708 1478 3818 1541 est,

2167 1558 2531 1629 fratremque
2561 1559 2632 1613 ab
2665 1558 2751 1612 eis
2778 1574 2848 1612 ex
2882 1558 3016 1613 odio
3049 1559 3376 1614 venundari
3408 1561 3635 1628 sinens,
3682 1561 3821 1616 inde

2169 1649 2541 1704 occasionem
2573 1647 2732 1719 cepit
2759 1665 2897 1703 eum
2923 1665 3101 1719 quem
3137 1649 3370 1704 volebat
3391 1666 3591 1721 regem
3611 1653 3824 1706 consti-

2168 1739 2406 1806 tuendi;
2440 1739 2523 1793 sic
2555 1737 2793 1793 diabolo
2827 1738 3040 1793 luctari
3092 1739 3406 1805 concessit,
3456 1745 3522 1793 ut
3572 1755 3823 1796 corona-

2165 1835 2374 1883 rentur
2403 1828 2444 1882 ii
2478 1829 2577 1898 qui
2609 1827 2954 1893 vincerent;
2988 1833 3045 1882 et
3075 1834 3140 1883 ut
3169 1828 3384 1899 adepta
3421 1829 3686 1896 victoria,
3718 1829 3820 1885 ille

401 1908 646 1978 ἡττόνων
699 1911 1020 1983 νικώμενος·
1083 1910 1360 1988 ἄνθρωποι
1421 1913 1476 1968 δὲ
1519 1913 1774 1991 μεγάλως
1833 1914 2046 1972 εὐδοκι-

2167 1918 2407 1988 quidem
2439 1918 2524 1972 uti
2557 1917 2630 1972 ab
2662 1916 3040 1972 inferioribus
3070 1917 3332 1973 devictus
3378 1918 3591 1989 majori
3639 1918 3819 1975 dede-

409 2003 572 2073 μῶσι,
603 2000 693 2056 τόν
727 2020 860 2058 ποτε
887 2002 1230 2080 ἀρχάγγελον
1259 2007 1593 2076 νικήσαντες.

471 2269 546 2325 Ε“.
584 2267 752 2327 Οὐδὲν
785 2268 876 2325 οὖν
913 2270 1244 2347 ὑπεξῄρηται
1275 2279 1376 2342 τῆς
1406 2277 1504 2329 τοῦ
1561 2279 1696 2330 Θεοῦ
1747 2272 2049 2348 δυνάμεως

400 2359 525 2432 περὶ
557 2358 723 2414 αὐτοῦ
757 2362 858 2434 γὰρ
917 2359 1066 2436 λέγει
1122 2365 1156 2431 ἡ
1212 2366 1420 2442 Γραφή.
1473 2365 1593 2422 Ὀτι
1649 2365 1716 2420 τὰ
1773 2365 2054 2438 σ·5μπαντα

406 2443 580 2502 δοῦλα
610 2449 798 2522 σά(4).
853 2452 936 2506 Τὰ
993 2449 1279 2523 σύμπαντα
1334 2455 1452 2526 μὶν,
1515 2450 1687 2510 δοῦλα
1743 2454 1931 2510 αὐτοῦ’
1983 2457 2054 2516 εἷς

406 2534 465 2590 δὲ
495 2535 660 2592 αὐτοῦ
695 2539 856 2609 μόνος
889 2541 1034 2609 Υἱὸς,
1067 2541 1155 2596 καὶ
1190 2539 1243 2596 ἔν
1274 2544 1337 2597 τὸ
1387 2544 1541 2618 ἅγιον
1592 2545 1762 2599 αὐτοῦ
1815 2549 2051 2618 Πνεῦμα,

411 2623 563 2686 ἐκτὸς
593 2626 797 2681 τούτων
829 2629 1059 2685 πάντων·
1120 2633 1208 2686 καὶ
1257 2634 1323 2687 τὰ
1381 2633 1666 2705 σύμπαντα
1715 2631 1910 2702 δοῦλα,
1964 2633 2056 2690 διὰ

408 2718 506 2768 τοῦ
537 2715 656 2780 ἑνὸς
685 2717 809 2771 Υἱοῦ
839 2719 889 2773 ἐν
921 2720 1063 2794 ἁγίῳ
1093 2721 1391 2790 Πνεύωατι,
1418 2720 1664 2779 δουλεύει
1685 2729 1764 2796 τῷ
1787 2724 2051 2801 Δεσπότῃ.

407 2810 604 2877 ligata?
628 2806 808 2862 τοίνυν
847 2814 956 2864 τῶν
1011 2811 1226 2866 πάντων
1262 2813 1289 2866 ὁ
1322 2813 1470 2883 Θεὸς,
1529 2814 1618 2869 καὶ
1667 2815 1913 2890 ἀνέχεται
1963 2816 2053 2870 καὶ

405 2895 638 2970 φονέων,
668 2910 756 2952 καί
791 2897 1026 2972 λῃστῶν,
1086 2901 1174 2956 καὶ
1233 2903 1448 2977 πόρνων
1508 2901 1597 2958 διὰ
1648 2905 2050 2977 μακοοθυμίαν,

401 2981 586 3055 ὁρίσας
619 2987 808 3053 καιρὸν
853 2994 953 3056 τῆς
1009 2989 1362 3062 προθεσμίας,
1424 2991 1544 3045 καθ’
1603 2991 1662 3046 δν
1720 2989 2052 3048 ἀποδίδωσιν

399 3070 624 3145 ἑκάστῳ·
682 3073 792 3143 ἳνα,
853 3075 1226 3152 πολυχρόνιον
1261 3082 1336 3153 (5)
1380 3075 1643 3143 λαϐόντες
1696 3082 1794 3150 τήν
1852 3093 2048 3150 προθε-

397 3161 578 3232 σμίαν,
609 3164 986 3236 ἀμετανόητον
1020 3164 1076 3222 δὲ
1105 3162 1326 3243 ἔχοντες
1358 3171 1456 3238 τήν
1498 3169 1743 3246 καρδίαν,
1782 3172 2047 3243 μειζόνως

396 3248 850 3314 καταδικασθῶσι.
888 3257 1140 3320 Βασιλεῖς
1202 3257 1331 3313 εἰσιν
1384 3259 1709 3334 ἀνθρώπων,
1742 3262 1793 3314 οἱ
1825 3259 1911 3314 ἐπὶ
1943 3269 2049 3335 γῆς

2164 2025 2298 2065 core
2329 2008 2736 2079 cooperiretur
2764 2008 2846 2075 33;
2881 2007 3152 2063 homines
3184 2024 3317 2062 vero
3369 2008 3680 2081 insigniter
3708 2025 3820 2065 no-

2163 2098 2566 2166 bilitarentur,
2624 2113 2692 2152 eo
2747 2097 2850 2168 qui
2909 2097 3302 2170 archangelus
3387 2098 3532 2154 olim
3601 2099 3814 2155 fuisset

2165 2189 2550 2260 triumphato.

2241 2280 2299 2331 V.
2336 2277 2492 2332 Nihil
2525 2293 2661 2348 ergo
2687 2275 2790 2330 Dei
2811 2276 3089 2348 potestati
3113 2275 3480 2331 subtractum
3513 2281 3634 2332 est:
3657 2277 3810 2334 128

2165 2368 2236 2422 de
2267 2367 2370 2421 illo
2405 2367 2562 2420 enim
2597 2367 2679 2420 ait
2707 2365 3047 2436 Scriptzzra:
3109 2367 3377 2430 Quoniam
3424 2368 3607 2420 omnia
3659 2383 3815 2422 serva

2163 2464 2290 2513 sunt
2321 2463 2416 2511 tua
2445 2457 2507 2512 “.
2540 2455 2752 2511 Omnia
2782 2455 3023 2526 quidem
3080 2472 3246 2510 serva
3293 2460 3433 2510 sunt
3481 2455 3608 2512 illi:
3659 2473 3814 2512 unus

2165 2563 2340 2618 porro
2372 2561 2439 2600 ac
2472 2543 2634 2599 solus
2661 2545 2791 2616 ejus
2823 2544 3006 2599 Filius
3039 2546 3137 2613 (7),
3171 2550 3231 2599 et
3250 2561 3406 2600 unus
3430 2551 3668 2600 sanctus
3687 2548 3817 2616 ejus

2167 2636 2417 2708 Spiritus
2450 2640 2614 2689 extra
2647 2635 2772 2688 haec
2819 2636 3005 2688 omnia
3063 2641 3202 2688 sunt
3260 2634 3456 2705 positi.
3517 2637 3586 2688 Et
3632 2637 3820 2690 omnia

2165 2725 2270 2780 illa
2300 2743 2430 2796 quas
2460 2741 2613 2780 serva
2640 2730 2798 2789 sunt,
2833 2739 2940 2795 per
2996 2740 3178 2778 unum
3229 2723 3442 2778 Filium
3494 2724 3556 2778 in
3608 2731 3813 2779 sancto

2165 2815 2384 2886 Spiritu
2414 2815 2678 2870 serviunt
2710 2813 2955 2868 Domino
2983 2812 3050 2869 ³⁵.
3092 2812 3378 2868 Omnibus
3436 2829 3572 2882 ergo
3621 2813 3816 2868 dumi-

2163 2911 2340 2958 natur
2373 2905 2545 2969 Dens,
2579 2902 2920 2972 perfertque
2953 2906 3011 2956 et
3049 2901 3479 2961 homicidas.et
3529 2903 3708 2969 fures,
3756 2907 3814 2956 et

2162 2998 2518 3047 scortatores
2568 3008 2673 3060 per
2711 2990 3084 3061 patientiam,
3138 2990 3470 3060 praestituto
3523 2996 3808 3062 tempore,

2162 3099 2277 3153 quo
2309 3081 2632 3150 unicuique
2668 3096 2773 3150 pro
2806 3079 3037 3132 meritis
3066 3078 3292 3144 reddet,
3326 3085 3394 3134 ut
3409 3079 3811 3152 acceptisdiu-

2159 3170 2319 3226 turni
2353 3169 2636 3242 temporis
2665 3168 2940 3230 induciis,
2972 3184 3071 3222 cor
3094 3174 3290 3222 tamen
3308 3167 3381 3224 ad
3399 3169 3809 3240 paenitentiam

2159 3277 2278 3314 non
2312 3260 2640 3324 flectentes,
2673 3257 2904 3328 gravius
2935 3257 3427 3313 condemnentur.
3492 3259 3810 3313 Hominum

405 3339 809 3415 βασιλευοντες,
854 3343 978 3400 ἀλλ’
1037 3348 1141 3401 οὐκ
1198 3345 1319 3402 ἄνευ
1374 3355 1474 3416 τῆς
1521 3347 1720 3414 ἃνιυθεν
1780 3349 2043 3420 ἐξουσίας·

2166 3365 2328 3420 reges
2361 3354 2518 3414 sunt,
2554 3349 2593 3400 ii
2628 3347 2728 3418 qui
2761 3347 2821 3400 in
2855 3347 3026 3400 terris
3061 3352 3340 3419 regnant:
3397 3348 3555 3402 haud
3611 3353 3811 3402 tamen

401 3430 489 3484 καὶ
522 3427 664 3506 ἔγνω
694 3434 827 3488 ποτέ
856 3439 932 3505 (6)
962 3439 1123 3490 τοῦτο
1163 3439 1231 3510 τῇ
1284 3438 1446 3511 πείρᾳ
1476 3439 1503 3492 ὁ
1535 3435 2050 3515 Ναϐουχοδονόσορ,

404 3517 594 3574 εἰπών·
659 3523 782 3579 ’Ότι
841 3527 876 3592 ἡ
941 3524 1194 3599 βασιλεία
1251 3525 1436 3587 αὐτοῦ,
1502 3527 1754 3602 βασιλεία
1810 3528 2052 3597 αἰώνιος,

405 3607 497 3663 καὶ
553 3611 590 3679 ἡ
651 3609 865 3683 ἐξουσία
932 3613 1097 3670 αὐτοῦ
1155 3613 1230 3677 εἰς
1312 3620 1485 3670 πᾶσαν
1559 3616 1742 3692 γενεὰν
1822 3619 1908 3673 καὶ
1967 3639 2055 3692 γε·

474 3697 487 3716 1

403 3718 547 3757 νεαν.

470 3825 518 3863 ³³
547 3828 652 3884 Job
683 3846 775 3897 ιι,
813 3832 899 3887 14.
975 3833 1021 3868 ⁸³
1057 3833 1180 3890 Vid.
1212 3841 1321 3890 cat.
1357 3838 1409 3899 2,
1442 3851 1502 3889 n.
1536 3836 1588 3890 4.

397 3957 545 4032 lant.
581 3954 763 4011 Paulo
789 3959 1101 4032 p_o_st,710co
1132 3957 1524 4030 πεποιημένον.
1557 3961 1764 4032 scripsi
1826 3979 2054 4029 πεποιη-

400 4028 584 4099 μένος,
620 4045 692 4100 ex,
721 4029 891 4084 codd.
926 4031 1112 4098 Colb.,
1147 4028 1433 4100 Bodl.,’G.
1469 4028 1779 4088 Morelﬁed.
1807 4028 2051 4089 etsacro

393 4106 558 4155 textu
610 4099 737 4154 Job.
773 4118 863 4168 χι,
901 4103 986 4158 14.

465 4175 538 4240 (1)
577 4169 744 4246 auito:
776 4190 833 4225 τε
888 4173 964 4246 Τε
990 4174 1296 4246 posuimqs
1324 4192 1391 4230 ex
1423 4176 1622 4236 Coisl..
1650 4177 1868 4243 Ottob.,
1902 4180 2045 4239 Roe,

395 4243 646 4318 Casaub.
678 4242 808 4298 loco
845 4243 963 4316 μὲν,
992 4242 1172 4316 quod
1229 4242 1582 4318 particulam
1629 4242 1936 4304 adversam
1989 4246 2047 4302 δὲ

389 4313 855 4385 respondentem
881 4333 998 4372 non
1030 4313 1228 4372 habet.

465 4389 542 4457 (2)
573 4385 878 4464 Πκνσόςρᾲου.
904 4459 916 4464 Α
945 4396 1056 4464 etc.
1081 4389 1653 4464 __Editi,__1:a'tvarn§0v.
1710 4391 1904 4464 Secuti
1947 4408 2047 4446 su-

392 4474 527 4513 mus
557 4458 727 4514 codd.
762 4458 920 4514 Coisl
953 4503 966 4522 ,
997 4460 1182 4515 Colb..
1211 4462 1392 4526 Bodl.,
1418 4458 1556 4522 Roe:
1579 4461 2043 4529 Caoaub.,Grod.

395 4531 522 4602 Mox
545 4531 672 4602 loco
697 4530 778 4584 ὅτι
812 4531 1158 4602 scripsimus
1179 4529 1322 4601 ἥτις,
1353 4550 1420 4588 ex
1444 4533 1644 4601 Coisl.,
1663 4534 1880 4601 Ottob.,
1903 4537 2043 4601 Roe,

393 4601 637 4656 Casaub.
654 4647 666 4666 ,
697 4619 810 4665 ms,
843 4601 1057 4660 Genov.

465 4675 542 4742 (3)
573 4674 684 4750 Τοῦ
715 4675 939 4750 Ἰωσήφ.
969 4675 1300 4750 Articulum
1328 4675 1670 4750 _adjicimu_s
1721 4691 1789 4730 ex
1836 4676 2040 4742 Coisl.,

393 4745 534 4811 Roe,
567 4746 812 4821 Casaub.
851 4745 1184 4821 Notandum
1225 4745 1466 4802 verbum
1503 4745 1818 4821 βασιλεῦσαι
1881 4749 2040 4819 quod

390 4822 594 4892 postea
625 4818 914 4892 sequitur,
948 4819 1303 4892 signiﬁcare,
1356 4818 1535 4892 regem
1577 4818 1924 4892 constituere,
1977 4826 2040 4874 ut

391 4905 547 4960 saepe
577 4888 638 4944 in
687 4888 979 4962 scriptura
1006 4888 1205 4957 'LXX,
1253 4891 1754 4962 quemadmodum
1804 4894 2032 4947 Procat.

391 4977 449 5014 n.
489 4965 574 5024 l7,
601 4967 659 5035 et
688 4968 800 5019 cat.
838 4967 886 5030 l,
926 4980 984 5017 n.
1022 4965 1072 5024 3,
1124 4963 1396 5034 στρατεόω
1443 4963 1758 5035 signiﬁcat,
1813 4964 2041 5018 militem

391 5034 689 5105 conscribo.
728 5035 807 5088 Ne
838 5040 1038 5089 autem
1068 5052 1281 5105 quemq
1296 5051 1428 5089 uom
1461 5034 1690 5090 moveat
1742 5035 1900 5105 quod
1953 5035 2042 5089 Jo-

393 5104 540 5174 Seph
569 5121 674 5177 rex
702 5106 929 5177 Egypti
962 5106 1180 5160 dicitur
1207 5125 1240 5162 a
1271 5104 1386 5160 Deo
1447 5104 1822 5161 constitutus.
1883 5106 2041 5160 idem

391 5176 608 5246 repetit
637 5184 747 5232 cat.
780 5176 870 5238 15.
906 5193 964 5231 n.
1000 5180 1085 5233 ‘22.
1119 5186 1176 5233 et
1209 5179 1424 5248 passim
1458 5178 1615 5248 apud
1642 5180 1839 5233 Patres
1879 5195 2042 5248 repe-

389 5248 560 5303 ritur.
593 5247 677 5303 Ad
714 5265 953 5304 manum
987 5247 1307 5305 occurrunt
1339 5249 1510 5303 Basil.
1547 5249 1794 5306 Selene.
1821 5247 2037 5309 orat’.8,

429 5336 518 5391 ag.
552 5322 621 5374 49
653 5337 665 5387 ;
700 5320 959 5376 Isidorus
993 5320 1208 5388 Pelus.,
1248 5321 1347 5376 lib.
1388 5339 1442 5385 ll,
1479 5337 1547 5390 ep
1604 5323 1670 5375 49
1726 5328 1783 5374 et
1823 5323 1945 5376 2'63.
1983 5328 2041 5375 et

414 5391 492 5445 ib.
530 5406 600 5456 Iv,
636 5408 725 5462 ep.
762 5395 867 5455 79;
905 5395 1137 5460 Macae,
1199 5393 1358 5447 hom.
1403 5395 1454 5446 9.
1490 5409 1618 5462 pag.
1671 5395 1776 5457 50;
1835 5399 2040 5446 anctor

389 5479 566 5518 serm.
604 5463 673 5518 De
699 5464 977 5533 patientia
1005 5464 1112 5519 sub
1146 5465 1388 5519 nomine
1417 5467 1650 5518 Athan”
1685 5480 1742 5520 n.
1771 5466 2037 5528 5,tom.ll

391 5535 616 5608 Qollect.
677 5535 1110 5608 GraecoraPP”
1174 5553 1283 5608 pag
1362 5539 1466 5599 59;
1530 5537 1772 5608 Gregor.
1819 5537 2034 5606 Nyss.;

392 5605 446 5678 _S.
483 5608 757 5678 Ephrem.
782 5624 794 5674 ;
823 5605 1189 5678 Tychonius,
1215 5605 1324 5662 etc.
1378 5608 1687 5677 Sumptum
1719 5606 1777 5660 id
1811 5605 1880 5660 ex
1911 5624 2039 5661 ver-

392 5676 485 5732 bis
516 5676 834 5748 Sapientia:
873 5676 940 5734 'c.
1000 5697 1055 5744 x,
1114 5681 1217 5733 14ε
1275 5681 1451 5734 Donec
1498 5676 1724 5748 afferret
1782 5679 1868 5732 illi
1921 5695 2035 5734 sce-

388 5747 786 5823 ptrum’regni.
821 5751 969 5823 Loco
1001 5749 1074 5823 ὧν
1099 5747 1311 5823 ἤθελε,Δ
1349 5747 1693 5823 scripsimus
1749 5766 1818 5805 ex
1864 5749 2034 5808 codd.

394 5819 596 5887 Coisl.,
629 5818 748 5878 Rbe
781 5827 840 5878 et
866 5821 1138 5892 Casaub.,
1168 5818 1226 5875 δν
1253 5820 1437 5891 ἤθελε.

1664 3833 1713 3868 ³⁴
1742 3834 1898 3891 Psal.
1929 3853 2124 3902 cxvm,
2153 3835 2244 3889 91.

2165 3439 2387 3510 absque
2420 3454 2691 3509 superna:
2723 3437 3034 3508 potestatis
3063 3437 3330 3491 arbitrio.
3363 3437 3428 3490 Id
3459 3437 3604 3492 olim
3635 3454 3810 3508 expe-

2164 3529 2421 3583 rimento
2480 3525 2752 3599 cognovit
2826 3525 3387 3589 Nabuchodonosor,
3437 3543 3574 3582 cum
3620 3527 3810 3588 dixit:

2167 3621 2433 3684 Quoniam
2462 3634 2692 3686 regnum
2724 3616 2860 3685 ejus,
2893 3632 3122 3684 regnum
3155 3623 3447 3682 wlernum;
3496 3624 3548 3672 et
3571 3623 3811 3687 potestas

2165 3709 2284 3778 ejus
2315 3709 2372 3760 in
2403 3723 2612 3761 omnem
2639 3707 3046 3775 generationem
3076 3721 3139 3759 ac
3159 3708 3569 3774 generationem
3597 3705 3664 3762 ³⁸.

2320 3833 2367 3869 ³⁵
2400 3833 2528 3889 Vid.
2562 3839 2667 3888 cat.
2704 3835 2788 3897 10,
2824 3848 2887 3888 ιι.
2919 3835 2972 3889 9.
3047 3830 3095 3866 ³⁸
3125 3832 3270 3887 Dan.
3301 3849 3375 3899 ιν,
3407 3834 3495 3889 32-

2234 3959 2306 4030 (4)
2339 3956 2516 4011 Δοῦλοι
2548 3954 2632 4015 σά.
2667 3957 2887 4027 Ottob.,
2922 3952 3091 4030 δοῦλα
3120 3976 3234 4014 σου,
3271 3961 3336 4010 ut
3363 3955 3504 4030 legit
3629 3957 3806 4030 Basil.

2160 4031 2261 4086 lib.
2285 4026 2336 4104 _'v
2382 4037 2575 4104 contra
2630 4026 2878 4104 Eunoni.
2925 4028 3131 4104 P_aulo_
3168 4035 3318 4099 post,
3381 4026 3502 4082 loco
3555 4026 3604 4080 ἐν
3664 4028 3806 4104 ἁγίῳ

2161 4100 2437 4174 ΙΙνεόματι
2464 4102 2642 4174 habet
2669 4101 2840 4155 Uttob
2873 4145 2885 4174 ,
2921 4100 3011 4174 συν
3046 4098 3183 4174 ἁγίῳ
3218 4105 3509 4170 Πνευματι.

2231 4167 2315 4242 (5)
2338 4170 2736 4245 ιΙολυχρόνιον.
2764 4167 3102 4245 Articulum
3127 4167 3192 4245 ονὶῗ
3241 4167 3378 4245 ante
3433 4167 3801 4245 πολυχρόνιον

2154 4245 2445 4314 adjiciunt
2477 4243 2646 4299 codd.
2681 4244 2881 4300 Coisl..
2915 4244 3142 4314 Ottob.,
3167 4243 3368 4314 ABodl,
3421 4243 3634 4302 Colb.."
3662 4247 3801 4308 Roe,

2155 4311 2401 4372 Casaub.
2439 4323 2496 4370 et
2525 4315 2698 4371 Grod.
2733 4316 3094 4370 Particulam
3125 4311 3182 4368 δὲ
3211 4332 3281 4370 ex
3308 4315 3540 4384 iisdem,
3575 4315 3808 4372 Bodl.et

2153 4390 2309 4444 Colb.
2349 4390 2628 4459 exceptis,
2662 4388 2931 4457 ascripsi.

2225 4464 2298 4525 ιϐ)
2331 4457 2514 4531 Ἔγνω
2541 4466 2691 4512 ποτε.
2726 4458 3085 4531 Particulam
3121 4477 3244 4511 ποτε
3295 4457 3681 4531 ascripsimus
3733 4475 3804 4514 ex

2152 4533 2261 4587 cod
2313 4530 2504 4588 OttOb.
2540 4538 2597 4586 et
2624 4530 2887 4586 Grodecii
2925 4530 3212 4586 versione.
3250 4531 3396 4584 Loco
3417 4530 3568 4591 ποτὲ,
3591 4530 3802 4599 legitur

2150 4604 2210 4658 in
2243 4605 2397 4659 Coisl
2430 4647 2443 4672 ,
2477 4606 2594 4659 Ιίοο
2627 4611 2684 4658 et
2713 4603 2959 4658 Casaub.
2994 4600 3136 4667 τότε,
3170 4603 3231 4655 in
3293 4601 3467 4656 editis
3516 4609 3798 4658 neutrum

2148 4675 2421 4731 habetur.
2454 4676 2632 4730 Paulo
2668 4680 2814 4746 post.
2853 4675 2912 4728 in
2945 4674 3121 4728 citato
3156 4673 3415 4746 Danielis
3446 4672 3585 4746 loco
3619 4675 3794 4746 Cyril.

2147 4746 2240 4802 lus
2264 4748 2578 4817 Scriptura:
2601 4743 2776 4800 verba
2798 4762 3004 4817 parum
3029 4746 3304 4817 immutat
3318 4743 3616 4817 :_habetu_r
3636 4743 3796 4817 enim

2147 4819 2208 4872 in
2241 4811 2587 4890 prophetico
2622 4811 2820 4890 textu}
2853 4816 2915 4890 ᾟ
2949 4813 3162 4890 ἐξουσία
3191 4811 3378 4890 αὐτῷ,
3421 4812 3631 4890 ἐξουσία
3659 4814 3796 4890 αἰώ-

2149 4885 2283 4952 νιος,
2316 4885 2405 4943 καὶ
2543 4888 2790 4963 βασιλεία
2848 4886 3030 4963 αὑτοῦ-
3069 4885 3143 4946 εἷς
3178 4886 3371 4963 ’γενεὰν
3429 4885 3519 4963 καὶ
3575 4885 3786 4961 γενεάν,

2152 4963 2364 5017 Vocem
2397 4958 2586 5016 πᾶσαν.
2619 4977 2794 5030 quam
2857 4958 3109 5030 Cyrillus
3159 4958 3230 5012 de
3274 4976 3378 5014 suo
3429 4958 3614 5024 addit,
3673 4976 3792 5015 non

2151 5039 2480 5103 agnoscunt
2509 5030 2678 5086 codd.
2716 5033 2855 5086 Roe.
2889 5030 3158 5103 Casaub..
3193 5031 3384 5087 Ottob.
3407 5038 3474 5103 et
3501 5031 3674 5086 Grod.

2221 5109 2297 5166 (7i
2336 5107 2480 5159 Unus
2512 5121 2576 5157 ac
2605 5103 2766 5157 solus.
2805 5107 2914 5156 etc.
2945 5101 3156 5156 Filium
3215 5119 3281 5156 ac
3321 5102 3599 5173 Spiritum
3652 5120 3791 5158 san-

2150 5180 2307 5229 ctum
2342 5177 2558 5230 diserte
2590 5174 2796 5228 eximit
2817 5190 2846 5227 a
2874 5174 3134 5244 generali
3169 5189 3362 5228 rerum
3387 5176 3655 5230 omnium
3678 5191 3796 5229 ser-

2149 5247 2348 5300 vitute.
2395 5248 2658 5316 Cumque
2705 5245 3001 5299 servitutis
3052 5246 3220 5312 ratio,
3283 5246 3456 5301 rebus
3515 5245 3793 5301 omnibus

2148 5325 2308 5372 creat
2335 5337 2359 5372 s
2392 5335 2459 5372 ex
2493 5335 2559 5372 eo
2589 5317 2743 5388 qum‘l
2782 5318 2902 5370 sint
2944 5325 3153 5371 creata:
3186 5319 3515 5381 conveniat,
3556 5325 3664 5373 cat.
3705 5319 3790 5382 10,

2150 5407 2204 5442 n.
2245 5393 2308 5443 10
2364 5389 2503 5443 inde
2564 5389 2830 5460 sequitur
2870 5406 2987 5442 non
3047 5391 3236 5444 solum
3286 5391 3519 5456 Filium,
3575 5389 3676 5442 sed
3735 5394 3794 5442 et

2149 5461 2427 5531 Spiritum
2451 5470 2718 5516 sanctum
2746 5477 2774 5512 e
2798 5477 2990 5514 rerum
3015 5469 3343 5515 rreatarum
3369 5476 3681 5515 numerum
3703 5475 3795 5531 ex-

2147 5530 2487 5603 cipiendum
2509 5550 2656 5588 esse.
2682 5534 2841 5586 Hanc
2865 5533 3291 5603 professionem
3321 5533 3570 5604 opponit
3593 5530 3790 5599 impiae

2148 5605 2498 5659 Arianorum
2527 5605 2858 5660 assertioni.
2893 5605 2991 5676 qui
3026 5605 3234 5659 Filium
3267 5613 3323 5658 et
3349 5604 3629 5676 Spiritum
3654 5616 3787 5653 san-

2147 5684 2304 5731 ctum
2339 5677 2527 5732 Patris
2557 5677 2805 5748 imperio
2833 5682 2890 5731 et
2918 5675 3275 5748 principatui
3303 5675 3632 5748 subjectos__
3658 5685 3787 5723 esse

2149 5755 2206 5804 et
2235 5749 2422 5821 gloria
2448 5739 2767 5805 dissimiles
2797 5739 3088 5821 docebant
3113 5739 3289 5802 Arius
3338 5739 3494 5812 apud
3542 5739 3783 5821 Athan.2

2146 5821 2220 5877 De
2235 5809 2483 5892 synodi},
2516 5839 2680 5880 num.
2718 5823 2804 5890 l6,
2828 5820 2909 5876 ita
2935 5821 3006 5876 de
3039 5821 3208 5873 Patre
3229 5829 3336 5884 per
3359 5809 3694 5880 respectum
3712 5809 3788 5866 ad
