4124 6260
371 412 493 475 635
1410 414 1479 474 S.
1523 413 1855 476 CYRILLI
1903 415 2325 481 HIEROSOL.
2372 417 2738 481 ARCHIEP.
3658 414 3779 476 636

377 563 406 593 κ
436 541 626 597 honor
654 540 728 596 ab
759 541 1166 615 omnipotente
1188 541 1252 600 ‘7.
1288 564 1316 594 »
1348 542 1454 600 Cui
1481 543 1670 618 gloria
1710 545 1773 602 in
1799 547 2005 604 sasculs

2150 549 2417 625 ιράτορος·
2451 550 2498 621 ᾧ
2528 549 2564 619 ἠ
2597 545 2726 618 δόξα
2755 548 2831 620 (ί)
2864 542 2939 606 εἰς
2987 542 3115 606 τοὺς
3149 542 3349 607 αἰῶνας
3399 545 3508 598 τῶν
3541 538 3778 599 αἱώνων’

373 630 752 688 saeculorum.
785 634 997 691 Amen.

704 648 752 688 [ι.
785 634 997 691 Amen.
2131 637 2332 710 Ἀμήν.

443 754 490 790 ⁴⁷
519 757 625 813 Job
664 775 855 826 xxxvx,
885 761 973 814 22.

450 880 526 958 (μ)
571 884 635 957 ’ῼ
670 882 735 958 ,ὴ-
793 878 966 958 δᾴξαη
1001 884 1107 958 δῖοί
1151 884 1524 958 concluditur
1579 886 1907 942 catechesis
1964 888 2028 943 in

2159 886 2262 958 ἰόξι
2293 886 2383 942 καὶ
2418 891 2528 951 νῦν,
2559 886 2653 942 καὶ
2685 907 2794 952 αει,
2825 885 2915 941 καὶ
2965 906 3043 947 εις
3071 884 3200 949 τοὺς
3227 884 3449 949 αἱῶνας,
3483 890 3594 943 etc.
3633 908 3655 935 ι
3680 883 3787 940 Cui

378 950 552 1007 codd.
586 950 784 1023 (οἱδὶ,
817 950 1035 1024 Ottob.,
1088 957 1229 1025 Roe;
1286 957 1534 1013 Casaub.
1584 965 1645 1012 et.
1681 958 1879 1027 Grod.,
1912 958 1957 1030 ᾦ
1988 960 2022 1028 ἡ
2136 983 2165 1011 ‹‹
2193 950 2402 1031 gloria,
2436 967 2494 1017 et
2522 950 2705 1030 nunc,
2736 950 2796 1017 ei
2830 976 3083 1032 semper,
3136 963 3195 1014 et
3245 958 3309 1014 in
3341 958 3577 1014 saecula.
3610 979 3641 1009 ιι
3672 963 3785 1013 etc.

1060 1186 2301 1343 CATECHESIS
2459 1190 3097 1344 NONA.

1593 1421 1682 1481 De
1724 1421 1854 1482 Deo
1896 1419 2180 1483 omnium
2223 1421 2568 1485 conditore.

1558 1680 1708 1739 ηδ
1770 1692 2594 1807 PR/ELOQUIUM.

464 1898 513 1960 Ι.
554 1896 741 1959 Deum
780 1896 1028 1959 Domini
1046 1899 1246 1959 nostri
1265 1898 1405 1962 Jesu
1437 1897 1677 1963 Christi
1704 1902 1976 1969 Patrem,
2003 1918 2200 1959 rerum
2231 1900 2489 1961 omnium
2507 1898 2867 1961 conditorem
2887 1906 2948 1958 et
2965 1899 3286 1980 effectorem
3314 1915 3451 1967 esse,
3474 1894 3803 1979 divinaque

386 1997 684 2073 sapientia
714 1996 953 2076 dignum
984 2016 1101 2058 esse
1128 2017 1272 2079 opus
1301 2004 1593 2076 universi,
1627 1998 1690 2058 in
1719 1997 1832 2059 hac
1858 1996 2149 2059 catechesi
2169 1998 2555 2060 demonstrat.
2606 2003 2701 2062 Ac
2737 1998 2935 2079 primo
2971 1996 3182 2069 Deum,
3214 2015 3320 2059 nec
3369 1994 3570 2057 carnis
3617 1994 3805 2059 oculis

388 2093 700 2167 visibilem,
737 2113 838 2156 ne:
868 2095 945 2156 ab
968 2093 1091 2156 ulla
1120 2114 1382 2178 unquam
1404 2097 1647 2157 mortali
1666 2095 1855 2158 visum
1885 2096 1973 2176 (η.
2006 2096 2088 2176 1),
2112 2096 2200 2157 ita
2224 2115 2299 2157 ea:
2328 2103 2451 2157 suis
2472 2095 2745 2175 aperibus
2762 2093 3034 2175 cognosci
3051 2099 3158 2170 ait,
3191 2107 3255 2156 ut
3281 2105 3479 2157 tamen
3507 2113 3546 2155 a
3574 2095 3805 2157 nemine

383 2199 622 2276 penitus
650 2192 1064 2269 comprehendi
1090 2204 1267 2275 queat
1297 2194 1389 2275 (η.
1422 2199 1483 2271 2,
1517 2195 1613 2275 3.)
1647 2193 1800 2255 Tum
1821 2194 2103 2255 adversus
2127 2194 2432 2257 haereticos
2464 2193 2700 2258 Christi
2728 2192 2975 2255 Patrem
3003 2214 3039 2256 a
3068 2191 3274 2254 mundi
3301 2205 3566 2254 creatore
3585 2193 3806 2255 distinu

387 2303 624 2372 guentes
652 2291 742 2372 (n.
776 2291 862 2371 4),
896 2302 954 2352 et
980 2291 1160 2372 hujus
1190 2294 1456 2355 universi
1484 2292 1793 2374 opificium
1819 2290 2224 2365 detrectantes,
2253 2289 2765 2373 pulchritudinem
2792 2291 2924 2371 eius
2943 2301 3122 2373 atque
3148 2290 3414 2352 ordinem
3442 2288 3807 2353 admirabili

385 2390 651 2471 arti/icio
681 2396 1004 2469 exponuit;
1040 2391 1189 2461 cteti,
1222 2391 1381 2464 solis,
1415 2401 1472 2453 et
1498 2392 1761 2452 siderum
1792 2400 2074 2453 naturam
2102 2399 2157 2451 et
2184 2411 2355 2451 usum
2382 2408 2397 2465 ;
2432 2396 2618 2451 noctis
2646 2410 2719 2452 ac
2756 2389 2881 2451 diei
2931 2398 2993 2450 et
3044 2399 3307 2471 quatuor
3334 2389 3808 2469 unnitempesta-

392 2498 510 2549 tum
542 2497 722 2549 statas
756 2494 932 2557 vices,
968 2486 1251 2566 breviter,
1281 2489 1383 2551 sed
1408 2490 1708 2571 eleganter
1749 2489 2028 2550 describit
2078 2488 2169 2569 (η.
2203 2493 2265 2568 5,
2298 2491 2337 2550 6
2366 2499 2423 2549 et
2451 2488 2555 2569 8):
2591 2488 2781 2550 obiter
2836 2487 3110 2568 refellens
3141 2486 3503 2549 lllanichzos
3534 2487 3720 2549 lucem
3750 2495 3808 2549 et

393 2586 662 2648 tenebras
691 2585 943 2648 diversis
964 2587 1372 2650 conditoribus
1391 2588 1738 2671 deputantes
1769 2587 1860 2667 (η.
1889 2586 1970 2659 7).
2003 2587 2327 2649 Percurrit
2349 2607 2551 2649 eorum
2572 2607 2703 2669 qua
2732 2596 2987 2648 meteora
3013 2605 3304 2651 vocamus.
3333 2597 3509 2648 terra
3536 2598 3591 2648 et
3614 2591 3807 2647 maris

393 2704 465 2747 ac
494 2682 917 2767 multiplicium
946 2687 1302 2747 animalium
1332 2686 1866 2748 admirabilitatem
1913 2697 1970 2746 et
2016 2691 2336 2747 varietates
2379 2685 2468 2762 (η.
2525 2688 2586 2755 9,
2622 2688 2718 2750 10.
2752 2685 2912 2765 etc.).
2952 2685 3256 2746 Postremo
3283 2685 3363 2746 ad
3390 2685 3809 2767 explicandam

396 2782 648 2843 humani
671 2789 939 2865 corporis
956 2782 1279 2860 fabricam,
1304 2791 1370 2844 in
1389 2804 1566 2866 quam
1592 2793 1973 2865 peccatorum
1992 2793 2330 2844 nostrorum
2351 2802 2557 2845 causas
2577 2784 2667 2863 rej
2673 2790 2826 2844 icere
2855 2783 2950 2861 inj
2956 2794 3145 2843 ustum
3167 2792 3224 2844 et
3251 2782 3676 2845 calumniosum
3703 2787 3806 2860 sit,

400 2879 684 2947 devectus.
718 2888 1045 2943 orationem
1076 2893 1260 2961 grata
1294 2881 1635 2944 Conditoris
1669 2882 1911 2943 laudum
1942 2882 2335 2944 celebratione
2368 2881 2664 2943 concludit
2693 2882 2783 2961 (η.
2819 2881 2941 2960 i6).

476 2981 554 3041 ll.
588 2983 822 3042 Mirari
854 2982 990 3043 licet
1020 2988 1085 3042 in
1117 2980 1232 3042 hac
1260 2981 1553 3043 catechesi
1598 2983 1926 3062 elegantem
1955 2990 2013 3044 et
2042 2982 2550 3063 compendiariam
2580 2987 2757 3042 totius
2786 2980 2949 3041 orbis
2992 2986 3259 3061 partium
3309 2980 3754 3063 descriptionem
3791 2999 3807 3041 :

398 3098 529 3161 qum
557 3078 740 3140 nullis
766 3078 1027 3141 Patrum
1060 3079 1581 3142 lucubrationibus
1610 3081 1681 3141 de
1711 3077 1818 3141 hoc
1847 3096 2197 3161 argumento
2223 3081 2375 3142 data
2399 3099 2582 3161 opera
2629 3084 2935 3161 susceptis,
2968 3084 3091 3141 sive
3133 3085 3333 3160 copia,
3364 3085 3482 3140 sive
3519 3077 3812 3156 elegantia

406 3179 727 3254 concedat;
759 3198 974 3260 easque
994 3198 1212 3250 omnes,
1248 3180 1312 3239 id
1332 3181 1517 3259 eﬂnri
1539 3178 1730 3252 liceat,
1768 3177 2061 3240 brevitate
2078 3188 2133 3240 et
2157 3178 2501 3257 compendio
2520 3190 2776 3260 superet.
2804 3176 3171 3239 Manichaeos
3200 3177 3319 3247 hic,
3353 3188 3414 3237 ut
3442 3186 3568 3254 fere
3595 3178 3815 3256 ubique

400 3273 579 3346 altas,
608 3281 987 3357 potissimum
1013 3283 1298 3358 respicit;
1332 3284 1441 3359 qui
1463 3277 1712 3359 pessime
1742 3275 1812 3337 de
1838 3277 2104 3337 omnibus
2132 3283 2431 3338 creaturis
2459 3286 2515 3338 et
2544 3297 2745 3337 eorum
2786 3286 3026 3338 auctore
3071 3275 3508 3358 loquebantur;
3539 3275 3639 3336 sed
3666 3294 3811 3337 ora-

401 3375 577 3436 tionis
599 3374 910 3454 principio
939 3394 1123 3456 usque
1151 3375 1232 3436 ad
1259 3396 1424 3436 num.
1463 3377 1500 3436 5
1530 3378 1846 3445 exclusive,
1888 3378 2195 3440 Gnosticos
2221 3385 2547 3458 Oppugnat,
2573 3385 2628 3436 et
2656 3387 2817 3437 certa
2837 3375 3076 3457 quidem
3101 3381 3360 3448 ratione,
3379 3387 3447 3436 ut
3464 3373 3677 3435 deinde
3696 3384 3817 3436 tota

403 3471 650 3532 liberius
676 3470 1029 3533 decurreret
1052 3476 1273 3535 oratio.
1311 3480 1458 3539 Cum
1489 3474 1641 3535 enim
1675 3472 1784 3534 illi
1805 3474 1993 3534 alium
2040 3474 2260 3534 Veteris
2296 3473 2332 3535 7
2338 3474 2653 3535 'estamenti
2679 3473 2866 3536 Deum
2891 3485 2944 3534 et
2973 3474 3335 3535 conditorem
3364 3472 3596 3543 mundi,
3627 3474 3817 3533 alium

403 3570 568 3635 Novi
597 3570 842 3633 Patrem
873 3571 1134 3634 dicerent
1160 3592 1175 3647 ;
1208 3580 1272 3635 in
1302 3583 1730 3654 argumentum
1757 3572 2084 3644 sumebant,
2117 3573 2280 3655 quod
2311 3573 2463 3635 Deus
2489 3579 2730 3653 antiqui
2753 3572 2998 3654 [aderis
3027 3575 3314 3652 cognitus,
3350 3584 3405 3633 et
3450 3570 3640 3634 oculis
3662 3573 3819 3633 visus

401 3678 564 3743 esset,
596 3675 689 3730 uti
718 3675 786 3731 in
815 3671 906 3731 his
936 3671 1286 3754 Scriptuiis
1313 3680 1583 3751 refertur
1612 3691 1627 3734 :
1658 3674 1819 3734 alter
1875 3691 2008 3734 rero
2064 3671 2396 3733 invisibilis
2422 3682 2482 3732 et
2508 3671 3048 3752 incomprehensus.
3079 3690 3154 3733 ea:
3199 3670 3305 3731 illo
3350 3670 3705 3750 Evangelii,
3743 3672 3815 3731 S.

401 3767 590 3832 Pauli
617 3778 673 3830 et
699 3767 946 3831 Joannis
975 3769 1348 3851 evangelista:
1378 3771 1558 3847 dicto,
1584 3774 1777 3833 Deum
1809 3790 1992 3833 nemo
2023 3771 2179 3831 vidit
2228 3789 2546 3849 unquam;
2609 3769 2885 3852 aliisque,
2953 3773 3015 3830 in
3046 3768 3258 3852 quibus
3285 3768 3510 3829 dicitur
3564 3767 3820 3829 Patrem

408 3867 643 3933 Christi
664 3869 895 3931 nemini
918 3886 1141 3943 praeter
1170 3869 1400 3933 Filium
1428 3882 1631 3931 notum
1661 3889 1795 3931 esse.
1833 3870 2008 3931 Hanc
2034 3876 2217 3948 fuisse
2250 3874 2665 3934 Gnosticorum
2697 3876 3270 3950 argumentationem
3297 3868 3575 3929 certiores
3604 3886 3708 3928 nos
3726 3867 3823 3949 fa-

406 3973 571 4028 ciunt
601 3966 877 4044 lrenaeus,
915 3968 1018 4030 lib.
1054 3986 1137 4044 iv,
1172 3987 1299 4049 cap.
1337 3970 1376 4029 6
1403 3980 1461 4030 et
1487 3972 1605 4043 20;
1642 3969 1957 4051 Didymus,
1982 3974 2048 4029 in
2069 3968 2101 4030 Ι
2120 3972 2296 4030 Joan.
2329 3966 2536 4049 Epist.
2569 3968 2649 4029 ad
2676 3987 2809 4047 cap.
2845 3984 2927 4041 Iv,
2962 3970 3060 4039 12,
3093 3978 3201 4029 etc.
3234 3972 3394 4031 Ante
3412 3972 3612 4045 igitur
3637 3985 3821 4048 quam

411 4063 687 4146 Cyrillus
716 4066 960 4147 dignam
990 4085 1109 4127 esse
1138 4075 1381 4127 auctore
1406 4087 1511 4127 suo
1542 4070 1749 4126 mundi
1775 4064 2075 4146 fabricam
2106 4065 2512 4127 demonstrare
2538 4063 2987 4145 aggrederetur,
3016 4071 3196 4148 prius
3226 4065 3323 4124 illi
3350 4084 3553 4125 eorum
3582 4064 3823 4124 haereti-

408 4181 618 4224 corum
645 4165 977 4225 amolienda
1005 4169 1134 4241 fui'
1153 4163 1426 4237 objectio.
1458 4167 1835 4247 Quapropter
1855 4175 2065 4226 contra
2093 4184 2187 4226 eos
2206 4164 2540 4240 constituit,
2563 4173 2617 4224 et
2634 4183 2709 4224 (’1‘
2748 4162 2937 4224 Veteri
2955 4163 3191 4245 quidem
3219 4162 3601 4241 Testamento,
3621 4167 3823 4243 primo

408 4259 597 4322 Deum
627 4268 831 4323 carnis
860 4261 1046 4324 oculis
1073 4266 1342 4344 conspici
1363 4283 1482 4323 non
1508 4282 1712 4345 posse;
1746 4266 1810 4334 2ο
1838 4283 1943 4324 nec
1970 4283 2007 4325 a
2037 4283 2332 4346 quaquam
2358 4268 2590 4325 vivente
2619 4261 2855 4323 homine
2876 4267 3079 4337 cerni;
3111 4283 3215 4323 nec
3243 4261 3318 4323 ab
3351 4263 3480 4340 ipso
3506 4256 3827 4322 Ezechiele

409 4365 599 4421 visum
630 4359 804 4421 aliud
830 4380 1006 4440 quam
1038 4361 1261 4424 divine
1286 4360 1496 4442 glori}:
1524 4363 1973 4423 similitudinem
2000 4380 2015 4436 ;
2047 4362 2210 4444 quod
2236 4363 2414 4423 etiam
2473 4361 2805 4423 luculenter
2860 4360 3225 4422 demonstrat
3278 4360 3560 4432 lrenmus,
3596 4358 3702 4419 lib.
3736 4374 3821 4433 iv,

408 4476 541 4539 cap.
573 4461 679 4537 90,
710 4480 773 4521 n.
812 4462 886 4521 10
914 4480 938 4528 ;
968 4464 1030 4520 3°
1059 4460 1254 4522 Deum
1282 4480 1359 4522 ea:
1385 4467 1685 4522 creaturis
1729 4466 1876 4531 suis,
1904 4462 2291 4542 proportione
2346 4471 2540 4521 tamen
2569 4459 2833 4541 quadam
2889 4464 3091 4520 animo
3148 4464 3501 4537 informata,
3533 4476 3698 4538 posse
3726 4476 3828 4518 co-

409 4558 649 4637 gnosci;
682 4557 844 4640 quod
868 4559 1148 4620 adversus
1179 4568 1467 4621 assertum
1511 4560 1757 4620 illorum
1810 4559 2205 4622 omnimodam
2257 4560 2369 4623 Dei
2412 4559 2625 4622 Patris
2679 4561 3105 4639 ignorationem
3136 4557 3360 4620 dictum
3394 4578 3408 4632 ;
3439 4563 3505 4620 4°
3533 4578 3569 4620 a
3599 4559 3831 4619 nemine

415 4662 607 4718 tamen
634 4655 1057 4738 comprehendi
1080 4677 1286 4740 posse;
1321 4668 1529 4720 contra
1558 4657 1875 4720 audaciam
1906 4657 2174 4734 illorum,
2214 4660 2397 4722 Deum
2434 4659 2652 4722 Veteris
2688 4658 3043 4721 Testamenti
3062 4658 3243 4738 plane
3264 4667 3641 4740 perspectum
3670 4674 3825 4719 asse-

413 4760 697 4819 rentium.
735 4755 880 4818 Haec
909 4755 1070 4818 ratio
1113 4756 1292 4839 hujus
1337 4756 1702 4840 Cyrillianee
1747 4758 2038 4819 orationis
2071 4759 2388 4841 principii,
2439 4758 2598 4841 quod
2624 4778 2661 4820 a
2687 4757 2921 4840 reliquo
2949 4758 3106 4819 velut
3161 4776 3425 4819 sermone
3475 4754 3746 4819 avulsum
3775 4749 3834 4817 ei

413 4851 678 4917 alienum
712 4874 826 4915 non
859 4860 1007 4915 satis
1035 4853 1553 4917 considerantibus
1581 4853 1778 4917 videri
1799 4856 2006 4936 possit.

498 4955 607 5016 IIl.
641 4952 919 5014 [labetur
946 4954 1068 5017 hac
1094 4956 1250 5017 ortio
1280 4961 1347 5017 in
1374 4974 1506 5017 mss.
1535 4954 1608 5016 S.
1631 4955 1854 5016 Basilii
1874 4953 2175 5035 operibus,
2209 4953 2321 5015 sub
2336 4959 2570 5016 nomine
2590 4952 2855 5015 hamiliae
2881 4954 3137 5035 ejusdem
3162 4952 3381 5015 Patris
3408 4952 3479 5014 de
3508 4952 3618 5015 hoc
3640 4972 3833 5033 argu-

415 5049 807 5128 mento,quod
838 5051 1002 5113 Deus
1032 5054 1112 5114 sit
1140 5053 1697 5134 incompreheusus
1723 5071 1737 5128 ;
1768 5051 1871 5114 sed
1909 5052 2215 5115 nonnullis
2260 5050 2343 5113 ad
2385 5051 2453 5112 id
2504 5064 2925 5134 argumentum
2957 5051 3276 5113 identidem
3307 5053 3550 5112 mutatis
3577 5062 3633 5112 et
3659 5070 3834 5112 acco-

416 5147 673 5211 modatis
701 5147 1062 5230 additisque,
1091 5159 1429 5233 prmertim
1462 5158 1525 5212 in
1552 5152 1694 5235 ﬁne.
1725 5152 1861 5214 Jam
1892 5151 2114 5212 dudum
2145 5151 2377 5213 Basilii
2399 5158 2637 5212 nomine
2664 5151 2756 5212 his
2785 5150 3215 5213 mutationibus
3238 5151 3604 5233 interpolata
3627 5151 3838 5232 prodi-

417 5250 519 5309 vit.
554 5242 713 5307 Nam
765 5248 1194 5325 itetaphrastes,
1227 5249 1364 5311 dum
1394 5270 1470 5313 ex
1498 5250 1690 5312 variis
1721 5250 1949 5312 Basilii
1978 5251 2117 5312 locis
2148 5271 2245 5312 eas
2275 5254 2351 5311 21
2380 5258 2688 5312 conciones
2720 5256 3041 5328 informat,
3078 5269 3208 5330 quae
3242 5269 3485 5331 operum
3514 5249 3645 5324 ejus
3677 5259 3837 5308 tomo

423 5343 523 5407 ΙΙΙ
551 5362 783 5404 excusa
810 5356 988 5420 sunt;
1019 5347 1076 5405 in
1112 5350 1383 5409 conciaue
1412 5352 1482 5410 15
1524 5350 1758 5429 longum
1782 5350 1961 5430 hujus
1989 5355 2283 5410 arationis
2300 5350 2702 5430 fragmentum
2735 5359 2903 5425 citat,
2930 5358 3210 5426 tanquam
3229 5366 3303 5409 ea:
3321 5345 3574 5408 hamilia
3604 5345 3837 5406 Basilii

420 5443 587 5522 quoii
621 5440 1269 5520 ineOmprehcmibilis
1300 5448 1375 5505 sit
1412 5449 1567 5507 Deus
1593 5470 1608 5525 ;
1645 5458 1709 5508 ut
1737 5455 2010 5507 omittam
2043 5467 2169 5509 eam
2201 5447 2305 5508 sub
2335 5450 2462 5526 ejus
2492 5454 2731 5508 nomine
2761 5448 2849 5508 ita
2880 5466 3040 5525 repet
3057 5444 3139 5506 iri
3169 5451 3235 5506 in
3263 5466 3397 5507 mss.
3436 5447 3551 5508 700
3581 5456 3687 5505 aut
3715 5445 3837 5504 800

420 5562 746 5609 annorum.
784 5544 938 5606 Duos
970 5542 1264 5623 ejusmodi
1289 5543 1513 5605 codices
1561 5565 1635 5606 ea:
1684 5547 1758 5609 Ii.
1809 5546 1946 5609 PP.
1992 5546 2448 5608 Basilianorurn
2504 5545 2856 5607 bibliotheca
2887 5543 3182 5607 consuluit
3209 5554 3265 5606 et
3290 5544 3604 5625 exscripsit
3634 5545 3837 5604 Roma

421 5655 626 5705 noster
649 5644 727 5707 D.
765 5645 950 5706 Bern.
986 5644 1056 5703 de
1085 5642 1475 5718 Mani/ancora
1500 5664 1523 5720 ;
1556 5652 1729 5717 cujus
1762 5644 1962 5706 labore
1992 5648 2052 5705 in
2080 5646 2195 5706 hac
2223 5643 2518 5707 catechesi
2546 5664 2682 5706 usus
2700 5665 2851 5706 sum.
2884 5643 3119 5706 Harum
3142 5641 3498 5703 varietatum
3518 5638 3838 5702 nonnullas

422 5751 489 5807 in
516 5750 679 5809 natis
708 5745 1059 5819 observavi;
1089 5739 1196 5803 sed
1222 5750 1406 5802 tatam
1435 5752 1758 5807 extremam
1784 5753 2045 5825 partem,
2078 5762 2211 5825 quas
2239 5743 2572 5825 insignibus
2600 5743 2992 5808 varietatibus
3017 5752 3071 5804 et
3099 5739 3534 5805 additamentis
3563 5742 3838 5825 interpo-

423 5843 550 5910 lata
577 5853 682 5922 est,
712 5843 797 5909 ad
818 5844 1035 5909 calcem
1062 5838 1345 5908 edendam
1360 5838 1662 5922 judicavi.
