4124 6260
398 363 516 426 641

1168 363 1643 427 CATECHESIS
1689 365 1796 425 IX.
1840 366 1945 426 DE
1989 364 2145 427 ΠΕΟ
2189 365 2515 429 OMNIUM
2561 367 3043 432 CONDITORE.

3696 374 3816 436 662

391 493 837 568 ἐπικαθήμενον,
896 489 1029 578 ὄντα
1086 495 1314 570 ἀόρατον
1374 498 1450 570 (1)
1511 495 1602 550 καὶ
1650 493 2033 570 ἀνεκδιῆγητοε

2163 516 2523 571 possumus;
2556 518 2692 556 eum
2725 503 2824 573 qui
2849 501 2936 557 illi
2969 502 3206 567 insidet,
3231 501 3591 558 invisibilem
3614 503 3820 562 ineffa-

392 585 546 650 Θεὸν,
576 588 694 645 πῶς
725 577 1052 639 καταλαϐεῖν
1095 581 1487 657 δυνησόμεοα;
1543 586 1710 639 Φύσιν
1767 584 1862 658 μὶν
1910 589 2043 640 Θεοῦ

391 673 908 750 πολυπραγμονεῖν,
959 670 1242 728 ἀδύνατον·
1306 671 1627 752 ὃοξολογεας
1687 672 1745 730 ὃὶ
1803 675 2042 748 ἀναπέμ-

387 783 509 819 πειν
543 761 692 835 αὐτῷ
717 761 804 818 ἐπὶ
852 766 967 825 τοῖς
1002 762 1309 836 ὁρωμένοις
1337 763 1502 819 αὑτοῦ
1561 761 2042 840 δημιουργήμασι,

391 853 484 911 δυν
500 855 629 910 ατόν
651 859 751 928 (2).

463 1033 538 1090 Δ’.
579 1036 761 1089 Ταῦτα
806 1028 864 1088 δὲ
916 1031 1046 1106 ὑμῖν
1107 1030 1325 1109 λέγεται
1359 1029 1450 1089 διὰ
1497 1036 1599 1104 τὴν
1656 1040 1758 1104 τῆς
1813 1034 2047 1097 πίστεως

389 1121 743 1190 ἀκολουθίαν,
802 1120 894 1176 καὶ
953 1119 1044 1177 διὰ
1100 1121 1163 1176 τὸ
1222 1118 1401 1197 λέγειν
1458 1125 1651 1196 ἡμᾶς·
1712 1125 2044 1197 Πιστευόμεν

391 1211 469 1274 εἰς
520 1209 612 1267 ἕνα
671 1210 846 1282 Θεὸν,
904 1209 1118 1286 Πατέρα
1176 1210 1595 1286 παντοκράονρα
1645 1215 1746 1286 (3)’
1808 1213 2044 1283 ποιητὴν

393 1299 623 1376 οὐρανιιῦ
651 1300 738 1354 καὶ
790 1305 917 1374 γῆς,
981 1299 1193 1372 ὁρατῶν
1240 1321 1300 1355 τε
1356 1299 1570 1356 πᾶντων
1629 1300 1719 1356 καὶ
1778 1300 2043 1367 ἀοράτων

385 1389 478 1444 ἳνα
527 1388 990 1462 μνημονεύωμεν.
1051 1387 1137 1444 ὅτι
1188 1388 1352 1453 αὐτος
1407 1387 1518 1445 ἐστι
1575 1392 1762 1466 Πατὴρ
1819 1395 1916 1446 τοῦ
1951 1394 2050 1448 Κυ-

383 1477 506 1553 ρίου
557 1481 718 1550 ἡμῶν
777 1479 958 1549 Ἰησοῦ
1015 1481 1272 1550 Χριστοῦ,
1331 1477 1423 1533 καὶ
1473 1478 1636 1544 αὐτός
1695 1479 1836 1535 ἐστιν
1891 1482 1919 1535 ὁ
1951 1501 2047 1537 πει

384 1567 638 1638 ποιηκὼς
667 1567 762 1622 τὸν
794 1567 1026 1642 οὐρανὸν
1077 1568 1168 1622 καὶ
1215 1567 1315 1636 τὴν
1345 1574 1471 1642 γῆν·
1504 1569 1594 1623 καὶ
1619 1568 1708 1622 ἳνα
1737 1567 2048 1647 ἀσφαλιζώο

388 1668 524 1730 μεθ-ε
553 1656 778 1718 ἑαυτοὺς
807 1658 892 1729 (4)
944 1653 1034 1710 διὰ
1080 1655 1176 1720 τὰς
1237 1655 1502 1732 ἐκτροπὰς
1556 1661 1662 1712 τῶν
1691 1657 1862 1722 ἀθέων
1895 1659 2046 1726 αἱρε-

381 1749 550 1802 τικῶν
580 1791 597 1818 ,
652 1749 763 1800 τῶν
823 1743 1250 1819 τετολμηκότων
1309 1751 1491 1809 κακῶς
1550 1747 1897 1823 ἀναγορεύειν
1951 1749 2042 1803 τὸν

387 1836 666 1913 πάνσοφον
709 1834 965 1909 τεχνίτην
1020 1835 1220 1896 παντὸς
1277 1833 1439 1891 τοῦδε
1489 1833 1585 1890 τοῦ
1642 1836 1873 1909 κόσμου’
1932 1841 2040 1892 τῶν

394 1920 709 2002 βλεπόντων
746 1925 840 1998 μὶν
904 1925 1105 2001 σαρκὸς
1139 1925 1475 2000 ὀφθαλμοῖς,
1504 1926 1571 1981 τὰ
1603 1923 1659 1981 δὶ
1689 1925 1912 2000 ὄμματα
1940 1934 2038 1997 τῆς

395 2012 633 2076 διανοίας
664 2012 1108 2088 πεπωρωμίνων·

468 2103 540 2160 Ε“.
569 2102 637 2160 Τί
665 2107 766 2178 γὰρ
797 2097 988 2178 ἔχουσι
1038 2101 1350 2178 μέμψασθαι
1378 2109 1458 2177 τῷ
1493 2105 1736 2181 μεγίστῳ
1765 2102 2038 2182 δημιουρ-

392 2194 600 2268 γήματι
627 2196 724 2246 τοῦ
756 2197 892 2248 Θεοῦ
924 2211 938 2262 ;
964 2191 1056 2255 οὓς
1115 2190 1221 2248 ἔδει
1257 2192 1597 2269 ἐκπλαγῆναι
1657 2197 2036 2269 θεωρήσαντας

385 2287 492 2337 τῶν
547 2280 792 2356 οὖρα-ρῶν
847 2283 912 2336 τὰ
967 2282 1144 2352 κύτη·
1202 2281 1295 2345 οὓς
1353 2281 1459 2338 ἔδει
1519 2291 1889 2360 προσκυνῆσαι
1943 2284 2033 2340 τὸν

384 2374 656 2443 στήσαντα
713 2371 790 2434 ὡς
842 2371 1092 2448 καμάραν
1149 2373 1241 2427 τὸν
1293 2372 1537 2448 οὐρανόν·
1597 2375 1688 2428 τὸν
1722 2372 1780 2428 ἐκ
1809 2373 2034 2450 ῥευστῆς

384 2460 597 2539 φύσεως
675 2462 782 2514 τῶν
846 2456 1052 2514 ὑδάτων
1143 2456 1390 2515 ἄπτωτον
1467 2460 1752 2516 ὑπόστασιν
1805 2461 2035 2537 οὐρανοῦ

383 2551 689 2618 ποιήσαντα
725 2592 737 2606 .
797 2549 928 2606 Elite
978 2548 1082 2624 γὰρ
1151 2549 1178 2602 ὁ
1227 2549 1376 2611 Θεός·
1438 2553 1730 2622 Γενηθήτω
1785 2552 1850 2607 τὸ
1905 2572 2033 2607 στε-

392 2639 581 2713 ρέωμα
637 2638 689 2694 ἐν
753 2637 899 2712 μέσῳ
946 2643 1042 2694 τοῦ
1100 2635 1314 2702 ὕδατος.
1375 2642 1538 2697 Εἶπεν
1597 2642 1626 2695 ὁ
1682 2643 1810 2704 Θεὸς
1871 2644 2030 2714 ἅπαξο

464 2763 512 2799 ⁸³
552 2765 675 2820 Vid.
707 2771 816 2820 cat.
847 2769 899 2834 7,
926 2781 988 2824 n.
1010 2768 1062 2821 3.
1123 2765 1171 2801 ⁸⁸
1199 2767 1312 2822 Isa.
1336 2783 1426 2834 ιι,
1458 2768 1549 2824 22.
1609 2765 1656 2803 ⁸⁵
1687 2769 1829 2824 Gen.
1861 2786 1900 2840 ι,
1932 2771 1984 2824 6.

461 2880 540 2948 (1)
573 2878 1015 2957 Ὀντιι-ἁ-όροιτιινΪ
1047 2881 1304 2957 verbum
1334 2877 1462 2936 ὅντα
1493 2883 1623 2940 loco
1644 2883 1734 2957 καὶ
1766 2884 2038 2957 ascripsi-

390 2969 524 3008 mus
556 2969 625 3007 cx
655 2952 827 3009 codd.
863 2953 1062 3020 Coisl.,
1096 2953 1312 3015 0ttob..
1347 2957 1485 3019 Hoc,
1518 2956 1764 3012 Casaub.

461 3025 538 3095 (2)
571 3024 833 3110 Δυνιτόν.
885 3021 1316 3110 Ιδορρηδυνατὸν
1376 3027 1661 3110 scriptum
1693 3028 2038 3110 estin_qua-

2151 588 2455 660 bilemque
2489 592 2673 647 Deum
2705 591 3006 662 quomodo
3046 593 3552 663 comprehendere
3585 596 3813 665 poteri-

2152 695 2283 734 mus
2305 680 2332 734 ?
2366 682 2648 736 Naturam
2679 682 2920 751 quidem
2945 681 3045 736 Dei
3070 681 3279 736 intime
3308 683 3558 737 scrutari
3591 684 3814 756 impos-

2151 768 2326 823 sibile
2367 775 2492 824 est:
2527 776 2588 824 at
2636 786 2773 825 eum
2805 787 2875 825 ex
2922 769 2995 824 iis
3055 786 3186 840 qum
3244 770 3646 841 conspicimus
3673 774 3814 844 ejus

2151 855 2432 926 operibus
2466 897 2481 923 ,
2540 855 3077 928 gloriﬁcationibus
3134 861 3193 910 et
3243 855 3469 911 honore
3526 873 3812 933 prosequi

2150 944 2455 1015 possibile.

2223 1033 2310 1087 ιν.
2360 1031 2493 1090 Haec
2552 1039 2749 1090 autem
2782 1034 2946 1089 vobis
2984 1038 3227 1106 prapter
3278 1033 3416 1090 ﬁdei
3449 1035 3528 1106 (5)
3590 1051 3796 1090 conse-

2150 1123 2461 1192 quentiam
2493 1123 2884 1195 ordinemque
2935 1123 3252 1190 dicuntur;
3285 1129 3345 1178 et
3373 1124 3515 1196 quia
3543 1124 3627 1179 ita
3655 1124 3804 1180 dici-

2151 1228 2283 1267 mus
2309 1228 2323 1266 :
2361 1214 2648 1268 Credimus
2679 1215 2739 1267 in
2777 1218 2946 1268 unum
2976 1215 3166 1278 Deum,
3199 1215 3422 1268 Patrem
3453 1217 3808 1285 omnipoten-

2151 1307 2276 1364 tem,
2307 1305 2575 1371 factorem
2615 1304 2735 1358 cwli
2785 1309 2835 1357 et
2881 1309 3070 1370 terrae,
3121 1302 3425 1358 visibilium
3478 1305 3723 1359 omnium
3753 1309 3808 1359 et

2147 1391 2508 1446 invisibilium
2531 1409 2549 1446 :
2575 1397 2642 1446 ut
2693 1391 3147 1448 meminerimus
3177 1391 3454 1447 eumdem
3486 1407 3618 1449 esse
3648 1393 3800 1449 128

2153 1484 2380 1535 Patrem
2411 1481 2646 1536 Domini
2679 1480 2868 1535 nostri
2898 1481 3032 1536 Jesu
3063 1480 3280 1534 Christi
3310 1483 3411 1552 (6),
3445 1487 3504 1536 et
3525 1482 3803 1538 eumdem

2152 1587 2280 1626 esse
2314 1571 2413 1642 qui
2436 1571 2576 1627 fecit
2600 1571 2813 1627 caelum
2863 1578 2922 1626 et
2964 1578 3182 1626 terram
3206 1569 3254 1604 (³³
3279 1589 3292 1638 ;
3321 1576 3508 1642 utque
3549 1577 3806 1628 nosmet-

2150 1661 2311 1733 ipsos
2343 1661 2831 1733 prmmuniamus,
2864 1667 3105 1733 propter
3133 1661 3468 1715 alienorum
3520 1665 3634 1716 Deo
3679 1663 3804 1717 has-

2148 1751 2469 1806 reticorum
2497 1751 2880 1816 deﬂexiones,
2905 1751 3004 1822 qui
3032 1749 3475 1821 sapientissimo
3501 1751 3679 1805 totius
3702 1751 3805 1806 hu-

2145 1840 2318 1912 jusce
2345 1841 2553 1896 mundi
2579 1839 2874 1896 conditori
2907 1839 3148 1909 obloqui
3181 1845 3320 1894 sunt
3348 1839 3514 1907 ausi;
3547 1839 3647 1910 qui
3669 1856 3802 1896 car-

2148 1930 2242 1984 nis
2271 1929 2513 2001 quidem
2544 1929 2731 1985 oculis
2756 1929 2974 1996 vident,
3008 1929 3226 1983 mentis
3257 1944 3393 1984 vero
3424 1929 3614 1984 oculis
3662 1928 3796 1985 des-

2147 2019 2470 2074 tituuntur.

2218 2109 2279 2164 V.
2314 2109 2465 2174 Quid
2495 2108 2657 2164 enim
2705 2108 2948 2174 habent,
2981 2107 3140 2179 quod
3170 2107 3230 2162 in
3261 2106 3372 2162 hoc
3403 2107 3661 2162 maximo
3692 2107 3796 2163 Dei

2145 2197 2383 2269 opitlcio
2439 2198 2882 2254 criminentur?
2911 2214 3060 2269 quos
3108 2195 3419 2269 Oportebat
3462 2197 3797 2268 conspectis

2145 2287 2428 2343 caelorum
2480 2287 2948 2342 convexitatibus
2999 2292 3240 2358 stupore
3315 2285 3598 2358 percelli:
3660 2302 3795 2342 eum

2145 2376 2391 2433 adorare
2423 2375 2526 2447 qui
2556 2376 2770 2432 cmlum
2801 2376 3007 2431 statuit
3027 2375 3195 2447 quasi
3246 2375 3535 2430 fornicem
3565 2373 3613 2408 ⁸⁸
3645 2391 3658 2429 :
3691 2376 3794 2446 qui

2144 2465 2216 2522 de
2245 2465 2403 2520 tluxa
2431 2481 2722 2537 aquarum
2772 2471 2985 2520 natura
3012 2468 3086 2535 (Ἰ)
3136 2480 3308 2519 ruere
3366 2463 3630 2519 nesciam
3661 2464 3795 2520 caeli

2145 2554 2538 2610 substantiam
2589 2555 2935 2610 etl'ormavit.
3000 2553 3152 2608 Uixit
3209 2555 3369 2608 enim
3429 2554 3618 2608 Deus:
3668 2555 3796 2609 Fiat

2140 2648 2550 2714 ﬁrmamentum
2580 2647 2639 2698 in
2668 2645 2846 2699 medio
2888 2659 3046 2713 aqua
3067 2642 3134 2700 ⁸⁵.
3169 2643 3324 2699 Βιχίῐ
3373 2643 3528 2698 Deus
3559 2642 3747 2699 semel
3777 2661 3790 2712 ;

2146 2889 2317 2949 trem,
2351 2885 2536 2940 alium
2565 2885 2850 2940 factorem
2896 2883 3103 2939 mundi
3151 2883 3419 2951 docebat,
3453 2900 3523 2938 ex
3548 2882 3790 2955 Cyrillo,

2145 2963 2258 3011 cat.
2293 2959 2344 3010 6.
2379 2973 2436 3010 ιι.
2475 2959 2577 3023 t6;
2611 2955 2769 3027 quod
2813 2958 3092 3011 hauserat
3131 2972 3160 3010 e
3187 3026 3190 3027 ν
3215 2955 3502 3016 Cerdone,
3535 2971 3605 3009 ex
3635 2955 3790 3027 Iren.

2147 3027 2249 3082 lib.
2281 3044 2316 3095 I,
2351 3044 2476 3098 cap.
2513 3032 2601 3089 2‘1.
2633 3026 2712 3084 ιι.
2777 3031 2798 3081 1
2826 3045 2838 3093 ;
2896 3026 3198 3082 Manichsei
3249 3027 3538 3081 mundum
3570 3043 3604 3080 a
3635 3026 3792 3081 malo

389 3091 527 3150 tuor
581 3096 842 3168 prmfatis
883 3097 1210 3164 codicibus,
1269 3091 1670 3167 εὐσεϐἑσὲατον,
1722 3091 2036 3170 piissimum
2065 3099 2109 3166 C
2147 3091 2500 3171 productum
2531 3099 2794 3162 aiebant,
2826 3091 2937 3154 cat.
2971 3102 3024 3166 6,
3060 3115 3119 3153 ιι.
3157 3101 3241 3163 15,
3275 3102 3339 3152 27
3365 3104 3423 3152 et
3454 3100 3540 3151 32.
3576 3098 3642 3171 Hi
3672 3114 3791 3152 om-

389 3173 486 3221 est.

459 3237 776 3313 (3)__ll_11:£pa
806 3257 965 3292 παντ.
1012 3244 1123 3313 etc.
1155 3241 1276 3295 Vox
1326 3241 1534 3310 Πατὲρα
1565 3243 2038 3313 prastermittitur

389 3307 869 3383 in‘editisfhanc
918 3311 1285 3383 supplemus,
1322 3307 1583 3368 tum'ex'
1622 3315 1791 3369 codd.
1848 3315 2034 3380 Colb.,

386 3380 604 3447 Ottob.,
630 3384 773 3445 Roe,
839 3380 1008 3438 Bodl.
1033 3380 1092 3438 et
1110 3400 1254 3438 vers.
1293 3385 1447 3439 Grod
1469 3389 1595 3439 tum
1627 3402 1696 3440 ex
1727 3385 1860 3441 aliis
1891 3386 2037 3442 locis

385 3452 602 3526 quibus
633 3454 794 3508 hunc
825 3455 1085 3526 primum
1118 3455 1380 3526 Symboli
1411 3456 1729 3512 articulum
1753 3459 1834 3512 ita
1858 3458 2040 3512 refert

385 3523 662 3600 Cyrillus.
696 3532 762 3579 ut
783 3523 896 3600 cat.
930 3530 1067 3600 7,11.
1103 3523 1291 3588 Leto.
1323 3553 1336 3594 ;
1362 3535 1485 3600 tum
1514 3544 1652 3583 vero
1685 3545 1755 3583 ex
1785 3545 1851 3582 eo
1879 3529 2038 3600 quod

385 3595 565 3650 verba
612 3598 947 3667 sequentia,
975 3593 1088 3672 Δ’ἰνιιι
1140 3597 1596 3672 μνημονεύωμεν,
1649 3606 1784 3657 etc..
1820 3593 2034 3672 suppo-

393 3673 546 3739 nunt
575 3683 705 3722 eam
739 3685 942 3724 vocem
971 3668 1033 3723 in
1063 3669 1174 3724 hoc
1207 3668 1334 3725 loco
1365 3671 1674 3726 recitatam
1704 3687 1852 3726 esse.
1889 3668 2035 3739 Mox,

395 3737 458 3815 i_n
489 3738 798 3815 impressis
830 3740 1083 3795 habetur
1111 3747 1366 3815 tantum.
1397 3742 1606 3815 ὁρατῶν
1634 3741 1722 3795 καὶ
1767 3737 2034 3810 ἀοράτων.

392 3809 742 3866 Encliticam
772 3829 848 3878 τε,
874 3818 933 3866 et
963 3829 1161 3867 vocem
1219 3809 1454 3875 πάντων,
1489 3821 1606 3869 tam
1639 3831 1709 3868 ex
1739 3809 2035 3870 memora-

392 3880 470 3934 tis
491 3881 815 3950 codicibus,
849 3883 1064 3954 quibus
1095 3884 1510 3954 adJungendus
1540 3885 1712 3940 Coisl.
1759 3902 1934 3954 quam
1968 3903 2038 3941 ex

391 3961 858 4010 commemorato
889 3961 1002 4010 cat.
1026 3959 1080 4023 7,
1115 3972 1172 4010 ιι.
1207 3958 1261 4024 4,
1294 3957 1443 4020 loco,
1478 3957 1574 4012 hic
1604 3957 1962 4013 addidimus.

458 4026 543 4100 (ῥυ-
597 4024 1051 4100 ’ᾼσιραλιζώμεθα
1109 4025 1332 4100 ἑαυτούς
1364 4072 1378 4084 .
1413 4030 1627 4100 Vocem
1685 4026 1907 4089 ἑαυτοὺς
1967 4045 2037 4084 ex

388 4093 593 4171 Coisl.,
612 4093 788 4171 Ott'ob
814 4142 828 4165 ,
847 4093 989 4171 Hoc.
1014 4099 1284 4171 (Lasaub.,
1309 4099 1481 4171 Grod.
1507 4106 1564 4155 et
1588 4100 1757 4156 Basil.
1781 4100 2034 4171 exempl.

387 4165 814 4243 hic_supplevi.
849 4170 1030 4243 Paulo
1062 4169 1216 4225 intra
1257 4171 1392 4243 loco
1423 4169 1787 4243 ἀναγορεύειν,
1825 4165 2038 4243 legitur

383 4237 446 4291 in
477 4237 687 4314 ltoe'ét
715 4241 959 4314 Casaub.
997 4240 1368 4314 ἀπαγορεύειν.
1402 4237 1548 4297 Post
1569 4237 1666 4295 τοῦ
1698 4239 1755 4296 δὲ
1781 4237 2035 4298 alterum

380 4310 704 4366 articulum
733 4314 833 4364 τοῦ
864 4311 1056 4381 adjeci
1090 4310 1160 4368 ex
1178 4310 1354 4368 codd.
1389 4314 1566 4368 Coisl.
1603 4321 1662 4368 et
1690 4315 1852 4371 Colb.

459 4384 539 4456 (5)
559 4386 691 4456 _lJoc
721 4390 812 4456 est
841 4383 1125 4456 Symboli.

454 4455 529 4522 (6)
559 4454 817 4509 Eumdem
855 4454 962 4510 esse
1004 4463 1242 4520 I'atrem,
1279 4461 1386 4510 etc.
1424 4457 1558 4510 Hiec
1589 4461 1796 4511 contra
1826 4473 2032 4512 omnes

379 4522 503 4599 fere
526 4532 757 4599 veteres
788 4527 1100 4599 haereticos
1131 4527 1232 4598 qui
1263 4527 1550 4599 mundum
1584 4527 1656 4581 ab
1688 4528 1913 4599 angelis
1941 4529 2030 4584 vel

382 4611 416 4650 a
449 4595 782 4670 Demiurgo.
817 4598 904 4652 vel
935 4615 970 4653 a
999 4595 1167 4652 male
1211 4598 1523 4669 principio.
1558 4599 1616 4652 id
1659 4606 1749 4652 est
1774 4595 2030 4654 'diabolo

379 4665 718 4740 conditum:
740 4670 938 4724 Jesum
971 4677 1167 4724 autem
1190 4665 1483 4724 Christum
1520 4671 1780 4740 supremi
1815 4671 1916 4725 Dei
1949 4672 2034 4726 Fi-

381 4736 529 4812 lium
561 4739 817 4812 aiebant.
851 4742 1100 4812 creatori
1135 4741 1338 4796 mundi
1365 4736 1723 4812 oppositum.
1753 4741 2030 4798 Mundum

380 4808 454 4863 ab
474 4811 1030 4884 angelisiconditum
1064 4829 1305 4868 sensere
1339 4808 1507 4867 multi
1533 4829 1681 4882 quos
1701 4815 2029 4884 generatim

376 4887 545 4953 notat
566 4883 822 4953 Cyrillus
841 4889 952 4938 cat.
985 4885 1064 4950 ll,
1102 4901 1160 4939 η.
1183 4886 1273 4940 21.
1307 4885 1372 4938 Hi
1399 4891 1538 4939 sunt
1560 4883 1758 4939 Simon
1792 4887 2030 4953 Magnus

377 4967 449 5007 ex
482 4952 719 5026 Irenazo
757 4954 857 5008 lib.
884 4973 920 5012 ι.
947 4971 1074 5026 cap.
1107 4957 1196 5021 23,
1222 4973 1281 5010 ιι.
1310 4959 1343 5009 2
1369 4973 1382 5021 ;
1418 4955 1758 5020 Menander,
1784 4952 2026 5012 ibidem.

376 5028 643 5097 nuni._5;
703 5025 1078 5091 Saturninus,
1140 5044 1210 5081 ex
1268 5027 1499 5094 eodem,
1551 5043 1677 5097 cap.
1739 5030 1826 5092 24,
1861 5045 1899 5082 ιι
1961 5033 2024 5096 1;

387 5093 698 5169 Dasilides.
729 5113 893 5152 num.
929 5100 958 5152 3
993 5104 1051 5152 et
1075 5100 1140 5164 4;
1173 5100 1577 5168 Carpocrates,
1605 5093 1734 5169 cap.
1755 5101 1842 5153 25.
1869 5117 1928 5154 ιι.
1957 5103 1979 5153 1

373 5166 692 5238 Corinthus
723 5184 844 5224 non
881 5186 915 5224 a
940 5170 1130 5238 primo
1155 5166 1524 5224 Deo—factum
1545 5166 1696 5224 esse
1713 5166 2025 5238 mundum,

375 5187 692 5221 uerlntnus
723 5187 844 5224 non
881 5187 915 5224 a
983 5187 1130 5224 rimo
1155 5187 1272 5223 ueo
1303 5187 1524 5224 [actum
1545 5187 1674 5224 esse
1713 5187 2025 5238 mundum,

375 5237 480 5292 sed
510 5254 545 5292 a
567 5239 778 5311 virtute
813 5187 1068 5311 quadam
1091 5240 1257 5296 valde
1303 5247 1576 5311 separata
1605 5247 1663 5296 et
1703 5240 1962 5296 distante
1992 5259 2028 5298 a

376 5309 1431 5394 summq'D_eo,_.éu.mqueignorante,
1467 5311 1764 5394 statuebat
1793 5329 1922 5384 cap.
1957 5317 2024 5394 26

373 5395 436 5434 n.
469 5385 540 5444 ις
602 5381 1001 5438 Valentiniani
1054 5381 1212 5438 varia
1251 5383 1323 5438 de
1381 5383 1757 5438 institutione
1815 5381 2025 5440 mundi

374 5451 658 5522 ﬁgmenta
688 5453 1005 5518 habebant,
1030 5454 1100 5509 de
1119 5455 1335 5525 quibus
1352 5455 1606 5526 Cyrillus
1624 5462 1736 5510 cat.
1762 5457 1814 5520 6,
1848 5473 1905 5510 ιι.
1940 5458 2021 5519 t8,

372 5539 667 5600 suumque
694 5526 1095 5600 Demiurgum,
1123 5527 1224 5597 qui
1252 5543 1433 5600 purus
1457 5533 1615 5582 esset
1635 5527 1882 5600 angelus
1905 5543 1918 5582 :
1953 5545 2023 5583 ex

368 5592 522 5670 l_r_en.
561 5592 643 5649 lib
701 5613 740 5656 ι.
769 5613 900 5670 cap,
931 5592 983 5656 ὅ.
1020 5615 1076 5670 ιι.
1131 5592 1184 5654 2.
1240 5592 1299 5653 et
1329 5597 1431 5653 lib.
1469 5592 1836 5670 niteapflt.
1871 5615 1932 5655 ιι.
1966 5602 2020 5654 2.

365 5665 477 5741 His
500 5665 912 5741 accensendus
941 5668 1219 5725 Tatianus
1249 5686 1321 5726 ex
1349 5665 1539 5738 Iren.,
1563 5665 1678 5724 lib.
1701 5688 1741 5738 ι,
1766 5686 1896 5741 cap.
1929 5672 2020 5740 28,

365 5752 428 5793 ιι.
462 5740 485 5792 ί
515 5753 531 5807 ;
560 5737 940 5813 Ptolemaeus,
972 5742 1223 5812 Marcus,
1255 5747 1367 5798 etc.
1398 5741 1659 5799 Marcion
1687 5737 1874 5798 alium
1905 5737 2020 5799 Pa;

2146 3168 2254 3225 nes
2283 3177 2610 3226 creatorem
2642 3187 2676 3225 a
2706 3171 2838 3225 Jesu
2879 3171 3092 3225 Christi
3147 3171 3320 3224 Patre
3377 3168 3795 3234 secernebant,

2145 3242 2318 3297 illum
2367 3243 2666 3315 cognitum
2701 3243 2974 3315 etoculis
3017 3242 3160 3315 olim
3192 3242 3401 3305 visum,
3436 3240 3593 3294 hunc
3628 3240 3796 3295 inco-

2144 3315 2371 3387 gnitum
2408 3313 2646 3386 prorsus
2675 3313 2774 3368 alii
2809 3330 2986 3384 quam
3017 3313 3164 3368 Filio
3195 3318 3548 3387 statuentes.

2215 3389 2292 3457 (7)
2325 3387 2397 3440 De
2411 3383 2571 3455 ﬂuxa
2599 3383 2872 3455 aquarum
2901 3392 3124 3446 natura.
3159 3391 3248 3439 etc
3303 3383 3491 3438 Cuslos
3520 3399 3590 3436 ex
3621 3383 3791 3457 aquis

2145 3454 2507 3528 compositos
2565 3464 2624 3511 et
2657 3454 2980 3511 institutos
3037 3457 3210 3511 docet
3265 3462 3377 3511 cat.
3411 3457 3464 3520 3,
3494 3471 3553 3510 ιι.
3587 3457 3617 3528 5_
3649 3471 3662 3520 ;
3695 3454 3792 3510 hic

2147 3526 2344 3582 autem
2367 3529 2546 3582 etiam
2575 3528 2814 3598 liquidas
2843 3534 2901 3582 et
2929 3544 3134 3597 aquem
3166 3543 3294 3582 esse
3326 3533 3552 3582 natura)
3584 3526 3792 3598 decer-

2147 3600 2254 3663 nit,
2289 3600 2434 3654 adeo
2466 3607 2531 3654 ut
2559 3596 2771 3653 cas—lum
2807 3596 3000 3669 ipsum
3033 3615 3189 3668 aqua
3219 3599 3331 3663 sit;
3381 3599 3443 3651 in
3474 3597 3645 3668 aquis
3666 3596 3789 3669 dis-

2147 3678 2391 3725 currant
2414 3671 2600 3741 igneus
2633 3667 2892 3724 siderum
2927 3667 3134 3723 formas
3159 3686 3172 3735 ;
3196 3669 3408 3724 coelum
3433 3668 3506 3723 ad
3534 3667 3794 3741 tunden-

2147 3742 2252 3796 dos
2283 3740 2504 3796 imbres
2536 3757 2605 3794 ex
2639 3758 2744 3795 sua
2790 3741 2976 3812 ipsius
3027 3747 3240 3795 natura
3266 3748 3341 3812 et,
3371 3740 3794 3812 constitutione

2145 3819 2486 3884 promptum
2518 3810 2875 3884 etparatum
2908 3813 3002 3866 sit.
3035 3810 3379 3884 Communis
3411 3810 3650 3884 quidem
3685 3812 3795 3884 lfa-

2147 3881 2540 3963 trumbpi‘nio
2571 3881 2685 3938 fert
2714 3884 2926 3963 caelum
2960 3900 3027 3938 ex
3059 3883 3230 3963 aquis
3262 3881 3651 3963 primordium
3685 3881 3795 3963 du-

2145 3973 2300 4010 cere.
2326 3951 2398 4010 At
2429 3956 2487 4010 in
2518 3956 2828 4010 nonnullis
2859 3972 3063 4010 eorum
3082 3951 3338 4024 a’Cyrilo
3361 3952 3659 4024 sententia
3679 3951 3794 4024 dis-

2146 4027 2369 4082 cordat.
2417 4030 2596 4082 Nam:
2632 4031 2685 4080 1ο
2735 4027 2972 4082 Nonnisi
3008 4023 3222 4081 coalum
3280 4023 3629 4086 secundum,
3680 4023 3792 4077 hoc

2146 4104 2237 4154 est
2266 4098 2423 4154 istud
2451 4098 2834 4169 aspectabile,
2863 4098 2980 4153 sive
3004 4098 3448 4169 firmamentum
3476 4095 3536 4149 in
3563 4111 3678 4166 quo
3708 4094 3792 4169 in-

2147 4171 2265 4226 ﬁxa
2293 4176 2432 4226 sunt
2463 4166 2678 4229 sidera.
2713 4187 2783 4226 ex
2821 4170 2994 4240 aquis
3041 4167 3359 4240 conﬂatum
3394 4166 3636 4240 dicunt:
3669 4166 3788 4240 pri-

2146 4259 2308 4298 mum
2335 4248 2532 4296 autem
2560 4241 2796 4307 caelum,
2832 4237 2948 4296 sive
2981 4239 3280 4311 superius,
3311 4238 3558 4294 alterius
3585 4237 3787 4311 condi-

2145 4314 2323 4368 tionis
2351 4313 2710 4367 existimant.
2751 4313 3004 4385 Cyrillus
3034 4308 3190 4368 vero.
3217 4316 3329 4385 cat.
3365 4312 3415 4373 3,
3439 4327 3500 4364 ιι.
3533 4312 3586 4374 5,
3611 4308 3790 4385 melos

2143 4385 2472 4462 generatim
2503 4384 2632 4438 sine
2663 4379 3007 4462 discrimine
3040 4400 3110 4438 ex
3141 4383 3311 4462 aquis
3341 4388 3613 4462 constare
3637 4379 3788 4462 afﬁt:

2148 4451 2284 4511 mat.
2343 4456 2638 4527 cmlosque
2681 4473 2801 4510 non
2858 4457 3046 4527 duos,
3075 4453 3178 4509 sed
3201 4451 3412 4526 plures
3446 4451 3654 4516 tribus,
3688 4451 3789 4527 qui

2141 4527 2487 4599 angelorum
2523 4525 2862 4583 habitacula
2883 4528 3002 4582 sint
3022 4526 3274 4588 diversa,
3293 4529 3571 4599 numerat
3600 4528 3710 4577 cat.
3735 4525 3786 4588 6,

2142 4617 2181 4655 n
2223 4595 2291 4663 ’3,
2324 4606 2382 4654 et
2409 4605 2518 4654 cat.
2557 4603 2643 4663 tt,
2679 4617 2717 4654 ιι
2777 4603 2833 4652 tt
2867 4617 2878 4652 :
2911 4603 2970 4653 2°
3002 4601 3202 4652 Patres
3234 4596 3402 4667 vulgo
3428 4595 3785 4667 ﬁrmamen-

2142 4677 2262 4726 tum
2299 4688 2369 4726 ex
2398 4671 2568 4741 aquis
2601 4671 2662 4725 in
2694 4670 2953 4741 crystalli
2999 4669 3279 4741 glacieive
3309 4666 3587 4722 duritiem
3619 4681 3780 4741 coms

2141 4743 2328 4814 pactis
2357 4739 2631 4797 constare
2663 4739 2947 4805 sentiunt,
2971 4739 3454 4814 ut'l‘lieodoretus
3475 4743 3667 4814 quiest
3724 4740 3784 4790 ll

2138 4807 2196 4868 in
2230 4815 2418 4871 Gencs.
2447 4833 2459 4881 ;
2493 4821 2700 4869 auctor
2731 4817 2985 4881 Recogn..
3012 4812 3112 4868 lib.
3149 4830 3183 4878 ι,
3209 4829 3266 4865 ιι.
3288 4813 3354 4864 27
3388 4817 3446 4864 et
3473 4813 3572 4872 2a;
3597 4807 3791 4880 Olym-

2138 4885 2445 4956 piodorus.
2479 4888 2680 4939 Caton-
2715 4887 2772 4939 in
2803 4887 2901 4939 Job
2933 4899 3139 4939 xxxvu.
3188 4884 3301 4956 18._
3331 4881 3421 4956 vel
3479 4886 3688 4936 contra
3717 4896 3787 4934 ex

2139 4953 2309 5026 aquis
2343 4957 2401 5010 in
2444 4973 2737 5010 summam
2770 4957 3073 5011 raritatem
3108 4959 3167 5009 et
3216 4953 3603 5026 subtilitatem
3640 4956 3786 5006 atte-

2139 5023 2357 5093 nuatis,
2391 5033 2454 5082 ut
2485 5028 2682 5086 Basil..
2716 5029 2854 5082 hom
2907 5030 2936 5081 3
2969 5030 3027 5080 in
3057 5029 3344 5090 Hexaem,
3369 5042 3426 5097 p.
3452 5026 3540 5078 30.
3572 5023 3790 5078 Contra

2137 5099 2390 5170 Cyrillus
2412 5115 2491 5170 ex
2524 5099 2668 5169 ipsis
2691 5100 2861 5169 aquis
2892 5100 2954 5153 in
2985 5098 3182 5170 specie
3215 5104 3272 5151 et
3296 5103 3525 5170 natura
3555 5111 3662 5150 sua
3693 5109 3790 5148 re-

2136 5168 2519 5225 manentibus
2550 5168 2562 5222 Ξ
2622 5171 2704 5225 ita
2745 5168 2810 5225 ut
2849 5185 3042 5234 neque
3073 5168 3458 5239 nubesjuxta
3487 5168 3680 5237 ipsum
3718 5181 3787 5219 ex

2134 5243 2306 5312 aquis
2337 5240 2659 5304 rarefactis,
2691 5241 2794 5295 sed
2826 5257 2893 5296 ex
2923 5256 3058 5312 aere
3095 5239 3353 5312 idensato
3400 5243 3694 5312 constent,
3729 5241 3788 5290 et

2135 5309 2416 5367 imbrium
2445 5329 2632 5383 aquas
2671 5312 2960 5383 bajulent.
3019 5311 3191 5383 infra.
3237 5327 3294 5364 ιι.
3328 5314 3380 5366 9.
3416 5311 3577 5365 Hanc
3632 5309 3782 5383 forte

2133 5383 2334 5454 Cyrilli
2381 5378 2759 5438 sententiam'
2800 5382 3167 5454 respiciebat
3187 5383 3608 5447 Damascenus,
3642 5378 3783 5433 dum

2133 5402 2173 5438 υ
2216 5402 2334 5438 run
2381 5402 2740 5438 sententlam
2800 5402 3158 5454 resplCleDal
3188 5402 3608 5447 uamascenus,
3642 5402 3782 5433 uum

2131 5402 2234 5510 lib.
2272 5472 2311 5509 ιι
2345 5455 2415 5508 De
2441 5454 2570 5524 ﬁde,
2603 5470 2730 5525 cap.
2782 5457 2836 5520 6,
2869 5457 2952 5510 ait
2987 5453 3276 5524 quosdam
3337 5454 3782 5525 ﬁrmamentum

2132 5543 2301 5616 aquae
2333 5524 3129 5616 n‘aturas'putareé‘taqquam
3162 5525 3230 5616 in
3261 5524 3454 5616 miedio'
3495 5535 3786 5616 aquarum

2132 5587 2488 5722 eiiste‘utem
2520 5639 2535 5668 ,
2578 5587 2754 5672 ἕτεροι
2795 5595 2854 5652 δὲ
2887 5587 3167 5664 ὑδατώδη,
3200 5595 3274 5656 ὡς
3307 5593 3358 5648 ἐν
3395 5587 3782 5664 μέσφ’ὐόάτων

2132 5689 2304 5722 γενοιι
2335 5690 2454 5722 νην.

2129 5689 2454 5744 γενομενην.
