4132 6266
306 426 428 484 64⁸.)

1100 416 1578 479 CATECHESIS
1624 417 1729 478 IX.
1779 419 1878 477 DE
1922 417 2076 476 ι)Εο
2121 417 2455 482 OMNIUM
2498 419 2971 483 CONDITORE.

3617 429 3738 489 650

306 557 605 614 nitentem
636 552 836 611 reddit
863 568 877 609 :
910 551 974 608 in
1005 567 1222 625 panem
1253 566 1490 624 quoque
1523 549 2012 620 convertitur,qui
2034 564 2138 604 cor
2156 549 2415 609 hominis
2444 553 2760 610 conﬁrmat
2785 554 2832 589 ⁸³
2866 572 2881 623 ;
2910 558 2970 610 et
2996 555 3059 611 in
3085 556 3403 630 omnigena
3429 557 3733 616 fructuum

307 657 575 729 opificia.

385 746 445 804 Γ.
481 745 607 802 Ἐπὶ
638 743 856 806 τούτοις
912 743 964 798 τί
1013 737 1119 798 ἔδει
1158 762 1171 813 ;
1205 739 1648 820 βλασφημεῖσθαι
1705 738 1798 793 τὸν
1858 743 1969 809 Δη-

2161 740 2308 797 181
2348 740 2413 797 Χ.
2447 743 2531 799 Ob
2560 744 2687 799 haac
2716 743 2859 815 quid
2889 744 3292 816 prastandum
3322 745 3481 802 fuit?
3527 750 3732 805 convi—

314 833 614 907 μιουργὸν,
645 833 680 901 ἢ
715 835 1129 906 προσκυνεῖσθαι
1187 829 1403 903 μᾶλλον
1434 849 1448 900 ;
1481 829 1571 885 καὶ
1624 828 1760 891 τὲως
1814 827 1968 884 οῧπω

318 919 469 997 λέγω
490 928 591 988 τῆς
624 920 814 997 σοφίας
845 920 1013 975 αὑτοῦ
1041 921 1109 974 τὰ
1159 919 1234 993 μή
1294 917 1617 998 φαινόμενα.
1679 916 1966 992 Θεώρησόν

317 1031 415 1084 μοι
447 1011 511 1065 τὸ
542 1007 659 1084 ἔαρ,
688 1009 781 1064 καὶ
810 1010 878 1064 τὰ
907 1008 1038 1080 ἂνθη
1061 1008 1128 1064 τὰ
1177 1013 1412 1065 παντοῖα
1439 1007 1491 1063 ἐν
1524 1007 1814 1082 ὁμοιότητι
1847 1006 1967 1065 δια-

309 1094 630 1173 κεκριμένα·
667 1095 833 1173 ῥόδου
871 1099 965 1171 μὶν
1022 1100 1085 1154 τὸ
1143 1098 1524 1176 ἐρυθρότατον,
1574 1098 1763 1176 κρίνου
1811 1096 1869 1155 δὲ
1905 1100 1968 1155 τὸ

315 1188 651 1244 λευκότατον
686 1190 783 1260 (1).
817 1189 901 1261 Ἐξ
935 1188 1054 1252 ἑνὸς
1096 1189 1197 1264 γὰρ
1261 1188 1418 1245 ὑετοῦ
1473 1187 1641 1245 ταῦτα
1694 1190 1787 1244 καὶ
1843 1193 1969 1261 μιᾶς

314 1287 424 1348 τῆς
455 1281 583 1353 γῆς,
614 1277 695 1341 τίς
719 1279 746 1332 ὁ
778 1274 1069 1350 διακρίνων
1097 1296 1110 1346 ;
1140 1277 1223 1342 τίς
1253 1279 1281 1333 ὁ
1315 1276 1670 1354 δημιουργῶν
1698 1297 1712 1348 ;
1745 1279 1971 1350 Θεώρη-

324 1370 420 1424 σόν
457 1389 550 1442 μοι
579 1368 677 1436 τήν
712 1362 1010 1441 ἀκρίϐειαψ
1048 1366 1108 1422 ἐκ
1142 1368 1269 1441 μιάς
1321 1368 1669 1431 ὑποστάσεως
1723 1373 1821 1424 τοῦ
1854 1367 1969 1424 δὲν-

319 1457 472 1535 δρου,
508 1458 568 1512 τὸ
604 1457 701 1530 μὶν
734 1455 809 1518 εἷς
842 1455 1071 1527 σκὲπην,
1135 1457 1199 1512 τὸ
1256 1454 1314 1512 δὶ
1364 1456 1442 1522 εἷς
1482 1457 1724 1534 καρποὺς
1775 1455 1967 1533 διαφό-

316 1568 470 1623 ρους⁸
504 1548 596 1601 καὶ
628 1549 707 1608 εἷς
740 1546 1072 1622 ὁτεχνίτης.
1132 1548 1280 1609 Μιᾶς
1330 1543 1584 1621 ἄμπελοι»
1640 1548 1704 1603 τὸ
1766 1548 1862 1621 μὲν
1917 1568 1969 1602 τι

315 1635 395 1697 εἲς
424 1631 615 1690 καῦσιν
646 1636 743 1707 (2),
772 1633 834 1689 τὸ
866 1630 922 1688 δὲ
950 1631 1028 1695 εἷς
1060 1632 1444 1707 βλαστήματα,
1470 1634 1533 1689 τὸ
1592 1631 1650 1689 δὲ
1704 1632 1780 1695 εἰς
1827 1631 1970 1710 φυλ-

315 1722 505 1792 λάδας,
537 1724 602 1779 τὸ
634 1722 691 1779 δὲ
722 1723 798 1786 εἷς
824 1720 1037 1793 ἕλικας,
1067 1722 1129 1779 τὸ
1162 1722 1219 1779 δὶ
1250 1723 1326 1788 εἷς
1355 1724 1570 1800 βότρυν.
1627 1721 1968 1801 Ἐκπλάγηθι

315 1815 407 1870 καὶ
429 1819 511 1885 (3)
565 1818 664 1869 τοῦ
720 1812 975 1887 καλάμου
1031 1814 1132 1883 τήν
1173 1815 1516 1883 πυκνοτάτην
1574 1817 1683 1869 τῶν
1741 1808 1968 1886 κόμόων

318 1899 655 1979 περιϐολὴν,
687 1901 753 1973 ἤν
784 1903 1038 1974 ἐποίησεν
1073 1904 1101 1958 ὁ
1129 1903 1408 1979 τεχνίτης.
1445 1903 1664 1974 Ἐκ·τῆς
1697 1908 1824 1977 μιᾶς
1865 1908 1969 1977 γῆς

321 1992 519 2069 ἑρπετᾶ
546 1992 898 2068 προέρχεται,
928 1992 1016 2046 καὶ
1061 1991 1245 2067 θηρία,
1276 1992 1366 2047 καὶ
1421 1993 1615 2064 κτήνη,
1668 1993 1761 2048 καὶ
1811 1989 1968 2066 ξύλα,

324 2083 414 2135 καὶ
450 2082 730 2154 βρώματα·
765 2081 854 2136 καὶ
888 2080 1117 2157 χρυσὸς,
1144 2082 1235 2137 καὶ
1267 2080 1522 2158 ἄργυρος,
1579 2083 1671 2138 καὶ
1730 2082 1968 2158 χαλκὸς,
2003 2103 2049 2169 Β

320 2174 411 2226 καὶ
444 2169 682 2247 σίδηρος,
733 2173 823 2226 καὶ
879 2169 1053 2238 λίθος.
1104 2171 1221 2230 Μία
1269 2177 1378 2228 τῶν
1435 2170 1644 2228 ὑδάτων
1692 2175 1727 2243 ἡ
1783 2173 1966 2252 φύσις,

317 2262 408 2317 καὶ
466 2260 518 2332 ἐξ
565 2261 732 2327 αὐτῆς
787 2263 1003 2331 νηκτῶν
1070 2263 1161 2318 καὶ
1220 2263 1421 2336 ὀρνέων
1506 2263 1819 2326 ὑπόστασις⁸
1875 2261 1968 2319 ’ίνα

317 2350 497 2427 ὥσπερ
530 2351 708 2407 ἐκεῖνα
737 2354 970 2427 νήχεται
1008 2350 1064 2407 ἐν
1092 2357 1215 2415 τοῖς
1282 2349 1491 2425 ὕδασιν,
1552 2351 1698 2408 οὕτω
1753 2354 1845 2409 καὶ
1900 2352 1970 2409 τὰ

312 2434 475 2516 ὄρνεα
502 2442 761 2497 ἳπτανται
794 2439 845 2497 ἑν
877 2445 955 2514 τῷ
983 2442 1122 2516 ἆὲρι.

391 2621 506 2678 1Α“.
542 2621 690 2690 Αὕτη
722 2622 758 2690 ἡ
817 2621 1063 2677 θάλασσα
1117 2622 1153 2691 ἡ
1217 2618 1428 2697 μεγάλη
1487 2621 1579 2677 καὶ
1624 2619 1965 2697 εὖρύχῶρος,

318 2710 435 2764 sxa?
461 2709 658 2782 ἕρπετᾶ
689 2710 762 2763 ὧν
810 2709 905 2764 οὐκ
962 2707 1106 2765 ἔστιν
1162 2709 1418 2785 ἀριθμός.
1478 2710 1570 2774 Τίς
1632 2709 1847 2766 δύναται
1881 2706 1966 2763 δι-

317 2799 634 2871 ηγήσασθαι
663 2801 769 2853 τῶν
804 2797 1006 2874 ἰχθύων
1036 2799 1147 2853 τῶν
1196 2797 1249 2854 ἰν
1309 2798 1445 2873 αὐτῇ
1503 2799 1566 2855 τὸ
1594 2796 1806 2862 κάλλος
1839 2817 1855 2869 ;
1886 2798 1968 2859 τίς

317 2885 540 2943 δύναται
576 2884 939 2963 διηγήσασθαι
992 2892 1176 2956 κητῶν
1233 2889 1302 2943 τὰ
1334 2888 1556 2963 μεγέθη,
1586 2888 1678 2944 καὶ
1707 2892 1813 2944 τῶν
1846 2889 1963 2961 ἀμ-

318 2971 515 3053 φιϐίων
544 2977 699 3045 ζώων
728 2979 826 3047 τήν
865 2976 1180 3046 ὑπόστασιν,
1213 2976 1363 3041 ὅπως
1403 2977 1493 3033 καὶ
1543 2976 1594 3033 ἰν
1656 2978 1841 3054 χέρσῳ
1869 2980 1966 3052 γῇ,

316 3066 405 3120 καὶ
436 3065 487 3119 ἐν
521 3064 676 3120 ὕδασι
710 3064 978 3121 διαιτᾶται
1012 3087 1027 3135 ;
1058 3065 1147 3129 Τίς
1181 3065 1398 3122 δύναται
1442 3063 1806 3143 διηγήσασθαι
1864 3069 1965 3132 τῆς

316 3152 595 3225 θαλάσσης
612 3154 704 3209 τὸν
738 3155 898 3229 βυθὸν
927 3153 1017 3210 καὶ
1053 3155 1115 3209 τὸ
1174 3154 1402 3225 πλάτος,
1460 3152 1498 3224 ἤ
1556 3160 1667 3211 τῶν
1730 3155 1964 3230 ὑπερμέ-

312 3263 456 3317 τρων
484 3243 741 3317 κυμάτων
769 3244 863 3305 τὰς
897 3244 1073 3317 ὁρμάς
1103 3246 1177 3318 (4)
1211 3262 1225 3313 ;
1267 3243 1393 3301 ἀλλ’
1471 3243 1547 3307 εἷς
1615 3245 1744 3308 τοὺς
1806 3243 1968 3320 ὅρους

312 3333 488 3402 αὐτῆς
517 3330 711 3403 ἕστηκε
769 3333 861 3388 διὰ
914 3334 1006 3388 τὸν
1060 3332 1298 3389 εἷπόντα’
1354 3333 1520 3410 *Αχρι
1579 3333 1777 3389 τούτου
1807 3332 1966 3390 ἐλεύσ-

314 3443 409 3496 σῃ,
468 3422 557 3477 καὶ
616 3422 725 3498 οὐχ
783 3417 1081 3497 ὑπερϐήσῃ’
1159 3421 1287 3478 ἀλλ’
1363 3421 1415 3478 ἐν
1475 3427 1671 3496 σεαυτῇ
1749 3442 1962 3499 συντρι-

312 3505 578 3580 ϐήσονταί
632 3532 733 3565 σου
785 3512 854 3565 τὰ
906 3509 1141 3584 κύματα.
1205 3512 1359 3575 Ἤτις
1413 3512 1500 3566 καὶ
1569 3509 1816 3582 δηλοῦσα
1869 3512 1960 3567 τὸν

311 3598 697 3673 ἐπηρτημένον
727 3599 864 3674 αὐτῇ
894 3605 992 3656 τοῦ
1021 3601 1438 3677 προστάγματος
1473 3599 1664 3677 λόγον,
1703 3599 1965 3677 ἐπεκδρα-

318 3693 518 3763 μοῦσα,
552 3686 641 3744 διιὶ
670 3693 778 3744 τῶν
805 3690 1063 3763 κυμὸἰτων
1120 3691 1386 3766 γραμμήν
1443 3711 1562 3745 τινα
1623 3689 1853 3768 φανερὰν
1886 3687 1965 3745 ἔν-

315 3776 509 3855 αιρίησι
530 3783 649 3840 τοῖς
680 3777 975 3853 αἰγιαλοῖς,
1009 3776 1251 3849 δηλοῦσα
1279 3784 1395 3840 τοῖς
1417 3779 1613 3853 ὁρῶσιν
1647 3777 1847 3854 ὥσπερ,
1883 3777 1967 3834 ὅτι

313 3868 445 3931 τοὺς
475 3869 981 3942 προστεταγμένους
1012 3869 1076 3923 οὑ
1104 3864 1483 3944 παραοέῦηκεν
1509 3870 1688 3944 ὅρους.

388 4040 465 4094 Β’.
518 4035 610 4099 Τίς
684 4034 900 4093 δυναται
951 4038 1242 4112 σκέψασθαι
1298 4044 1405 4094 τῶν
1484 4038 1677 4112 ἀερίων
1762 4039 1964 4115 ὀρνέων

311 4126 416 4193 τὴν
450 4124 659 4203 φύσινς
703 4129 819 4187 πῶς
881 4126 946 4180 τὰ
1007 4127 1102 4198 μὲν
1154 4126 1376 4202 γλῶσσα
1431 4128 1706 4203 περιφέρει
1771 4149 1963 4202 nouat-

311 4216 441 4285 κήν,
499 4214 567 4269 τὰ
623 4210 680 4269 δὲ
733 4213 964 4286 παντοίᾳ
1027 4219 1097 4289 τῇ
1150 4215 1431 4294 ζωγραφίᾳ
1484 4217 1962 4293 περιπεποίκιλται

383 4338 434 4374 ἐ
463 4339 602 4394 Psal
633 4342 753 4409 cui,
783 4342 869 4394 l5.
897 4339 942 4375 ⁸³
970 4339 1139 4410 ibid.,
1172 4343 1261 4396 25.
1293 4339 1343 4374 ³⁴
1369 4342 1476 4397 Job
1504 4358 1733 4409 xxxvm,
1769 4342 1854 4397 11.

363 4492 464 4572 ,(1)
500 4487 699 4572 βρίνοο
731 4485 789 4542 δὲ
816 4489 880 4543 τὸ
933 4486 1282 4572 λευκότατον.
1343 4491 1648 4572 Eamverba
1675 4493 1761 4572 __in
1815 4494 1966 4549 Oxo-
2000 4496 2046 4561 D

317 4562 513 4617 niensi
548 4562 810 4617 editione
841 4564 1338 4633 prmtermissa,ex
1370 4563 1503 4619 aliis
1525 4563 1805 4619 omnibus
1821 4580 1964 4620 mss.

318 4640 377 4687 et
411 4635 588 4688 editis
621 4634 926 4689 codicibus
956 4635 1346 4689 restituimus.

390 4708 469 4774 (2|
503 4703 599 4765 Εἰς
626 4708 840 4758 καῦσιν.
868 4706 952 4760 lta
980 4707 1241 4777 primum
1290 4707 1352 4760 in
1401 4706 1813 4762 (iunco-Latini
1845 4706 1968 4761 edi-

319 4777 588 4831 tionibus
618 4778 896 4833 obtinuit.
917 4780 1136 4832 Auctor
1163 4778 1442 4833 editionis
1471 4777 1822 4834 Oxoniensis
1841 4779 1971 4831 m6-

316 4867 433 4900 στιν
456 4850 722 4920 reposuit
744 4866 813 4904 ex
846 4849 987 4905 edit.
1016 4850 1085 4920 7G.
1120 4849 1368 4919 Morelii,
1400 4850 1492 4905 cui
1517 4850 1814 4905 consentit
1837 4848 1969 4905 cod.

316 4920 496 4993 Cois].
526 4919 548 4987 7;
573 4927 634 4975 at
664 4920 983 4993 Grodecius
1013 4919 1459 4993 legit,xaBow,et
1487 4922 1570 4977 ita
1602 4921 1888 4993 scriptum
1909 4921 1972 4976 in

316 4992 489 5046 codd.
525 4992 745 5055 Ottob.,
766 4991 954 5060 Colb.,
988 4991 1098 5046 ms.
1131 4994 1345 5048 Genov.
1381 4998 1439 5048 et
1469 4993 1597 5049 sine
1643 4991 1823 5048 dubio
1853 4995 1972 5049 Roe

318 5069 376 5117 et
402 5063 679 5126 Casaub.,
713 5079 861 5134 quos
888 5062 1194 5127 Millesius,
1226 5064 1275 5118 si
1302 5080 1422 5119 sum
1454 5064 1858 5119 emendationi
1886 5064 1971 5119 fa-

314 5134 564 5201 vissent,
588 5135 771 5190 citare
803 5151 923 5189 non
954 5134 1272 5190 omisisset.
1322 5136 1654 5191 Basilianus
1679 5152 1837 5190 unus
1866 5136 1968 5191 ha-

316 5205 438 5271 bet,
463 5209 671 5258 καῦσιν·
708 5206 877 5271 alter,
901 5203 1122 5278 πλύσιν,
1169 5207 1449 5278 lationem,
1483 5223 1691 5278 parum
1724 5207 1973 5278 interest

316 5278 615 5332 utrumvis
645 5277 1155 5349 legatur.Facilius
1184 5295 1219 5333 a
1246 5277 1525 5340 librariis,
1550 5281 1788 5345 καῦστιν,
1812 5277 1970 5348 quod

313 5349 473 5421 forte
504 5365 625 5403 non
660 5348 1094 5421 intelligebant,
1130 5349 1190 5404 in
1213 5351 1399 5402 καῦσιν
1424 5348 1781 5404 familiarius
1798 5365 1966 5421 voca:

316 5420 533 5474 bulum
564 5421 743 5475 vertit
772 5420 981 5491 potuit.
1030 5437 1208 5491 quam
1238 5423 1424 5474 καῦσιν
1446 5421 1508 5475 in
1539 5422 1783 5474 καῦστιν.
1818 5421 1893 5474 At
1921 5420 1969 5474 si

313 5494 543 5544 καῦστιν
577 5493 882 5563 scripserit
913 5491 1186 5564 Cyrillus,
1220 5508 1342 5547 non
1374 5492 1540 5547 video
1598 5491 1703 5564 qui
1756 5491 1972 5564 foedam

313 5562 739 5635 repetitionem
772 5562 1043 5635 effugerit
1074 5579 1087 5630 ;
1116 5580 1252 5619 nam
1279 5566 1518 5625 καῦστις,
1551 5562 1710 5634 quod
1746 5562 1976 5635 signifi-

315 5641 411 5691 cat
442 5640 708 5707 segetem
739 5635 1089 5703 adultam,et
1106 5635 1229 5707 sole
1257 5636 1544 5690 adurente
1576 5638 1977 5707 maturescen-

314 5711 459 5771 tem,
494 5705 589 5762 vel
618 5706 821 5762 fenum
854 5707 998 5762 solis
1024 5705 1235 5761 ardore
1271 5712 1623 5773 torrescens,
1654 5721 1776 5760 non
1831 5706 1974 5761 satis

315 5778 711 5851 distinguitur
741 5795 777 5834 a
809 5777 1197 5850 sequentibus
1217 5794 1351 5848 quae
1381 5782 1713 5834 enumerat.

650 5896 909 5957 Pareat.
955 5894 1065 5956 Gn.
1111 5893 1342 5956 XXXlil
1355 5938 1370 5954 .

2079 829 2327 887 ciandus
2359 848 2559 889 rerum
2591 832 2811 905 opifex,
2844 849 2919 889 an
2967 850 3088 889 non
3118 835 3317 906 potius
3348 836 3684 894 adorandus
3705 838 3734 894 ?

2077 919 2335 976 necdum
2360 921 2599 977 interim
2620 922 2928 994 sapientiai
2960 923 3089 995 ejus
3116 940 3335 980 arcana
3366 924 3598 997 loquor.
3624 928 3735 982 Ver

2079 1009 2227 1065 mihi
2260 1010 2687 1082 contempleris
2717 1011 2917 1077 velim,
2964 1017 3023 1067 et
3075 1014 3427 1086 omnigenos
3457 1014 3636 1071 ﬂores
3668 1016 3729 1071 in

2079 1097 2472 1156 similitudine
2495 1098 2844 1155 discrimina
2875 1117 2983 1156 sua
3008 1101 3303 1157 retinente
3330 1119 3341 1157 :
3378 1119 3527 1159 rosae
3548 1104 3731 1159 rubo-

2077 1202 2226 1250 rem,
2261 1191 2321 1242 et
2347 1186 2460 1242 lilii
2491 1188 2816 1244 candorem
2844 1189 3194 1245 maximum.
3256 1192 3338 1245 Ex
3390 1206 3511 1245 uno
3565 1193 3727 1248 enim

2076 1276 2289 1345 imbre,
2310 1282 2370 1331 et
2399 1294 2518 1334 una
2546 1278 2728 1334 humo
2750 1279 2958 1335 isthmc
2988 1280 3501 1351 prodeuntia,quis
3520 1282 3731 1337 discri-

2078 1365 2290 1433 minat,
2324 1366 2458 1437 quis
2487 1367 2828 1423 construit?
2855 1367 3230 1435 Consideres,
3260 1368 3457 1438 velim,
3492 1387 3732 1426 accura-

2079 1460 2199 1511 tam
2227 1456 2531 1513 solertiam
2561 1474 2575 1513 :
2610 1474 2682 1513 ex
2710 1473 2831 1512 una
2887 1457 3119 1513 arboris
3170 1459 3523 1528 substantia,
3569 1460 3732 1516 aliud

2079 1546 2319 1617 quidem
2350 1548 2411 1602 in
2456 1547 2893 1616 umbraculum,
2946 1548 3108 1603 aliud
3156 1566 3292 1605 vero
3346 1549 3409 1605 in
3465 1550 3729 1608 diversos

2076 1634 2304 1692 fructus
2334 1636 2713 1708 dispertitum
2742 1641 2853 1702 est,
2886 1641 2945 1691 et
2972 1653 3130 1692 unus
3161 1644 3250 1693 est
3287 1638 3515 1694 artifex.
3548 1641 3730 1695 Unius

2078 1725 2212 1781 vitis
2242 1725 2361 1782 alia
2390 1741 2526 1798 pars
2554 1725 2615 1780 in
2648 1725 3121 1782 combustionem
3135 1725 3401 1793 abit,a1ia
3431 1727 3491 1781 in
3511 1745 3727 1799 propa-

2078 1813 2268 1886 gines,
2300 1812 2418 1869 alia
2447 1814 2511 1868 in
2538 1812 2842 1869 frondium
2873 1813 3119 1886 sylvam,
3152 1814 3270 1869 alia
3300 1815 3360 1868 in
3397 1816 3726 1887 capreolos,

2079 1901 2197 1957 alia
2226 1902 2485 1974 denique
2514 1902 2576 1957 in
2620 1918 2812 1958 uvam.
2874 1903 3198 1958 Arundinis
3256 1920 3492 1974 quoque
3523 1904 3731 1959 obstu-

2078 2007 2254 2062 pesce
2286 1990 3205 2047 densissimuminternodiorum
3226 1993 3728 2064 ambitum,quem

2080 2080 2277 2136 effecit
2307 2079 2536 2136 artifex.
2563 2082 2644 2135 Ex
2673 2097 2795 2136 una
2828 2080 3040 2136 tellure
3072 2086 3378 2153 serpentes
3408 2083 3727 2154 prodeunt,

2083 2168 2245 2239 ferte,
2270 2169 2565 2241 jumenta,
2600 2169 2781 2242 ligna,
2806 2169 3372 2239 esculenta,aurum,
3393 2178 3727 2243 argentum,

2085 2257 2439 2327 tes,ferrum,
2466 2258 2636 2330 lapis.
2671 2259 2799 2314 Una
2829 2264 2918 2313 est
2947 2275 3238 2331 aquarum
3270 2259 3639 2328 substantia;
3673 2266 3733 2317 et

2085 2362 2156 2403 ex
2184 2363 2255 2403 ea
2284 2347 2619 2403 natantium
2650 2346 3022 2412 animalium,
3060 2352 3118 2402 et
3146 2348 3342 2403 avium
3373 2365 3558 2421 genus
3576 2351 3727 2405 exsi-

2084 2437 2184 2492 stit
2209 2454 2223 2505 ;
2248 2436 2331 2493 ita
2359 2434 2958 2508 ut,quemadmodum
2978 2435 3085 2492 illa
3114 2437 3176 2494 in
3207 2438 3379 2509 aquis
3409 2440 3729 2510 natant,sic

2082 2532 2141 2583 et
2163 2544 2297 2584 aves
2319 2528 2383 2584 in
2413 2544 2550 2585 aere
2579 2527 2851 2584 volitent.

2150 2617 2241 2673 XI.
2275 2618 2394 2674 Hoc
2424 2634 2587 2674 mare
2613 2634 2893 2691 magnum
2912 2623 2971 2674 et
2991 2619 3472 2691 spatiosum,illic
3491 2622 3729 2694 reptilia

2082 2722 2337 2778 quorum
2368 2723 2491 2763 non
2521 2711 2611 2763 est
2640 2723 2928 2763 numerus
2956 2707 3023 2762 ⁸³.
3080 2709 3221 2774 Quis
3267 2709 3608 2782 degentium
3665 2713 3726 2768 in

2078 2796 2207 2868 ipso
2221 2796 2474 2868 piscium
2496 2796 3005 2868 pulchritudinem
3023 2813 3317 2869 exponere
3334 2799 3572 2854 valeat?
3586 2802 3720 2872 quis

2079 2890 2346 2941 cetorum
2377 2885 2871 2958 magnitudinem,
2905 2890 2963 2940 et
2990 2886 3429 2957 amphibiorum
3453 2891 3728 2946 animan-

2076 2975 2228 3029 tium
2254 2980 2551 3039 naturam,
2585 2973 2885 3045 quomodo
2917 2979 2977 3029 et
3007 2974 3070 3030 in
3110 2974 3277 3031 arida
3305 2977 3541 3046 tellure,
3577 2986 3635 3034 et
3663 2981 3725 3037 in

2078 3063 2250 3134 aquis
2281 3063 2503 3135 degunt
2529 3062 2557 3118 ?
2586 3063 2729 3127 Quis
2748 3066 3007 3133 exponat
3034 3063 3217 3118 maris
3260 3066 3723 3136 profunditatem

2079 3158 2137 3208 et
2164 3151 2565 3220 latitudinem,
2611 3156 2714 3206 aut
2741 3150 3032 3207 fluctuum
3086 3153 3448 3210 immensum
3482 3173 3544 3212 se
3593 3159 3728 3213 effe-

2076 3241 2338 3296 rentium
2368 3240 2628 3311 impetus
2654 3239 2682 3295 ?
2711 3238 2865 3294 Illud
2897 3243 3097 3295 tamen
3142 3239 3300 3297 intra
3356 3243 3580 3300 deﬁxos
3611 3245 3725 3302 sibi

2076 3328 2298 3385 limites
2329 3328 2869 3400 consistit,propter
2889 3343 3024 3382 eum
3047 3328 3147 3398 qui
3178 3329 3291 3401 ipsi
3310 3331 3490 3388 dixit:
3516 3357 3543 3383 ‹‹
3568 3335 3726 3390 Huc-

2078 3439 2107 3468 «
2134 3434 2323 3489 usque
2352 3417 2573 3485 venies,
2605 3434 2716 3473 nec
2741 3417 3228 3490 prmtergrediere
3252 3438 3265 3489 ;
3304 3421 3407 3477 sed
3436 3421 3497 3476 in
3534 3425 3723 3495 teipso

2076 3529 2104 3557 ‹‹
2135 3512 2521 3562 conterentur
2550 3504 2765 3562 ﬂuctus
2796 3506 2882 3561 tui
2903 3505 3179 3572 “.nQuod
3198 3509 3723 3582 quidem[e1emen-

2076 3596 2223 3668 tum]
2247 3595 2595 3667 impositum
2627 3594 2738 3649 sibi
2772 3594 3120 3651 mandatum
3168 3599 3480 3670 perspicue
3524 3601 3721 3657 decla-

2072 3690 2165 3740 rat
2189 3702 2201 3752 ;
2236 3684 2378 3739 dum
2408 3700 2730 3739 excurrens
2761 3682 3120 3756 descriptam
3140 3685 3418 3743 ﬂuctibus
3438 3691 3559 3743 suis
3583 3707 3722 3746 con-

2078 3773 2345 3845 spicuam
2376 3772 2696 3843 quamdam
2730 3773 2792 3827 in
2824 3772 3125 3829 littoribus
3154 3775 3718 3847 relinquitlineam;

2075 3860 2416 3917 videntibus
2446 3861 2615 3931 quasi
2648 3860 2994 3933 signiﬁcans
3024 3878 3086 3917 se
3118 3864 3469 3920 constitutos
3500 3866 3721 3923 limites

2072 3954 2560 4023 praetergressum
2584 3966 2704 4004 non
2736 3964 2865 4005 esse
2876 3991 2887 4004 .

2146 4040 2267 4093 ΧΙῐ.
2309 4038 2451 4104 Quis
2505 4044 2702 4110 potest
2757 4038 3049 4094 aeriarum
3109 4041 3412 4098 volucrum
3444 4050 3719 4102 naturam

2075 4126 2419 4200 speculari?
2443 4126 2739 4198 quomodo
2763 4127 2894 4182 alim
2926 4128 3166 4199 quidem
3199 4131 3455 4203 linguam
3477 4135 3725 4190 circum-

2072 4218 2275 4273 ferunt
2303 4215 2556 4273 canendi
2586 4216 2839 4287 peritam
2857 4234 2870 4285 ;
2886 4217 3017 4273 alias
3034 4219 3097 4273 in
3118 4222 3331 4292 pennis
3353 4224 3515 4279 omni
3533 4226 3724 4295 pictu-

2150 4493 2229 4580 ς3)
2260 4487 2607 4580 Ἐκτξλζάγίηρι
2637 4488 2898 4580 καίρια).
2934 4496 2998 4580 In
3029 4495 3141 4580 ξοδ
3196 4496 3326 4580 loco
3371 4504 3724 4580 particulam

2078 4563 2170 4617 καί
2203 4580 2274 4619 ex
2296 4564 2466 4636 codd.
2493 4563 2720 4630 ‘Ottob.,
2753 4567 2873 4622 Roe
2899 4571 2990 4636 _et
3035 4568 3307 4636 Casaub.,
3358 4563 3723 4633 addidimus.

2081 4637 2232 4711 [foco
2260 4634 2593 4704 πυκνότητα,
2624 4639 2735 4711 τῶν
2771 4631 3000 4707 κόμϐων
3059 4631 3384 4711 περιϐολήν,
3436 4631 3728 4704 arundinis

2081 4708 2432 4786 densitatem,
2454 4708 2894 4786 infemorliorun}
2950 4708 3236 4786 ambitum,
3269 4708 3617 4786 scripsimus
3653 4737 3725 4775 ex

2080 4778 2482 4857 codd._qusl.,
2508 4780 2649 4857 Rog.
2673 4779 2929 4857 ‘Casaub.
2960 4786 3018 4833 et
3047 4782 3352 4857 Grpdecio,
3384 4778 3721 4857 πυκνοτάτην

2078 4852 2186 4903 τῶν
2219 4843 2445 4933 napng
2472 4843 2796 4933 περιϐολήν·
2826 4866 2946 4933 non
2975 4852 3135 4933 quod
3192 4843 3351 4933 haec:
3370 4858 3543 4916 lectio
3595 4843 3723 4918 mai;

2081 4938 2338 4994 gnopere
2361 4920 2531 5001 alteri
2546 4920 2929 5001 praeferenda
2941 4920 3349 5001 _videatur,sed
3371 4933 3529 5001 quod
3545 4950 3726 4990 unam

2082 4992 2232 5058 rem,
2262 5009 2379 5069 non
2411 4993 2559 5069 duas
2573 4992 2684 5069 “hit;
2706 5008 2742 5046 a
2773 4993 2996 5069 Cyrillo
3046 4992 3563 5069 commemoratas,
3618 5024 3724 5062 se-

2122 5064 2327 5118 uentia
2359 5062 2535 5118 verba
2563 5058 2631 5129 ἤν
2664 5058 2911 5130 ἐποίησεν
2944 5058 3729 5132 insinuent.Aliundearun-

2082 5082 2241 5190 ginis
2272 5134 2535 5189 densitas
2566 5134 2805 5189 nonnisi
2838 5135 2899 5189 in
2956 5136 3310 5190 internodiis
3363 5149 3704 5190 ςιηρριηιιίιίει

2124 5135 2241 5189 inis
2272 5134 2805 5216 densitasnonnisi
2838 5135 2899 5216 in
2935 5136 3310 5216 .internodiis
3345 5149 3705 5216 Aspectabilis

2082 5222 2271 5288 eoque
2299 5203 3093 5288 spectabilior,quolevioret
3118 5191 3183 5264 in

2083 5277 2306 5333 sectilis
2338 5276 2469 5348 ipsa
2489 5276 2741 5348 arundo.

2282 5346 2406 5431 Ἐῶν
2469 5346 2834 5431 ,ὑπερμέτρων
2894 5348 3152 5420 κυμάτων
3214 5353 3309 5416 τὰς
3346 5356 3575 5431 Αόρμάς,
3650 5365 3735 5420 Ex

2082 5419 2252 5475 codd.
2286 5420 2408 5505 {iace
2431 5424 2489 5473 et
2517 5419 2764 5505 Casaub‘.
2789 5419 3019 5505 .unu‘m.
3060 5441 3279 5505 nomen
3340 5419 3421 5484 in'
3452 5419 3734 5505 gignendi

2083 5506 2222 5573 casu
2257 5490 2763 5573 efﬁcimugouod
2786 5490 2848 5573 in
2881 5493 3055 5549 editis
3086 5494 3146 5573 in
3189 5496 3304 5573 duo
3336 5490 3587 5558 divisum
3621 5511 3731 5573 est,

2084 5561 2230 5642 ὑπὲρ.
2255 5559 2472 5634 μέτρον.
2514 5559 2834 5642 Ide—cf)de
2866 5581 3000 5642 vero
3033 5568 3379 5639 scripsimus
3438 5575 3566 5629 loco
3628 5559 3729 5642 τήύ

2084 5633 2291 5761 aegr”,
2321 5633 2392 5689 ex
2423 5633 2596 5689 codd.
2641 5633 2877 5706 iisdem,
2923 5633 3187 5711 itemque
3243 5656 3314 5697 ex
3343 5645 3517 5699 Coisl.
3553 5651 3612 5699 et
3636 5633 3735 5701 oi-

2110 5723 2207 5762 0D.

3293 5899 3363 5953 ‘21

3297 5936 3326 5951 sit
