4124 6260
431 366 537 426 651

1495 360 1558 416 S.
1607 353 1915 414 CYRILLI
1963 346 2382 410 HIEROSOL.
2432 348 2796 408 ARCHIEP.

3723 351 3849 412 652

427 510 628 553 rarum
658 508 872 567 genere
895 492 1205 565 variegataa
1251 497 1390 547 sunt
1418 509 1431 547 :
1465 491 1597 548 aliae
1630 487 2070 561 supervolantes

2195 477 2286 535 διὰ
2315 486 2420 536 τῶν
2452 485 2663 556 πτερῶν
2696 483 2801 554 (4),
2831 479 2898 537 τὰ
2926 479 2984 536 δὲ
3013 480 3354 558 ὑπερπτάντα
3383 481 3460 545 εἷς
3513 481 3676 554 μέσον
3709 484 3846 556 ἀέρα

425 586 488 641 in
517 583 784 640 medium
813 599 956 638 aera
969 581 1591 647 stantimmobiles,uti
1617 581 1924 650 accipiter:
1948 592 2086 631 nam

426 672 529 728 Dei
555 672 836 726 mandato
861 692 880 720 ι
905 669 1188 741 accipiter
1209 669 1489 740 expansis
1521 668 1928 723 alisimmotus
1948 669 2083 730 stat,

433 785 462 816 ι(
483 761 776 818 australes
795 761 1004 814 mundi
1021 766 1219 830 partes
1245 759 1619 830 conspiciens
1637 756 1886 821 35.»Quis
1900 754 2087 808 homi-

429 867 576 906 num
597 853 794 920 potest
816 849 1078 918 aquilam
1100 865 1346 903 cernere
1379 849 1440 902 in
1473 847 1725 901 sublime
1751 846 1968 900 elatam
1990 843 2034 877 ⁸⁸
2059 843 2086 898 ?

431 939 598 1006 Quod
617 939 664 992 si
693 938 884 992 avium
911 955 1042 993 eam
1075 954 1205 1008 quin
1229 938 1398 992 abest
1416 938 1692 992 aratione
1716 934 2084 1007 longissime,

433 1030 497 1084 in
528 1027 784 1083 sublime
807 1032 1036 1098 raptam
1068 1027 1421 1099 cogitatione
1451 1026 1686 1096 assequi
1711 1041 1832 1079 non
1866 1027 2033 1094 potes
2068 1038 2080 1076 :

435 1132 694 1190 quonam
725 1116 901 1170 modo
933 1133 1135 1170 rerum
1169 1115 1440 1171 omnium
1472 1115 1757 1169 factorem
1779 1113 1863 1166 vis
1883 1115 2082 1167 mente

434 1207 939 1276 comprehendere
957 1206 984 1261 ?

506 1293 660 1349 132
686 1294 833 1347 XIII.
876 1294 1017 1358 Quis
1049 1309 1118 1347 ex
1150 1293 1489 1348 hominibus
1518 1294 1780 1348 ferarum
1811 1290 2081 1346 omnium

432 1387 523 1441 vel
544 1385 704 1441 nuda
734 1386 901 1440 scivit
927 1385 1172 1439 nomina
1195 1404 1208 1452 ;
1231 1391 1333 1440 aut
1362 1385 1496 1455 quis
1527 1384 1895 1456 singularum
1917 1385 2083 1435 natu-

430 1491 561 1531 ram
594 1481 651 1530 et
680 1476 798 1529 vim
829 1480 1024 1545 potest
1080 1481 1451 1545 perspectam
1503 1474 1718 1528 habere
1751 1473 1778 1527 ’ἲ
1833 1469 1996 1536 Quod
2030 1469 2079 1524 si

429 1565 692 1618 ferarum
755 1579 830 1616 ne
863 1562 1104 1632 quidem
1153 1563 1439 1618 duntaxat
1492 1565 1739 1618 nomina
1785 1563 2075 1628 novimus,

430 1651 730 1722 quomodo
775 1657 1077 1707 auctorem
1138 1653 1403 1724 ipsarum
1450 1651 2023 1724 comprehendemus
2053 1650 2081 1705 ‘?

436 1742 626 1796 Unum
662 1741 765 1796 Dei
799 1747 1162 1812 praeceptum
1192 1742 1323 1809 fuit,
1357 1759 1474 1812 quo
1505 1743 1690 1797 dixit:
1724 1761 1754 1794 (ι
1787 1741 2080 1796 Producat

2200 567 2423 640 ἕστηκεν
2452 569 2702 639 ἀκίνητα,
2735 570 2811 633 ὡς
2841 571 3009 644 ἱέραξ·
3041 571 3148 625 ἀπὸ
3179 571 3282 645 γὰρ
3334 569 3433 626 τοῦ
3483 570 3630 634 θείου
3689 593 3859 646 προσ-

2196 661 2500 733 τάγματος,
2558 659 2704 732 ἱέραξ
2776 658 3073 722 ἐκπετάσας
3131 661 3227 722 τάς
3289 660 3553 734 πτέρυγας
3627 657 3856 730 ἕστηκεν

2195 748 2480 818 ἀκίνητος.
2511 749 2759 820 καθορῶν
2813 748 2879 804 τὰ
2936 751 3071 825 πρὸς
3128 750 3306 806 νότον.
3366 749 3454 810 Τίς
3504 747 3722 804 δύναται
3756 752 3855 805 ἀνο

2197 839 2432 910 θρώπων
2467 834 2746 910 ὑψωθέντα
2778 845 3049 911 θεωρῆσαι
3082 839 3235 893 ἀετόν
3263 860 3277 910 ;
3312 838 3377 894 Εἰ
3411 835 3469 892 δὶ
3497 843 3605 892 τῶν
3639 839 3848 914 ἀρνέων

2191 927 2253 980 τὸ
2285 923 2633 1002 ἀλογώτατον
2669 927 2877 1000 ὑψωθὲν
2903 927 2964 982 οὐ
3026 925 3249 983 δύνασαι
3305 935 3664 997 κατανοῆσαι,
3722 934 3846 991 πῶς

2189 1016 2282 1069 τὸν
2315 1016 2529 1070 πάντων
2564 1019 2800 1087 ποιητὴν
2836 1017 3009 1080 θὲλεις
3036 1023 3368 1087 κατανοῆσαι
3407 1037 3420 1086 ;

2266 1283 2360 1338 lI".
2413 1283 2502 1344 Τίς
2564 1283 2615 1338 ἐν
2667 1283 2973 1356 ἀνθρώποις
3027 1282 3232 1359 θηρίων
3294 1286 3511 1339 πάντων
3573 1283 3691 1340 οἶδε
3746 1284 3843 1340 κᾶν

2186 1370 2254 1424 τὰ
2287 1371 2579 1444 ὀνόματας
2627 1369 2663 1440 ἤ
2722 1372 2802 1434 τίς
2864 1373 3089 1428 ἑκάστου
3174 1370 3393 1428 δύναται
3456 1373 3844 1448 διασκέψασθαι

2185 1459 2285 1527 τὴν
2320 1460 2682 1537 φυσιολογίαν
2715 1481 2728 1529 ;
2762 1460 2825 1514 Ei
2858 1458 2916 1516 δὲ
2968 1466 3077 1516 τῶν
3136 1462 3339 1535 θηρίων
3405 1466 3569 1535 μόνον
3599 1462 3721 1518 οὐδὲ
3777 1465 3848 1520 τά

2189 1547 2434 1621 ὀνόματα
2461 1549 2825 1624 γινώσκομεν,
2887 1555 3002 1612 πῶς
3056 1551 3146 1605 τὸν
3179 1554 3416 1622 ποιητὴν
3451 1553 3626 1607 αὐτῶν
3677 1574 3844 1607 κατα-

2189 1636 2483 1712 ληψόμεθα
2513 1658 2526 1702 ;
2557 1640 2651 1694 Ἓν
2703 1640 2766 1693 τὸ
2822 1644 2920 1694 τοῦ
2979 1645 3113 1695 Θεοῦ
3163 1641 3508 1716 πρόσταγμα,
3555 1643 3619 1697 τὸ
3652 1643 3835 1718 λέγον

2189 1726 2525 1802 Ἐεαγαγέτω
2579 1730 2613 1796 ἡ
2688 1735 2759 1802 γῆ
2821 1729 2984 1804 θηρία
3057 1729 3145 1783 καὶ
3215 1733 3384 1800 κτήνη
3474 1731 3562 1784 καὶ
3625 1730 3842 1800 ἐρπετά,

434 1836 639 1885 «terra
663 1831 1278 1902 leras,etjumenta,et
1294 1832 1532 1902 reptilia
1553 1831 1878 1886 secundum
1893 1847 2070 1902 genus

2186 1820 2323 1872 κατά
2351 1816 2524 1893 γένος’
2557 1817 2646 1871 καὶ
2679 1814 2930 1896 διάφοροι
2963 1819 3146 1897 φύσεις
3201 1818 3261 1876 ἐκ
3323 1827 3453 1894 μιᾶς
3505 1830 3694 1897 πηγῆς
3766 1825 3840 1895 (2)

433 1936 662 1974 «suum
683 1919 1211 1990 81;»diversaeque
1260 1921 1609 1976 animalium
1655 1926 1903 1986 naturae,
1961 1935 2078 1974 uno

433 2007 814 2078 mandato,ex
845 2025 964 2063 uno
987 2009 1147 2063 fonte
1171 2009 1520 2080 prodierunt
1544 2027 1555 2063 :
1581 2010 1701 2064 ovis
1723 2009 2079 2064 mansuetis-

435 2097 704 2163 sima,leo
749 2099 1134 2164 carnivorus;
1193 2104 1251 2152 et
1307 2098 1524 2153 diversi
1579 2097 2078 2153 irrationabilium

430 2185 824 2241 animantium
875 2193 1092 2255 motus,
1154 2188 1253 2257 qui
1301 2189 1702 2243 humanorum
1761 2189 2081 2242 affectuum

429 2275 802 2330 diversitates
831 2277 1182 2343 imitantur;
1217 2278 1300 2332 ita
1330 2284 1395 2332 ut
1425 2277 1629 2348 vulpes
1660 2277 1927 2332 dolosam
1978 2276 2079 2331 ho-

428 2367 659 2421 minum
690 2366 983 2420 vafritiem
1015 2367 1344 2438 exprimat;
1380 2385 1644 2437 serpens,
1679 2369 1899 2422 amicos
1921 2367 2078 2420 viru-

429 2452 611 2507 lentis
634 2452 854 2523 jaculis
887 2452 1206 2519 ferientes;
1243 2470 1430 2524 equus
1462 2454 1843 2520 adhinniens,
1877 2453 2078 2508 libidi-

428 2557 606 2596 nosos
626 2539 1038 2594 adolescentes
1071 2540 1138 2595 ⁸⁸.
1173 2543 1442 2596 Formica
1492 2560 1626 2597 vero
1667 2542 2080 2597 actuosissima

440 2630 538 2698 [ad
597 2629 709 2684 hoc
763 2635 1106 2700 comparata
1156 2635 1288 2701 est],
1324 2637 1388 2685 ut
1433 2631 1700 2686 desidem
1733 2637 1790 2686 et
1845 2632 2077 2704 pigrum

431 2718 774 2773 exstimulet
807 2735 819 2772 :
846 2719 1082 2788 quando
1115 2721 1274 2774 enim
1301 2721 1434 2791 quis
1465 2721 1717 2776 inertem
1747 2728 1804 2776 et
1824 2722 2077 2776 otiosam

431 2807 552 2878 agit
592 2807 988 2877 juventutem,
1022 2813 1148 2862 tum
1180 2808 1251 2863 ab
1283 2809 1686 2864 animantibus
1716 2810 1945 2864 ratione
1973 2810 2078 2864 de-

431 2895 653 2949 stitutis
682 2896 970 2961 eruditur,
998 2897 1326 2968 increpitus
1349 2915 1382 2952 a
1430 2899 1731 2969 Scriptura
1760 2899 2026 2954 dicentes
2058 2915 2072 2952 :

429 3005 457 3033 ‹‹
486 2983 640 3038 Vade
662 2983 736 3038 ad
759 2984 1130 3052 formicam,o
1153 2986 1403 3057 piger,et
1420 2988 1699 3042 simulare
1725 2987 1930 3043 videns
1951 2989 2072 3042 vias

433 3091 455 3121 ι
481 3073 883 3144 ejus,estoque
907 3075 1010 3129 illa
1033 3076 1357 3146 sapientior
1372 3075 1472 3130 3°.»
1509 3078 1653 3134 Cum
1678 3078 1837 3132 enim
1857 3078 2072 3133 videris

424 3159 591 3215 illam
622 3162 733 3215 sibi
767 3169 1100 3233 opportuno
1133 3169 1397 3235 tempore
1428 3165 1590 3220 cibos
1621 3167 2067 3238 recondentem,

424 3248 694 3314 imitare;
730 3255 787 3303 et
813 3250 1107 3306 bonorum
1133 3269 1380 3323 cperum
1420 3253 1649 3309 fructus
1680 3256 1786 3309 tibi
1819 3257 1944 3326 ipse
2005 3257 2066 3311 in

421 3336 622 3392 futura
644 3338 1047 3403 smcula,velut
1075 3341 1136 3394 in
1170 3343 1514 3397 thesaurum
1545 3344 1827 3416 colligito.
1860 3347 1929 3399 Et
1958 3346 2069 3401 ite-

425 3442 554 3481 rum
585 3443 597 3480 :
631 3430 801 3497 Perge
832 3430 905 3483 ad
933 3445 1108 3500 opem,
1144 3439 1196 3486 et
1226 3433 1369 3488 disce
1399 3451 1564 3504 quam
1597 3451 1824 3505 Operosa
1858 3435 1930 3491 sit
1952 3436 2023 3470 90‘
2057 3451 2070 3490 :

427 3515 725 3584 quomodo
757 3519 1024 3574 omnium
1048 3537 1329 3592 generum
1364 3522 1542 3578 ﬂores
1574 3525 2069 3592 circumcursans,

427 3605 548 3659 mel
577 3605 682 3659 tibi
715 3607 787 3661 ad
818 3608 1138 3664 utilitatem
1183 3612 1444 3680 conficit,
1504 3619 1570 3668 ut
1627 3619 1683 3668 et
1730 3620 1791 3668 tu
1845 3613 2072 3670 divinas

433 3693 761 3764 Scripturas
793 3697 1172 3768 circumiens,
1207 3705 1369 3755 tuam
1414 3701 1602 3772 ipsius
1656 3703 1907 3757 salutem
1941 3720 2074 3774 pre-

428 3783 645 3839 henses
677 3807 691 3852 ;
727 3791 787 3840 et
824 3786 945 3842 illis
1004 3789 1324 3844 exsatiatus
1365 3789 1564 3846 dicas:
1599 3814 1626 3840 ‹‹
1661 3793 1845 3856 Quam
1877 3791 2076 3848 dulcia

431 3893 458 3921 ι(
491 3872 762 3928 faucibus
784 3876 933 3931 meis
956 3877 1193 3948 eloquia
1225 3877 1360 3932 tua!
1397 3895 1575 3949 super
1603 3880 1722 3935 mel
1767 3887 1824 3936 et
1879 3880 2074 3936 favum

431 3981 461 4011 «ι
483 3961 570 4017 ori
593 3978 726 4018 meo
749 3962 815 3998 9°-
837 3989 860 4017 ι

497 4050 639 4106 XIV.
673 4054 952 4126 Nunquid
1011 4071 1146 4128 ergo
1206 4073 1326 4112 non
1385 4057 1817 4128 gloriﬁcatione
1877 4061 2075 4131 potius

425 4139 620 4213 opifex
648 4141 862 4214 dignus
880 4145 907 4198 ?
935 4145 1086 4210 Quid
1116 4146 1541 4213 enim,etiamsi
1571 4154 1631 4204 tu
1664 4155 1937 4206 naturam
1954 4169 2075 4207 non

2185 1906 2460 1982 γεγόνασιν
2512 1907 2587 1961 ἑνὶ
2649 1907 3050 1981 προστάγματι·
3128 1904 3402 1983 πρόϐατον
3480 1913 3840 1986 ἡμερώτατον

2183 1995 2275 2050 καὶ
2337 1994 2478 2052 λέων
2513 1990 2878 2071 σαρκοϐὁροςο
2941 1997 3032 2052 καὶ
3093 1995 3347 2074 διάφοροι
3406 2000 3559 2067 ζώων
3617 2001 3840 2075 ἀλόγων

2183 2087 2448 2155 κινήσεις,
2501 2092 2766 2161 μιμήσεις
2851 2083 3077 2161 ἔχουσαι
3132 2085 3407 2165 διαφόρων
3467 2091 3838 2166 προαιρέσεων

2183 2174 2559 2248 ἀνθρωπίνωψ
2589 2174 2681 2230 ’ίνα
2711 2174 2940 2245 ἀλώπηξ
2995 2177 3088 2248 μὲν
3149 2173 3378 2252 δηλώσῃ
3433 2178 3495 2232 τὸ
3529 2178 3579 2232 ἐν
3630 2178 3844 2253 ἀνθρώ-

2183 2283 2307 2325 ποις
2339 2261 2588 2338 δολερόν’
2623 2267 2747 2341 ὄφις
2776 2262 2854 2333 δὲ,
2906 2269 3012 2319 τῶν
3049 2265 3224 2341 φίλων
3276 2265 3406 2328 τοὺς
3435 2263 3713 2332 ἷ¹οϐόλους’
3745 2270 3842 2323 ἳπ-

2181 2373 2283 2415 πος
2317 2351 2373 2407 δὲ
2405 2356 2786 2428 χρεμετιστης,
2817 2358 2924 2408 τῶν
2958 2355 3093 2408 νέων
3125 2354 3253 2416 τοὺς
3300 2354 3658 2420 ἀκολάστους·
3701 2359 3842 2430 μύρ-

2185 2445 2292 2515 μηξ
2325 2440 2382 2497 δὲ
2413 2445 2440 2498 ὁ
2471 2445 2820 2519 γοργώτατος
2849 2447 2948 2516 (3),
2987 2444 3079 2498 ἳνα
3139 2441 3375 2519 διεγείρῃ
3428 2446 3522 2500 τὸν
3587 2447 3839 2523 ὀκνηρὸν,

2179 2531 2270 2586 τὸν
2299 2532 2531 2605 νωθρόν·
2568 2532 2692 2587 ὅταν
2751 2548 2851 2606 γαρ
2900 2553 2983 2594 τις
3045 2534 3214 2608 ἀργὴν
3274 2530 3377 2610 ἔχῃ
3424 2537 3524 2604 τὴν
3585 2537 3838 2608 νεότητα,

2181 2620 2302 2674 τότε
2335 2620 2438 2675 ὑπὸ
2467 2625 2574 2675 τῶν
2602 2619 2820 2695 ἀλόγων
2851 2620 3001 2690 ζώων
3064 2619 3394 2692 διδάσκεται,
3447 2621 3627 2687 διελες
3665 2627 3838 2700 χόμε-

2179 2731 2276 2770 νος
2308 2709 2410 2764 ὑπὸ
2439 2716 2539 2779 τῆς
2575 2710 2719 2774 θείας
2752 2715 2992 2786 Γραφῆς,
3045 2711 3336 2784 Λεγούσης.
3389 2713 3491 2776 ’Ἱθι
3554 2715 3692 2786 πρὸς
3746 2716 3838 2768 τὸν

2185 2799 2500 2873 μύρμηκα,
2581 2800 2625 2853 ὧ
2709 2798 2941 2873 ὀκνηρὲ,
3050 2801 3134 2854 καῖ
3209 2800 3458 2871 ζήλωσον
3546 2800 3679 2857 ἰδὼν
3737 2803 3833 2866 τὰς

2179 2887 2341 2953 ὁδοὺς
2396 2893 2472 2961 (4)
2525 2889 2712 2959 αὐτοῦ,
2785 2889 2874 2944 καὶ
2961 2893 3117 2964 γενοῦ
3225 2890 3425 2946 ἐκείνου
3502 2894 3831 2969 σοφώτερος.

2177 2977 2406 3035 Βλέπων
2434 2979 2536 3053 γὰρ
2583 2978 2785 3034 ἐκεῖνον
2849 2979 3022 3050 ἑαυτῴ
3106 2979 3370 3054 εὐκαίρως
3431 2982 3836 3057 θησαυρίζοντα

2173 3069 2273 3136 τὴν
2326 3070 2559 3146 τροφὴν,
2594 3073 2788 3141 μιμοῦ,
2821 3069 2912 3123 καὶ
2969 3068 3293 3144 θησαύρισον
3357 3076 3559 3142 σεαυτῷ
3589 3072 3837 3145 καρποὺς

2180 3153 2349 3233 ἔργων
2374 3157 2584 3232 ἀγαθῶν
2619 3157 2694 3219 εἷς
2743 3156 2872 3219 τοὺς
2933 3156 3237 3226 μέλλοντας
3292 3159 3502 3219 αἰῶνας.
3556 3160 3657 3215 Καὶ
3717 3162 3832 3214 πά-

2180 3243 2288 3299 λιν⁶
2327 3245 2627 3317 Πορεύθητι
2690 3251 2769 3319 (5)
2821 3247 2961 3322 πρὸς
3043 3247 3140 3314 τήν
3205 3248 3484 3320 μέλισσαν,
3539 3247 3630 3302 καὶ
3695 3249 3839 3321 μάθε

2180 3333 2254 3395 ὡς
2289 3332 2505 3410 ἐργάτις
2567 3332 2698 3388 ἐστί·
2756 3338 2875 3396 πῶς
2929 3331 3062 3404 ἄνθη
3123 3341 3353 3389 παντοῖα
3409 3334 3832 3412 περιτρέχουσα,

2182 3423 2465 3493 συντίθησί
2496 3444 2580 3478 σοι
2613 3424 2748 3498 πρὸς
2779 3422 3046 3501 ὠφέλειαν
3077 3425 3140 3478 τὸ
3175 3424 3322 3497 μελιθ
3378 3423 3470 3480 ’ίνα
3525 3426 3615 3481 καὶ
3674 3428 3839 3488 αὐτὸς

2181 3513 2614 3588 περιερχόμενος
2642 3514 2736 3574 τὰς
2769 3513 2913 3576 θείας
2948 3513 3184 3588 Γραφάς,
3234 3520 3333 3582 τῆς
3394 3514 3588 3568 ἑαυτοῦ
3650 3536 3835 3586 σωτη-

2185 3603 2301 3677 ρίας
2346 3600 2671 3678 περιδράξῃ,
2724 3603 2812 3657 καὶ
2869 3602 3077 3658 τούτων
3167 3601 3579 3682 ἐμφορούμενος
3655 3605 3832 3680 εἷ’πῃς·

2182 3696 2268 3756 Ὡς
2297 3691 2503 3768 γλυκέα
2523 3697 2602 3764 τῷ
2635 3690 2867 3769 λάρυγγί
2901 3713 3007 3766 μου
3035 3692 3102 3748 τὰ
3132 3690 3294 3770 λὸγιά
3325 3714 3418 3748 σου
3455 3695 3467 3751 Ι
3529 3695 3663 3768 ὑπὲρ
3701 3694 3832 3769 μέλι

2181 3786 2271 3842 καὶ
2299 3784 2492 3860 κηρίον
2526 3786 2600 3857 (6)
2631 3782 2711 3857 τῷ
2743 3784 2972 3858 στόματί
3009 3805 3135 3857 μου.

2257 4056 2359 4113 1Λ“.
2392 4059 2510 4130 Αρα
2540 4053 2666 4128 οὐχὶ
2703 4049 3016 4126 δοξάζεσθαι
3052 4051 3269 4128 μᾶλλον
3293 4055 3320 4109 ὁ
3341 4057 3597 4132 τεχνίτης
3630 4060 3780 4137 ἄξιος
3813 4093 3829 4136 ς

2184 4146 2246 4204 Τί
2271 4144 2374 4220 γάρ
2411 4163 2424 4214 ;
2458 4143 2503 4199 εἶ
2535 4143 2624 4198 καὶ
2658 4141 2719 4196 σὺ
2783 4143 2858 4216 μὴ
2919 4144 3129 4198 πάντων
3213 4144 3499 4218 γινώσκεις
3544 4152 3643 4219 τὴν
3685 4155 3827 4208 ὁπό-

490 4255 537 4290 ⁸⁵
573 4257 893 4336 Jobxxxlx,
926 4263 1013 4315 26.
1041 4262 1086 4297 ⁸⁸
1115 4262 1257 4317 ibid.
1285 4263 1374 4317 27.
1406 4263 1450 4298 8⁷
1474 4265 1616 4320 Gen.
1641 4282 1680 4333 ι,
1713 4268 1803 4336 24,
1834 4269 1922 4322 25.
1955 4268 1998 4303 ⁸³
2029 4269 2070 4324 Ιι

2186 4284 2242 4322 n.
2276 4281 2326 4334 ν,
2360 4263 2412 4316 8.
2445 4260 2492 4296 ⁸9
2519 4261 2686 4316 Prov.
2715 4277 2789 4332 v1,
2820 4263 2876 4318 6.
2917 4261 2988 4298 η’
3017 4259 3162 4316 ibid.
3196 4261 3248 4329 8,
3269 4277 3371 4318 sec.
3410 4265 3572 4324 LXX.
3596 4267 3644 4305 9°
3672 4271 3826 4329 Psal.

420 4344 609 4395 cxvm,
646 4331 768 4384 103.

486 4442 1229 4528 (“1).Περιπεποίκιλται.διά
1280 4447 1386 4500 τῶν
1471 4453 1702 4528 πτερῶν.
1765 4452 1828 4506 In
1890 4452 2064 4509 editis

2186 4451 2320 4528 [nica
2334 4445 2716 4528 agriculturae
2749 4443 3158 4528 studiosissime
3180 4521 3187 4528 _
3211 4445 3320 4528 sed
3349 4519 3363 4528 _
3377 4450 3616 4528 colligit
3629 4454 3823 4528 fruges

416 4512 681 4569 habetur
701 4516 917 4581 solum,
949 4516 1323 4573 πεποίκιλται.
1367 4527 1441 4574 At
1484 4512 1658 4577 lectio
1716 4530 1919 4577 nostra
1975 4530 2066 4580 est

415 4585 594 4664 codd.
622 4587 822 4664 Coi_s_l.,
847 4590 1188 4664 Casau_b._et
1217 4593 1357 4662 Roe,
1408 4594 1673 4664 quamvis
1726 4599 2062 4664 postremus

412 4654 510 4734 hic
533 4656 761 4734 librarii
796 4654 1266 4734 erroreghabeat,
1294 4654 1742 4734 περιποίκιλται.’
1765 4664 2064 4733 νοροε,διό.

410 4729 520 4806 τῷν
554 4732 1156 4806 πτερῶνλ-ειᾱάίάίηιυε
1189 4751 1259 4788 ex
1307 4729 1565 4806 prmfatis
1615 4736 1783 4790 codd.
1820 4729 2063 4793 Ottobo-

410 4801 622 4879 ρὶειιιοὲ
650 4803 869 4879 Basilii,
903 4805 1271 4879 aqversione
1305 4801 1591 4862 Grodecii.
1623 4809 1804 4862 Paulo
1831 4817 2061 4879 post,ex

409 4872 549 4932 Roe,
579 4873 831 4950 _Casa_ub.
874 4881 930 4950 et
962 4876 1089 4931 Bas.
1147 4880 1222 4950 _2,_
1267 4880 1633 4948 scripsimus,
1697 4872 2056 4950 ὑπερπτάντα,

407 4957 542 5022 cum
576 4942 637 5022 i‘n
673 4945 858 5022 editis
880 4947 1106 5022 legatur
1140 4947 1272 5022 ὑπερ
1327 4942 1516 5006 πάντα.
1579 4942 1833 5006 Inferius
1866 4942 2056 5022 voces,

407 5009 511 5095 ἀπὸ
544 5011 644 5080 γὰρ
693 5019 789 5095 τοᾷ
839 5009 983 5095 βείοῖε
1041 5009 1478 5095 προστάγματος,
1538 5030 1780 5094 propter
1838 5009 2058 5095 repeti-1

405 5085 634 5164 tionem
654 5087 808 5138 vocis
1131 5085 1304 5164 editis
1331 5085 1608 5149 omnibus
1633 5085 2052 5164 praetermissa,

406 5157 693 5236 restitutae
729 5160 1213 5236 suntaltlillesm,
1245 5181 1310 5217 ex
1345 5167 1514 5221 codd.
1551 5157 1668 5221 Roe
1696 5173 1754 5220 et
1778 5157 2052 5236 Casaub.,

405 5222 622 5290 quibus
650 5226 938 5280 accedunt
959 5231 1131 5284 Cois].
1167 5222 1224 5286 et
1255 5237 1444 5291 Ottob.

472 5293 550 5368 (ἓ)
585 5294 838 5368 Ἐκ-μιίᾶς
868 5305 1066 5368 πηγῆς.
1101 5304 1185 5356 Ita
1213 5310 1580 5363 restituimus
1627 5325 1695 5361 ex
1727 5308 1874 5362 codd
1934 5311 2052 5363 Roe

402 5366 462 5443 et
492 5363 736 5448 Casaub.
765 5367 894 5419 loco
918 5363 1054 5448 ’μιᾶς
1088 5381 1294 5444 φωνῆς,
1328 5398 1395 5433 ω·
1425 5397 1537 5434 una
1579 5397 1740 5440 voce;
1791 5381 1928 5448 quia
1962 5380 2049 5433 id-

399 5437 593 5522 inpsuin
627 5443 717 5515 est
754 5437 965 5522 'quod,
993 5437 1195 5522 postea
1231 5437 1464 5522 :dicitur
1511 5448 1587 5502 ἐνὶ
1648 5437 2046 5522 προστάγματι.

399 5501 914 5588 ρΓΟςῘΘΕῘῘ-Ῑξμιέείιν
949 5501 1010 5560 ἐδί
1039 5515 1162 5579 μιᾶς
1188 5501 1581 5586 vicies—una
1639 5501 1807 5588 terra,
1838 5501 1905 5575 ut

393 5569 543 5629 bent
577 5569 880 5631 Basiliaﬁi.
1039 5569 1048 5579 '
1151 5569 1158 5571 ‘
1372 5569 1434 5576 ’π
1472 5569 1580 5576 π---τ
1641 5569 1654 5605 ί

465 5645 541 5715 (3)
573 5645 632 5702 Ὁ
681 5643 1056 5718 γοργώτατος.
1118 5651 1290 5724 Editi,
1364 5661 1392 5713 ὁ
1471 5661 1866 5736 γεωργότατος,
1931 5668 2045 5732 for-

2174 4521 2442 4598 formica,
2479 4517 3046 4598 non'seminat,‘nec
3070 4521 3216 4598 arat.
3249 4519 3431 4576 Codd.
3465 4517 3818 4598 C5isl.,Roe,

2174 4591 2446 4659 Casaub.,
2486 4588 2640 4644 Basil
2690 4587 2952 4659 et_Grod.
2988 4588 3316 4659 sequimur.

2244 4667 2321 4732 (4)
2380 4657 2531 4717 Ἰδὼν
2585 4659 2682 4720 τὰς
2732 4655 2909 4720 ὁδούς.
2949 4655 3094 4732 ,γ’οξ
3153 4657 3298 4732 κίδών
3367 4664 3594 4722 abesta
3649 4669 3814 4724 codd,

2171 4730 2374 4800 Coisl.,
2397 4732 2586 4798 Colb.,
2608 4730 3028 4794 Roe,Casaub.,
3050 4731 3214 4789 Bodl.
3250 4737 3308 4786 et
3329 4735 3591 4794 editione
3615 4742 3677 4795 G.
3703 4743 3817 4795 Mo-

2171 4808 2302 4862 relii
2339 4822 2350 4860 :
2385 4803 2558 4858 facile
2583 4802 2936 4856 crediderim
2969 4818 3098 4856 eam
3130 4804 3190 4857 in
3221 4803 3353 4860 aliis
3404 4810 3709 4866 codicibus
3748 4829 3818 4868 ex

2170 4894 2336 4934 sacro
2370 4882 2532 4930 textu
2565 4873 2859 4944 adjectam
2887 4889 3034 4929 esse.
3067 4875 3133 4928 In
3164 4874 3289 4930 cod.
3327 4878 3519 4935 Ottob.
3569 4883 3820 4939 habetur

2169 4947 2349 5010 εἶ’δώς.
2389 4947 2564 5024 ΙΠΓΓξιι
2597 4941 2731 5024 post
2763 4941 2979 5024 βλέψον
3012 4946 3168 5024 voci“
3195 4944 3396 5001 ἐκεῖνον
3453 4957 3822 5024 praeponitur

2166 5022 2408 5076 verbum
2433 5013 2564 5092 φησί
2594 5013 2654 5092 in
2687 5013 2854 5092 codd.
2881 5016 3098 5092 Qttob._,
3129 5018 3272 5092 βόε,
3305 5030 3362 5074 et
3418 5013 3688 5088 casm)”
3749 5043 3818 5081 ac

2165 5087 2758 5149 versione'Grodecii.
2791 5092 2865 5144 At
2893 5087 2954 5143 in
2977 5087 3293 5143 cod.Cois'l.
3322 5092 3514 5149 eidem
3533 5097 3654 5150 voci
3675 5087 3815 5149 ἐκεῖ·

2165 5185 2254 5219 νον
2290 5159 2751 5238 postponitur."
2871 5230 2899 5238 _
2979 5229 2988 5238 _

2347 5230 2674 5307 Πορεύθητι.
2710 5231 2844 5307 llaec
2870 5230 3186 5307 Scriptura
3246 5233 3318 5307 ad
3381 5239 3812 5307 explorandum

2161 5302 2635 5372 imitandumque
2667 5302 2793 5370 apis
2825 5302 3163 5372 exemplum
3197 5302 3525 5364 cohortatio
3544 5311 3712 5365 abes;
3739 5312 3810 5366 ab

2162 5381 2426 5443 Hebrmo,
2462 5380 2519 5427 et
2554 5372 2793 5443 Vulgata
2813 5379 2870 5426 et
2899 5371 3192 5446 Complut.
3219 5374 3348 5432 LXX
3385 5381 3644 5436 editione
3670 5401 3683 5446 ;
3705 5383 3810 5438 ha-

2156 5451 2331 5506 betur
2361 5450 2424 5503 in
2455 5448 2738 5510 Romana,
2775 5449 2832 5497 et
2851 5461 2886 5498 a
2907 5443 3112 5497 multis
3135 5445 3407 5505 Patribus
3429 5443 3813 5509 citatur.Post

2154 5519 2476 5595 περιδράξῃ,
2507 5515 2728 5595 legitur
2745 5515 2813 5595 in
2841 5513 3177 5582 Basilianis,
3231 5512 3319 5572 ’διά
3362 5526 3468 5576 τῶν
3525 5522 3809 5578 ἀθανάτων

2152 5585 2243 5648 καὶ
2275 5585 2608 5648 ἐπουὸανίων
2637 5585 2834 5642 ἀνθῶν.

2223 5667 2300 5736 (6)
2335 5657 2432 5716 Καὶ
2452 5657 2672 5730 κηρίον.
2706 5659 2932 5713 Desunt
2959 5657 3050 5712 hae
3108 5657 3241 5715 duas
3291 5679 3461 5722 voces
3511 5668 3574 5724 in
3628 5668 3807 5726 codd.
