4124 6260
278 329 398 388 653

1073 324 1540 386 CATECHESIS
1589 327 1690 385 IX.
1743 325 1840 385 DE
1881 323 2037 384 Ι)Εο
2081 323 2401 390 OMNIUM
2449 328 2920 394 CONDITORE.

3587 340 3704 398 654

274 479 492 528 στασιν,
524 455 637 528 ἤδη
674 455 811 532 ἀργὰ
863 454 955 512 καὶ
1014 455 1082 510 τὰ
1134 456 1400 531 γενόμενα
1432 475 1446 527 ;
1484 456 1559 531 μὴ
1617 456 1721 532 γὰρ
1753 458 1928 510 πασῶν

2053 460 2218 515 noris
2247 461 2537 530 omnium,
2568 463 2876 520 idcircone
2907 463 3097 521 otiosa
3119 469 3256 520 sunt
3297 482 3428 537 quae
3461 468 3707 540 quidem

285 551 531 624 βοτανῶν
558 547 774 603 δύνασαι
822 551 1023 622 γνῶναι
1081 547 1181 615 τήν
1216 545 1482 622 ἐνέργειαν
1520 564 1534 616 ;
1568 547 1602 616 ἣ
1657 547 1756 615 τὴν
1795 544 1936 620 ὠφὲ-

279 637 434 693 λειαν
479 635 703 692 δύνασαι
772 641 957 709 μαθεῖν
1016 640 1216 704 πᾶσαν,
1270 637 1372 705 τήν
1427 637 1486 690 ἐκ
1538 636 1736 697 παντὸς
1793 635 1935 703 ζώου

277 731 686 802 προχωροῦσαν
720 722 870 794 ;ἤδη
906 723 995 779 καὶ
1055 723 1106 794 ἐξ
1165 719 1406 779 ΐοϐόλων
1441 721 1670 800 ἐχιδνῶν
1726 721 1934 778 ἀντίδο-

273 837 365 871 τοι
400 817 805 891 προεχώρησαν
837 817 910 885 (1)
951 813 1027 876 εἷς
1086 812 1358 888 σωτηρίαν
1418 811 1746 885 ἀνθρώποις.
1775 812 1934 870 Ἀλλ’

277 906 426 980 ἐρεῖς
459 925 577 977 μοι·
612 903 796 965 Δεινὸς
825 903 852 956 6
889 899 1031 979 ὄφις.
1060 895 1246 955 Φοϐοῦ
1301 901 1393 956 τὸν
1444 902 1662 974 Κύριον,
1721 903 1812 956 καὶ
1865 901 1932 956 οὐ

285 993 575 1065 δυνήσεταί
607 1014 662 1047 σε
699 990 927 1067 βλάψαι.
982 989 1250 1064 Σκορπίος
1279 989 1607 1062 πληκτικόςο
1641 986 1815 1065 φοϐοῦ
1837 993 1930 1046 τὸν

273 1084 502 1159 Κύριον,
536 1082 626 1137 καὶ
664 1079 970 1153 οὐπλτςξει
1021 1103 1098 1140 σε,
1165 1081 1313 1136 Λέων
1373 1075 1692 1155 αἱμοϐόρος·
1759 1075 1932 1158 φοϐοῦ

272 1175 373 1229 τὸν
405 1172 637 1246 Κύριον,
667 1172 758 1226 καὶ
810 1170 1252 1246 παρακαθήσεταί
1308 1189 1414 1241 σοι,
1475 1170 1549 1231 ὡς
1579 1173 1658 1241 τῷ
1702 1169 1928 1240 Δανιήλ.

273 1265 427 1320 ’Ἐστι
452 1261 510 1318 δὲ
539 1265 810 1335 θαυμάσαι
840 1259 1063 1332 ἀληθῶς
1121 1261 1211 1315 καὶ
1255 1264 1363 1314 τῶν
1419 1260 1572 1329 ζώων
1631 1261 1730 1330 τήν
1785 1260 1924 1336 ἐνέρ·

281 1373 457 1428 γειαν·
502 1357 618 1413 πῶς
673 1351 740 1406 τὰ
775 1351 868 1424 μὲν
919 1351 969 1406 ἐν
1027 1349 1292 1425 κέντροις,
1352 1349 1533 1426 ὥσπερ
1565 1351 1594 1406 6
1644 1349 1927 1424 σκορπίος,

275 1438 395 1519 ἔχει
427 1445 490 1498 τὸ
524 1441 633 1512 ὀξύ”
667 1442 874 1516 ἑτέροις
917 1439 975 1495 δὲ
1031 1439 1084 1496 ἐν
1140 1445 1260 1502 τοῖς
1319 1439 1533 1495 ὀδοῦσιν
1582 1441 1616 1510 ἠ
1679 1437 1925 1513 δύναμις·

269 1534 360 1588 καὶ
386 1531 530 1589 ἄλλά
562 1529 629 1586 δι’
661 1531 880 1606 ὀνύχων
907 1529 1352 1606 καταγωνίζεται’
1398 1528 1702 1605 βασιλίσκῳ
1753 1525 1810 1584 δὲ
1864 1531 1928 1584 τὸ

273 1623 562 1698 βλὲμμαή
599 1618 853 1692 δύναμις.
917 1620 1012 1676 Ἐκ
1066 1626 1166 1688 τῆς
1222 1617 1486 1690 ποικίλης
1533 1617 1623 1674 οῦν
1658 1615 1924 1692 δημιουρ-

267 1712 414 1786 γίας,
446 1709 646 1781 νόησον
685 1712 782 1762 τοῦ
814 1711 1169 1784 Δημιουργοῦ
1197 1709 1296 1778 τήν
1325 1705 1592 1783 ἰνὲργειαν

2048 555 2246 604 creata
2291 550 2461 606 fuere
2507 552 2533 607 ?
2594 555 2846 609 Potesne
2902 554 3220 610 herbarum
3253 559 3519 612 omnium
3552 560 3706 614 vires

2047 640 2248 694 animo
2281 641 2646 711 complecti?
2676 649 2778 698 aut
2807 649 2974 714 potes
3008 661 3246 700 omnem
3282 663 3410 717 quas
3454 663 3522 701 ex
3556 667 3706 719 quo-

2043 727 2129 781 vis
2159 728 2406 783 animali
2438 729 2658 800 prodit,
2678 730 2996 787 utilitatem
3022 733 3330 788 addiscere
3359 735 3529 790 Nam
3562 754 3699 793 vero

2044 831 2114 870 ex
2135 816 2280 887 ipsis
2312 818 2616 872 venenatis
2641 819 2858 890 viperis
2888 821 3152 892 profecta
3179 827 3318 876 sunt
3346 824 3697 880 mortalibus

2043 903 2116 959 ad
2145 905 2396 960 salutem
2427 907 2715 962 antidota.
2751 909 2920 964 Dices
2947 926 3083 964 vero
3120 911 3262 964 mihi
3292 927 3304 964 :
3356 914 3426 967 At
3456 913 3699 968 horren-

2042 992 2152 1049 dus
2183 998 2274 1048 est
2300 994 2529 1066 anguis.
2563 995 2727 1050 Time
2759 997 3100 1063 Dominum,
3125 1004 3184 1053 et
3214 999 3318 1053 tibi
3338 1017 3552 1056 nocere
3573 1018 3694 1056 non

2041 1083 2560 1154 poteri't.Scorpius
2591 1085 2907 1157 pungendo
2935 1085 3089 1141 valet
3113 1088 3456 1144 :Dominum
3473 1106 3693 1159 verere,

2041 1175 2216 1242 teque
2248 1171 2349 1226 ille
2381 1187 2504 1227 non
2534 1175 2894 1245 punget.Leo
2919 1175 3225 1248 sanguinis
3254 1194 3429 1232 vorax
3455 1195 3466 1232 :
3492 1179 3694 1233 Domi-

2039 1276 2184 1315 num
2211 1261 2374 1328 time,
2408 1267 2467 1316 et
2495 1267 2560 1316 ut
2589 1261 2731 1316 olim
2765 1263 2992 1318 Danieli
3014 1266 3082 1327 θί,
3117 1265 3201 1320 sic
3249 1266 3357 1321 tibi
3387 1267 3691 1323 assidebit.

2038 1349 2183 1404 Vere
2205 1354 2406 1405 autem
2434 1349 2803 1406 admiranda
2835 1353 3186 1410 animalium
3221 1354 3488 1426 ipsorum
3505 1357 3688 1424 vires;

2039 1439 2336 1509 quomodo
2369 1439 2507 1504 alia,
2541 1440 2694 1495 sicut
2743 1443 3033 1512 scorpius,
3067 1442 3128 1497 in
3187 1445 3410 1500 aculeis
3441 1462 3692 1501 acumen

2038 1526 2327 1594 habeant;
2361 1527 2614 1583 aliorum
2646 1528 2730 1584 vis
2761 1529 2953 1600 posita
2984 1530 3062 1584 sit
3105 1531 3166 1585 in
3220 1532 3498 1587 dentibus
3535 1535 3692 1600 ;alia

2037 1616 2336 1689 unguibus
2367 1616 2708 1690 depugnent
2733 1635 2746 1684 ;
2767 1617 3047 1674 basilisco
3079 1620 3318 1675 demum
3351 1622 3412 1675 in
3445 1628 3688 1692 aspectu

2039 1707 2116 1761 sit
2145 1705 2445 1778 [nocendi]
2477 1711 2758 1778 potestas.
2821 1709 2902 1762 Ex
2957 1708 3187 1764 diversa
3244 1709 3422 1782 igitur
3464 1712 3690 1782 opiﬁcii

1956 1822 2004 1888 Β
2035 1794 2288 1861 ratione,
2324 1794 2648 1851 efficaciam
2679 1796 2909 1867 opificis
2932 1797 3216 1870 intellige.

341 1891 444 1947 IE‘.
477 1887 629 1944 Ἀλλ’
664 1885 794 1950 ἴσως
823 1891 993 1941 ταῦτα
1026 1885 1086 1940 οὐ
1121 1887 1425 1959 γινώσκεις·
1469 1884 1637 1960 μηδὲν
1700 1908 1787 1943 σοι
1833 1889 1923 1944 καὶ

275 1983 393 2039 τοῖς
423 1975 612 2050 ἔξωθὲν
638 1998 732 2031 σου
763 1977 948 2045 ζώοις.
1012 1975 1238 2032 Εἷσελθε
1295 1974 1488 2031 λοιπὸν
1552 1977 1628 2038 εἷς
1678 1979 1922 2046 σεαυτὸν,

277 2068 366 2122 καὶ
398 2066 455 2121 ἐκ
476 2073 576 2136 τῆς
607 2073 702 2134 σῆς
736 2062 1080 2126 ὑποστάσεως
1135 2064 1334 2134 νόησον
1387 2065 1478 2120 τὸν
1538 2066 1820 2141 τεχνίτην.
1861 2067 1921 2122 Τί

275 2156 523 2229 μεμπτὸν
556 2158 632 2228 (3)
689 2155 740 2208 ἐν
783 2159 867 2227 τῷ
902 2153 1116 2227 σώματί
1160 2175 1256 2209 σου
1312 2151 1669 2224 πέπλασται;
1726 2155 1922 2229 Κράτει

268 2251 513 2314 σεαυτοῦ,
573 2245 661 2300 καὶ
715 2242 869 2306 οὐδὲς
930 2243 1138 2321 φαῦλον
1191 2242 1250 2298 ἐκ
1295 2245 1511 2298 πάντων
1569 2248 1679 2299 τῶν
1716 2241 1920 2316 μελῶν,

267 2337 355 2407 Ἐξ
378 2335 558 2409 ἀρχῆς
589 2336 618 2388 6
669 2331 849 2406 ’Δδὰμ
879 2331 931 2388 ἐν
964 2337 1044 2403 τῷ
1091 2330 1402 2407 παραδείσῳ
1429 2333 1638 2407 γυμνὸς
1666 2333 1732 2402 ἧν
1791 2333 1925 2407 μετὰ

265 2431 367 2493 τῆς
395 2421 556 2488 Εὔας,
593 2422 718 2478 ἀλλ’
753 2423 814 2476 οὐ
843 2419 933 2476 διὰ
986 2423 1052 2476 τὰ
1104 2420 1246 2494 μέλη
1310 2422 1377 2490 ἦν
1435 2416 1774 2492 ἀπόϐλητος.
1808 2423 1927 2479 Οὐκ

268 2512 373 2586 ἄρα
402 2513 468 2567 τὰ
503 2512 643 2584 μὲλη
671 2518 770 2581 τῆς
805 2509 1071 2584 ἁμαρτίας
1128 2510 1294 2566 αἴτιαο
1357 2509 1482 2566 ἀλλ’
1539 2511 1591 2565 οἳ
1641 2510 1921 2585 χρώμενοι

262 2606 386 2662 τοῖς
427 2600 617 2672 μέλεσι
650 2605 848 2662 κακῶς
885 2599 1052 2674 σοφὸς
1078 2596 1135 2653 δὲ
1194 2600 1222 2654 6
1275 2603 1383 2654 τῶν
1429 2598 1610 2672 μελῶν
1660 2602 1921 2671 ποιητής.

267 2689 372 2752 Τίς
405 2691 433 2744 6
464 2690 867 2762 παρασκευάσας
896 2688 971 2750 είς
1027 2687 1371 2762 τεκνογονίαν
1409 2689 1620 2762 μήτρας
1677 2683 1872 2764 ὄγκους
1906 2708 1919 2758 ;

263 2779 355 2840 τίς
387 2780 415 2834 6
447 2777 508 2833 τὸ
539 2775 752 2852 ἄψυχον
787 2775 838 2831 ἐν
869 2776 1004 2849 αὐτῇ
1046 2777 1311 2849 ψυχώσας
1344 2795 1358 2846 ;
1389 2776 1474 2841 τίς
1503 2777 1532 2830 6
1588 2776 1797 2852 νεύροις
1831 2778 1921 2831 καὶ

265 2867 477 2930 ὀστέοις
509 2869 657 2938 ἡμᾶς
689 2865 918 2942 ἐνείρας,
975 2863 1150 2940 δέρμα
1224 2863 1283 2919 δὲ
1339 2865 1429 2920 καὶ
1487 2866 1649 2940 κρέας
1691 2861 1920 2942 περιϐα-

264 2956 404 3024 λὼν,
435 2958 526 3011 καὶ
555 2955 670 3029 ἃμα
697 2959 777 3028 τῷ
805 2953 1130 3028 γεννηθῆναι
1176 2954 1238 3008 τὸ
1303 2954 1521 3031 βρέφος,
1583 2953 1643 3009 ἔκ
1695 2959 1910 3027 μαστῶν

266 3045 445 3122 πηγὰς
475 3045 746 3120 γάλακτος
806 3043 1042 3120 ἐκφέρων
1080 3070 1094 3112 ς
1127 3046 1250 3105 Πῶς
1307 3043 1370 3098 τὸ
1430 3043 1528 3116 μὲν
1587 3044 1786 3122 βρέφος
1842 3047 1918 3107 είς

262 3133 480 3190 παιδίον
513 3132 680 3207 αὔξει,
713 3135 803 3189 καὶ
833 3137 996 3188 τοῦτο
1028 3132 1102 3194 εἰς
1159 3133 1392 3203 νεανίαν,
1452 3134 1563 3188 εἶτα
1619 3133 1695 3196 εἰς
1726 3131 1912 3210 ἄνδρων

259 3224 350 3280 καὶ
383 3222 547 3279 πάλιν
581 3225 609 3277 ὁ
641 3223 804 3284 αὐτὸς
838 3223 914 3284 είς
971 3217 1281 3294 πρεσϐύτην
1345 3217 1767 3295 μεταϐάλλεται,
1804 3245 1911 3295 μη-

263 3313 413 3375 δενὸς
445 3308 963 3385 καταλαμϐάνοντος
993 3318 1094 3381 τῆς
1131 3306 1444 3382 μεταϐολῆς
1467 3312 1567 3380 τὴν
1624 3313 1743 3366 καθ’
1773 3307 1916 3386 ὴμέ-

265 3423 364 3474 ραν
397 3397 674 3477 ἀκρίϐειαν
712 3419 725 3470 ;
761 3403 888 3462 Πῶς
917 3406 1018 3470 τῆς
1060 3406 1270 3476 τροφῆς
1324 3401 1386 3454 τὸ
1448 3401 1542 3473 μὲν
1603 3399 1917 3474 ἑξαιματοῦ-

255 3511 373 3559 ται,
403 3492 466 3546 τὸ
508 3488 564 3545 δὲ
595 3490 672 3552 είς
731 3491 1096 3565 προχώρησιν
1156 3487 1488 3564 διακρίνεται
1520 3492 1616 3561 (4),
1647 3490 1708 3543 τὸ
1752 3486 1809 3544 δὲ
1841 3489 1916 3552 εἷς

258 3580 434 3654 σάρκα
465 3575 864 3653 μεταϐάλλεται
899 3599 912 3648 ;
947 3579 1044 3641 Τίς
1072 3579 1100 3631 6
1159 3578 1258 3646 τήν
1314 3573 1537 3650 καρδίαν
1595 3577 1920 3648 ἆεικινήτως

262 3673 434 3724 κινῶν
468 3687 483 3737 ;
514 3668 594 3730 τίς
622 3670 650 3722 6
674 3669 775 3736 τὴν
830 3666 1150 3737 ἁπαλότητα
1207 3671 1316 3722 τῶν
1370 3665 1671 3744 ὀφθαλμῶν
1711 3670 1779 3740 τῇ
1810 3671 1920 3722 τῶν
1965 3736 2003 3744 ,ἡ

275 3757 577 3835 βλεφάρων
611 3752 886 3830 περιϐολῇ
925 3760 1105 3833 σοφῶς
1139 3756 1582 3831 ἀσφαλισάμενος
1615 3774 1629 3823 ;
1665 3756 1790 3832 Περὶ
1824 3755 1924 3830 γὰρ

277 3855 381 3916 τῆς
429 3845 690 3916 ποικίλης
738 3844 828 3900 καὶ
887 3843 1184 3917 θαυμασίας
1237 3849 1346 3900 τῶν
1407 3844 1708 3922 ὀφθαλμῶν
1761 3865 1923 3900 καταο

283 3938 502 4008 σκευῆς,
537 3936 592 3989 αἱ
622 3933 956 4009 πολύστιχοι
1011 3937 1114 3987 τῶν
1175 3934 1375 4008 ίατρῶν
1410 3932 1572 4007 μόγις
1611 3932 1924 4009 ἐξηγοῦνται

284 4021 496 4100 βίϐλοι.
527 4023 625 4086 Τίς
657 4025 684 4078 6
714 4024 812 4092 τήν
851 4021 974 4095 μίαν
1029 4023 1296 4092 ἀνπανοήν
1333 4020 1410 4085 είς
1464 4021 1595 4077 ὅλον
1648 4023 1710 4077 τὸ
1769 4027 1930 4096 σῶμα

2105 1885 2258 1941 188
2290 1887 2396 1940 XV.
2430 1888 2504 1941 At
2531 1885 2658 1941 haec
2715 1886 2820 1942 tibi
2852 1886 3102 1943 fortasse
3158 1894 3301 1945 nota
3333 1907 3454 1945 non
3496 1897 3635 1946 sunt
3670 1908 3681 1945 :

2032 1970 2185 2027 nihil
2206 1972 2310 2028 tibi
2337 1991 2473 2029 cum
2496 1974 2855 2031 animalibus
2878 1993 3007 2047 quas
3029 1982 3193 2033 extra
3221 1982 3274 2032 te
3308 1983 3446 2032 sunt
3465 1980 3679 2050 posita,

2033 2078 2350 2117 commune
2385 2083 2399 2130 ;
2434 2063 2495 2118 in
2525 2063 2785 2134 teipsum
2820 2070 3090 2136 superest
3121 2072 3186 2121 ut
3232 2067 3587 2139 ingrediare,
3626 2074 3684 2122 et

2034 2167 2104 2206 ex
2137 2157 2236 2206 tua
2266 2152 2453 2222 ipsius
2480 2157 2692 2207 natura
2731 2152 3022 2208 artificem
3079 2171 3282 2210 nosce.
3315 2156 3358 2189 ⁹²
3389 2156 3682 2220 Quidnam

2033 2239 2095 2293 in
2128 2246 2227 2294 tuo
2265 2257 2510 2312 corpore
2559 2241 3024 2312 reprehensione
3085 2241 3330 2315 dignum
3380 2245 3686 2300 conditum

2033 2328 2170 2382 est?
2197 2329 2274 2383 Te
2304 2328 2501 2397 ipsum
2535 2329 2794 2397 contine,
2823 2330 3094 2401 nihilque
3127 2349 3371 2402 pravum
3404 2350 3473 2387 ex
3495 2335 3688 2388 omni-

2032 2414 2143 2470 bus
2173 2417 2459 2473 membris
2491 2418 2753 2473 exsistet.
2783 2418 2869 2473 Ab
2902 2419 3073 2474 initio
3103 2421 3300 2476 nudus
3343 2427 3468 2477 erat
3499 2422 3685 2478 Adam
3785 2494 3793 2501 _

2033 2521 2167 2560 cum
2198 2508 2312 2561 Eva
2339 2507 2400 2561 in
2432 2508 2706 2578 paradiso
2730 2524 2743 2573 ;
2764 2524 2875 2562 nec
2895 2514 3140 2579 propter
3170 2509 3438 2565 membra
3469 2528 3682 2582 oppro-

2031 2593 2161 2649 brio
2192 2611 2261 2650 ac
2290 2596 2616 2668 rejectione
2640 2596 2857 2669 dignus
2889 2601 3032 2652 erat.
3055 2599 3181 2652 Non
3213 2598 3395 2670 igitur
3415 2600 3684 2656 membra

2030 2687 2256 2758 peccati
2277 2691 2416 2742 sunt
2443 2703 2640 2755 causa,
2659 2687 2763 2742 sed
2799 2687 2840 2741 ii
2871 2688 2972 2759 qui
3004 2689 3288 2744 membris
3321 2691 3473 2745 male
3505 2697 3680 2746 utun-

2029 2780 2128 2831 tur
2161 2793 2174 2842 ;
2205 2776 2444 2848 sapiens
2466 2793 2621 2846 vero,
2647 2775 2857 2832 artifex
2884 2776 3309 2833 membrorum.
3345 2778 3390 2814 ⁸³
3420 2780 3559 2844 Quis
3592 2785 3682 2834 est

2030 2867 2132 2938 qui
2163 2867 2237 2923 ad
2269 2867 2596 2923 liberorum
2617 2867 3090 2938 procreationem
3113 2869 3266 2924 uteri
3295 2885 3434 2924 cava
3457 2886 3678 2940 praepa-

2039 2957 2187 3012 ravit
2215 2956 2242 3010 ‘?
2271 2957 2404 3026 quis
2436 2956 2832 3011 inanimatum
2862 2956 3047 3012 fetum
3073 2957 3135 3011 in
3168 2957 3295 3028 ipso
3345 2958 3628 3013 animavit
3655 2959 3681 3012 ‘I

2029 3045 2162 3115 quis
2192 3045 2385 3099 nervis
2417 3050 2476 3099 et
2508 3044 2740 3100 ossibus
2756 3061 2864 3101 nos
2895 3047 3239 3111 connexuit,
3271 3047 3610 3118 pellemque
3626 3054 3686 3102 et

2029 3149 2268 3189 carnem
2318 3133 2716 3190 circumduxit
2741 3133 2826 3200 9b;
2857 3139 2915 3189 et
2972 3134 3333 3206 simulatque
3387 3142 3563 3192 natus
3596 3142 3688 3191 est

2028 3222 2244 3289 infans,
2280 3239 2350 3278 ex
2379 3223 2664 3278 uberibus
2715 3223 2886 3279 lactis
2916 3223 3112 3279 fontes
3145 3225 3439 3295 expromit
3467 3226 3494 3280 ἱ)
3518 3228 3683 3291 Quo-

2026 3311 2204 3367 modo
2237 3312 2433 3367 infans
2464 3312 2526 3367 in
2555 3327 2808 3383 puerum
2841 3313 3075 3380 crescit,
3111 3329 3182 3367 ex
3213 3330 3396 3384 puero
3429 3315 3492 3368 in
3517 3315 3687 3386 juve-

2027 3416 2191 3469 nem,
2224 3399 2440 3455 deinde
2472 3401 2534 3456 in
2565 3400 2780 3468 virum,
2814 3405 2873 3455 et
2928 3401 3086 3456 idem
3133 3417 3340 3457 rursus
3381 3403 3443 3456 in
3477 3420 3682 3459 senem

2027 3493 2293 3543 mutatur
2315 3489 2584 3555 ;nemine
2607 3487 2751 3557 quid
2773 3504 3006 3558 quaque
3040 3488 3136 3543 die
3166 3491 3514 3545 mutationis
3529 3509 3679 3562 prae-

2029 3577 2152 3632 cise
2196 3577 2318 3645 ﬁat,
2375 3577 2858 3647 deprehendente
2907 3577 2934 3631 ‘2
2971 3578 3275 3641 Quomodo
3325 3579 3676 3637 alimentum

2032 3667 2248 3737 partim
2277 3665 2518 3736 quidem
2549 3665 2611 3719 in
2661 3665 3012 3736 sanguinem
3042 3668 3424 3733 convertitur,
3456 3671 3673 3738 partim

2031 3771 2168 3810 vero
2192 3755 2253 3809 in
2280 3757 2728 3810 excrementum
2756 3754 3330 3824 secernitur,partim
3353 3755 3413 3809 in
3432 3772 3673 3812 carnem

2035 3842 2511 3899 transmutatur?
2541 3842 2682 3907 Quis
2718 3847 2808 3897 est
2853 3841 2952 3912 qui
2987 3841 3353 3897 indeﬁcienti
3376 3860 3477 3897 cor
3498 3846 3681 3915 agitat

2038 3939 2202 3989 motu
2223 3932 2250 3987 ?
2282 3932 2382 4004 qui
2405 3930 2714 3987 oculorum
2766 3930 3230 3986 teneritudinem
3263 3931 3680 4002 palpebrarum

2039 4023 2316 4094 amplexu
2339 4027 2458 4078 tam
2492 4022 2793 4093 sapienter
2835 4020 3087 4077 munivit
3113 4020 3140 4075 7
3167 4021 3314 4076 Nam
3343 4020 3416 4076 de
3442 4023 3601 4078 varia
3627 4030 3685 4078 et

354 4256 398 4292 ’ί
424 4253 570 4310 Dan.
602 4269 674 4322 v1,
709 4254 793 4308 18.
830 4253 874 4288 ⁰²
913 4253 1040 4310 Vid.
1072 4260 1178 4310 cat.
1211 4255 1266 4324 4,
1297 4271 1355 4310 n.
1386 4254 1478 4326 22,
1509 4260 1561 4312 et
1589 4261 1694 4313 cat.
1722 4257 1807 4328 42,
1839 4273 1900 4314 n.

2052 4252 2099 4294 ⁸³
2136 4255 2262 4314 Vid.
2293 4259 2400 4315 cat.
2435 4255 2598 4324 12,12.
2631 4256 2716 4315 30.
2750 4255 2799 4293 9‘
2825 4254 2930 4315 Job
2959 4275 3017 4330 ι,
3052 4259 3138 4316 11.

282 4491 507 4558 Ottob.,
535 4492 673 4556 Roe,
708 4489 956 4544 Casaub.
1021 4494 1079 4544 et
1136 4489 1339 4558 Basil.,
1388 4506 1498 4545 nec
1555 4490 1848 4546 habentur
1873 4492 1934 4548 in
1971 4493 2014 4559 D
2046 4493 2176 4556 Quis
2206 4493 2483 4562 operantis
2502 4493 2863 4548 substantiam
2894 4496 3181 4550 enarrabit
3201 4498 3229 4551 ?
3252 4494 3504 4551 Inferius
3538 4513 3692 4562 vero,

282 4563 596 4618 Psalteriis
622 4563 988 4627 nostris,tam
1021 4564 1218 4616 Graeco
1252 4577 1429 4632 quam
1463 4562 1688 4618 Latino.
1714 4565 1824 4617 Eas
1848 4568 1934 4618 ta-

284 4651 430 4690 men
456 4634 754 4687 innumeri
798 4634 1001 4687 Patres
1034 4637 1153 4687 tam
1203 4633 1390 4688 Latini
1424 4649 1604 4703 quam
1637 4635 1821 4689 Graaci
1851 4634 1938 4689 le-

283 4721 451 4773 gere.
487 4707 554 4758 Et
583 4706 878 4759 habentur
909 4704 969 4758 in
1008 4703 1304 4760 veteribus
1353 4705 1660 4760 Psalteriis
1693 4706 1938 4773 Latinis,

285 4784 469 4848 atque
502 4778 679 4831 etiam
712 4776 984 4848 fortassis
1007 4776 1241 4848 Graacis.

363 4841 440 4918 (1)
495 4847 926 4920 Προεχώρησαν.
987 4847 1193 4920 ΫΕᾶίγίὶ,
1269 4841 1666 4920 προεδόθησαν.
1747 4848 1942 4904 Secuti

285 4937 496 4975 sumus
528 4918 698 4974 codd.
734 4918 936 4984 Coisl.,
969 4919 1185 4983 Ottob.,
1222 4921 1364 4981 Roe,
1397 4918 1643 4974 Casaub.
1677 4924 1730 4972 et
1764 4920 1939 4974 Basil.

285 4994 438 5047 Nota
460 4991 838 5055 Manichaaos,
868 5005 1014 5059 quos
1048 4991 1109 5044 in
1133 4991 1242 5044 hac
1274 4989 1568 5045 catechesi
1602 4992 1944 5061 smpecasti-

284 5070 386 5134 gat
415 5062 1037 5134 Cyrillus,animan_tes
1068 5078 1280 5134 saevam
1308 5066 1580 5134 naturam
1614 5063 1854 5118 sortitas
1869 5063 1941 5118 ad

285 5132 656 5188 calumniam
689 5132 984 5187 Creatoris
1016 5132 1285 5199 traxisse,
1318 5138 1384 5186 ut
1433 5132 1630 5187 videre
1672 5140 1760 5187 est
1785 5135 1942 5199 apud

282 5207 483 5260 Titum
508 5207 911 5269 Bostrensem,
937 5202 1035 5256 lib.
1072 5221 1114 5258 ιι
1145 5211 1286 5258 cont.
1323 5203 1593 5269 Manich.,
1646 5205 1745 5274 qui
1823 5202 1944 5260 hoc

289 5294 500 5331 eorum
534 5281 950 5343 argumentum
981 5275 1132 5344 fuse,
1165 5282 1222 5330 et
1252 5275 1465 5329 iisdem
1517 5274 1734 5344 quibus
1755 5276 1942 5346 Cyril-

288 5351 386 5404 lus
422 5349 752 5402 rationibus
771 5347 1053 5402 confutat.

368 5422 447 5489 (‘2)
475 5421 806 5492 Ἑνέργειαν,
844 5417 1123 5472 Basiliani
1154 5417 1353 5492 codd,
1389 5415 1617 5492 ἀόρατον
1651 5414 1946 5492 ἐνεργείαν,

292 5483 627 5561 inuisibilem
647 5483 1031 5561 'operationem
1055 5483 1467 5561 :‘adduntque,
1490 5489 1524 5555 ἡ
1555 5483 1620 5561 δὲΔ
1639 5483 1871 5561 ἀόρατός
1890 5483 1947 5545 τε

287 5562 380 5646 κεῖ
438 5555 845 5646 ἐκσετάλῆπτος-
898 5559 993 5620 Τίς
1071 5555 1391 5646 imi???“
1449 5562 1545 5646 ῖοῖέ
1603 5555 1944 5646 ἐνεβγτεῦντος

287 5633 386 5702 τὴν
421 5632 638 5702 ούσίαν;
664 5634 776 5690 haec
832 5639 1019 5688 autem
1073 5631 1368 5688 invisibilis
1424 5638 1476 5686 et
1523 5631 1943 5704 indepréhma.

2045 4562 2175 4617 loco
2205 4561 2404 4633 νόησον
2431 4563 2525 4617 τὸν
2555 4563 2834 4633 τεχνίτην,
2876 4565 3117 4630 habent,
3147 4567 3347 4632 νόησον
3379 4567 3469 4619 τὸν
3500 4566 3691 4619 ἑαυτοῦ

2051 4653 2110 4687 τε
2137 4632 2227 4711 καὶ
2259 4633 2472 4688 πάντων
2503 4632 2772 4711 πλούσιόν
2815 4655 2874 4711 τε
2923 4635 3014 4690 καὶ
3077 4636 3464 4711 μεγαλόδωρον
3499 4637 3695 4711 ἀγαθὸν

2047 4703 2330 4780 τεχνίτην,
2363 4708 2646 4763 considera
2673 4715 2828 4764 tuum
2857 4709 3047 4778 ipsius,
3071 4703 3178 4765 imo
3210 4703 3451 4766 omnium
3471 4703 3695 4765 diuitem

2049 4785 2101 4832 et
2133 4780 2448 4850 muniﬁcum
2481 4779 2677 4850 bonum
2707 4782 2966 4850 opiﬁcem.

2121 4851 2196 4918 (3)
2228 4848 2292 4904 Τί
2328 4848 2595 4919 μεμπτόν,
2621 4848 2920 4906 εῑοῘΗιιηο
2950 4852 3149 4923 Cyrilli
3185 4855 3541 4908 sententiam
3560 4870 3695 4908 cum

2053 4927 2398 4993 argumento
2414 4937 2484 4975 ex
2509 4923 2718 4992 primis
2731 4924 3078 4993 parentibus
3095 4923 3349 4979 adducto
3365 4925 3696 4980 exscribere

2053 4959 2104 4974 ul
2162 4959 2484 4975 υιμυιιινυιι
2514 4959 2568 4992 ..ιι
2586 4959 3349 4993 ιιιιιοιαιιιυιιυιυυο(ιυυυυιυ
3365 4959 3520 4980 UADL‘I
3541 4959 3696 4979 IIJUIU

2052 4959 2284 5065 videtur
2315 4991 2368 5065 S_.
2391 4993 2590 5065 _Nilus,
2620 4993 2723 5049 lib.
2759 4995 2997 5065 1|,epist.
3027 4998 3148 5050 168.
3183 4997 3316 5051 Haec
3337 5004 3532 5052 autem
3565 5014 3700 5051 cum

2054 5062 2273 5138 insigni
2294 5062 2700 5138 additamento
2733 5071 2791 5119 et
2808 5062 3090 5138 varietate
3124 5069 3701 5138 repraasenlanturin

2055 5133 2370 5210 Basilianis
2402 5135 2599 5203 codd.,
2636 5143 2702 5190 ut
2753 5136 2826 5191 ad
2859 5137 3084 5191 calcem
3143 5133 3321 5210 hujus
3378 5142 3705 5196 catechesis

2055 5203 2425 5260 exhibemus.

2126 5277 2202 5345 (4)
2339 5271 2395 5351 ὃ)
2425 5273 2500 5337 εἰς
2529 5276 2891 5351 ⁴[προχώρησιν
2925 5350 2928 5351 ν
2955 5273 3302 5351 διακρίνεται.
3355 5282 3489 5336 Haec
3536 5281 3712 5334 verba

2055 5347 2117 5401 in
2150 5345 2324 5401 codd.
2352 5348 2496 5409 Roe.
2521 5345 2776 5404 Casaub.
2821 5353 2878 5403 et
2908 5345 3109 5415 Coisl.,
3158 5354 3520 5416 transposita
3549 5358 3709 5416 sunt,

2058 5423 2116 5473 et
2147 5417 2440 5506 collocata
2471 5419 2725 5506 inferius
2751 5435 2810 5506 ιι.
2851 5423 2936 5488 16,
2967 5417 3461 5506 ίΠίΘΓὶεἶρημξνωγ
3496 5425 3708 5506 ειὶάνα-

2054 5488 2504 5563 γινωσκομένων.
2542 5493 2606 5546 In
2637 5491 2832 5547 Ottob.
2867 5508 3001 5547 vero
3035 5493 3096 5547 in
3125 5493 3164 5547 h
3199 5488 3535 5550 isﬂduobus
3566 5493 3711 5546 locis

2056 5561 2378 5617 habentur.
