  <div class='ocr_page' id='page_1' title='image "/cluster/home/n/w/nwhite01/storage/ocr_20150623/33/mdp.39015078384412/335.png"; bbox 0 0 4124 6260; ppageno 0'>
   <div class='ocr_carea' id='block_1_1' title="bbox 362 372 3778 443">
    <p class='ocr_par' dir='ltr' id='par_1_1' title="bbox 362 372 3778 443">
     <span class='ocr_line' id='line_1_1' title="bbox 362 372 3778 443; baseline 0 -3"><span class='ocrx_word' id='word_1_1' title='bbox 362 383 480 443; x_wconf 83' lang='grc'>655</span> <span class='ocrx_word' id='word_1_2' title='bbox 1417 377 1480 434; x_wconf 91' lang='lat' dir='ltr'>S.</span> <span class='ocrx_word' id='word_1_3' title='bbox 1527 373 1836 434; x_wconf 79' lang='lat' dir='ltr'>CYRILLI</span> <span class='ocrx_word' id='word_1_4' title='bbox 1884 372 2301 437; x_wconf 70' lang='lat' dir='ltr'>llIEROSOL.</span> <span class='ocrx_word' id='word_1_5' title='bbox 2349 378 2707 439; x_wconf 73' lang='lat' dir='ltr'>ARCHIEP.</span> <span class='ocrx_word' id='word_1_6' title='bbox 3655 380 3778 441; x_wconf 80' lang='grc'>656</span> 
     </span>
    </p>
   </div>
   <div class='ocr_carea' id='block_1_2' title="bbox 365 503 2036 586">
    <p class='ocr_par' dir='ltr' id='par_1_2' title="bbox 365 506 2009 578">
     <span class='ocr_line' id='line_1_2' title="bbox 365 506 2009 578; baseline -0.007 -6"><span class='ocrx_word' id='word_1_7' title='bbox 365 514 706 573; x_wconf 81' lang='lat' dir='ltr'>admirabili</span> <span class='ocrx_word' id='word_1_8' title='bbox 739 513 1048 568; x_wconf 91' lang='lat' dir='ltr'>oculorum</span> <span class='ocrx_word' id='word_1_9' title='bbox 1081 515 1397 574; x_wconf 83' lang='lat' dir='ltr'>structura,</span> <span class='ocrx_word' id='word_1_10' title='bbox 1423 509 1516 560; x_wconf 86' lang='lat' dir='ltr'>vix</span> <span class='ocrx_word' id='word_1_11' title='bbox 1546 506 1799 578; x_wconf 80' lang='lat' dir='ltr'>grandes</span> <span class='ocrx_word' id='word_1_12' title='bbox 1821 507 2009 561; x_wconf 88' lang='lat' dir='ltr'>medi-</span> 
     </span>
    </p>
   </div>
   <div class='ocr_carea' id='block_1_3' title="bbox 2152 503 3785 586">
    <p class='ocr_par' dir='ltr' id='par_1_3' title="bbox 2161 503 3785 586">
     <span class='ocr_line' id='line_1_3' title="bbox 2161 503 3785 586; baseline 0.004 -27"><span class='ocrx_word' id='word_1_13' title='bbox 2161 503 2344 570; x_wconf 85' lang='grc' dir='ltr'><strong>ιαδούς</strong></span> <span class='ocrx_word' id='word_1_14' title='bbox 2380 528 2392 576; x_wconf 90' lang='grc'><strong>;</strong></span> <span class='ocrx_word' id='word_1_15' title='bbox 2427 507 2677 579; x_wconf 74' lang='grc' dir='ltr'><strong>Βλέπεις,</strong></span> <span class='ocrx_word' id='word_1_16' title='bbox 2737 506 3010 583; x_wconf 79' lang='grc' dir='ltr'><strong>ἄνθρωπε,</strong></span> <span class='ocrx_word' id='word_1_17' title='bbox 3066 511 3160 566; x_wconf 86' lang='grc' dir='ltr'><strong>τὸν</strong></span> <span class='ocrx_word' id='word_1_18' title='bbox 3218 510 3494 586; x_wconf 79' lang='grc' dir='ltr'>τεχνίτην,</span> <span class='ocrx_word' id='word_1_19' title='bbox 3556 509 3785 586; x_wconf 75' lang='grc' dir='ltr'>βλέπεις</span> 
     </span>
    </p>
   </div>
   <div class='ocr_carea' id='block_1_4' title="bbox 368 595 2036 675">
    <p class='ocr_par' dir='ltr' id='par_1_4' title="bbox 368 597 2017 661">
     <span class='ocr_line' id='line_1_4' title="bbox 368 597 2017 661; baseline -0.006 -1"><span class='ocrx_word' id='word_1_20' title='bbox 368 621 572 661; x_wconf 90' lang='lat' dir='ltr'>corum</span> <span class='ocrx_word' id='word_1_21' title='bbox 607 603 977 658; x_wconf 84' lang='lat' dir='ltr'>sufﬁcienter</span> <span class='ocrx_word' id='word_1_22' title='bbox 1025 601 1363 655; x_wconf 88' lang='lat' dir='ltr'>edisserunt</span> <span class='ocrx_word' id='word_1_23' title='bbox 1419 597 1576 652; x_wconf 87' lang='lat' dir='ltr'>libri.</span> <span class='ocrx_word' id='word_1_24' title='bbox 1612 597 1750 660; x_wconf 88' lang='lat' dir='ltr'>Quis</span> <span class='ocrx_word' id='word_1_25' title='bbox 1779 598 2017 651; x_wconf 88' lang='lat' dir='ltr'>unicam</span> 
     </span>
    </p>
   </div>
   <div class='ocr_carea' id='block_1_5' title="bbox 2152 595 2936 675">
    <p class='ocr_par' dir='ltr' id='par_1_5' title="bbox 2152 595 2936 675">
     <span class='ocr_line' id='line_1_5' title="bbox 2152 595 2936 675; baseline 0.006 -26"><span class='ocrx_word' id='word_1_26' title='bbox 2152 595 2219 650; x_wconf 55' lang='grc' dir='ltr'>ἑὸν</span> <span class='ocrx_word' id='word_1_27' title='bbox 2253 597 2419 674; x_wconf 82' lang='grc' dir='ltr'><strong>σοφὸν</strong></span> <span class='ocrx_word' id='word_1_28' title='bbox 2454 601 2528 672; x_wconf 90' lang='grc'>(1)</span> <span class='ocrx_word' id='word_1_29' title='bbox 2563 599 2936 675; x_wconf 84' lang='grc' dir='ltr'><strong>Δημιουργόν.</strong></span> 
     </span>
    </p>
   </div>
   <div class='ocr_carea' id='block_1_6' title="bbox 371 686 2017 765">
    <p class='ocr_par' dir='ltr' id='par_1_6' title="bbox 371 686 2017 765">
     <span class='ocr_line' id='line_1_6' title="bbox 371 686 2017 765; baseline -0.006 -16"><span class='ocrx_word' id='word_1_30' title='bbox 371 694 827 765; x_wconf 75' lang='lat' dir='ltr'>respirationem</span> <span class='ocrx_word' id='word_1_31' title='bbox 870 692 929 745; x_wconf 91' lang='lat' dir='ltr'>in</span> <span class='ocrx_word' id='word_1_32' title='bbox 962 695 1148 744; x_wconf 89' lang='lat' dir='ltr'>totum</span> <span class='ocrx_word' id='word_1_33' title='bbox 1182 705 1398 759; x_wconf 91' lang='lat' dir='ltr'>corpus</span> <span class='ocrx_word' id='word_1_34' title='bbox 1431 686 1736 741; x_wconf 85' lang='lat' dir='ltr'>distribuit</span> <span class='ocrx_word' id='word_1_35' title='bbox 1764 686 1791 740; x_wconf 75' lang='lat'>‘2</span> <span class='ocrx_word' id='word_1_36' title='bbox 1820 686 2017 755; x_wconf 77' lang='lat' dir='ltr'>Vides,</span> 
     </span>
    </p>
   </div>
   <div class='ocr_carea' id='block_1_7' title="bbox 371 775 1908 849">
    <p class='ocr_par' dir='ltr' id='par_1_7' title="bbox 371 775 1908 849">
     <span class='ocr_line' id='line_1_7' title="bbox 371 775 1908 849; baseline -0.007 -11"><span class='ocrx_word' id='word_1_37' title='bbox 371 783 574 849; x_wconf 87' lang='lat' dir='ltr'>homo,</span> <span class='ocrx_word' id='word_1_38' title='bbox 608 782 921 846; x_wconf 84' lang='lat' dir='ltr'>artiﬁcem,</span> <span class='ocrx_word' id='word_1_39' title='bbox 955 779 1117 833; x_wconf 86' lang='lat' dir='ltr'>vides</span> <span class='ocrx_word' id='word_1_40' title='bbox 1149 778 1479 848; x_wconf 88' lang='lat' dir='ltr'>sapientem</span> <span class='ocrx_word' id='word_1_41' title='bbox 1509 775 1908 830; x_wconf 86' lang='lat' dir='ltr'>Conditorem.</span> 
     </span>
    </p>
   </div>
   <div class='ocr_carea' id='block_1_8' title="bbox 446 864 2016 936">
    <p class='ocr_par' dir='ltr' id='par_1_8' title="bbox 446 864 2016 936">
     <span class='ocr_line' id='line_1_8' title="bbox 446 864 2016 936; baseline -0.005 -10"><span class='ocrx_word' id='word_1_42' title='bbox 446 873 586 926; x_wconf 78' lang='lat' dir='ltr'>XVI.</span> <span class='ocrx_word' id='word_1_43' title='bbox 614 872 747 925; x_wconf 63' lang='lat' dir='ltr'>Haec</span> <span class='ocrx_word' id='word_1_44' title='bbox 780 887 940 924; x_wconf 92' lang='lat' dir='ltr'>nunc</span> <span class='ocrx_word' id='word_1_45' title='bbox 975 868 1079 923; x_wconf 87' lang='lat' dir='ltr'>tibi</span> <span class='ocrx_word' id='word_1_46' title='bbox 1113 883 1307 921; x_wconf 89' lang='lat' dir='ltr'>sermo</span> <span class='ocrx_word' id='word_1_47' title='bbox 1337 871 1541 920; x_wconf 82' lang='lat' dir='ltr'>noster</span> <span class='ocrx_word' id='word_1_48' title='bbox 1599 865 1788 920; x_wconf 82' lang='lat' dir='ltr'>fusius</span> <span class='ocrx_word' id='word_1_49' title='bbox 1820 864 2016 936; x_wconf 85' lang='lat' dir='ltr'>expla-</span> 
     </span>
    </p>
   </div>
   <div class='ocr_carea' id='block_1_9' title="bbox 373 953 2021 1030">
    <p class='ocr_par' dir='ltr' id='par_1_9' title="bbox 373 953 2021 1030">
     <span class='ocr_line' id='line_1_9' title="bbox 373 953 2021 1030; baseline -0.007 -14"><span class='ocrx_word' id='word_1_50' title='bbox 373 960 532 1017; x_wconf 86' lang='lat' dir='ltr'>navit</span> <span class='ocrx_word' id='word_1_51' title='bbox 550 978 562 1027; x_wconf 93' lang='lat'><strong>;</strong></span> <span class='ocrx_word' id='word_1_52' title='bbox 579 959 994 1030; x_wconf 58' lang='lat' dir='ltr'>prastermissis</span> <span class='ocrx_word' id='word_1_53' title='bbox 1023 955 1461 1022; x_wconf 90' lang='lat' dir='ltr'>multis,etaliis</span> <span class='ocrx_word' id='word_1_54' title='bbox 1483 953 2021 1008; x_wconf 83' lang='lat' dir='ltr'>innumerabilibus</span> 
     </span>
    </p>
   </div>
   <div class='ocr_carea' id='block_1_10' title="bbox 371 1043 2023 1117">
    <p class='ocr_par' dir='ltr' id='par_1_10' title="bbox 371 1043 2023 1117">
     <span class='ocr_line' id='line_1_10' title="bbox 371 1043 2023 1117; baseline -0.005 -12"><span class='ocrx_word' id='word_1_55' title='bbox 371 1050 570 1116; x_wconf 88' lang='lat' dir='ltr'>rebus,</span> <span class='ocrx_word' id='word_1_56' title='bbox 599 1049 854 1103; x_wconf 85' lang='lat' dir='ltr'>maxime</span> <span class='ocrx_word' id='word_1_57' title='bbox 885 1046 1254 1117; x_wconf 91' lang='lat' dir='ltr'>incorporeis</span> <span class='ocrx_word' id='word_1_58' title='bbox 1289 1052 1346 1099; x_wconf 91' lang='lat' dir='ltr'>et</span> <span class='ocrx_word' id='word_1_59' title='bbox 1375 1043 1804 1108; x_wconf 86' lang='lat' dir='ltr'>invisibilibus;</span> <span class='ocrx_word' id='word_1_60' title='bbox 1838 1047 1901 1096; x_wconf 92' lang='lat' dir='ltr'>ut</span> <span class='ocrx_word' id='word_1_61' title='bbox 1923 1059 2023 1097; x_wconf 90' lang='lat' dir='ltr'>eos</span> 
     </span>
    </p>
   </div>
   <div class='ocr_carea' id='block_1_11' title="bbox 374 1132 2023 1209">
    <p class='ocr_par' dir='ltr' id='par_1_11' title="bbox 374 1132 2023 1209">
     <span class='ocr_line' id='line_1_11' title="bbox 374 1132 2023 1209; baseline -0.005 -15"><span class='ocrx_word' id='word_1_62' title='bbox 374 1139 508 1195; x_wconf 90' lang='lat' dir='ltr'>odio</span> <span class='ocrx_word' id='word_1_63' title='bbox 535 1138 917 1209; x_wconf 84' lang='lat' dir='ltr'>prosequaris</span> <span class='ocrx_word' id='word_1_64' title='bbox 950 1137 1048 1207; x_wconf 90' lang='lat' dir='ltr'>qui</span> <span class='ocrx_word' id='word_1_65' title='bbox 1096 1136 1426 1206; x_wconf 88' lang='lat' dir='ltr'>sapientem</span> <span class='ocrx_word' id='word_1_66' title='bbox 1458 1134 1801 1203; x_wconf 90' lang='lat' dir='ltr'>bonumque</span> <span class='ocrx_word' id='word_1_67' title='bbox 1831 1132 2023 1186; x_wconf 81' lang='lat' dir='ltr'>artiﬁ-</span> 
     </span>
    </p>
   </div>
   <div class='ocr_carea' id='block_1_12' title="bbox 373 1222 2027 1297">
    <p class='ocr_par' dir='ltr' id='par_1_12' title="bbox 373 1222 2027 1297">
     <span class='ocr_line' id='line_1_12' title="bbox 373 1222 2027 1297; baseline -0.005 -13"><span class='ocrx_word' id='word_1_68' title='bbox 373 1245 504 1284; x_wconf 86' lang='lat' dir='ltr'>cem</span> <span class='ocrx_word' id='word_1_69' title='bbox 561 1228 841 1282; x_wconf 87' lang='lat' dir='ltr'>conviciis</span> <span class='ocrx_word' id='word_1_70' title='bbox 895 1225 1289 1297; x_wconf 86' lang='lat' dir='ltr'>proscindunt</span> <span class='ocrx_word' id='word_1_71' title='bbox 1323 1231 1418 1278; x_wconf 91' lang='lat' dir='ltr'>:et</span> <span class='ocrx_word' id='word_1_72' title='bbox 1476 1239 1545 1277; x_wconf 80' lang='lat' dir='ltr'>ex</span> <span class='ocrx_word' id='word_1_73' title='bbox 1576 1224 1667 1276; x_wconf 90' lang='lat' dir='ltr'>his</span> <span class='ocrx_word' id='word_1_74' title='bbox 1706 1239 1836 1293; x_wconf 66' lang='lat' dir='ltr'>quae</span> <span class='ocrx_word' id='word_1_75' title='bbox 1869 1222 2027 1276; x_wconf 89' lang='lat' dir='ltr'>dicta</span> 
     </span>
    </p>
   </div>
   <div class='ocr_carea' id='block_1_13' title="bbox 373 1312 2026 1388">
    <p class='ocr_par' dir='ltr' id='par_1_13' title="bbox 373 1312 2026 1388">
     <span class='ocr_line' id='line_1_13' title="bbox 373 1312 2026 1388; baseline -0.004 -16"><span class='ocrx_word' id='word_1_76' title='bbox 373 1317 646 1388; x_wconf 88' lang='lat' dir='ltr'>lectaque</span> <span class='ocrx_word' id='word_1_77' title='bbox 680 1322 836 1383; x_wconf 89' lang='lat' dir='ltr'>sunt,</span> <span class='ocrx_word' id='word_1_78' title='bbox 859 1331 1108 1385; x_wconf 80' lang='lat' dir='ltr'>quaeque</span> <span class='ocrx_word' id='word_1_79' title='bbox 1140 1315 1266 1385; x_wconf 89' lang='lat' dir='ltr'>ipse</span> <span class='ocrx_word' id='word_1_80' title='bbox 1292 1313 1552 1384; x_wconf 90' lang='lat' dir='ltr'>reperire</span> <span class='ocrx_word' id='word_1_81' title='bbox 1610 1319 1712 1367; x_wconf 89' lang='lat' dir='ltr'>aut</span> <span class='ocrx_word' id='word_1_82' title='bbox 1771 1312 2026 1383; x_wconf 89' lang='lat' dir='ltr'>cogitare</span> 
     </span>
    </p>
   </div>
   <div class='ocr_carea' id='block_1_14' title="bbox 374 1401 2024 1478">
    <p class='ocr_par' dir='ltr' id='par_1_14' title="bbox 374 1401 2024 1478">
     <span class='ocr_line' id='line_1_14' title="bbox 374 1401 2024 1478; baseline -0.004 -16"><span class='ocrx_word' id='word_1_83' title='bbox 374 1408 695 1478; x_wconf 82' lang='lat' dir='ltr'>poteris,ex</span> <span class='ocrx_word' id='word_1_84' title='bbox 722 1405 1130 1476; x_wconf 80' lang='lat' dir='ltr'>magnitudine</span> <span class='ocrx_word' id='word_1_85' title='bbox 1163 1408 1221 1456; x_wconf 90' lang='lat' dir='ltr'>et</span> <span class='ocrx_word' id='word_1_86' title='bbox 1249 1401 1693 1474; x_wconf 87' lang='lat' dir='ltr'>pulchritudine</span> <span class='ocrx_word' id='word_1_87' title='bbox 1725 1407 2024 1456; x_wconf 86' lang='lat' dir='ltr'>creatura-</span> 
     </span>
    </p>
   </div>
   <div class='ocr_carea' id='block_1_15' title="bbox 379 1491 2029 1567">
    <p class='ocr_par' dir='ltr' id='par_1_15' title="bbox 379 1491 2029 1567">
     <span class='ocr_line' id='line_1_15' title="bbox 379 1491 2029 1567; baseline -0.004 -16"><span class='ocrx_word' id='word_1_88' title='bbox 379 1496 925 1567; x_wconf 90' lang='lat' dir='ltr'>rum,proportione</span> <span class='ocrx_word' id='word_1_89' title='bbox 957 1498 1204 1562; x_wconf 89' lang='lat' dir='ltr'>servata,</span> <span class='ocrx_word' id='word_1_90' title='bbox 1238 1498 1540 1547; x_wconf 88' lang='lat' dir='ltr'>auctorem</span> <span class='ocrx_word' id='word_1_91' title='bbox 1573 1491 1836 1562; x_wconf 90' lang='lat' dir='ltr'>ipsarum</span> <span class='ocrx_word' id='word_1_92' title='bbox 1887 1507 2029 1545; x_wconf 89' lang='lat' dir='ltr'>con-</span> 
     </span>
    </p>
   </div>
   <div class='ocr_carea' id='block_1_16' title="bbox 385 1582 2031 1656">
    <p class='ocr_par' dir='ltr' id='par_1_16' title="bbox 385 1582 2031 1656">
     <span class='ocr_line' id='line_1_16' title="bbox 385 1582 2031 1656; baseline -0.004 -16"><span class='ocrx_word' id='word_1_93' title='bbox 385 1585 602 1656; x_wconf 88' lang='lat' dir='ltr'>spicias</span> <span class='ocrx_word' id='word_1_94' title='bbox 614 1583 662 1618; x_wconf 72' lang='lat'>9‘</span> <span class='ocrx_word' id='word_1_95' title='bbox 687 1584 926 1655; x_wconf 89' lang='lat' dir='ltr'>:pieque</span> <span class='ocrx_word' id='word_1_96' title='bbox 943 1583 1190 1637; x_wconf 82' lang='lat' dir='ltr'>ﬂectens</span> <span class='ocrx_word' id='word_1_97' title='bbox 1221 1599 1374 1654; x_wconf 88' lang='lat' dir='ltr'>genu</span> <span class='ocrx_word' id='word_1_98' title='bbox 1397 1599 1596 1636; x_wconf 90' lang='lat' dir='ltr'>coram</span> <span class='ocrx_word' id='word_1_99' title='bbox 1616 1582 2031 1635; x_wconf 89' lang='lat' dir='ltr'>universorum</span> 
     </span>
    </p>
   </div>
   <div class='ocr_carea' id='block_1_17' title="bbox 382 1669 2034 1742">
    <p class='ocr_par' dir='ltr' id='par_1_17' title="bbox 382 1669 2034 1742">
     <span class='ocr_line' id='line_1_17' title="bbox 382 1669 2034 1742; baseline -0.003 -14"><span class='ocrx_word' id='word_1_100' title='bbox 382 1673 606 1729; x_wconf 88' lang='lat' dir='ltr'>factore</span> <span class='ocrx_word' id='word_1_101' title='bbox 633 1689 646 1728; x_wconf 91' lang='lat'>:</span> <span class='ocrx_word' id='word_1_102' title='bbox 683 1672 1058 1728; x_wconf 89' lang='lat' dir='ltr'>sensibilium</span> <span class='ocrx_word' id='word_1_103' title='bbox 1082 1671 1213 1726; x_wconf 89' lang='lat' dir='ltr'>dico</span> <span class='ocrx_word' id='word_1_104' title='bbox 1247 1678 1306 1726; x_wconf 92' lang='lat' dir='ltr'>et</span> <span class='ocrx_word' id='word_1_105' title='bbox 1333 1669 2034 1742; x_wconf 88' lang='lat' dir='ltr'>intelligibilium,visibi—</span> 
     </span>
    </p>
   </div>
   <div class='ocr_carea' id='block_1_18' title="bbox 383 1760 2032 1832">
    <p class='ocr_par' dir='ltr' id='par_1_18' title="bbox 383 1760 2032 1832">
     <span class='ocr_line' id='line_1_18' title="bbox 383 1760 2032 1832; baseline -0.002 -14"><span class='ocrx_word' id='word_1_106' title='bbox 383 1763 534 1818; x_wconf 87' lang='lat' dir='ltr'>lium</span> <span class='ocrx_word' id='word_1_107' title='bbox 566 1767 623 1817; x_wconf 93' lang='lat' dir='ltr'>et</span> <span class='ocrx_word' id='word_1_108' title='bbox 652 1761 1074 1817; x_wconf 89' lang='lat' dir='ltr'>invisibilium:</span> <span class='ocrx_word' id='word_1_109' title='bbox 1110 1767 1274 1832; x_wconf 83' lang='lat' dir='ltr'>grata</span> <span class='ocrx_word' id='word_1_110' title='bbox 1325 1762 1714 1831; x_wconf 87' lang='lat' dir='ltr'>memorique,</span> <span class='ocrx_word' id='word_1_111' title='bbox 1745 1777 1813 1814; x_wconf 88' lang='lat' dir='ltr'>ac</span> <span class='ocrx_word' id='word_1_112' title='bbox 1852 1760 2032 1815; x_wconf 92' lang='lat' dir='ltr'>bene-</span> 
     </span>
    </p>
   </div>
   <div class='ocr_carea' id='block_1_19' title="bbox 2201 870 3784 946">
    <p class='ocr_par' dir='ltr' id='par_1_19' title="bbox 2201 870 3784 946">
     <span class='ocr_line' id='line_1_19' title="bbox 2201 870 3784 946; baseline -0.002 -19"><span class='ocrx_word' id='word_1_113' title='bbox 2201 872 2287 939; x_wconf 70' lang='grc' dir='ltr'>Ιζ.</span> <span class='ocrx_word' id='word_1_114' title='bbox 2321 874 2502 928; x_wconf 87' lang='grc' dir='ltr'><strong>Ταυτα</strong></span> <span class='ocrx_word' id='word_1_115' title='bbox 2534 893 2617 926; x_wconf 90' lang='grc' dir='ltr'>σοι</span> <span class='ocrx_word' id='word_1_116' title='bbox 2643 877 2731 925; x_wconf 87' lang='grc' dir='ltr'>νῦν</span> <span class='ocrx_word' id='word_1_117' title='bbox 2765 871 3053 927; x_wconf 80' lang='grc' dir='ltr'>ἐπλάτυνεν</span> <span class='ocrx_word' id='word_1_118' title='bbox 3099 873 3126 926; x_wconf 86' lang='grc' dir='ltr'>ὁ</span> <span class='ocrx_word' id='word_1_119' title='bbox 3173 871 3364 946; x_wconf 86' lang='grc' dir='ltr'><strong>λόγος,</strong></span> <span class='ocrx_word' id='word_1_120' title='bbox 3424 870 3654 926; x_wconf 82' lang='grc' dir='ltr'>πολλῶν</span> <span class='ocrx_word' id='word_1_121' title='bbox 3684 871 3784 926; x_wconf 84' lang='grc' dir='ltr'><strong>καὶ</strong></span> 
     </span>
    </p>
   </div>
   <div class='ocr_carea' id='block_1_20' title="bbox 2131 957 3790 1035">
    <p class='ocr_par' dir='ltr' id='par_1_20' title="bbox 2131 957 3790 1035">
     <span class='ocr_line' id='line_1_20' title="bbox 2131 957 3790 1035; baseline 0.001 -22"><span class='ocrx_word' id='word_1_122' title='bbox 2131 957 2316 1015; x_wconf 79' lang='grc' dir='ltr'><strong>ἄλλων</strong></span> <span class='ocrx_word' id='word_1_123' title='bbox 2383 962 2587 1034; x_wconf 80' lang='grc' dir='ltr'>μυρίων</span> <span class='ocrx_word' id='word_1_124' title='bbox 2642 961 3184 1035; x_wconf 68' lang='grc' dir='ltr'>καταλελειμμένων,</span> <span class='ocrx_word' id='word_1_125' title='bbox 3243 961 3333 1016; x_wconf 79' lang='grc' dir='ltr'><strong>καὶ</strong></span> <span class='ocrx_word' id='word_1_126' title='bbox 3391 959 3628 1033; x_wconf 88' lang='grc' dir='ltr'><strong>μάλιστα</strong></span> <span class='ocrx_word' id='word_1_127' title='bbox 3676 965 3790 1015; x_wconf 89' lang='grc' dir='ltr'>τῶν</span> 
     </span>
    </p>
   </div>
   <div class='ocr_carea' id='block_1_21' title="bbox 2133 1047 3790 1125">
    <p class='ocr_par' dir='ltr' id='par_1_21' title="bbox 2133 1047 3790 1125">
     <span class='ocr_line' id='line_1_21' title="bbox 2133 1047 3790 1125; baseline 0 -23"><span class='ocrx_word' id='word_1_128' title='bbox 2133 1049 2435 1121; x_wconf 77' lang='grc' dir='ltr'><strong>ἀσωμάτων</strong></span> <span class='ocrx_word' id='word_1_129' title='bbox 2469 1051 2555 1104; x_wconf 83' lang='grc' dir='ltr'><strong>καὶ</strong></span> <span class='ocrx_word' id='word_1_130' title='bbox 2591 1051 2854 1124; x_wconf 84' lang='grc' dir='ltr'><strong>ἀοράτων·</strong></span> <span class='ocrx_word' id='word_1_131' title='bbox 2883 1048 2973 1105; x_wconf 79' lang='grc' dir='ltr'><strong>⁶ίνα</strong></span> <span class='ocrx_word' id='word_1_132' title='bbox 3007 1052 3242 1122; x_wconf 74' lang='grc' dir='ltr'><strong>μισήσῃς</strong></span> <span class='ocrx_word' id='word_1_133' title='bbox 3281 1052 3374 1122; x_wconf 76' lang='grc' dir='ltr'>μὶν</span> <span class='ocrx_word' id='word_1_134' title='bbox 3421 1050 3550 1111; x_wconf 81' lang='grc' dir='ltr'><strong>τοὺς</strong></span> <span class='ocrx_word' id='word_1_135' title='bbox 3608 1047 3790 1125; x_wconf 87' lang='grc' dir='ltr'><strong>βλασ-</strong></span> 
     </span>
    </p>
   </div>
   <div class='ocr_carea' id='block_1_22' title="bbox 2134 1136 3786 1216">
    <p class='ocr_par' dir='ltr' id='par_1_22' title="bbox 2134 1136 3786 1216">
     <span class='ocr_line' id='line_1_22' title="bbox 2134 1136 3786 1216; baseline 0.001 -25"><span class='ocrx_word' id='word_1_136' title='bbox 2134 1143 2449 1213; x_wconf 80' lang='grc' dir='ltr'><strong>φημοῦντας</strong></span> <span class='ocrx_word' id='word_1_137' title='bbox 2484 1141 2575 1193; x_wconf 84' lang='grc' dir='ltr'><strong>τὸν</strong></span> <span class='ocrx_word' id='word_1_138' title='bbox 2633 1141 2796 1216; x_wconf 79' lang='grc' dir='ltr'><strong>σοφὸν</strong></span> <span class='ocrx_word' id='word_1_139' title='bbox 2853 1140 2942 1194; x_wconf 85' lang='grc' dir='ltr'><strong>καὶ</strong></span> <span class='ocrx_word' id='word_1_140' title='bbox 3000 1141 3196 1214; x_wconf 73' lang='grc' dir='ltr'><strong>ἀγαθὸν</strong></span> <span class='ocrx_word' id='word_1_141' title='bbox 3253 1140 3534 1214; x_wconf 83' lang='grc' dir='ltr'><strong>τεχνίτην·</strong></span> <span class='ocrx_word' id='word_1_142' title='bbox 3595 1138 3656 1194; x_wconf 81' lang='grc' dir='ltr'>ἐκ</span> <span class='ocrx_word' id='word_1_143' title='bbox 3727 1136 3786 1192; x_wconf 74' lang='grc' dir='ltr'><strong>δὶ</strong></span> 
     </span>
    </p>
   </div>
   <div class='ocr_carea' id='block_1_23' title="bbox 2133 1223 3780 1304">
    <p class='ocr_par' dir='ltr' id='par_1_23' title="bbox 2133 1223 3780 1304">
     <span class='ocr_line' id='line_1_23' title="bbox 2133 1223 3780 1304; baseline 0 -24"><span class='ocrx_word' id='word_1_144' title='bbox 2133 1231 2239 1280; x_wconf 88' lang='grc' dir='ltr'>τῶν</span> <span class='ocrx_word' id='word_1_145' title='bbox 2265 1223 2566 1300; x_wconf 71' lang='grc' dir='ltr'><strong>εἰρημένων</strong></span> <span class='ocrx_word' id='word_1_146' title='bbox 2601 1230 2678 1302; x_wconf 85' lang='grc'>(2)</span> <span class='ocrx_word' id='word_1_147' title='bbox 2706 1229 2796 1282; x_wconf 89' lang='grc' dir='ltr'><strong>καὶ</strong></span> <span class='ocrx_word' id='word_1_148' title='bbox 2841 1227 3387 1304; x_wconf 72' lang='grc' dir='ltr'><strong>ἀναγινωσκομένων,</strong></span> <span class='ocrx_word' id='word_1_149' title='bbox 3437 1230 3527 1283; x_wconf 85' lang='grc' dir='ltr'><strong>καὶ</strong></span> <span class='ocrx_word' id='word_1_150' title='bbox 3588 1229 3661 1282; x_wconf 84' lang='grc' dir='ltr'>ῶν</span> <span class='ocrx_word' id='word_1_151' title='bbox 3722 1223 3780 1280; x_wconf 74' lang='grc' dir='ltr'><strong>ἄν</strong></span> 
     </span>
    </p>
   </div>
   <div class='ocr_carea' id='block_1_24' title="bbox 2136 1315 3790 1392">
    <p class='ocr_par' dir='ltr' id='par_1_24' title="bbox 2136 1315 3790 1392">
     <span class='ocr_line' id='line_1_24' title="bbox 2136 1315 3790 1392; baseline 0.001 -23"><span class='ocrx_word' id='word_1_152' title='bbox 2136 1316 2300 1378; x_wconf 88' lang='grc' dir='ltr'><strong>αὐτὸς</strong></span> <span class='ocrx_word' id='word_1_153' title='bbox 2323 1317 2563 1392; x_wconf 73' lang='grc' dir='ltr'><strong>εὑρεῖν-ἢ</strong></span> <span class='ocrx_word' id='word_1_154' title='bbox 2615 1324 2807 1386; x_wconf 80' lang='grc' dir='ltr'><strong>νοῆσαι</strong></span> <span class='ocrx_word' id='word_1_155' title='bbox 2861 1315 3168 1388; x_wconf 80' lang='grc' dir='ltr'>δυνηθείης,</span> <span class='ocrx_word' id='word_1_156' title='bbox 3231 1315 3290 1372; x_wconf 85' lang='grc' dir='ltr'><strong>ἐκ</strong></span> <span class='ocrx_word' id='word_1_157' title='bbox 3350 1319 3614 1392; x_wconf 73' lang='grc' dir='ltr'><strong>μεγέθους</strong></span> <span class='ocrx_word' id='word_1_158' title='bbox 3672 1338 3790 1371; x_wconf 74' lang='grc' dir='ltr'><strong>κτιο</strong></span> 
     </span>
    </p>
   </div>
   <div class='ocr_carea' id='block_1_25' title="bbox 2138 1404 3784 1482">
    <p class='ocr_par' dir='ltr' id='par_1_25' title="bbox 2138 1404 3784 1482">
     <span class='ocr_line' id='line_1_25' title="bbox 2138 1404 3784 1482; baseline 0.001 -24"><span class='ocrx_word' id='word_1_159' title='bbox 2138 1408 2357 1477; x_wconf 86' lang='grc' dir='ltr'><strong>σμάτων</strong></span> <span class='ocrx_word' id='word_1_160' title='bbox 2389 1404 2477 1459; x_wconf 82' lang='grc' dir='ltr'><strong>καὶ</strong></span> <span class='ocrx_word' id='word_1_161' title='bbox 2500 1404 2781 1472; x_wconf 77' lang='grc' dir='ltr'><strong>καλλονῆς</strong></span> <span class='ocrx_word' id='word_1_162' title='bbox 2812 1407 3096 1482; x_wconf 79' lang='grc' dir='ltr'><strong>ἀναλόγως</strong></span> <span class='ocrx_word' id='word_1_163' title='bbox 3116 1407 3207 1462; x_wconf 88' lang='grc' dir='ltr'><strong>τὸν</strong></span> <span class='ocrx_word' id='word_1_164' title='bbox 3231 1406 3610 1482; x_wconf 88' lang='grc' dir='ltr'><strong>γενεσιουργὸν</strong></span> <span class='ocrx_word' id='word_1_165' title='bbox 3643 1418 3784 1469; x_wconf 87' lang='grc' dir='ltr'><strong>θεω-</strong></span> 
     </span>
    </p>
   </div>
   <div class='ocr_carea' id='block_1_26' title="bbox 2140 1491 3798 1569">
    <p class='ocr_par' dir='ltr' id='par_1_26' title="bbox 2140 1491 3798 1569">
     <span class='ocr_line' id='line_1_26' title="bbox 2140 1491 3798 1569; baseline 0.002 -22"><span class='ocrx_word' id='word_1_166' title='bbox 2140 1495 2331 1568; x_wconf 82' lang='grc' dir='ltr'><strong>ρήσας·</strong></span> <span class='ocrx_word' id='word_1_167' title='bbox 2366 1495 2496 1569; x_wconf 88' lang='grc' dir='ltr'><strong>γόνυ</strong></span> <span class='ocrx_word' id='word_1_168' title='bbox 2525 1495 2790 1568; x_wconf 86' lang='grc' dir='ltr'><strong>κάμπτων</strong></span> <span class='ocrx_word' id='word_1_169' title='bbox 2823 1491 3062 1560; x_wconf 76' lang='grc' dir='ltr'><strong>εὐσεϐῶς</strong></span> <span class='ocrx_word' id='word_1_170' title='bbox 3089 1500 3169 1568; x_wconf 81' lang='grc' dir='ltr'><strong>τῷ</strong></span> <span class='ocrx_word' id='word_1_171' title='bbox 3214 1497 3320 1551; x_wconf 83' lang='grc' dir='ltr'>τῶν</span> <span class='ocrx_word' id='word_1_172' title='bbox 3385 1495 3532 1551; x_wconf 73' lang='grc' dir='ltr'><strong>’ὀλων</strong></span> <span class='ocrx_word' id='word_1_173' title='bbox 3568 1499 3798 1569; x_wconf 82' lang='grc' dir='ltr'><strong>ποιητῇ·</strong></span> 
     </span>
    </p>
   </div>
   <div class='ocr_carea' id='block_1_27' title="bbox 2137 1582 3800 1659">
    <p class='ocr_par' dir='ltr' id='par_1_27' title="bbox 2137 1582 3800 1659">
     <span class='ocr_line' id='line_1_27' title="bbox 2137 1582 3800 1659; baseline 0 -23"><span class='ocrx_word' id='word_1_174' title='bbox 2137 1583 2242 1636; x_wconf 85' lang='grc' dir='ltr'>τῶν</span> <span class='ocrx_word' id='word_1_175' title='bbox 2277 1583 2550 1652; x_wconf 81' lang='grc' dir='ltr'><strong>αἷσθητῶν</strong></span> <span class='ocrx_word' id='word_1_176' title='bbox 2586 1582 2730 1658; x_wconf 72' lang='grc' dir='ltr'><strong>λέγω</strong></span> <span class='ocrx_word' id='word_1_177' title='bbox 2776 1583 2865 1638; x_wconf 79' lang='grc' dir='ltr'><strong>καὶ</strong></span> <span class='ocrx_word' id='word_1_178' title='bbox 2923 1589 3162 1655; x_wconf 79' lang='grc' dir='ltr'><strong>νοητῶν,</strong></span> <span class='ocrx_word' id='word_1_179' title='bbox 3219 1584 3428 1659; x_wconf 85' lang='grc' dir='ltr'><strong>ὁρατῶν</strong></span> <span class='ocrx_word' id='word_1_180' title='bbox 3487 1604 3546 1638; x_wconf 88' lang='grc' dir='ltr'>τε</span> <span class='ocrx_word' id='word_1_181' title='bbox 3579 1587 3653 1656; x_wconf 87' lang='lat'>(3)</span> <span class='ocrx_word' id='word_1_182' title='bbox 3702 1583 3800 1638; x_wconf 81' lang='grc' dir='ltr'>καὶ</span> 
     </span>
    </p>
   </div>
   <div class='ocr_carea' id='block_1_28' title="bbox 2142 1671 3794 1750">
    <p class='ocr_par' dir='ltr' id='par_1_28' title="bbox 2142 1671 3794 1750">
     <span class='ocr_line' id='line_1_28' title="bbox 2142 1671 3794 1750; baseline 0.001 -26"><span class='ocrx_word' id='word_1_183' title='bbox 2142 1671 2409 1745; x_wconf 89' lang='grc' dir='ltr'><strong>ἀοράτων·</strong></span> <span class='ocrx_word' id='word_1_184' title='bbox 2475 1674 2589 1744; x_wconf 86' lang='grc' dir='ltr'><strong>μετ’</strong></span> <span class='ocrx_word' id='word_1_185' title='bbox 2650 1672 2999 1747; x_wconf 80' lang='grc' dir='ltr'><strong>εὐγνώμονος</strong></span> <span class='ocrx_word' id='word_1_186' title='bbox 3059 1673 3150 1727; x_wconf 87' lang='grc' dir='ltr'><strong>καὶ</strong></span> <span class='ocrx_word' id='word_1_187' title='bbox 3211 1673 3462 1750; x_wconf 75' lang='grc' dir='ltr'><strong>εὐφήμου</strong></span> <span class='ocrx_word' id='word_1_188' title='bbox 3513 1671 3794 1746; x_wconf 83' lang='grc' dir='ltr'><strong>γλώττης,</strong></span> 
     </span>
    </p>
   </div>
   <div class='ocr_carea' id='block_1_29' title="bbox 2141 1756 3787 1836">
    <p class='ocr_par' dir='ltr' id='par_1_29' title="bbox 2141 1756 3787 1836">
     <span class='ocr_line' id='line_1_29' title="bbox 2141 1756 3787 1836; baseline 0.001 -24"><span class='ocrx_word' id='word_1_189' title='bbox 2141 1756 2516 1824; x_wconf 80' lang='grc' dir='ltr'><strong>ἀδιαλείπτοις</strong></span> <span class='ocrx_word' id='word_1_190' title='bbox 2543 1782 2601 1816; x_wconf 93' lang='grc' dir='ltr'>τε</span> <span class='ocrx_word' id='word_1_191' title='bbox 2631 1762 2877 1836; x_wconf 89' lang='grc' dir='ltr'><strong>χείλεσιν</strong></span> <span class='ocrx_word' id='word_1_192' title='bbox 2931 1762 3175 1836; x_wconf 81' lang='grc' dir='ltr'><strong>ἀνυμνῇς</strong></span> <span class='ocrx_word' id='word_1_193' title='bbox 3204 1765 3281 1836; x_wconf 80' lang='grc'>(4)</span> <span class='ocrx_word' id='word_1_194' title='bbox 3327 1763 3416 1816; x_wconf 83' lang='grc' dir='ltr'>καὶ</span> <span class='ocrx_word' id='word_1_195' title='bbox 3448 1758 3643 1835; x_wconf 80' lang='grc' dir='ltr'><strong>καρδίᾳ</strong></span> <span class='ocrx_word' id='word_1_196' title='bbox 3696 1761 3787 1816; x_wconf 86' lang='grc' dir='ltr'><strong>τὸν</strong></span> 
     </span>
    </p>
   </div>
   <div class='ocr_carea' id='block_1_30' title="bbox 386 1847 2036 1945">
    <p class='ocr_par' dir='ltr' id='par_1_30' title="bbox 386 1849 2032 1923">
     <span class='ocr_line' id='line_1_30' title="bbox 386 1849 2032 1923; baseline -0.002 -16"><span class='ocrx_word' id='word_1_197' title='bbox 386 1852 608 1908; x_wconf 86' lang='lat' dir='ltr'>dicenti</span> <span class='ocrx_word' id='word_1_198' title='bbox 635 1852 854 1923; x_wconf 82' lang='lat' dir='ltr'>lingua,</span> <span class='ocrx_word' id='word_1_199' title='bbox 890 1851 1064 1906; x_wconf 88' lang='lat' dir='ltr'>labiis</span> <span class='ocrx_word' id='word_1_200' title='bbox 1119 1867 1239 1905; x_wconf 91' lang='lat' dir='ltr'>non</span> <span class='ocrx_word' id='word_1_201' title='bbox 1297 1849 1713 1905; x_wconf 82' lang='lat' dir='ltr'>deficientibus</span> <span class='ocrx_word' id='word_1_202' title='bbox 1769 1855 1827 1904; x_wconf 92' lang='lat' dir='ltr'>et</span> <span class='ocrx_word' id='word_1_203' title='bbox 1856 1849 2032 1904; x_wconf 91' lang='lat' dir='ltr'>corde</span> 
     </span>
    </p>
   </div>
   <div class='ocr_carea' id='block_1_31' title="bbox 2152 1847 3787 1945">
    <p class='ocr_par' dir='ltr' id='par_1_31' title="bbox 2152 1847 3787 1928">
     <span class='ocr_line' id='line_1_31' title="bbox 2152 1847 3787 1928; baseline 0.001 -25"><span class='ocrx_word' id='word_1_204' title='bbox 2152 1850 2295 1918; x_wconf 73' lang='grc' dir='ltr'><strong>θεὸν,</strong></span> <span class='ocrx_word' id='word_1_205' title='bbox 2331 1849 2526 1925; x_wconf 72' lang='grc' dir='ltr'><strong>λέγων·</strong></span> <span class='ocrx_word' id='word_1_206' title='bbox 2586 1852 2675 1913; x_wconf 85' lang='grc' dir='ltr'><strong>Ὧς</strong></span> <span class='ocrx_word' id='word_1_207' title='bbox 2727 1854 3009 1924; x_wconf 83' lang='grc' dir='ltr'><strong>θαυμαστά</strong></span> <span class='ocrx_word' id='word_1_208' title='bbox 3062 1853 3132 1906; x_wconf 82' lang='grc' dir='ltr'><strong>τὰ</strong></span> <span class='ocrx_word' id='word_1_209' title='bbox 3213 1847 3342 1928; x_wconf 73' lang='grc' dir='ltr'><strong>ἔργα</strong></span> <span class='ocrx_word' id='word_1_210' title='bbox 3399 1872 3517 1918; x_wconf 91' lang='grc' dir='ltr'><strong>σου,</strong></span> <span class='ocrx_word' id='word_1_211' title='bbox 3576 1850 3787 1926; x_wconf 74' lang='grc' dir='ltr'><strong>Κύριεῐ</strong></span> 
     </span>
    </p>
   </div>
   <div class='ocr_carea' id='block_1_32' title="bbox 382 1939 2035 2010">
    <p class='ocr_par' dir='ltr' id='par_1_32' title="bbox 382 1939 2035 2010">
     <span class='ocr_line' id='line_1_32' title="bbox 382 1939 2035 2010; baseline -0.002 -13"><span class='ocrx_word' id='word_1_212' title='bbox 382 1941 591 1997; x_wconf 88' lang='lat' dir='ltr'>laudes</span> <span class='ocrx_word' id='word_1_213' title='bbox 610 1940 1026 2006; x_wconf 89' lang='lat' dir='ltr'>Deum,dicens</span> <span class='ocrx_word' id='word_1_214' title='bbox 1054 1941 1295 2005; x_wconf 75' lang='lat' dir='ltr'>:«Quam</span> <span class='ocrx_word' id='word_1_215' title='bbox 1313 1939 1689 1995; x_wconf 87' lang='lat' dir='ltr'>admirabilia</span> <span class='ocrx_word' id='word_1_216' title='bbox 1705 1945 2035 2010; x_wconf 91' lang='lat' dir='ltr'>suntopera</span> 
     </span>
    </p>
   </div>
   <div class='ocr_carea' id='block_1_33' title="bbox 385 2027 2032 2101">
    <p class='ocr_par' dir='ltr' id='par_1_33' title="bbox 385 2027 2032 2101">
     <span class='ocr_line' id='line_1_33' title="bbox 385 2027 2032 2101; baseline 0 -19"><span class='ocrx_word' id='word_1_217' title='bbox 385 2051 414 2082; x_wconf 85' lang='lat'><strong>«</strong></span> <span class='ocrx_word' id='word_1_218' title='bbox 429 2031 802 2100; x_wconf 86' lang='lat' dir='ltr'>tua,Domine</span> <span class='ocrx_word' id='word_1_219' title='bbox 820 2029 832 2083; x_wconf 82' lang='grc' dir='ltr'>ί</span> <span class='ocrx_word' id='word_1_220' title='bbox 850 2030 1053 2084; x_wconf 88' lang='lat' dir='ltr'>omnia</span> <span class='ocrx_word' id='word_1_221' title='bbox 1073 2031 1134 2084; x_wconf 92' lang='lat' dir='ltr'>in</span> <span class='ocrx_word' id='word_1_222' title='bbox 1148 2029 1444 2101; x_wconf 87' lang='lat' dir='ltr'>sapientia</span> <span class='ocrx_word' id='word_1_223' title='bbox 1461 2029 1651 2084; x_wconf 86' lang='lat' dir='ltr'>fecisti</span> <span class='ocrx_word' id='word_1_224' title='bbox 1669 2027 1854 2083; x_wconf 78' lang='grc' dir='ltr'>⁹⁶.››Τθ</span> <span class='ocrx_word' id='word_1_225' title='bbox 1875 2028 2032 2082; x_wconf 90' lang='lat' dir='ltr'>enim</span> 
     </span>
    </p>
   </div>
   <div class='ocr_carea' id='block_1_34' title="bbox 383 2118 2037 2191">
    <p class='ocr_par' dir='ltr' id='par_1_34' title="bbox 383 2118 2037 2191">
     <span class='ocr_line' id='line_1_34' title="bbox 383 2118 2037 2191; baseline -0.002 -16"><span class='ocrx_word' id='word_1_226' title='bbox 383 2118 553 2175; x_wconf 88' lang='lat' dir='ltr'>decet</span> <span class='ocrx_word' id='word_1_227' title='bbox 573 2120 786 2186; x_wconf 90' lang='lat' dir='ltr'>honor,</span> <span class='ocrx_word' id='word_1_228' title='bbox 818 2119 1008 2191; x_wconf 80' lang='lat' dir='ltr'>gloria</span> <span class='ocrx_word' id='word_1_229' title='bbox 1061 2124 1119 2174; x_wconf 87' lang='lat' dir='ltr'>et</span> <span class='ocrx_word' id='word_1_230' title='bbox 1177 2118 1638 2190; x_wconf 88' lang='lat' dir='ltr'>magniﬁcentia,</span> <span class='ocrx_word' id='word_1_231' title='bbox 1676 2123 1733 2173; x_wconf 91' lang='lat' dir='ltr'>et</span> <span class='ocrx_word' id='word_1_232' title='bbox 1761 2134 1943 2185; x_wconf 90' lang='lat' dir='ltr'>nunc,</span> <span class='ocrx_word' id='word_1_233' title='bbox 1978 2121 2037 2172; x_wconf 88' lang='lat' dir='ltr'>et</span> 
     </span>
    </p>
   </div>
   <div class='ocr_carea' id='block_1_35' title="bbox 382 2208 1340 2266">
    <p class='ocr_par' dir='ltr' id='par_1_35' title="bbox 382 2208 1340 2266">
     <span class='ocr_line' id='line_1_35' title="bbox 382 2208 1340 2266; baseline -0.002 -2"><span class='ocrx_word' id='word_1_234' title='bbox 382 2209 446 2266; x_wconf 89' lang='lat' dir='ltr'>in</span> <span class='ocrx_word' id='word_1_235' title='bbox 469 2208 686 2265; x_wconf 64' lang='lat' dir='ltr'>saecula</span> <span class='ocrx_word' id='word_1_236' title='bbox 717 2209 1090 2265; x_wconf 69' lang='lat' dir='ltr'>saeculorum.</span> <span class='ocrx_word' id='word_1_237' title='bbox 1131 2211 1340 2265; x_wconf 78' lang='lat' dir='ltr'>Amen.</span> 
     </span>
    </p>
   </div>
   <div class='ocr_carea' id='block_1_36' title="bbox 459 2398 1437 2472">
    <p class='ocr_par' dir='ltr' id='par_1_36' title="bbox 459 2398 1437 2472">
     <span class='ocr_line' id='line_1_36' title="bbox 459 2398 1437 2472; baseline 0 -16"><span class='ocrx_word' id='word_1_238' title='bbox 459 2400 506 2436; x_wconf 77' lang='lat'><strong>&#39;5</strong></span> <span class='ocrx_word' id='word_1_239' title='bbox 537 2402 669 2472; x_wconf 88' lang='lat' dir='ltr'>Sap.</span> <span class='ocrx_word' id='word_1_240' title='bbox 702 2417 828 2472; x_wconf 84' lang='lat' dir='ltr'>xm,</span> <span class='ocrx_word' id='word_1_241' title='bbox 862 2404 913 2456; x_wconf 90' lang='lat'>5.</span> <span class='ocrx_word' id='word_1_242' title='bbox 946 2398 994 2434; x_wconf 78' lang='grc'>⁹⁶</span> <span class='ocrx_word' id='word_1_243' title='bbox 1014 2399 1171 2456; x_wconf 88' lang='lat' dir='ltr'>Psal.</span> <span class='ocrx_word' id='word_1_244' title='bbox 1206 2416 1322 2465; x_wconf 84' lang='lat' dir='ltr'>om,</span> <span class='ocrx_word' id='word_1_245' title='bbox 1349 2403 1437 2456; x_wconf 80' lang='grc'>24.</span> 
     </span>
    </p>
   </div>
   <div class='ocr_carea' id='block_1_37' title="bbox 2143 1937 3788 2017">
    <p class='ocr_par' dir='ltr' id='par_1_37' title="bbox 2143 1937 3788 2017">
     <span class='ocr_line' id='line_1_37' title="bbox 2143 1937 3788 2017; baseline 0 -25"><span class='ocrx_word' id='word_1_246' title='bbox 2143 1937 2315 1992; x_wconf 87' lang='grc' dir='ltr'><strong>πάντα</strong></span> <span class='ocrx_word' id='word_1_247' title='bbox 2348 1937 2400 1993; x_wconf 85' lang='grc' dir='ltr'><strong>ἐν</strong></span> <span class='ocrx_word' id='word_1_248' title='bbox 2460 1939 2624 2017; x_wconf 77' lang='grc' dir='ltr'><strong>σοφίᾳ</strong></span> <span class='ocrx_word' id='word_1_249' title='bbox 2683 1940 2962 2010; x_wconf 85' lang='grc' dir='ltr'><strong>ἐποίησας.</strong></span> <span class='ocrx_word' id='word_1_250' title='bbox 3025 1939 3123 1995; x_wconf 77' lang='grc' dir='ltr'><strong>Σοὶ</strong></span> <span class='ocrx_word' id='word_1_251' title='bbox 3183 1941 3287 2016; x_wconf 73' lang='grc' dir='ltr'><strong>γὰρ</strong></span> <span class='ocrx_word' id='word_1_252' title='bbox 3344 1939 3516 2016; x_wconf 80' lang='grc' dir='ltr'><strong>πρέπε</strong></span> <span class='ocrx_word' id='word_1_253' title='bbox 3571 1943 3650 2010; x_wconf 78' lang='grc' dir='ltr'>(ὅ)</span> <span class='ocrx_word' id='word_1_254' title='bbox 3708 1960 3788 1993; x_wconf 87' lang='grc' dir='ltr'><strong>τι-</strong></span> 
     </span>
    </p>
   </div>
   <div class='ocr_carea' id='block_1_38' title="bbox 2148 2026 3791 2105">
    <p class='ocr_par' dir='ltr' id='par_1_38' title="bbox 2148 2026 3791 2105">
     <span class='ocr_line' id='line_1_38' title="bbox 2148 2026 3791 2105; baseline 0 -23"><span class='ocrx_word' id='word_1_255' title='bbox 2148 2029 2247 2100; x_wconf 83' lang='grc' dir='ltr'><strong>μὴ,</strong></span> <span class='ocrx_word' id='word_1_256' title='bbox 2273 2026 2419 2101; x_wconf 81' lang='grc' dir='ltr'><strong>δόξα,</strong></span> <span class='ocrx_word' id='word_1_257' title='bbox 2451 2030 2540 2084; x_wconf 85' lang='grc' dir='ltr'><strong>καὶ</strong></span> <span class='ocrx_word' id='word_1_258' title='bbox 2577 2029 2962 2105; x_wconf 82' lang='grc' dir='ltr'><strong>μεγαλωσύνη,</strong></span> <span class='ocrx_word' id='word_1_259' title='bbox 2993 2034 3087 2086; x_wconf 91' lang='grc' dir='ltr'>νῦν</span> <span class='ocrx_word' id='word_1_260' title='bbox 3117 2051 3174 2085; x_wconf 92' lang='grc' dir='ltr'>τε</span> <span class='ocrx_word' id='word_1_261' title='bbox 3215 2029 3305 2084; x_wconf 89' lang='grc' dir='ltr'><strong>καὶ</strong></span> <span class='ocrx_word' id='word_1_262' title='bbox 3362 2029 3440 2092; x_wconf 70' lang='grc' dir='ltr'><strong>εἲς</strong></span> <span class='ocrx_word' id='word_1_263' title='bbox 3497 2028 3628 2091; x_wconf 75' lang='grc' dir='ltr'><strong>τοὺς</strong></span> <span class='ocrx_word' id='word_1_264' title='bbox 3659 2028 3791 2083; x_wconf 80' lang='grc' dir='ltr'><strong>αἰῶ-</strong></span> 
     </span>
    </p>
   </div>
   <div class='ocr_carea' id='block_1_39' title="bbox 2144 2116 2836 2191">
    <p class='ocr_par' dir='ltr' id='par_1_39' title="bbox 2144 2116 2836 2191">
     <span class='ocr_line' id='line_1_39' title="bbox 2144 2116 2836 2191; baseline 0.003 -21"><span class='ocrx_word' id='word_1_265' title='bbox 2144 2137 2239 2180; x_wconf 89' lang='grc' dir='ltr'>νας</span> <span class='ocrx_word' id='word_1_266' title='bbox 2262 2121 2370 2172; x_wconf 90' lang='grc' dir='ltr'>τῶν</span> <span class='ocrx_word' id='word_1_267' title='bbox 2402 2116 2636 2174; x_wconf 75' lang='grc' dir='ltr'><strong>αἰώνων.</strong></span> <span class='ocrx_word' id='word_1_268' title='bbox 2657 2119 2836 2191; x_wconf 74' lang='grc' dir='ltr'><strong>Ἀμήν</strong></span> 
     </span>
    </p>
   </div>
   <div class='ocr_carea' id='block_1_40' title="bbox 462 2573 2036 2661">
    <p class='ocr_par' dir='ltr' id='par_1_40' title="bbox 462 2575 2036 2661">
     <span class='ocr_line' id='line_1_40' title="bbox 462 2575 2036 2661; baseline -0.001 -27"><span class='ocrx_word' id='word_1_269' title='bbox 462 2577 657 2661; x_wconf 47' lang='lat' dir='ltr'>{inbui</span> <span class='ocrx_word' id='word_1_270' title='bbox 692 2575 1102 2661; x_wconf 49' lang='grc' dir='ltr'><strong>σοφόνλξοίειλ,</strong></span> <span class='ocrx_word' id='word_1_271' title='bbox 1130 2576 1552 2661; x_wconf 59' lang='lat' dir='ltr'>Roe,Gasaub.,</span> <span class='ocrx_word' id='word_1_272' title='bbox 1578 2575 1669 2629; x_wconf 82' lang='grc' dir='ltr'><strong>τὸν</strong></span> <span class='ocrx_word' id='word_1_273' title='bbox 1705 2576 1820 2632; x_wconf 89' lang='grc' dir='ltr'><strong>σόν.</strong></span> <span class='ocrx_word' id='word_1_274' title='bbox 1853 2576 2036 2632; x_wconf 90' lang='lat' dir='ltr'>Iidem</span> 
     </span>
    </p>
   </div>
   <div class='ocr_carea' id='block_1_41' title="bbox 2152 2573 2608 2661">
    <p class='ocr_par' dir='ltr' id='par_1_41' title="bbox 2153 2573 2608 2661">
     <span class='ocr_line' id='line_1_41' title="bbox 2153 2573 2608 2661; baseline 0.004 -31"><span class='ocrx_word' id='word_1_275' title='bbox 2153 2582 2215 2630; x_wconf 87' lang='lat' dir='ltr'>tu</span> <span class='ocrx_word' id='word_1_276' title='bbox 2222 2573 2372 2661; x_wconf 51' lang='lat' dir='ltr'>rudvp</span> <span class='ocrx_word' id='word_1_277' title='bbox 2379 2575 2481 2661; x_wconf 63' lang='grc' dir='ltr'><strong>μνή</strong></span> <span class='ocrx_word' id='word_1_278' title='bbox 2490 2594 2556 2661; x_wconf 69' lang='lat' dir='ltr'>qg</span> <span class='ocrx_word' id='word_1_279' title='bbox 2565 2597 2608 2637; x_wconf 84' lang='grc' dir='ltr'><strong>ς.</strong></span> 
     </span>
    </p>
   </div>
   <div class='ocr_carea' id='block_1_42' title="bbox 392 2646 1617 2722">
    <p class='ocr_par' dir='ltr' id='par_1_42' title="bbox 392 2646 1617 2722">
     <span class='ocr_line' id='line_1_42' title="bbox 392 2646 1617 2722; baseline -0.008 -15"><span class='ocrx_word' id='word_1_280' title='bbox 392 2646 642 2707; x_wconf 71' lang='lat' dir='ltr'>inferius</span> <span class='ocrx_word' id='word_1_281' title='bbox 673 2646 784 2722; x_wconf 68' lang='lat' dir='ltr'>pro</span> <span class='ocrx_word' id='word_1_282' title='bbox 813 2646 1022 2722; x_wconf 87' lang='grc' dir='ltr'><strong>μυρίων</strong></span> <span class='ocrx_word' id='word_1_283' title='bbox 1051 2648 1251 2722; x_wconf 73' lang='lat' dir='ltr'>ferunt</span> <span class='ocrx_word' id='word_1_284' title='bbox 1283 2651 1617 2722; x_wconf 79' lang='grc' dir='ltr'><strong>μαρτυριῶν,</strong></span> 
     </span>
    </p>
   </div>
   <div class='ocr_carea' id='block_1_43' title="bbox 466 2717 2041 2794">
    <p class='ocr_par' dir='ltr' id='par_1_43' title="bbox 466 2717 2041 2794">
     <span class='ocr_line' id='line_1_43' title="bbox 466 2717 2041 2794; baseline -0.005 -15"><span class='ocrx_word' id='word_1_285' title='bbox 466 2726 544 2792; x_wconf 87' lang='grc'>(2)</span> <span class='ocrx_word' id='word_1_286' title='bbox 577 2717 700 2778; x_wconf 71' lang='grc' dir='ltr'><strong>Τῶν</strong></span> <span class='ocrx_word' id='word_1_287' title='bbox 735 2717 1062 2794; x_wconf 70' lang='grc' dir='ltr'><strong>εἰρημένων.</strong></span> <span class='ocrx_word' id='word_1_288' title='bbox 1097 2717 1528 2785; x_wconf 54' lang='grc' dir='ltr'>Οοςίᾱέοὶῐοὺη</span> <span class='ocrx_word' id='word_1_289' title='bbox 1570 2721 1680 2772; x_wconf 91' lang='grc' dir='ltr'>τῶν</span> <span class='ocrx_word' id='word_1_290' title='bbox 1738 2722 1828 2771; x_wconf 92' lang='grc' dir='ltr'>νῦν</span> <span class='ocrx_word' id='word_1_291' title='bbox 1887 2717 2041 2792; x_wconf 69' lang='grc' dir='ltr'><strong>εἴρη-</strong></span> 
     </span>
    </p>
   </div>
   <div class='ocr_carea' id='block_1_44' title="bbox 397 2792 1278 2866">
    <p class='ocr_par' dir='ltr' id='par_1_44' title="bbox 397 2792 1278 2866">
     <span class='ocr_line' id='line_1_44' title="bbox 397 2792 1278 2866; baseline -0.003 -19"><span class='ocrx_word' id='word_1_292' title='bbox 397 2795 595 2866; x_wconf 78' lang='grc' dir='ltr'><strong>μὲνων,</strong></span> <span class='ocrx_word' id='word_1_293' title='bbox 629 2811 750 2864; x_wconf 68' lang='lat' dir='ltr'>quae</span> <span class='ocrx_word' id='word_1_294' title='bbox 779 2792 926 2848; x_wconf 73' lang='lat' dir='ltr'>nunc</span> <span class='ocrx_word' id='word_1_295' title='bbox 957 2792 1106 2866; x_wconf 61' lang='lat' dir='ltr'>dicto</span> <span class='ocrx_word' id='word_1_296' title='bbox 1135 2798 1278 2866; x_wconf 80' lang='lat' dir='ltr'>sunt.</span> 
     </span>
    </p>
   </div>
   <div class='ocr_carea' id='block_1_45' title="bbox 464 2862 2040 2936">
    <p class='ocr_par' dir='ltr' id='par_1_45' title="bbox 464 2862 2040 2936">
     <span class='ocr_line' id='line_1_45' title="bbox 464 2862 2040 2936; baseline -0.002 -16"><span class='ocrx_word' id='word_1_297' title='bbox 464 2868 540 2936; x_wconf 89' lang='lat'>(3)</span> <span class='ocrx_word' id='word_1_298' title='bbox 573 2862 814 2936; x_wconf 72' lang='grc' dir='ltr'><strong>Ὀρατῶν</strong></span> <span class='ocrx_word' id='word_1_299' title='bbox 846 2884 922 2919; x_wconf 90' lang='grc' dir='ltr'>τε.</span> <span class='ocrx_word' id='word_1_300' title='bbox 948 2863 1293 2936; x_wconf 76' lang='lat' dir='ltr'>Encliticam</span> <span class='ocrx_word' id='word_1_301' title='bbox 1323 2881 1380 2914; x_wconf 87' lang='grc' dir='ltr'>τε</span> <span class='ocrx_word' id='word_1_302' title='bbox 1411 2862 1748 2917; x_wconf 86' lang='lat' dir='ltr'>addidimus</span> <span class='ocrx_word' id='word_1_303' title='bbox 1780 2879 1849 2916; x_wconf 81' lang='lat' dir='ltr'>ex</span> <span class='ocrx_word' id='word_1_304' title='bbox 1867 2862 2040 2918; x_wconf 92' lang='lat' dir='ltr'>codd.</span> 
     </span>
    </p>
   </div>
   <div class='ocr_carea' id='block_1_46' title="bbox 392 2934 1146 2999">
    <p class='ocr_par' dir='ltr' id='par_1_46' title="bbox 392 2934 1146 2999">
     <span class='ocr_line' id='line_1_46' title="bbox 392 2934 1146 2999; baseline -0.008 -5"><span class='ocrx_word' id='word_1_305' title='bbox 392 2934 612 2999; x_wconf 78' lang='lat' dir='ltr'>OttOb.,</span> <span class='ocrx_word' id='word_1_306' title='bbox 642 2934 766 2992; x_wconf 69' lang='lat' dir='ltr'>lioe</span> <span class='ocrx_word' id='word_1_307' title='bbox 798 2942 855 2990; x_wconf 92' lang='lat' dir='ltr'>et</span> <span class='ocrx_word' id='word_1_308' title='bbox 898 2934 1146 2990; x_wconf 85' lang='lat' dir='ltr'>Casaub.</span> 
     </span>
    </p>
   </div>
   <div class='ocr_carea' id='block_1_47' title="bbox 465 3005 2046 3079">
    <p class='ocr_par' dir='ltr' id='par_1_47' title="bbox 465 3005 2046 3079">
     <span class='ocr_line' id='line_1_47' title="bbox 465 3005 2046 3079; baseline -0.004 -15"><span class='ocrx_word' id='word_1_309' title='bbox 465 3012 535 3077; x_wconf 80' lang='grc'>(4)</span> <span class='ocrx_word' id='word_1_310' title='bbox 571 3008 864 3079; x_wconf 83' lang='grc' dir='ltr'><strong>Ἀνυμνῇς.</strong></span> <span class='ocrx_word' id='word_1_311' title='bbox 899 3009 979 3060; x_wconf 85' lang='lat' dir='ltr'>Ex</span> <span class='ocrx_word' id='word_1_312' title='bbox 1039 3005 1208 3079; x_wconf 82' lang='lat' dir='ltr'>codd.</span> <span class='ocrx_word' id='word_1_313' title='bbox 1272 3005 1488 3079; x_wconf 80' lang='lat' dir='ltr'>Ottob.,</span> <span class='ocrx_word' id='word_1_314' title='bbox 1515 3007 1671 3079; x_wconf 72' lang='lat' dir='ltr'>Boe,</span> <span class='ocrx_word' id='word_1_315' title='bbox 1705 3006 2046 3079; x_wconf 80' lang='lat' dir='ltr'>Casaub._et</span> 
     </span>
    </p>
   </div>
   <div class='ocr_carea' id='block_1_48' title="bbox 393 3075 2047 3148">
    <p class='ocr_par' dir='ltr' id='par_1_48' title="bbox 393 3075 2047 3148">
     <span class='ocr_line' id='line_1_48' title="bbox 393 3075 2047 3148; baseline -0.003 -14"><span class='ocrx_word' id='word_1_316' title='bbox 393 3075 572 3135; x_wconf 84' lang='lat' dir='ltr'>Coisl.</span> <span class='ocrx_word' id='word_1_317' title='bbox 599 3075 985 3134; x_wconf 86' lang='lat' dir='ltr'>emendamus</span> <span class='ocrx_word' id='word_1_318' title='bbox 1017 3077 1173 3148; x_wconf 90' lang='lat' dir='ltr'>quod</span> <span class='ocrx_word' id='word_1_319' title='bbox 1207 3094 1384 3148; x_wconf 88' lang='lat' dir='ltr'>prave</span> <span class='ocrx_word' id='word_1_320' title='bbox 1415 3077 1630 3148; x_wconf 77' lang='lat' dir='ltr'>legitur</span> <span class='ocrx_word' id='word_1_321' title='bbox 1651 3077 1711 3130; x_wconf 89' lang='lat' dir='ltr'>in</span> <span class='ocrx_word' id='word_1_322' title='bbox 1749 3077 1923 3131; x_wconf 90' lang='lat' dir='ltr'>editis</span> <span class='ocrx_word' id='word_1_323' title='bbox 1952 3075 2047 3128; x_wconf 87' lang='grc' dir='ltr'><strong>ἀν-</strong></span> 
     </span>
    </p>
   </div>
   <div class='ocr_carea' id='block_1_49' title="bbox 394 3149 2046 3221">
    <p class='ocr_par' dir='ltr' id='par_1_49' title="bbox 394 3149 2046 3221">
     <span class='ocr_line' id='line_1_49' title="bbox 394 3149 2046 3221; baseline 0.001 -20"><span class='ocrx_word' id='word_1_324' title='bbox 394 3152 646 3221; x_wconf 72' lang='grc' dir='ltr'><strong>υμνήσω.</strong></span> <span class='ocrx_word' id='word_1_325' title='bbox 674 3154 1020 3220; x_wconf 88' lang='lat' dir='ltr'>Quanquam</span> <span class='ocrx_word' id='word_1_326' title='bbox 1053 3150 1112 3203; x_wconf 93' lang='lat' dir='ltr'>in</span> <span class='ocrx_word' id='word_1_327' title='bbox 1147 3149 1323 3221; x_wconf 77' lang='lat' dir='ltr'>Coisl.</span> <span class='ocrx_word' id='word_1_328' title='bbox 1360 3155 1418 3202; x_wconf 92' lang='lat' dir='ltr'>et</span> <span class='ocrx_word' id='word_1_329' title='bbox 1439 3149 1632 3203; x_wconf 88' lang='lat' dir='ltr'>Ottob.</span> <span class='ocrx_word' id='word_1_330' title='bbox 1657 3149 2046 3221; x_wconf 80' lang='lat' dir='ltr'>amanuensis</span> 
     </span>
    </p>
   </div>
   <div class='ocr_carea' id='block_1_50' title="bbox 397 3219 2042 3292">
    <p class='ocr_par' dir='ltr' id='par_1_50' title="bbox 397 3219 2042 3292">
     <span class='ocr_line' id='line_1_50' title="bbox 397 3219 2042 3292; baseline -0.001 -19"><span class='ocrx_word' id='word_1_331' title='bbox 397 3219 700 3292; x_wconf 83' lang='lat' dir='ltr'>imperitia</span> <span class='ocrx_word' id='word_1_332' title='bbox 728 3219 1018 3292; x_wconf 87' lang='lat' dir='ltr'>scriptum</span> <span class='ocrx_word' id='word_1_333' title='bbox 1041 3227 1130 3275; x_wconf 90' lang='lat' dir='ltr'>est</span> <span class='ocrx_word' id='word_1_334' title='bbox 1155 3219 1427 3290; x_wconf 85' lang='grc' dir='ltr'><strong>ἀνυμνεῖς.</strong></span> <span class='ocrx_word' id='word_1_335' title='bbox 1465 3221 1531 3273; x_wconf 94' lang='lat' dir='ltr'>In</span> <span class='ocrx_word' id='word_1_336' title='bbox 1555 3219 1716 3274; x_wconf 91' lang='lat' dir='ltr'>Bodl.</span> <span class='ocrx_word' id='word_1_337' title='bbox 1747 3220 1877 3274; x_wconf 91' lang='lat' dir='ltr'>cod.</span> <span class='ocrx_word' id='word_1_338' title='bbox 1901 3219 2042 3291; x_wconf 82' lang='lat' dir='ltr'>legi-</span> 
     </span>
    </p>
   </div>
   <div class='ocr_carea' id='block_1_51' title="bbox 2224 2645 3797 2721">
    <p class='ocr_par' dir='ltr' id='par_1_51' title="bbox 2224 2645 3797 2721">
     <span class='ocr_line' id='line_1_51' title="bbox 2224 2645 3797 2721; baseline 0.002 -20"><span class='ocrx_word' id='word_1_339' title='bbox 2224 2646 2433 2721; x_wconf 18' lang='lat'>(5)7202</span> <span class='ocrx_word' id='word_1_340' title='bbox 2464 2645 2567 2721; x_wconf 72' lang='grc' dir='ltr'>γὰρ</span> <span class='ocrx_word' id='word_1_341' title='bbox 2599 2645 2812 2721; x_wconf 75' lang='grc' dir='ltr'><strong>πρέπει.</strong></span> <span class='ocrx_word' id='word_1_342' title='bbox 2847 2649 3557 2721; x_wconf 17' lang='grc' dir='ltr'><strong>Ηοτιιωίθῐεεᾳυθῃῐὶωη</strong></span> <span class='ocrx_word' id='word_1_343' title='bbox 3593 2649 3797 2705; x_wconf 85' lang='lat' dir='ltr'>verbo-</span> 
     </span>
    </p>
   </div>
   <div class='ocr_carea' id='block_1_52' title="bbox 2150 2720 3796 2785">
    <p class='ocr_par' dir='ltr' id='par_1_52' title="bbox 2150 2720 3796 2785">
     <span class='ocr_line' id='line_1_52' title="bbox 2150 2720 3796 2785; baseline 0.002 -12"><span class='ocrx_word' id='word_1_344' title='bbox 2150 2736 2282 2774; x_wconf 89' lang='lat' dir='ltr'>rum</span> <span class='ocrx_word' id='word_1_345' title='bbox 2316 2720 2798 2785; x_wconf 87' lang='lat' dir='ltr'>loco,catechesis</span> <span class='ocrx_word' id='word_1_346' title='bbox 2821 2721 2904 2774; x_wconf 92' lang='lat' dir='ltr'>sic</span> <span class='ocrx_word' id='word_1_347' title='bbox 2926 2720 3303 2775; x_wconf 91' lang='lat' dir='ltr'>concluditur</span> <span class='ocrx_word' id='word_1_348' title='bbox 3332 2722 3392 2776; x_wconf 91' lang='lat' dir='ltr'>in</span> <span class='ocrx_word' id='word_1_349' title='bbox 3418 2721 3796 2785; x_wconf 85' lang='lat' dir='ltr'>codd.Coisl.,</span> 
     </span>
    </p>
   </div>
   <div class='ocr_carea' id='block_1_53' title="bbox 2152 2791 3790 2868">
    <p class='ocr_par' dir='ltr' id='par_1_53' title="bbox 2152 2791 3790 2868">
     <span class='ocr_line' id='line_1_53' title="bbox 2152 2791 3790 2868; baseline -0.001 -23"><span class='ocrx_word' id='word_1_350' title='bbox 2152 2791 2369 2868; x_wconf 82' lang='lat' dir='ltr'>Q_ttob.,</span> <span class='ocrx_word' id='word_1_351' title='bbox 2403 2793 2542 2868; x_wconf 74' lang='lat' dir='ltr'>Hoc,</span> <span class='ocrx_word' id='word_1_352' title='bbox 2573 2791 2842 2868; x_wconf 33' lang='lat' dir='ltr'>Qasaub.)</span> <span class='ocrx_word' id='word_1_353' title='bbox 2877 2792 3320 2868; x_wconf 78' lang='lat' dir='ltr'>et_apud_Grod.</span> <span class='ocrx_word' id='word_1_354' title='bbox 3351 2811 3362 2846; x_wconf 93' lang='lat'><strong>:</strong></span> <span class='ocrx_word' id='word_1_355' title='bbox 3492 2794 3602 2868; x_wconf 37' lang='lat' dir='ltr'>qui</span> <span class='ocrx_word' id='word_1_356' title='bbox 3651 2792 3790 2861; x_wconf 81' lang='grc' dir='ltr'><strong>τιμή</strong></span> 
     </span>
    </p>
   </div>
   <div class='ocr_carea' id='block_1_54' title="bbox 2175 2860 3796 2936">
    <p class='ocr_par' dir='ltr' id='par_1_54' title="bbox 2175 2860 3796 2936">
     <span class='ocr_line' id='line_1_54' title="bbox 2175 2860 3796 2936; baseline -0.001 -19"><span class='ocrx_word' id='word_1_357' title='bbox 2175 2863 2343 2936; x_wconf 85' lang='lat' dir='ltr'>deest</span> <span class='ocrx_word' id='word_1_358' title='bbox 2370 2861 2458 2914; x_wconf 83' lang='grc' dir='ltr'>καί</span> <span class='ocrx_word' id='word_1_359' title='bbox 2486 2864 2546 2936; x_wconf 83' lang='lat' dir='ltr'>in</span> <span class='ocrx_word' id='word_1_360' title='bbox 2571 2863 2771 2936; x_wconf 84' lang='lat' dir='ltr'>Goisl.,</span> <span class='ocrx_word' id='word_1_361' title='bbox 2795 2860 3404 2936; x_wconf 13' lang='lat' dir='ltr'>Ottob._etiGrod.)xa‘c</span> <span class='ocrx_word' id='word_1_362' title='bbox 3429 2860 3590 2933; x_wconf 66' lang='grc' dir='ltr'><strong>δόξα,</strong></span> <span class='ocrx_word' id='word_1_363' title='bbox 3627 2860 3796 2936; x_wconf 62' lang='grc' dir='ltr'>μετα.-</span> 
     </span>
    </p>
   </div>
   <div class='ocr_carea' id='block_1_55' title="bbox 2192 2883 3798 3007">
    <p class='ocr_par' dir='ltr' id='par_1_55' title="bbox 2192 2883 3798 3007">
     <span class='ocr_line' id='line_1_55' title="bbox 2192 2883 3796 2936; baseline -0.001 -19"><span class='ocrx_word' id='word_1_364' title='bbox 2192 2883 2343 2917; x_wconf 78' lang='lat' dir='ltr'>lee5t</span> <span class='ocrx_word' id='word_1_365' title='bbox 2370 2883 2458 2914; x_wconf 84' lang='grc' dir='ltr'>και</span> <span class='ocrx_word' id='word_1_366' title='bbox 2486 2883 2546 2917; x_wconf 90' lang='lat' dir='ltr'>1n</span> <span class='ocrx_word' id='word_1_367' title='bbox 2571 2883 2771 2929; x_wconf 66' lang='lat' dir='ltr'>u0151.,</span> <span class='ocrx_word' id='word_1_368' title='bbox 2795 2883 2988 2918; x_wconf 81' lang='lat' dir='ltr'>Utton.</span> <span class='ocrx_word' id='word_1_369' title='bbox 3014 2883 3073 2918; x_wconf 82' lang='lat' dir='ltr'>et</span> <span class='ocrx_word' id='word_1_370' title='bbox 3101 2883 3404 2936; x_wconf 60' lang='grc' dir='ltr'><strong>υτοαφιαι</strong></span> <span class='ocrx_word' id='word_1_371' title='bbox 3443 2883 3590 2933; x_wconf 71' lang='grc' dir='ltr'><strong>οοξα,</strong></span> <span class='ocrx_word' id='word_1_372' title='bbox 3627 2884 3693 2934; x_wconf 88' lang='grc' dir='ltr'>με</span> <span class='ocrx_word' id='word_1_373' title='bbox 3734 2883 3796 2916; x_wconf 71' lang='grc' dir='ltr'>αι-</span> 
     </span>
     <span class='ocr_line' id='line_1_56' title="bbox 2192 2883 3798 3007; baseline 0.002 -22"><span class='ocrx_word' id='word_1_374' title='bbox 2192 2933 2384 3007; x_wconf 76' lang='grc' dir='ltr'><strong>οσύνη,</strong></span> <span class='ocrx_word' id='word_1_375' title='bbox 2417 2933 2506 2986; x_wconf 83' lang='grc' dir='ltr'><strong>καὶ</strong></span> <span class='ocrx_word' id='word_1_376' title='bbox 2537 2935 2759 3007; x_wconf 77' lang='grc' dir='ltr'><strong>κράτος,</strong></span> <span class='ocrx_word' id='word_1_377' title='bbox 2792 2935 2898 3007; x_wconf 81' lang='grc' dir='ltr'><strong>πρὸ</strong></span> <span class='ocrx_word' id='word_1_378' title='bbox 2929 2935 3129 2995; x_wconf 85' lang='grc' dir='ltr'><strong>παντὸς</strong></span> <span class='ocrx_word' id='word_1_379' title='bbox 3159 2938 3256 3007; x_wconf 85' lang='grc' dir='ltr'>τοῦ</span> <span class='ocrx_word' id='word_1_380' title='bbox 3289 2937 3480 3007; x_wconf 84' lang='lat' dir='ltr'>(deest</span> <span class='ocrx_word' id='word_1_381' title='bbox 3534 2939 3650 2999; x_wconf 88' lang='grc' dir='ltr'><strong>τοῦ,</strong></span> <span class='ocrx_word' id='word_1_382' title='bbox 3696 2883 3798 2990; x_wconf 57' lang='grc' dir='ltr'><strong>ὐτ-</strong></span> 
     </span>
    </p>
   </div>
   <div class='ocr_carea' id='block_1_56' title="bbox 2154 3003 3797 3076">
    <p class='ocr_par' dir='ltr' id='par_1_56' title="bbox 2154 3003 3797 3076">
     <span class='ocr_line' id='line_1_57' title="bbox 2154 3003 3797 3076; baseline -0.001 -16"><span class='ocrx_word' id='word_1_383' title='bbox 2154 3005 2299 3076; x_wconf 82' lang='lat' dir='ltr'>tob.)</span> <span class='ocrx_word' id='word_1_384' title='bbox 2334 3004 2551 3073; x_wconf 74' lang='grc' dir='ltr'><strong>αῗῶνος,</strong></span> <span class='ocrx_word' id='word_1_385' title='bbox 2576 3003 2669 3058; x_wconf 78' lang='grc' dir='ltr'><strong>καὶ</strong></span> <span class='ocrx_word' id='word_1_386' title='bbox 2697 3003 2771 3065; x_wconf 67' lang='grc' dir='ltr'>εἷς</span> <span class='ocrx_word' id='word_1_387' title='bbox 2803 3003 3008 3066; x_wconf 79' lang='grc' dir='ltr'><strong>πάντας</strong></span> <span class='ocrx_word' id='word_1_388' title='bbox 3039 3007 3167 3067; x_wconf 79' lang='grc' dir='ltr'><strong>τοὺς</strong></span> <span class='ocrx_word' id='word_1_389' title='bbox 3213 3003 3530 3068; x_wconf 83' lang='grc' dir='ltr'><strong>ἀτελεύτους</strong></span> <span class='ocrx_word' id='word_1_390' title='bbox 3577 3007 3797 3065; x_wconf 70' lang='grc' dir='ltr'><strong>αἰῶνας.</strong></span> 
     </span>
    </p>
   </div>
   <div class='ocr_carea' id='block_1_57' title="bbox 2156 3077 3799 3151">
    <p class='ocr_par' dir='ltr' id='par_1_57' title="bbox 2156 3077 3799 3151">
     <span class='ocr_line' id='line_1_58' title="bbox 2156 3077 3799 3151; baseline -0.002 -19"><span class='ocrx_word' id='word_1_391' title='bbox 2156 3077 2349 3151; x_wconf 80' lang='grc' dir='ltr'><strong>Ἀμήν.</strong></span> <span class='ocrx_word' id='word_1_392' title='bbox 2385 3099 2416 3151; x_wconf 87' lang='lat'>«_</span> <span class='ocrx_word' id='word_1_393' title='bbox 2433 3078 2535 3131; x_wconf 92' lang='lat' dir='ltr'>Cui</span> <span class='ocrx_word' id='word_1_394' title='bbox 2569 3083 2626 3131; x_wconf 92' lang='lat' dir='ltr'>et</span> <span class='ocrx_word' id='word_1_395' title='bbox 2655 3079 2868 3144; x_wconf 89' lang='lat' dir='ltr'>honor,</span> <span class='ocrx_word' id='word_1_396' title='bbox 2897 3083 2954 3132; x_wconf 89' lang='lat' dir='ltr'>et</span> <span class='ocrx_word' id='word_1_397' title='bbox 2983 3079 3256 3149; x_wconf 85' lang='lat' dir='ltr'>gloria,et</span> <span class='ocrx_word' id='word_1_398' title='bbox 3274 3079 3799 3151; x_wconf 49' lang='lat' dir='ltr'>magniﬁcentiaﬁt</span> 
     </span>
    </p>
   </div>
   <div class='ocr_carea' id='block_1_58' title="bbox 2157 3147 3795 3220">
    <p class='ocr_par' dir='ltr' id='par_1_58' title="bbox 2157 3147 3795 3220">
     <span class='ocr_line' id='line_1_59' title="bbox 2157 3147 3795 3220; baseline 0.001 -20"><span class='ocrx_word' id='word_1_399' title='bbox 2157 3149 2528 3220; x_wconf 83' lang='lat' dir='ltr'>«imperium</span> <span class='ocrx_word' id='word_1_400' title='bbox 2559 3155 2696 3203; x_wconf 86' lang='lat' dir='ltr'>ante</span> <span class='ocrx_word' id='word_1_401' title='bbox 2711 3167 2886 3204; x_wconf 91' lang='lat' dir='ltr'>omne</span> <span class='ocrx_word' id='word_1_402' title='bbox 2912 3147 3287 3215; x_wconf 72' lang='lat' dir='ltr'>smculum,et</span> <span class='ocrx_word' id='word_1_403' title='bbox 3318 3147 3602 3206; x_wconf 53' lang='lat' dir='ltr'>in&#39;omnia</span> <span class='ocrx_word' id='word_1_404' title='bbox 3622 3147 3795 3204; x_wconf 89' lang='lat' dir='ltr'>inde-</span> 
     </span>
    </p>
   </div>
   <div class='ocr_carea' id='block_1_59' title="bbox 2159 3221 2981 3278">
    <p class='ocr_par' dir='ltr' id='par_1_59' title="bbox 2159 3221 2981 3278">
     <span class='ocr_line' id='line_1_60' title="bbox 2159 3221 2981 3278; baseline 0.007 -8"><span class='ocrx_word' id='word_1_405' title='bbox 2159 3242 2186 3270; x_wconf 84' lang='grc'>‹‹</span> <span class='ocrx_word' id='word_1_406' title='bbox 2215 3221 2475 3275; x_wconf 78' lang='lat' dir='ltr'>Sinentia</span> <span class='ocrx_word' id='word_1_407' title='bbox 2498 3221 2736 3278; x_wconf 74' lang='lat' dir='ltr'>smcula.</span> <span class='ocrx_word' id='word_1_408' title='bbox 2771 3225 2981 3276; x_wconf 80' lang='lat' dir='ltr'>Amen.</span> 
     </span>
    </p>
   </div>
   <div class='ocr_carea' id='block_1_60' title="bbox 404 3413 3794 3448">
    <p class='ocr_par' dir='ltr' id='par_1_60' title="bbox 404 3413 3794 3448">
     <span class='ocr_line' id='line_1_61' title="bbox 404 3413 3794 3448; baseline 0.001 -4"><span class='ocrx_word' id='word_1_409' title='bbox 404 3413 3794 3448; x_wconf 60' lang='lat' dir='ltr'>mm</span> 
     </span>
    </p>
   </div>
   <div class='ocr_carea' id='block_1_61' title="bbox 1438 3553 2773 3610">
    <p class='ocr_par' dir='ltr' id='par_1_61' title="bbox 1438 3553 2773 3610">
     <span class='ocr_line' id='line_1_62' title="bbox 1438 3553 2773 3610; baseline -0.001 -2"><span class='ocrx_word' id='word_1_410' title='bbox 1438 3553 1594 3609; x_wconf 76' lang='lat' dir='ltr'>I84</span> <span class='ocrx_word' id='word_1_411' title='bbox 1637 3553 2002 3610; x_wconf 79' lang='lat' dir='ltr'>APPENDIX</span> <span class='ocrx_word' id='word_1_412' title='bbox 2047 3553 2274 3608; x_wconf 78' lang='lat' dir='ltr'>HUIUS</span> <span class='ocrx_word' id='word_1_413' title='bbox 2304 3553 2773 3610; x_wconf 78' lang='lat' dir='ltr'>CATECHESIS..</span> 
     </span>
    </p>
   </div>
   <div class='ocr_carea' id='block_1_62' title="bbox 2107 3723 2180 3739">
    <p class='ocr_par' dir='ltr' id='par_1_62' title="bbox 2107 3723 2180 3739">
     <span class='ocr_line' id='line_1_63' title="bbox 2107 3723 2180 3739; baseline 0 0"><span class='ocrx_word' id='word_1_414' title='bbox 2107 3723 2180 3739; x_wconf 59' lang='grc' dir='ltr'>-η</span> 
     </span>
    </p>
   </div>
   <div class='ocr_carea' id='block_1_63' title="bbox 470 3866 3826 3941">
    <p class='ocr_par' dir='ltr' id='par_1_63' title="bbox 470 3866 3826 3941">
     <span class='ocr_line' id='line_1_64' title="bbox 470 3866 3826 3941; baseline 0.001 -19"><span class='ocrx_word' id='word_1_415' title='bbox 470 3893 497 3922; x_wconf 80' lang='grc' dir='ltr'>ι(</span> <span class='ocrx_word' id='word_1_416' title='bbox 523 3871 586 3926; x_wconf 92' lang='lat' dir='ltr'>In</span> <span class='ocrx_word' id='word_1_417' title='bbox 629 3871 701 3925; x_wconf 88' lang='lat' dir='ltr'>iis</span> <span class='ocrx_word' id='word_1_418' title='bbox 732 3868 1059 3936; x_wconf 88' lang='lat' dir='ltr'>codicibus,</span> <span class='ocrx_word' id='word_1_419' title='bbox 1090 3868 1303 3941; x_wconf 90' lang='lat' dir='ltr'>quibus</span> <span class='ocrx_word' id='word_1_420' title='bbox 1334 3866 1458 3923; x_wconf 80' lang='lat' dir='ltr'>haec</span> <span class='ocrx_word' id='word_1_421' title='bbox 1491 3868 1677 3923; x_wconf 90' lang='lat' dir='ltr'>oratio</span> <span class='ocrx_word' id='word_1_422' title='bbox 1703 3867 1810 3923; x_wconf 91' lang='lat' dir='ltr'>sub</span> <span class='ocrx_word' id='word_1_423' title='bbox 1839 3867 2080 3922; x_wconf 87' lang='lat' dir='ltr'>nomine</span> <span class='ocrx_word' id='word_1_424' title='bbox 2109 3866 2378 3922; x_wconf 60' lang='lat' dir='ltr'>Homilies</span> <span class='ocrx_word' id='word_1_425' title='bbox 2411 3866 2599 3921; x_wconf 91' lang='lat' dir='ltr'>sancti</span> <span class='ocrx_word' id='word_1_426' title='bbox 2636 3866 2834 3922; x_wconf 88' lang='lat' dir='ltr'>Basilii</span> <span class='ocrx_word' id='word_1_427' title='bbox 2866 3869 2940 3923; x_wconf 84' lang='lat' dir='ltr'>De</span> <span class='ocrx_word' id='word_1_428' title='bbox 2970 3867 3508 3940; x_wconf 75' lang='lat' dir='ltr'>incomprehensibili</span> <span class='ocrx_word' id='word_1_429' title='bbox 3542 3872 3650 3924; x_wconf 87' lang='lat' dir='ltr'>Deo</span> <span class='ocrx_word' id='word_1_430' title='bbox 3672 3885 3826 3926; x_wconf 89' lang='lat' dir='ltr'>con-</span> 
     </span>
    </p>
   </div>
   <div class='ocr_carea' id='block_1_64' title="bbox 399 3967 3818 4041">
    <p class='ocr_par' dir='ltr' id='par_1_64' title="bbox 399 3967 3818 4041">
     <span class='ocr_line' id='line_1_65' title="bbox 399 3967 3818 4041; baseline 0 -16"><span class='ocrx_word' id='word_1_431' title='bbox 399 3993 427 4022; x_wconf 84' lang='grc'><em>‹‹</em></span> <span class='ocrx_word' id='word_1_432' title='bbox 458 3973 700 4037; x_wconf 88' lang='lat' dir='ltr'>tinetur,</span> <span class='ocrx_word' id='word_1_433' title='bbox 733 3971 1024 4026; x_wconf 90' lang='lat' dir='ltr'>nonnulla</span> <span class='ocrx_word' id='word_1_434' title='bbox 1055 3970 1128 4026; x_wconf 90' lang='lat' dir='ltr'>ad</span> <span class='ocrx_word' id='word_1_435' title='bbox 1158 3970 1269 4024; x_wconf 92' lang='lat' dir='ltr'>hoc</span> <span class='ocrx_word' id='word_1_436' title='bbox 1301 3973 1716 4040; x_wconf 75' lang='lat' dir='ltr'>argumentum</span> <span class='ocrx_word' id='word_1_437' title='bbox 1746 3967 2189 4023; x_wconf 88' lang='lat' dir='ltr'>accommodate</span> <span class='ocrx_word' id='word_1_438' title='bbox 2217 3972 2444 4022; x_wconf 86' lang='lat' dir='ltr'>mutata</span> <span class='ocrx_word' id='word_1_439' title='bbox 2473 3972 2612 4021; x_wconf 88' lang='lat' dir='ltr'>sunt</span> <span class='ocrx_word' id='word_1_440' title='bbox 2644 3988 2658 4032; x_wconf 86' lang='lat'><strong>;</strong></span> <span class='ocrx_word' id='word_1_441' title='bbox 2695 3967 2797 4022; x_wconf 90' lang='lat' dir='ltr'>sed</span> <span class='ocrx_word' id='word_1_442' title='bbox 2830 3969 2966 4023; x_wconf 81' lang='lat' dir='ltr'>ﬁnis</span> <span class='ocrx_word' id='word_1_443' title='bbox 3012 3969 3343 4040; x_wconf 82' lang='lat' dir='ltr'>praesertim</span> <span class='ocrx_word' id='word_1_444' title='bbox 3367 3969 3576 4041; x_wconf 90' lang='lat' dir='ltr'>grandi</span> <span class='ocrx_word' id='word_1_445' title='bbox 3609 3986 3818 4025; x_wconf 85' lang='lat' dir='ltr'>acces-</span> 
     </span>
    </p>
   </div>
   <div class='ocr_carea' id='block_1_65' title="bbox 397 4053 3823 4127">
    <p class='ocr_par' dir='ltr' id='par_1_65' title="bbox 397 4053 3823 4127">
     <span class='ocr_line' id='line_1_66' title="bbox 397 4053 3823 4127; baseline -0.001 -15"><span class='ocrx_word' id='word_1_446' title='bbox 397 4078 425 4107; x_wconf 85' lang='lat'><strong>«</strong></span> <span class='ocrx_word' id='word_1_447' title='bbox 459 4057 627 4112; x_wconf 89' lang='lat' dir='ltr'>sione</span> <span class='ocrx_word' id='word_1_448' title='bbox 659 4075 726 4112; x_wconf 87' lang='lat' dir='ltr'>ac</span> <span class='ocrx_word' id='word_1_449' title='bbox 757 4058 1036 4112; x_wconf 84' lang='lat' dir='ltr'>varietate</span> <span class='ocrx_word' id='word_1_450' title='bbox 1067 4056 1319 4127; x_wconf 83' lang='lat' dir='ltr'>insignis</span> <span class='ocrx_word' id='word_1_451' title='bbox 1353 4060 1458 4116; x_wconf 87' lang='lat' dir='ltr'>est,</span> <span class='ocrx_word' id='word_1_452' title='bbox 1495 4071 1673 4124; x_wconf 89' lang='lat' dir='ltr'>quam</span> <span class='ocrx_word' id='word_1_453' title='bbox 1704 4055 1799 4108; x_wconf 92' lang='lat' dir='ltr'>hic</span> <span class='ocrx_word' id='word_1_454' title='bbox 1829 4059 2257 4124; x_wconf 74' lang='lat' dir='ltr'>repraesentare</span> <span class='ocrx_word' id='word_1_455' title='bbox 2281 4053 2467 4124; x_wconf 87' lang='lat' dir='ltr'>juvat.</span> <span class='ocrx_word' id='word_1_456' title='bbox 2503 4053 2650 4106; x_wconf 89' lang='lat' dir='ltr'>Loco</span> <span class='ocrx_word' id='word_1_457' title='bbox 2681 4053 2881 4123; x_wconf 87' lang='lat' dir='ltr'>itaque</span> <span class='ocrx_word' id='word_1_458' title='bbox 2910 4054 3224 4109; x_wconf 88' lang='lat' dir='ltr'>verborum</span> <span class='ocrx_word' id='word_1_459' title='bbox 3255 4071 3418 4110; x_wconf 90' lang='lat' dir='ltr'>num.</span> <span class='ocrx_word' id='word_1_460' title='bbox 3455 4057 3519 4108; x_wconf 81' lang='grc'><strong>15</strong></span> <span class='ocrx_word' id='word_1_461' title='bbox 3549 4053 3604 4108; x_wconf 84' lang='grc' dir='ltr'>τί</span> <span class='ocrx_word' id='word_1_462' title='bbox 3630 4074 3823 4126; x_wconf 86' lang='grc' dir='ltr'><strong>μεμπ-</strong></span> 
     </span>
    </p>
   </div>
   <div class='ocr_carea' id='block_1_66' title="bbox 407 4144 1880 4216">
    <p class='ocr_par' dir='ltr' id='par_1_66' title="bbox 407 4144 1880 4216">
     <span class='ocr_line' id='line_1_67' title="bbox 407 4144 1880 4216; baseline -0.003 -16"><span class='ocrx_word' id='word_1_463' title='bbox 407 4168 427 4195; x_wconf 75' lang='grc' dir='ltr'>ι</span> <span class='ocrx_word' id='word_1_464' title='bbox 456 4147 572 4216; x_wconf 88' lang='grc' dir='ltr'><strong>τόν,</strong></span> <span class='ocrx_word' id='word_1_465' title='bbox 601 4152 658 4201; x_wconf 90' lang='lat' dir='ltr'>et</span> <span class='ocrx_word' id='word_1_466' title='bbox 687 4163 878 4216; x_wconf 87' lang='lat' dir='ltr'>seqq.,</span> <span class='ocrx_word' id='word_1_467' title='bbox 915 4147 997 4201; x_wconf 89' lang='lat' dir='ltr'>sic</span> <span class='ocrx_word' id='word_1_468' title='bbox 1028 4145 1280 4200; x_wconf 88' lang='lat' dir='ltr'>habetur</span> <span class='ocrx_word' id='word_1_469' title='bbox 1307 4145 1369 4198; x_wconf 92' lang='lat' dir='ltr'>in</span> <span class='ocrx_word' id='word_1_470' title='bbox 1401 4144 1661 4215; x_wconf 69' lang='lat' dir='ltr'>praefatis</span> <span class='ocrx_word' id='word_1_471' title='bbox 1688 4159 1827 4198; x_wconf 88' lang='lat' dir='ltr'>mss.</span> <span class='ocrx_word' id='word_1_472' title='bbox 1853 4165 1880 4190; x_wconf 87' lang='grc'><strong>››</strong></span> 
     </span>
    </p>
   </div>
   <div class='ocr_carea' id='block_1_67' title="bbox 473 4266 2036 4344">
    <p class='ocr_par' dir='ltr' id='par_1_67' title="bbox 473 4271 2036 4344">
     <span class='ocr_line' id='line_1_68' title="bbox 473 4271 2036 4344; baseline -0.002 -16"><span class='ocrx_word' id='word_1_473' title='bbox 473 4273 765 4339; x_wconf 85' lang='lat' dir='ltr'>Quidnam</span> <span class='ocrx_word' id='word_1_474' title='bbox 791 4273 852 4326; x_wconf 91' lang='lat' dir='ltr'>in</span> <span class='ocrx_word' id='word_1_475' title='bbox 885 4278 985 4326; x_wconf 91' lang='lat' dir='ltr'>tuo</span> <span class='ocrx_word' id='word_1_476' title='bbox 1017 4287 1263 4343; x_wconf 91' lang='lat' dir='ltr'>corpore</span> <span class='ocrx_word' id='word_1_477' title='bbox 1311 4271 1554 4344; x_wconf 91' lang='lat' dir='ltr'>dignum</span> <span class='ocrx_word' id='word_1_478' title='bbox 1585 4271 2036 4342; x_wconf 74' lang='lat' dir='ltr'>reprehensione</span> 
     </span>
    </p>
   </div>
   <div class='ocr_carea' id='block_1_68' title="bbox 2152 4266 3817 4344">
    <p class='ocr_par' dir='ltr' id='par_1_68' title="bbox 2229 4266 3817 4344">
     <span class='ocr_line' id='line_1_69' title="bbox 2229 4266 3817 4344; baseline 0.002 -23"><span class='ocrx_word' id='word_1_479' title='bbox 2229 4267 2292 4322; x_wconf 89' lang='grc' dir='ltr'>Τί</span> <span class='ocrx_word' id='word_1_480' title='bbox 2329 4268 2576 4340; x_wconf 86' lang='grc' dir='ltr'><strong>μεμπτὸν</strong></span> <span class='ocrx_word' id='word_1_481' title='bbox 2609 4266 2661 4322; x_wconf 75' lang='grc' dir='ltr'>ἐν</span> <span class='ocrx_word' id='word_1_482' title='bbox 2718 4273 2799 4340; x_wconf 79' lang='grc' dir='ltr'><strong>τῷ</strong></span> <span class='ocrx_word' id='word_1_483' title='bbox 2855 4270 3070 4341; x_wconf 87' lang='grc' dir='ltr'><strong>σώματί</strong></span> <span class='ocrx_word' id='word_1_484' title='bbox 3126 4290 3222 4324; x_wconf 90' lang='grc' dir='ltr'>σου</span> <span class='ocrx_word' id='word_1_485' title='bbox 3270 4267 3624 4338; x_wconf 74' lang='grc' dir='ltr'><strong>πέπλασταις</strong></span> <span class='ocrx_word' id='word_1_486' title='bbox 3688 4267 3817 4344; x_wconf 86' lang='grc' dir='ltr'><strong>λεγε</strong></span> 
     </span>
    </p>
   </div>
   <div class='ocr_carea' id='block_1_69' title="bbox 399 4360 2046 4431">
    <p class='ocr_par' dir='ltr' id='par_1_69' title="bbox 399 4360 2046 4431">
     <span class='ocr_line' id='line_1_70' title="bbox 399 4360 2046 4431; baseline -0.003 -12"><span class='ocrx_word' id='word_1_487' title='bbox 399 4363 754 4419; x_wconf 88' lang='lat' dir='ltr'>fabricatum</span> <span class='ocrx_word' id='word_1_488' title='bbox 782 4361 919 4417; x_wconf 80' lang='lat' dir='ltr'>est?</span> <span class='ocrx_word' id='word_1_489' title='bbox 949 4361 1042 4415; x_wconf 92' lang='lat' dir='ltr'>dic</span> <span class='ocrx_word' id='word_1_490' title='bbox 1073 4362 1133 4415; x_wconf 91' lang='lat' dir='ltr'>in</span> <span class='ocrx_word' id='word_1_491' title='bbox 1182 4360 1444 4415; x_wconf 91' lang='lat' dir='ltr'>medium</span> <span class='ocrx_word' id='word_1_492' title='bbox 1504 4361 1804 4431; x_wconf 89' lang='lat' dir='ltr'>prodiens.</span> <span class='ocrx_word' id='word_1_493' title='bbox 1839 4360 2046 4414; x_wconf 88' lang='lat' dir='ltr'>Mentis</span> 
     </span>
    </p>
   </div>
   <div class='ocr_carea' id='block_1_70' title="bbox 399 4449 2045 4520">
    <p class='ocr_par' dir='ltr' id='par_1_70' title="bbox 399 4449 2045 4520">
     <span class='ocr_line' id='line_1_71' title="bbox 399 4449 2045 4520; baseline -0.002 -12"><span class='ocrx_word' id='word_1_494' title='bbox 399 4459 516 4508; x_wconf 83' lang='lat' dir='ltr'>tuas</span> <span class='ocrx_word' id='word_1_495' title='bbox 549 4452 907 4507; x_wconf 80' lang='lat' dir='ltr'>sententiam</span> <span class='ocrx_word' id='word_1_496' title='bbox 949 4451 1282 4517; x_wconf 90' lang='lat' dir='ltr'>moderare,</span> <span class='ocrx_word' id='word_1_497' title='bbox 1342 4450 1611 4520; x_wconf 88' lang='lat' dir='ltr'>nihilque</span> <span class='ocrx_word' id='word_1_498' title='bbox 1643 4466 1712 4504; x_wconf 84' lang='lat' dir='ltr'>ex</span> <span class='ocrx_word' id='word_1_499' title='bbox 1768 4449 2045 4504; x_wconf 88' lang='lat' dir='ltr'>omnibus</span> 
     </span>
    </p>
   </div>
   <div class='ocr_carea' id='block_1_71' title="bbox 398 4538 2043 4612">
    <p class='ocr_par' dir='ltr' id='par_1_71' title="bbox 398 4538 2043 4612">
     <span class='ocr_line' id='line_1_72' title="bbox 398 4538 2043 4612; baseline -0.004 -14"><span class='ocrx_word' id='word_1_500' title='bbox 398 4541 686 4598; x_wconf 87' lang='lat' dir='ltr'>membris</span> <span class='ocrx_word' id='word_1_501' title='bbox 716 4541 876 4612; x_wconf 86' lang='lat' dir='ltr'>pravi</span> <span class='ocrx_word' id='word_1_502' title='bbox 902 4540 1202 4606; x_wconf 85' lang='lat' dir='ltr'>exoritur;</span> <span class='ocrx_word' id='word_1_503' title='bbox 1237 4539 1449 4593; x_wconf 87' lang='lat' dir='ltr'>horum</span> <span class='ocrx_word' id='word_1_504' title='bbox 1483 4539 1645 4593; x_wconf 87' lang='lat' dir='ltr'>enim</span> <span class='ocrx_word' id='word_1_505' title='bbox 1664 4538 2043 4608; x_wconf 84' lang='lat' dir='ltr'>unumquod-</span> 
     </span>
    </p>
   </div>
   <div class='ocr_carea' id='block_1_72' title="bbox 397 4626 2044 4702">
    <p class='ocr_par' dir='ltr' id='par_1_72' title="bbox 397 4626 2044 4702">
     <span class='ocr_line' id='line_1_73' title="bbox 397 4626 2044 4702; baseline -0.004 -16"><span class='ocrx_word' id='word_1_506' title='bbox 397 4648 511 4702; x_wconf 92' lang='lat' dir='ltr'>que</span> <span class='ocrx_word' id='word_1_507' title='bbox 543 4631 615 4685; x_wconf 89' lang='lat' dir='ltr'>ad</span> <span class='ocrx_word' id='word_1_508' title='bbox 647 4647 818 4684; x_wconf 91' lang='lat' dir='ltr'>usum</span> <span class='ocrx_word' id='word_1_509' title='bbox 851 4634 1122 4683; x_wconf 90' lang='lat' dir='ltr'>nostrum</span> <span class='ocrx_word' id='word_1_510' title='bbox 1153 4627 1487 4682; x_wconf 88' lang='lat' dir='ltr'>necessarie</span> <span class='ocrx_word' id='word_1_511' title='bbox 1507 4626 1726 4680; x_wconf 87' lang='lat' dir='ltr'>factum</span> <span class='ocrx_word' id='word_1_512' title='bbox 1750 4632 1857 4680; x_wconf 91' lang='lat' dir='ltr'>est.</span> <span class='ocrx_word' id='word_1_513' title='bbox 1875 4626 2044 4697; x_wconf 86' lang='lat' dir='ltr'>Cogi-</span> 
     </span>
    </p>
   </div>
   <div class='ocr_carea' id='block_1_73' title="bbox 396 4715 2045 4789">
    <p class='ocr_par' dir='ltr' id='par_1_73' title="bbox 396 4715 2045 4789">
     <span class='ocr_line' id='line_1_74' title="bbox 396 4715 2045 4789; baseline -0.003 -14"><span class='ocrx_word' id='word_1_514' title='bbox 396 4722 683 4775; x_wconf 90' lang='lat' dir='ltr'>tationem</span> <span class='ocrx_word' id='word_1_515' title='bbox 715 4726 874 4774; x_wconf 84' lang='lat' dir='ltr'>tuam</span> <span class='ocrx_word' id='word_1_516' title='bbox 907 4718 978 4772; x_wconf 92' lang='lat' dir='ltr'>ad</span> <span class='ocrx_word' id='word_1_517' title='bbox 1010 4719 1288 4789; x_wconf 89' lang='lat' dir='ltr'>pietatem</span> <span class='ocrx_word' id='word_1_518' title='bbox 1315 4716 1725 4776; x_wconf 86' lang='lat' dir='ltr'>erudi.divinis</span> <span class='ocrx_word' id='word_1_519' title='bbox 1747 4715 2045 4770; x_wconf 79' lang='lat' dir='ltr'>mandatis</span> 
     </span>
    </p>
   </div>
   <div class='ocr_carea' id='block_1_74' title="bbox 395 4805 2045 4879">
    <p class='ocr_par' dir='ltr' id='par_1_74' title="bbox 395 4805 2045 4879">
     <span class='ocr_line' id='line_1_75' title="bbox 395 4805 2045 4879; baseline -0.004 -16"><span class='ocrx_word' id='word_1_520' title='bbox 395 4810 814 4879; x_wconf 88' lang='lat' dir='ltr'>obtemperans</span> <span class='ocrx_word' id='word_1_521' title='bbox 836 4812 960 4862; x_wconf 91' lang='lat' dir='ltr'>esto</span> <span class='ocrx_word' id='word_1_522' title='bbox 995 4824 1006 4861; x_wconf 92' lang='lat'>:</span> <span class='ocrx_word' id='word_1_523' title='bbox 1043 4813 1100 4860; x_wconf 88' lang='lat' dir='ltr'>et</span> <span class='ocrx_word' id='word_1_524' title='bbox 1129 4806 1363 4860; x_wconf 92' lang='lat' dir='ltr'>nullum</span> <span class='ocrx_word' id='word_1_525' title='bbox 1394 4821 1596 4860; x_wconf 90' lang='lat' dir='ltr'>eorum</span> <span class='ocrx_word' id='word_1_526' title='bbox 1630 4805 1922 4875; x_wconf 84' lang='lat' dir='ltr'>peccat,in</span> <span class='ocrx_word' id='word_1_527' title='bbox 1952 4805 2045 4858; x_wconf 90' lang='lat' dir='ltr'>his</span> 
     </span>
    </p>
   </div>
   <div class='ocr_carea' id='block_1_75' title="bbox 396 4893 2049 4969">
    <p class='ocr_par' dir='ltr' id='par_1_75' title="bbox 396 4893 2049 4969">
     <span class='ocr_line' id='line_1_76' title="bbox 396 4893 2049 4969; baseline -0.003 -17"><span class='ocrx_word' id='word_1_528' title='bbox 396 4904 640 4969; x_wconf 86' lang='lat' dir='ltr'>prOpter</span> <span class='ocrx_word' id='word_1_529' title='bbox 669 4915 800 4968; x_wconf 70' lang='lat' dir='ltr'>qum</span> <span class='ocrx_word' id='word_1_530' title='bbox 832 4897 985 4952; x_wconf 85' lang='lat' dir='ltr'>facta</span> <span class='ocrx_word' id='word_1_531' title='bbox 1017 4902 1173 4961; x_wconf 90' lang='lat' dir='ltr'>sunt,</span> <span class='ocrx_word' id='word_1_532' title='bbox 1209 4895 1517 4967; x_wconf 91' lang='lat' dir='ltr'>operantia</span> <span class='ocrx_word' id='word_1_533' title='bbox 1549 4911 1798 4965; x_wconf 79' lang='lat' dir='ltr'>quaeque</span> <span class='ocrx_word' id='word_1_534' title='bbox 1833 4900 1890 4948; x_wconf 91' lang='lat' dir='ltr'>et</span> <span class='ocrx_word' id='word_1_535' title='bbox 1916 4893 2049 4947; x_wconf 90' lang='lat' dir='ltr'>sub-</span> 
     </span>
    </p>
   </div>
   <div class='ocr_carea' id='block_1_76' title="bbox 399 4983 2042 5056">
    <p class='ocr_par' dir='ltr' id='par_1_76' title="bbox 399 4983 2042 5056">
     <span class='ocr_line' id='line_1_77' title="bbox 399 4983 2042 5056; baseline -0.002 -15"><span class='ocrx_word' id='word_1_536' title='bbox 399 4986 733 5041; x_wconf 85' lang='lat' dir='ltr'>servientia.</span> <span class='ocrx_word' id='word_1_537' title='bbox 768 4986 888 5039; x_wconf 78' lang='lat' dir='ltr'>Nisi</span> <span class='ocrx_word' id='word_1_538' title='bbox 919 4986 1196 5051; x_wconf 90' lang='lat' dir='ltr'>volueris,</span> <span class='ocrx_word' id='word_1_539' title='bbox 1230 5002 1402 5056; x_wconf 90' lang='lat' dir='ltr'>prave</span> <span class='ocrx_word' id='word_1_540' title='bbox 1454 5001 1571 5039; x_wconf 89' lang='lat' dir='ltr'>non</span> <span class='ocrx_word' id='word_1_541' title='bbox 1607 4984 1762 5039; x_wconf 91' lang='lat' dir='ltr'>videt</span> <span class='ocrx_word' id='word_1_542' title='bbox 1792 4983 1998 5038; x_wconf 90' lang='lat' dir='ltr'>oculus</span> <span class='ocrx_word' id='word_1_543' title='bbox 2029 4999 2042 5038; x_wconf 93' lang='lat'><strong><em>:</em></strong></span> 
     </span>
    </p>
   </div>
   <div class='ocr_carea' id='block_1_77' title="bbox 397 5073 2038 5144">
    <p class='ocr_par' dir='ltr' id='par_1_77' title="bbox 397 5073 2038 5144">
     <span class='ocr_line' id='line_1_78' title="bbox 397 5073 2038 5144; baseline -0.003 -14"><span class='ocrx_word' id='word_1_544' title='bbox 397 5091 517 5130; x_wconf 92' lang='lat' dir='ltr'>non</span> <span class='ocrx_word' id='word_1_545' title='bbox 553 5073 792 5127; x_wconf 81' lang='lat' dir='ltr'>exaudit</span> <span class='ocrx_word' id='word_1_546' title='bbox 838 5075 996 5128; x_wconf 86' lang='lat' dir='ltr'>auris</span> <span class='ocrx_word' id='word_1_547' title='bbox 1028 5092 1157 5144; x_wconf 74' lang='lat' dir='ltr'>quae</span> <span class='ocrx_word' id='word_1_548' title='bbox 1192 5073 1436 5127; x_wconf 89' lang='lat' dir='ltr'>minime</span> <span class='ocrx_word' id='word_1_549' title='bbox 1468 5078 1908 5144; x_wconf 79' lang='lat' dir='ltr'>oporteatznon</span> <span class='ocrx_word' id='word_1_550' title='bbox 1942 5088 2038 5125; x_wconf 86' lang='lat' dir='ltr'>ex-</span> 
     </span>
    </p>
   </div>
   <div class='ocr_carea' id='block_1_78' title="bbox 399 5161 2044 5233">
    <p class='ocr_par' dir='ltr' id='par_1_78' title="bbox 399 5161 2044 5233">
     <span class='ocr_line' id='line_1_79' title="bbox 399 5161 2044 5233; baseline -0.001 -16"><span class='ocrx_word' id='word_1_551' title='bbox 399 5162 665 5217; x_wconf 89' lang='lat' dir='ltr'>tenditur</span> <span class='ocrx_word' id='word_1_552' title='bbox 685 5177 896 5215; x_wconf 90' lang='lat' dir='ltr'>manus</span> <span class='ocrx_word' id='word_1_553' title='bbox 921 5162 993 5216; x_wconf 88' lang='lat' dir='ltr'>ad</span> <span class='ocrx_word' id='word_1_554' title='bbox 1018 5178 1256 5232; x_wconf 88' lang='lat' dir='ltr'>pravam</span> <span class='ocrx_word' id='word_1_555' title='bbox 1289 5161 1738 5232; x_wconf 87' lang='lat' dir='ltr'>usurpationem</span> <span class='ocrx_word' id='word_1_556' title='bbox 1769 5179 1782 5227; x_wconf 91' lang='lat'><strong>;</strong></span> <span class='ocrx_word' id='word_1_557' title='bbox 1807 5177 1925 5214; x_wconf 90' lang='lat' dir='ltr'>non</span> <span class='ocrx_word' id='word_1_558' title='bbox 1941 5177 2044 5233; x_wconf 90' lang='lat' dir='ltr'>pes</span> 
     </span>
    </p>
   </div>
   <div class='ocr_carea' id='block_1_79' title="bbox 396 5249 2042 5321">
    <p class='ocr_par' dir='ltr' id='par_1_79' title="bbox 396 5249 2042 5321">
     <span class='ocr_line' id='line_1_80' title="bbox 396 5249 2042 5321; baseline -0.001 -14"><span class='ocrx_word' id='word_1_559' title='bbox 396 5251 500 5308; x_wconf 91' lang='lat' dir='ltr'>sed</span> <span class='ocrx_word' id='word_1_560' title='bbox 523 5250 593 5305; x_wconf 88' lang='lat' dir='ltr'>ad</span> <span class='ocrx_word' id='word_1_561' title='bbox 627 5249 979 5320; x_wconf 85' lang='lat' dir='ltr'>injustitiam</span> <span class='ocrx_word' id='word_1_562' title='bbox 1003 5256 1338 5321; x_wconf 85' lang='lat' dir='ltr'>promovet;</span> <span class='ocrx_word' id='word_1_563' title='bbox 1366 5268 1486 5305; x_wconf 90' lang='lat' dir='ltr'>non</span> <span class='ocrx_word' id='word_1_564' title='bbox 1532 5250 1729 5304; x_wconf 89' lang='lat' dir='ltr'>aliena</span> <span class='ocrx_word' id='word_1_565' title='bbox 1758 5250 2000 5305; x_wconf 90' lang='lat' dir='ltr'>adamas</span> <span class='ocrx_word' id='word_1_566' title='bbox 2029 5267 2042 5316; x_wconf 92' lang='lat'><strong>;</strong></span> 
     </span>
    </p>
   </div>
   <div class='ocr_carea' id='block_1_80' title="bbox 395 5337 2041 5410">
    <p class='ocr_par' dir='ltr' id='par_1_80' title="bbox 395 5337 2041 5410">
     <span class='ocr_line' id='line_1_81' title="bbox 395 5337 2041 5410; baseline -0.001 -16"><span class='ocrx_word' id='word_1_567' title='bbox 395 5356 517 5394; x_wconf 90' lang='lat' dir='ltr'>non</span> <span class='ocrx_word' id='word_1_568' title='bbox 549 5337 866 5403; x_wconf 87' lang='lat' dir='ltr'>fornicari;</span> <span class='ocrx_word' id='word_1_569' title='bbox 901 5354 1021 5392; x_wconf 91' lang='lat' dir='ltr'>non</span> <span class='ocrx_word' id='word_1_570' title='bbox 1054 5339 1307 5409; x_wconf 84' lang='lat' dir='ltr'>proximi</span> <span class='ocrx_word' id='word_1_571' title='bbox 1353 5356 1597 5394; x_wconf 85' lang='lat' dir='ltr'>uxorem</span> <span class='ocrx_word' id='word_1_572' title='bbox 1647 5339 2041 5410; x_wconf 88' lang='lat' dir='ltr'>concupiscis.</span> 
     </span>
    </p>
   </div>
   <div class='ocr_carea' id='block_1_81' title="bbox 395 5427 2044 5498">
    <p class='ocr_par' dir='ltr' id='par_1_81' title="bbox 395 5427 2044 5498">
     <span class='ocr_line' id='line_1_82' title="bbox 395 5427 2044 5498; baseline -0.001 -16"><span class='ocrx_word' id='word_1_573' title='bbox 395 5427 635 5482; x_wconf 88' lang='lat' dir='ltr'>Ecorde</span> <span class='ocrx_word' id='word_1_574' title='bbox 668 5443 846 5496; x_wconf 87' lang='lat' dir='ltr'>prava</span> <span class='ocrx_word' id='word_1_575' title='bbox 904 5427 1242 5496; x_wconf 87' lang='lat' dir='ltr'>supprime:</span> <span class='ocrx_word' id='word_1_576' title='bbox 1307 5429 1454 5483; x_wconf 88' lang='lat' dir='ltr'>scito</span> <span class='ocrx_word' id='word_1_577' title='bbox 1516 5429 1813 5498; x_wconf 86' lang='lat' dir='ltr'>quomodo</span> <span class='ocrx_word' id='word_1_578' title='bbox 1863 5429 2044 5482; x_wconf 92' lang='lat' dir='ltr'>aDeo</span> 
     </span>
    </p>
   </div>
   <div class='ocr_carea' id='block_1_82' title="bbox 400 5516 2047 5588">
    <p class='ocr_par' dir='ltr' id='par_1_82' title="bbox 400 5516 2047 5588">
     <span class='ocr_line' id='line_1_83' title="bbox 400 5516 2047 5588; baseline -0.001 -16"><span class='ocrx_word' id='word_1_579' title='bbox 400 5518 630 5572; x_wconf 83' lang='lat' dir='ltr'>efﬁctus</span> <span class='ocrx_word' id='word_1_580' title='bbox 668 5531 751 5580; x_wconf 89' lang='lat' dir='ltr'>es,</span> <span class='ocrx_word' id='word_1_581' title='bbox 773 5521 830 5569; x_wconf 92' lang='lat' dir='ltr'>et</span> <span class='ocrx_word' id='word_1_582' title='bbox 859 5531 1026 5586; x_wconf 85' lang='lat' dir='ltr'>mage</span> <span class='ocrx_word' id='word_1_583' title='bbox 1057 5516 1274 5584; x_wconf 83' lang='lat' dir='ltr'>gratias</span> <span class='ocrx_word' id='word_1_584' title='bbox 1305 5517 1551 5572; x_wconf 87' lang='lat' dir='ltr'>habebis</span> <span class='ocrx_word' id='word_1_585' title='bbox 1584 5519 1634 5572; x_wconf 80' lang='lat' dir='ltr'>ei</span> <span class='ocrx_word' id='word_1_586' title='bbox 1668 5518 1767 5588; x_wconf 87' lang='lat' dir='ltr'>qui</span> <span class='ocrx_word' id='word_1_587' title='bbox 1792 5523 1847 5571; x_wconf 89' lang='lat' dir='ltr'>te</span> <span class='ocrx_word' id='word_1_588' title='bbox 1880 5517 2047 5571; x_wconf 75' lang='lat' dir='ltr'>eﬂ‘or—</span> 
     </span>
    </p>
   </div>
   <div class='ocr_carea' id='block_1_83' title="bbox 402 5603 2041 5676">
    <p class='ocr_par' dir='ltr' id='par_1_83' title="bbox 402 5603 2041 5676">
     <span class='ocr_line' id='line_1_84' title="bbox 402 5603 2041 5676; baseline -0.001 -14"><span class='ocrx_word' id='word_1_589' title='bbox 402 5608 596 5662; x_wconf 87' lang='lat' dir='ltr'>mavit.</span> <span class='ocrx_word' id='word_1_590' title='bbox 634 5605 718 5660; x_wconf 87' lang='lat' dir='ltr'>Ab</span> <span class='ocrx_word' id='word_1_591' title='bbox 752 5604 921 5659; x_wconf 89' lang='lat' dir='ltr'>initio</span> <span class='ocrx_word' id='word_1_592' title='bbox 955 5603 1152 5657; x_wconf 87' lang='lat' dir='ltr'>nudus</span> <span class='ocrx_word' id='word_1_593' title='bbox 1185 5611 1311 5658; x_wconf 82' lang='lat' dir='ltr'>erat</span> <span class='ocrx_word' id='word_1_594' title='bbox 1341 5607 1526 5661; x_wconf 81' lang='lat' dir='ltr'>Adam</span> <span class='ocrx_word' id='word_1_595' title='bbox 1549 5608 1608 5660; x_wconf 90' lang='lat' dir='ltr'>in</span> <span class='ocrx_word' id='word_1_596' title='bbox 1636 5607 1909 5676; x_wconf 83' lang='lat' dir='ltr'>paradiso</span> <span class='ocrx_word' id='word_1_597' title='bbox 1942 5606 2041 5661; x_wconf 87' lang='lat' dir='ltr'>de-</span> 
     </span>
    </p>
   </div>
   <div class='ocr_carea' id='block_1_84' title="bbox 400 5693 2040 5766">
    <p class='ocr_par' dir='ltr' id='par_1_84' title="bbox 400 5693 2040 5766">
     <span class='ocr_line' id='line_1_85' title="bbox 400 5693 2040 5766; baseline -0.003 -14"><span class='ocrx_word' id='word_1_598' title='bbox 400 5698 648 5764; x_wconf 87' lang='lat' dir='ltr'>licians;</span> <span class='ocrx_word' id='word_1_599' title='bbox 684 5713 936 5766; x_wconf 84' lang='lat' dir='ltr'>cumque</span> <span class='ocrx_word' id='word_1_600' title='bbox 970 5693 1316 5747; x_wconf 86' lang='lat' dir='ltr'>mandatum</span> <span class='ocrx_word' id='word_1_601' title='bbox 1349 5697 1821 5764; x_wconf 64' lang='lat' dir='ltr'>accepissetmon</span> <span class='ocrx_word' id='word_1_602' title='bbox 1844 5700 2040 5748; x_wconf 86' lang='lat' dir='ltr'>autem</span> 
     </span>
    </p>
   </div>
   <div class='ocr_carea' id='block_1_85' title="bbox 2157 4355 3809 4432">
    <p class='ocr_par' dir='ltr' id='par_1_85' title="bbox 2157 4355 3809 4432">
     <span class='ocr_line' id='line_1_86' title="bbox 2157 4355 3809 4432; baseline 0 -22"><span class='ocrx_word' id='word_1_603' title='bbox 2157 4355 2446 4429; x_wconf 80' lang='grc' dir='ltr'><strong>παρελθὼν</strong></span> <span class='ocrx_word' id='word_1_604' title='bbox 2495 4355 2570 4418; x_wconf 77' lang='grc' dir='ltr'>εἷς</span> <span class='ocrx_word' id='word_1_605' title='bbox 2631 4357 2810 4430; x_wconf 75' lang='grc' dir='ltr'><strong>μέσον.</strong></span> <span class='ocrx_word' id='word_1_606' title='bbox 2872 4355 3065 4431; x_wconf 74' lang='grc' dir='ltr'><strong>Κράτει</strong></span> <span class='ocrx_word' id='word_1_607' title='bbox 3138 4363 3365 4414; x_wconf 80' lang='grc' dir='ltr'><strong>σεαυτοῦ</strong></span> <span class='ocrx_word' id='word_1_608' title='bbox 3423 4365 3523 4428; x_wconf 82' lang='grc' dir='ltr'><strong>τῆς</strong></span> <span class='ocrx_word' id='word_1_609' title='bbox 3560 4358 3809 4432; x_wconf 86' lang='grc' dir='ltr'><strong>γνώμης,</strong></span> 
     </span>
    </p>
   </div>
   <div class='ocr_carea' id='block_1_86' title="bbox 2155 4443 3809 4522">
    <p class='ocr_par' dir='ltr' id='par_1_86' title="bbox 2155 4443 3809 4522">
     <span class='ocr_line' id='line_1_87' title="bbox 2155 4443 3809 4522; baseline -0.001 -22"><span class='ocrx_word' id='word_1_610' title='bbox 2155 4445 2245 4500; x_wconf 80' lang='grc' dir='ltr'><strong>καὶ</strong></span> <span class='ocrx_word' id='word_1_611' title='bbox 2278 4443 2431 4500; x_wconf 74' lang='grc' dir='ltr'><strong>οὐδὲν</strong></span> <span class='ocrx_word' id='word_1_612' title='bbox 2466 4445 2672 4522; x_wconf 77' lang='grc' dir='ltr'><strong>φαῦλον</strong></span> <span class='ocrx_word' id='word_1_613' title='bbox 2733 4445 2791 4500; x_wconf 79' lang='grc' dir='ltr'><strong>ἐκ</strong></span> <span class='ocrx_word' id='word_1_614' title='bbox 2848 4446 3220 4501; x_wconf 56' lang='grc' dir='ltr'><strong>πάντωνιτῶν</strong></span> <span class='ocrx_word' id='word_1_615' title='bbox 3286 4445 3493 4520; x_wconf 88' lang='grc' dir='ltr'><strong>μελῶν.</strong></span> <span class='ocrx_word' id='word_1_616' title='bbox 3545 4451 3809 4503; x_wconf 82' lang='grc' dir='ltr'><strong>Ἔκαστον</strong></span> 
     </span>
    </p>
   </div>
   <div class='ocr_carea' id='block_1_87' title="bbox 2150 4535 3813 4611">
    <p class='ocr_par' dir='ltr' id='par_1_87' title="bbox 2150 4535 3813 4611">
     <span class='ocr_line' id='line_1_88' title="bbox 2150 4535 3813 4611; baseline 0.003 -24"><span class='ocrx_word' id='word_1_617' title='bbox 2150 4535 2252 4610; x_wconf 78' lang='grc' dir='ltr'><strong>γὰρ</strong></span> <span class='ocrx_word' id='word_1_618' title='bbox 2284 4535 2492 4588; x_wconf 80' lang='grc' dir='ltr'><strong>τούτων</strong></span> <span class='ocrx_word' id='word_1_619' title='bbox 2526 4535 2832 4610; x_wconf 74' lang='grc' dir='ltr'><strong>ἀναγκαίως</strong></span> <span class='ocrx_word' id='word_1_620' title='bbox 2879 4535 2953 4597; x_wconf 84' lang='grc' dir='ltr'>εἷς</span> <span class='ocrx_word' id='word_1_621' title='bbox 3020 4535 3295 4609; x_wconf 70' lang='grc' dir='ltr'><strong>ἡμετέραν</strong></span> <span class='ocrx_word' id='word_1_622' title='bbox 3333 4543 3535 4611; x_wconf 86' lang='grc' dir='ltr'><strong>χρῆσιν</strong></span> <span class='ocrx_word' id='word_1_623' title='bbox 3597 4537 3813 4609; x_wconf 74' lang='grc' dir='ltr'><strong>γέγονε.</strong></span> 
     </span>
    </p>
   </div>
   <div class='ocr_carea' id='block_1_88' title="bbox 2153 4621 3810 4698">
    <p class='ocr_par' dir='ltr' id='par_1_88' title="bbox 2153 4621 3810 4698">
     <span class='ocr_line' id='line_1_89' title="bbox 2153 4621 3810 4698; baseline 0 -22"><span class='ocrx_word' id='word_1_624' title='bbox 2153 4621 2447 4678; x_wconf 85' lang='grc' dir='ltr'><strong>Παίδευσον</strong></span> <span class='ocrx_word' id='word_1_625' title='bbox 2487 4623 2578 4677; x_wconf 91' lang='grc' dir='ltr'><strong>τὸν</strong></span> <span class='ocrx_word' id='word_1_626' title='bbox 2639 4624 2728 4678; x_wconf 88' lang='grc' dir='ltr'><strong>σὸν</strong></span> <span class='ocrx_word' id='word_1_627' title='bbox 2791 4622 3062 4698; x_wconf 87' lang='grc' dir='ltr'><strong>λογισμὸν</strong></span> <span class='ocrx_word' id='word_1_628' title='bbox 3121 4624 3196 4686; x_wconf 81' lang='grc' dir='ltr'>εἷς</span> <span class='ocrx_word' id='word_1_629' title='bbox 3252 4621 3548 4693; x_wconf 70' lang='grc' dir='ltr'><strong>εὐσέϐειαν,</strong></span> <span class='ocrx_word' id='word_1_630' title='bbox 3610 4625 3810 4698; x_wconf 71' lang='grc' dir='ltr'><strong>ἀνέχου</strong></span> 
     </span>
    </p>
   </div>
   <div class='ocr_carea' id='block_1_89' title="bbox 2149 4710 3813 4785">
    <p class='ocr_par' dir='ltr' id='par_1_89' title="bbox 2149 4710 3813 4785">
     <span class='ocr_line' id='line_1_90' title="bbox 2149 4710 3813 4785; baseline 0 -21"><span class='ocrx_word' id='word_1_631' title='bbox 2149 4714 2257 4764; x_wconf 88' lang='grc' dir='ltr'>τῶν</span> <span class='ocrx_word' id='word_1_632' title='bbox 2317 4715 2414 4765; x_wconf 83' lang='grc' dir='ltr'>τοῦ</span> <span class='ocrx_word' id='word_1_633' title='bbox 2472 4715 2610 4765; x_wconf 89' lang='grc' dir='ltr'><strong>Θεοῦ</strong></span> <span class='ocrx_word' id='word_1_634' title='bbox 2685 4712 3142 4785; x_wconf 84' lang='grc' dir='ltr'><strong>προσταγμάτων·</strong></span> <span class='ocrx_word' id='word_1_635' title='bbox 3230 4713 3317 4767; x_wconf 86' lang='grc' dir='ltr'><strong>καὶ</strong></span> <span class='ocrx_word' id='word_1_636' title='bbox 3381 4710 3542 4767; x_wconf 73' lang='grc' dir='ltr'><strong>οὐδὲν</strong></span> <span class='ocrx_word' id='word_1_637' title='bbox 3601 4712 3813 4766; x_wconf 72' lang='grc' dir='ltr'><strong>τούτων</strong></span> 
     </span>
    </p>
   </div>
   <div class='ocr_carea' id='block_1_90' title="bbox 2152 4799 3808 4877">
    <p class='ocr_par' dir='ltr' id='par_1_90' title="bbox 2152 4799 3808 4877">
     <span class='ocr_line' id='line_1_91' title="bbox 2152 4799 3808 4877; baseline 0 -23"><span class='ocrx_word' id='word_1_638' title='bbox 2152 4801 2470 4875; x_wconf 85' lang='grc' dir='ltr'><strong>ἁμαρτάνει,</strong></span> <span class='ocrx_word' id='word_1_639' title='bbox 2553 4799 2874 4876; x_wconf 78' lang='grc' dir='ltr'><strong>ἐνεργοῦντα</strong></span> <span class='ocrx_word' id='word_1_640' title='bbox 2957 4802 3046 4856; x_wconf 83' lang='grc' dir='ltr'><strong>καὶ</strong></span> <span class='ocrx_word' id='word_1_641' title='bbox 3098 4801 3517 4877; x_wconf 84' lang='grc' dir='ltr'><strong>ὑπηρετούμενα</strong></span> <span class='ocrx_word' id='word_1_642' title='bbox 3620 4800 3673 4855; x_wconf 79' lang='grc' dir='ltr'>ἐν</span> <span class='ocrx_word' id='word_1_643' title='bbox 3724 4803 3808 4860; x_wconf 79' lang='grc' dir='ltr'>οἷς</span> 
     </span>
    </p>
   </div>
   <div class='ocr_carea' id='block_1_91' title="bbox 2149 4889 3808 4969">
    <p class='ocr_par' dir='ltr' id='par_1_91' title="bbox 2149 4889 3808 4969">
     <span class='ocr_line' id='line_1_92' title="bbox 2149 4889 3808 4969; baseline -0.001 -25"><span class='ocrx_word' id='word_1_644' title='bbox 2149 4889 2566 4960; x_wconf 83' lang='grc' dir='ltr'><strong>κατεσκευάσθη.</strong></span> <span class='ocrx_word' id='word_1_645' title='bbox 2603 4891 2724 4945; x_wconf 75' lang='grc' dir='ltr'>Ἐὰν</span> <span class='ocrx_word' id='word_1_646' title='bbox 2763 4893 2836 4962; x_wconf 74' lang='grc' dir='ltr'><strong>μή</strong></span> <span class='ocrx_word' id='word_1_647' title='bbox 2873 4889 3055 4964; x_wconf 70' lang='grc' dir='ltr'><strong>θέλῃς,</strong></span> <span class='ocrx_word' id='word_1_648' title='bbox 3115 4892 3214 4946; x_wconf 86' lang='grc' dir='ltr'>οὐκ</span> <span class='ocrx_word' id='word_1_649' title='bbox 3246 4891 3531 4969; x_wconf 68' lang='grc' dir='ltr'><strong>ὀφθαλμός</strong></span> <span class='ocrx_word' id='word_1_650' title='bbox 3582 4892 3683 4965; x_wconf 81' lang='grc' dir='ltr'>ὁρᾷ</span> <span class='ocrx_word' id='word_1_651' title='bbox 3711 4909 3808 4942; x_wconf 89' lang='grc' dir='ltr'>κα-</span> 
     </span>
    </p>
   </div>
   <div class='ocr_carea' id='block_1_92' title="bbox 2152 4977 3807 5054">
    <p class='ocr_par' dir='ltr' id='par_1_92' title="bbox 2152 4977 3807 5054">
     <span class='ocr_line' id='line_1_93' title="bbox 2152 4977 3807 5054; baseline -0.002 -20"><span class='ocrx_word' id='word_1_652' title='bbox 2152 4983 2284 5042; x_wconf 90' lang='grc' dir='ltr'><strong>κῶς·</strong></span> <span class='ocrx_word' id='word_1_653' title='bbox 2338 4979 2436 5034; x_wconf 86' lang='grc' dir='ltr'>οὐκ</span> <span class='ocrx_word' id='word_1_654' title='bbox 2492 4979 2676 5034; x_wconf 71' lang='grc' dir='ltr'><strong>ἀκούει</strong></span> <span class='ocrx_word' id='word_1_655' title='bbox 2738 4978 2830 5041; x_wconf 81' lang='grc' dir='ltr'><strong>οὖς</strong></span> <span class='ocrx_word' id='word_1_656' title='bbox 2877 4981 2945 5035; x_wconf 81' lang='grc' dir='ltr'><strong>τὰ</strong></span> <span class='ocrx_word' id='word_1_657' title='bbox 3005 4981 3080 5052; x_wconf 76' lang='grc' dir='ltr'><strong>μὴ</strong></span> <span class='ocrx_word' id='word_1_658' title='bbox 3165 4977 3372 5035; x_wconf 77' lang='grc' dir='ltr'><strong>δέοντα·</strong></span> <span class='ocrx_word' id='word_1_659' title='bbox 3428 4978 3489 5034; x_wconf 91' lang='grc' dir='ltr'>οὐ</span> <span class='ocrx_word' id='word_1_660' title='bbox 3545 4979 3670 5054; x_wconf 79' lang='grc' dir='ltr'><strong>χεὶρ</strong></span> <span class='ocrx_word' id='word_1_661' title='bbox 3723 4977 3807 5032; x_wconf 81' lang='grc' dir='ltr'><strong>ἐκ-</strong></span> 
     </span>
    </p>
   </div>
   <div class='ocr_carea' id='block_1_93' title="bbox 2154 5065 3806 5144">
    <p class='ocr_par' dir='ltr' id='par_1_93' title="bbox 2154 5065 3806 5144">
     <span class='ocr_line' id='line_1_94' title="bbox 2154 5065 3806 5144; baseline -0.003 -19"><span class='ocrx_word' id='word_1_662' title='bbox 2154 5071 2380 5126; x_wconf 89' lang='grc' dir='ltr'><strong>τείνεται</strong></span> <span class='ocrx_word' id='word_1_663' title='bbox 2409 5069 2498 5125; x_wconf 82' lang='grc' dir='ltr'>ἐπὶ</span> <span class='ocrx_word' id='word_1_664' title='bbox 2526 5072 2628 5140; x_wconf 76' lang='grc' dir='ltr'><strong>τήν</strong></span> <span class='ocrx_word' id='word_1_665' title='bbox 2673 5071 2844 5140; x_wconf 83' lang='grc' dir='ltr'><strong>κακὴν</strong></span> <span class='ocrx_word' id='word_1_666' title='bbox 2876 5070 3216 5142; x_wconf 79' lang='grc' dir='ltr'><strong>πλεονεξίαν·</strong></span> <span class='ocrx_word' id='word_1_667' title='bbox 3283 5073 3347 5126; x_wconf 88' lang='grc' dir='ltr'>οὐ</span> <span class='ocrx_word' id='word_1_668' title='bbox 3397 5075 3533 5132; x_wconf 89' lang='grc' dir='ltr'><strong>ποῦς</strong></span> <span class='ocrx_word' id='word_1_669' title='bbox 3599 5065 3806 5144; x_wconf 79' lang='grc' dir='ltr'><strong>βαδίζει</strong></span> 
     </span>
    </p>
   </div>
   <div class='ocr_carea' id='block_1_94' title="bbox 2154 5157 3806 5233">
    <p class='ocr_par' dir='ltr' id='par_1_94' title="bbox 2154 5157 3806 5233">
     <span class='ocr_line' id='line_1_95' title="bbox 2154 5157 3806 5233; baseline -0.002 -19"><span class='ocrx_word' id='word_1_670' title='bbox 2154 5159 2241 5214; x_wconf 75' lang='grc' dir='ltr'>ἐπὶ</span> <span class='ocrx_word' id='word_1_671' title='bbox 2271 5161 2370 5228; x_wconf 81' lang='grc' dir='ltr'><strong>τὴν</strong></span> <span class='ocrx_word' id='word_1_672' title='bbox 2407 5157 2640 5214; x_wconf 84' lang='grc' dir='ltr'><strong>ἀδικίαν·</strong></span> <span class='ocrx_word' id='word_1_673' title='bbox 2676 5159 2774 5214; x_wconf 79' lang='grc' dir='ltr'>οὐκ</span> <span class='ocrx_word' id='word_1_674' title='bbox 2832 5158 2953 5233; x_wconf 80' lang='grc' dir='ltr'><strong>ἐρᾷς</strong></span> <span class='ocrx_word' id='word_1_675' title='bbox 3003 5164 3113 5214; x_wconf 88' lang='grc' dir='ltr'>τῶν</span> <span class='ocrx_word' id='word_1_676' title='bbox 3166 5158 3500 5233; x_wconf 82' lang='grc' dir='ltr'><strong>ἀλλοτρίων·</strong></span> <span class='ocrx_word' id='word_1_677' title='bbox 3562 5157 3624 5212; x_wconf 90' lang='grc' dir='ltr'>οὐ</span> <span class='ocrx_word' id='word_1_678' title='bbox 3668 5175 3806 5229; x_wconf 82' lang='grc' dir='ltr'><strong>πορ-</strong></span> 
     </span>
    </p>
   </div>
   <div class='ocr_carea' id='block_1_95' title="bbox 2151 5245 3805 5324">
    <p class='ocr_par' dir='ltr' id='par_1_95' title="bbox 2151 5245 3805 5324">
     <span class='ocr_line' id='line_1_96' title="bbox 2151 5245 3805 5324; baseline -0.001 -24"><span class='ocrx_word' id='word_1_679' title='bbox 2151 5248 2344 5318; x_wconf 84' lang='grc' dir='ltr'><strong>νεύεις,</strong></span> <span class='ocrx_word' id='word_1_680' title='bbox 2376 5248 2474 5303; x_wconf 86' lang='grc' dir='ltr'>οὐκ</span> <span class='ocrx_word' id='word_1_681' title='bbox 2505 5249 2790 5321; x_wconf 81' lang='grc' dir='ltr'><strong>ἐπιθυμεῖς</strong></span> <span class='ocrx_word' id='word_1_682' title='bbox 2819 5250 2919 5316; x_wconf 75' lang='grc' dir='ltr'><strong>τὴν</strong></span> <span class='ocrx_word' id='word_1_683' title='bbox 2950 5253 3047 5303; x_wconf 90' lang='grc' dir='ltr'>τοῦ</span> <span class='ocrx_word' id='word_1_684' title='bbox 3095 5247 3335 5320; x_wconf 85' lang='grc' dir='ltr'><strong>πλησίον</strong></span> <span class='ocrx_word' id='word_1_685' title='bbox 3379 5253 3630 5324; x_wconf 75' lang='grc' dir='ltr'><strong>γυναῖκα.</strong></span> <span class='ocrx_word' id='word_1_686' title='bbox 3693 5245 3805 5300; x_wconf 83' lang='grc' dir='ltr'>Κό-</span> 
     </span>
    </p>
   </div>
   <div class='ocr_carea' id='block_1_96' title="bbox 2152 5333 3808 5414">
    <p class='ocr_par' dir='ltr' id='par_1_96' title="bbox 2152 5333 3808 5414">
     <span class='ocr_line' id='line_1_97' title="bbox 2152 5333 3808 5414; baseline -0.003 -22"><span class='ocrx_word' id='word_1_687' title='bbox 2152 5349 2318 5392; x_wconf 85' lang='grc' dir='ltr'><strong>Λασον</strong></span> <span class='ocrx_word' id='word_1_688' title='bbox 2345 5337 2451 5392; x_wconf 88' lang='grc' dir='ltr'><strong>ἀπὸ</strong></span> <span class='ocrx_word' id='word_1_689' title='bbox 2498 5334 2721 5411; x_wconf 88' lang='grc' dir='ltr'><strong>καρδίας</strong></span> <span class='ocrx_word' id='word_1_690' title='bbox 2796 5337 2864 5391; x_wconf 81' lang='grc' dir='ltr'><strong>τὰ</strong></span> <span class='ocrx_word' id='word_1_691' title='bbox 2920 5341 3150 5414; x_wconf 72' lang='grc' dir='ltr'><strong>πονηρά·</strong></span> <span class='ocrx_word' id='word_1_692' title='bbox 3212 5338 3344 5408; x_wconf 66' lang='grc' dir='ltr'><strong>ἴσθι,</strong></span> <span class='ocrx_word' id='word_1_693' title='bbox 3405 5338 3478 5399; x_wconf 85' lang='grc' dir='ltr'>ὡς</span> <span class='ocrx_word' id='word_1_694' title='bbox 3530 5333 3808 5402; x_wconf 79' lang='grc' dir='ltr'><strong>ἐπλάσθης</strong></span> 
     </span>
    </p>
   </div>
   <div class='ocr_carea' id='block_1_97' title="bbox 2157 5423 3805 5502">
    <p class='ocr_par' dir='ltr' id='par_1_97' title="bbox 2157 5423 3805 5502">
     <span class='ocr_line' id='line_1_98' title="bbox 2157 5423 3805 5502; baseline -0.002 -22"><span class='ocrx_word' id='word_1_695' title='bbox 2157 5427 2258 5480; x_wconf 84' lang='grc' dir='ltr'>ὑπὸ</span> <span class='ocrx_word' id='word_1_696' title='bbox 2301 5430 2459 5496; x_wconf 81' lang='grc' dir='ltr'><strong>Θεοῦ,</strong></span> <span class='ocrx_word' id='word_1_697' title='bbox 2507 5427 2596 5480; x_wconf 84' lang='grc' dir='ltr'>καὶ</span> <span class='ocrx_word' id='word_1_698' title='bbox 2631 5425 3049 5502; x_wconf 77' lang='grc' dir='ltr'><strong>εὐχαριστήσεις</strong></span> <span class='ocrx_word' id='word_1_699' title='bbox 3083 5426 3297 5499; x_wconf 78' lang='grc' dir='ltr'><strong>μᾶλλον</strong></span> <span class='ocrx_word' id='word_1_700' title='bbox 3338 5431 3418 5498; x_wconf 80' lang='grc' dir='ltr'><strong>τῷ</strong></span> <span class='ocrx_word' id='word_1_701' title='bbox 3455 5423 3805 5499; x_wconf 69' lang='grc' dir='ltr'><strong>δημιουργή-</strong></span> 
     </span>
    </p>
   </div>
   <div class='ocr_carea' id='block_1_98' title="bbox 2151 5510 3799 5592">
    <p class='ocr_par' dir='ltr' id='par_1_98' title="bbox 2151 5510 3799 5592">
     <span class='ocr_line' id='line_1_99' title="bbox 2151 5510 3799 5592; baseline -0.002 -24"><span class='ocrx_word' id='word_1_702' title='bbox 2151 5514 2302 5570; x_wconf 89' lang='grc' dir='ltr'><strong>σαντί</strong></span> <span class='ocrx_word' id='word_1_703' title='bbox 2335 5537 2412 5572; x_wconf 88' lang='grc' dir='ltr'>σε.</span> <span class='ocrx_word' id='word_1_704' title='bbox 2447 5515 2537 5585; x_wconf 81' lang='grc' dir='ltr'>Ἐξ</span> <span class='ocrx_word' id='word_1_705' title='bbox 2564 5517 2745 5590; x_wconf 83' lang='grc' dir='ltr'><strong>ἀρχῆς</strong></span> <span class='ocrx_word' id='word_1_706' title='bbox 2777 5516 2804 5568; x_wconf 90' lang='grc' dir='ltr'>ὁ</span> <span class='ocrx_word' id='word_1_707' title='bbox 2838 5513 3016 5588; x_wconf 78' lang='grc' dir='ltr'><strong>Ἀδὰμ</strong></span> <span class='ocrx_word' id='word_1_708' title='bbox 3071 5516 3278 5592; x_wconf 86' lang='grc' dir='ltr'><strong>γυμνὸς</strong></span> <span class='ocrx_word' id='word_1_709' title='bbox 3316 5517 3407 5585; x_wconf 77' lang='grc' dir='ltr'><strong>ἦν,</strong></span> <span class='ocrx_word' id='word_1_710' title='bbox 3469 5519 3684 5590; x_wconf 77' lang='grc' dir='ltr'><strong>τρυφῶν</strong></span> <span class='ocrx_word' id='word_1_711' title='bbox 3745 5510 3799 5566; x_wconf 66' lang='grc' dir='ltr'>ἐν</span> 
     </span>
    </p>
   </div>
   <div class='ocr_carea' id='block_1_99' title="bbox 2150 5597 3806 5681">
    <p class='ocr_par' dir='ltr' id='par_1_99' title="bbox 2150 5597 3806 5681">
     <span class='ocr_line' id='line_1_100' title="bbox 2150 5597 3806 5681; baseline -0.003 -22"><span class='ocrx_word' id='word_1_712' title='bbox 2150 5602 2483 5676; x_wconf 78' lang='grc' dir='ltr'><strong>παραδείσῳ·</strong></span> <span class='ocrx_word' id='word_1_713' title='bbox 2517 5605 2606 5659; x_wconf 80' lang='grc' dir='ltr'>καὶ</span> <span class='ocrx_word' id='word_1_714' title='bbox 2639 5599 2822 5658; x_wconf 76' lang='grc' dir='ltr'><strong>λαϐὼν</strong></span> <span class='ocrx_word' id='word_1_715' title='bbox 2855 5605 2954 5671; x_wconf 80' lang='grc' dir='ltr'><strong>τήν</strong></span> <span class='ocrx_word' id='word_1_716' title='bbox 3000 5603 3253 5676; x_wconf 82' lang='grc' dir='ltr'><strong>ἐντολὴν,</strong></span> <span class='ocrx_word' id='word_1_717' title='bbox 3314 5606 3389 5678; x_wconf 76' lang='grc' dir='ltr'><strong>μὴ</strong></span> <span class='ocrx_word' id='word_1_718' title='bbox 3453 5602 3690 5681; x_wconf 71' lang='grc' dir='ltr'><strong>φυλάξας</strong></span> <span class='ocrx_word' id='word_1_719' title='bbox 3747 5597 3806 5654; x_wconf 73' lang='grc' dir='ltr'>δὶ</span> 
     </span>
    </p>
   </div>
   <div class='ocr_carea' id='block_1_100' title="bbox 2149 5692 3818 5771">
    <p class='ocr_par' dir='ltr' id='par_1_100' title="bbox 2149 5692 3818 5771">
     <span class='ocr_line' id='line_1_101' title="bbox 2149 5692 3818 5771; baseline -0.002 -22"><span class='ocrx_word' id='word_1_720' title='bbox 2149 5694 2379 5765; x_wconf 74' lang='grc' dir='ltr'><strong>ταύτην,</strong></span> <span class='ocrx_word' id='word_1_721' title='bbox 2411 5694 2499 5750; x_wconf 82' lang='grc' dir='ltr'>καί</span> <span class='ocrx_word' id='word_1_722' title='bbox 2531 5693 2772 5757; x_wconf 81' lang='grc' dir='ltr'><strong>ἐκτείνας</strong></span> <span class='ocrx_word' id='word_1_723' title='bbox 2802 5699 2984 5758; x_wconf 81' lang='grc' dir='ltr'><strong>κακῶς</strong></span> <span class='ocrx_word' id='word_1_724' title='bbox 3033 5697 3129 5764; x_wconf 67' lang='grc' dir='ltr'><strong>τὴν</strong></span> <span class='ocrx_word' id='word_1_725' title='bbox 3181 5701 3343 5771; x_wconf 79' lang='grc' dir='ltr'><strong>χεῖρα</strong></span> <span class='ocrx_word' id='word_1_726' title='bbox 3403 5692 3488 5769; x_wconf 73' lang='grc' dir='ltr'><strong>(οὐ</strong></span> <span class='ocrx_word' id='word_1_727' title='bbox 3539 5695 3637 5761; x_wconf 70' lang='grc' dir='ltr'>τῆς</span> <span class='ocrx_word' id='word_1_728' title='bbox 3697 5711 3818 5768; x_wconf 88' lang='grc' dir='ltr'><strong>χει-</strong></span> 
     </span>
    </p>
   </div>
  </div>
