  <div class='ocr_page' id='page_1' title='image "/cluster/home/n/w/nwhite01/storage/ocr_20150623/33/mdp.39015078384412/336.png"; bbox 0 0 4132 6266; ppageno 0'>
   <div class='ocr_carea' id='block_1_1' title="bbox 382 357 499 417">
    <p class='ocr_par' dir='ltr' id='par_1_1' title="bbox 382 357 499 417">
     <span class='ocr_line' id='line_1_1' title="bbox 382 357 499 417; baseline -0.034 0"><span class='ocrx_word' id='word_1_1' title='bbox 382 357 499 417; x_wconf 79' lang='grc'>65⁵1</span> 
     </span>
    </p>
   </div>
   <div class='ocr_carea' id='block_1_2' title="bbox 1108 350 3046 417">
    <p class='ocr_par' dir='ltr' id='par_1_2' title="bbox 1108 350 3046 417">
     <span class='ocr_line' id='line_1_2' title="bbox 1108 350 3046 417; baseline 0 -3"><span class='ocrx_word' id='word_1_2' title='bbox 1108 350 1579 414; x_wconf 83' lang='lat' dir='ltr'>CATECHESIS</span> <span class='ocrx_word' id='word_1_3' title='bbox 1627 352 1700 412; x_wconf 84' lang='lat' dir='ltr'>X.</span> <span class='ocrx_word' id='word_1_4' title='bbox 1748 352 1848 410; x_wconf 77' lang='lat' dir='ltr'>DF.</span> <span class='ocrx_word' id='word_1_5' title='bbox 1894 352 2064 411; x_wconf 79' lang='grc' dir='ltr'>ΠΝο</span> <span class='ocrx_word' id='word_1_6' title='bbox 2109 350 2420 413; x_wconf 79' lang='lat' dir='ltr'>DOMINO</span> <span class='ocrx_word' id='word_1_7' title='bbox 2462 354 2649 417; x_wconf 59' lang='lat' dir='ltr'>JESU</span> <span class='ocrx_word' id='word_1_8' title='bbox 2693 355 3046 416; x_wconf 76' lang='lat' dir='ltr'>CHRISTO.</span> 
     </span>
    </p>
   </div>
   <div class='ocr_carea' id='block_1_3' title="bbox 3681 359 3800 421">
    <p class='ocr_par' dir='ltr' id='par_1_3' title="bbox 3681 359 3800 421">
     <span class='ocr_line' id='line_1_3' title="bbox 3681 359 3800 421; baseline -0.017 0"><span class='ocrx_word' id='word_1_9' title='bbox 3681 359 3800 421; x_wconf 79' lang='grc'>658</span> 
     </span>
    </p>
   </div>
   <div class='ocr_carea' id='block_1_4' title="bbox 384 480 2037 565">
    <p class='ocr_par' dir='ltr' id='par_1_4' title="bbox 384 480 2037 561">
     <span class='ocr_line' id='line_1_4' title="bbox 384 480 2037 561; baseline -0.004 -18"><span class='ocrx_word' id='word_1_10' title='bbox 384 488 478 559; x_wconf 80' lang='grc' dir='ltr'>ρὸς</span> <span class='ocrx_word' id='word_1_11' title='bbox 504 487 666 542; x_wconf 76' lang='grc' dir='ltr'>τοῦτο</span> <span class='ocrx_word' id='word_1_12' title='bbox 701 480 1074 561; x_wconf 76' lang='grc' dir='ltr'>βουλομένης,</span> <span class='ocrx_word' id='word_1_13' title='bbox 1102 488 1205 553; x_wconf 77' lang='grc' dir='ltr'>τῆς</span> <span class='ocrx_word' id='word_1_14' title='bbox 1255 480 1314 539; x_wconf 65' lang='lat' dir='ltr'>Si</span> <span class='ocrx_word' id='word_1_15' title='bbox 1340 483 1714 559; x_wconf 70' lang='grc' dir='ltr'>προαιρέσεως</span> <span class='ocrx_word' id='word_1_16' title='bbox 1738 483 1839 551; x_wconf 83' lang='grc' dir='ltr'>τὴν</span> <span class='ocrx_word' id='word_1_17' title='bbox 1873 486 2037 558; x_wconf 80' lang='grc' dir='ltr'>χεῖρα</span> 
     </span>
    </p>
   </div>
   <div class='ocr_carea' id='block_1_5' title="bbox 2153 480 3799 565">
    <p class='ocr_par' dir='ltr' id='par_1_5' title="bbox 2153 487 3799 565">
     <span class='ocr_line' id='line_1_5' title="bbox 2153 487 3799 565; baseline 0.006 -25"><span class='ocrx_word' id='word_1_18' title='bbox 2153 487 2518 557; x_wconf 86' lang='lat' dir='ltr'>servavisset,</span> <span class='ocrx_word' id='word_1_19' title='bbox 2544 489 2649 544; x_wconf 88' lang='lat' dir='ltr'>sed</span> <span class='ocrx_word' id='word_1_20' title='bbox 2697 506 2871 561; x_wconf 82' lang='lat' dir='ltr'>prave</span> <span class='ocrx_word' id='word_1_21' title='bbox 2930 490 3297 546; x_wconf 69' lang='lat' dir='ltr'>ostendisset</span> <span class='ocrx_word' id='word_1_22' title='bbox 3327 508 3595 561; x_wconf 87' lang='lat' dir='ltr'>manum,</span> <span class='ocrx_word' id='word_1_23' title='bbox 3627 496 3644 565; x_wconf 82' lang='lat'>(</span> <span class='ocrx_word' id='word_1_24' title='bbox 3677 511 3799 550; x_wconf 83' lang='lat' dir='ltr'>non</span> 
     </span>
    </p>
   </div>
   <div class='ocr_carea' id='block_1_6' title="bbox 384 570 2040 651">
    <p class='ocr_par' dir='ltr' id='par_1_6' title="bbox 384 570 2040 651">
     <span class='ocr_line' id='line_1_6' title="bbox 384 570 2040 651; baseline -0.005 -17"><span class='ocrx_word' id='word_1_25' title='bbox 384 579 462 641; x_wconf 79' lang='grc' dir='ltr'>εἰς</span> <span class='ocrx_word' id='word_1_26' title='bbox 492 577 523 633; x_wconf 80' lang='grc' dir='ltr'>ὅ</span> <span class='ocrx_word' id='word_1_27' title='bbox 555 579 632 651; x_wconf 76' lang='grc' dir='ltr'>μὴ</span> <span class='ocrx_word' id='word_1_28' title='bbox 662 573 770 632; x_wconf 82' lang='grc' dir='ltr'>ἔδει</span> <span class='ocrx_word' id='word_1_29' title='bbox 803 572 1158 647; x_wconf 76' lang='grc' dir='ltr'>ἐκτεινάσης),</span> <span class='ocrx_word' id='word_1_30' title='bbox 1192 570 1282 629; x_wconf 80' lang='grc' dir='ltr'>διὰ</span> <span class='ocrx_word' id='word_1_31' title='bbox 1338 574 1438 643; x_wconf 78' lang='grc' dir='ltr'>τὴν</span> <span class='ocrx_word' id='word_1_32' title='bbox 1498 573 1781 645; x_wconf 72' lang='grc' dir='ltr'>παρακοήν</span> <span class='ocrx_word' id='word_1_33' title='bbox 1840 571 1934 627; x_wconf 85' lang='grc' dir='ltr'>καὶ</span> <span class='ocrx_word' id='word_1_34' title='bbox 1965 571 2040 626; x_wconf 84' lang='grc' dir='ltr'>ὧν</span> 
     </span>
    </p>
   </div>
   <div class='ocr_carea' id='block_1_7' title="bbox 390 660 2044 743">
    <p class='ocr_par' dir='ltr' id='par_1_7' title="bbox 390 660 2044 743">
     <span class='ocr_line' id='line_1_7' title="bbox 390 660 2044 743; baseline -0.005 -19"><span class='ocrx_word' id='word_1_35' title='bbox 390 664 549 743; x_wconf 81' lang='grc' dir='ltr'>ἔσχεν</span> <span class='ocrx_word' id='word_1_36' title='bbox 583 667 767 721; x_wconf 78' lang='grc' dir='ltr'>καλῶν</span> <span class='ocrx_word' id='word_1_37' title='bbox 793 664 1055 736; x_wconf 73' lang='grc' dir='ltr'>ἐξέπεσεν.</span> <span class='ocrx_word' id='word_1_38' title='bbox 1088 663 1277 726; x_wconf 77' lang='grc' dir='ltr'>Οὕτως</span> <span class='ocrx_word' id='word_1_39' title='bbox 1310 663 1372 718; x_wconf 82' lang='grc' dir='ltr'>οὐ</span> <span class='ocrx_word' id='word_1_40' title='bbox 1414 663 1484 718; x_wconf 80' lang='grc' dir='ltr'>τὰ</span> <span class='ocrx_word' id='word_1_41' title='bbox 1542 660 1685 735; x_wconf 70' lang='grc' dir='ltr'>μέλη</span> <span class='ocrx_word' id='word_1_42' title='bbox 1742 666 1860 723; x_wconf 78' lang='grc' dir='ltr'>τοῖς</span> <span class='ocrx_word' id='word_1_43' title='bbox 1890 681 2044 737; x_wconf 86' lang='grc' dir='ltr'>χρω-</span> 
     </span>
    </p>
   </div>
   <div class='ocr_carea' id='block_1_8' title="bbox 393 748 2042 830">
    <p class='ocr_par' dir='ltr' id='par_1_8' title="bbox 393 748 2042 830">
     <span class='ocr_line' id='line_1_8' title="bbox 393 748 2042 830; baseline -0.004 -19"><span class='ocrx_word' id='word_1_44' title='bbox 393 754 582 830; x_wconf 81' lang='grc' dir='ltr'>μένοις</span> <span class='ocrx_word' id='word_1_45' title='bbox 612 753 760 810; x_wconf 76' lang='grc' dir='ltr'>αἲ¹τια</span> <span class='ocrx_word' id='word_1_46' title='bbox 787 761 887 823; x_wconf 83' lang='grc' dir='ltr'>τῆς</span> <span class='ocrx_word' id='word_1_47' title='bbox 917 751 1206 827; x_wconf 79' lang='grc' dir='ltr'>ἁμαρτίας,</span> <span class='ocrx_word' id='word_1_48' title='bbox 1238 750 1367 808; x_wconf 85' lang='grc' dir='ltr'>ἀλλ’</span> <span class='ocrx_word' id='word_1_49' title='bbox 1396 754 1431 821; x_wconf 80' lang='grc' dir='ltr'><strong>ἡ</strong></span> <span class='ocrx_word' id='word_1_50' title='bbox 1489 753 1630 819; x_wconf 81' lang='grc' dir='ltr'>κακὴ</span> <span class='ocrx_word' id='word_1_51' title='bbox 1685 748 1916 819; x_wconf 77' lang='grc' dir='ltr'>διάνοια,</span> <span class='ocrx_word' id='word_1_52' title='bbox 1967 748 2042 812; x_wconf 82' lang='grc' dir='ltr'>ὥς</span> 
     </span>
    </p>
   </div>
   <div class='ocr_carea' id='block_1_9' title="bbox 393 838 2044 924">
    <p class='ocr_par' dir='ltr' id='par_1_9' title="bbox 393 838 2044 924">
     <span class='ocr_line' id='line_1_9' title="bbox 393 838 2044 924; baseline -0.003 -25"><span class='ocrx_word' id='word_1_53' title='bbox 393 868 559 924; x_wconf 87' lang='grc' dir='ltr'>φησιν</span> <span class='ocrx_word' id='word_1_54' title='bbox 593 845 622 900; x_wconf 84' lang='grc' dir='ltr'><strong>ὁ</strong></span> <span class='ocrx_word' id='word_1_55' title='bbox 653 844 879 918; x_wconf 78' lang='grc' dir='ltr'>Κύριος⁸</span> <span class='ocrx_word' id='word_1_56' title='bbox 930 842 1073 898; x_wconf 84' lang='grc' dir='ltr'>Ἀπὸ</span> <span class='ocrx_word' id='word_1_57' title='bbox 1121 843 1226 916; x_wconf 81' lang='grc' dir='ltr'>γὰρ</span> <span class='ocrx_word' id='word_1_58' title='bbox 1281 846 1381 910; x_wconf 80' lang='grc' dir='ltr'>τῆς</span> <span class='ocrx_word' id='word_1_59' title='bbox 1450 838 1675 913; x_wconf 80' lang='grc' dir='ltr'>καρδίας</span> <span class='ocrx_word' id='word_1_60' title='bbox 1731 840 2044 914; x_wconf 69' lang='grc' dir='ltr'>ἐξέρχονται</span> 
     </span>
    </p>
   </div>
   <div class='ocr_carea' id='block_1_10' title="bbox 397 929 2040 1010">
    <p class='ocr_par' dir='ltr' id='par_1_10' title="bbox 397 929 2040 1010">
     <span class='ocr_line' id='line_1_10' title="bbox 397 929 2040 1010; baseline -0.004 -20"><span class='ocrx_word' id='word_1_61' title='bbox 397 934 663 1010; x_wconf 82' lang='grc' dir='ltr'>λογισμοὶ</span> <span class='ocrx_word' id='word_1_62' title='bbox 754 931 1019 1006; x_wconf 86' lang='grc' dir='ltr'>πονηροὶ,</span> <span class='ocrx_word' id='word_1_63' title='bbox 1104 935 1377 1005; x_wconf 80' lang='grc' dir='ltr'>πορνεῖαι,</span> <span class='ocrx_word' id='word_1_64' title='bbox 1467 934 1735 1004; x_wconf 81' lang='grc' dir='ltr'>μοιχεῖαι,</span> <span class='ocrx_word' id='word_1_65' title='bbox 1829 929 2040 996; x_wconf 84' lang='grc' dir='ltr'>φθόνοι,</span> 
     </span>
    </p>
   </div>
   <div class='ocr_carea' id='block_1_11' title="bbox 385 1015 2046 1093">
    <p class='ocr_par' dir='ltr' id='par_1_11' title="bbox 385 1015 2046 1093">
     <span class='ocr_line' id='line_1_11' title="bbox 385 1015 2046 1093; baseline -0.002 -16"><span class='ocrx_word' id='word_1_66' title='bbox 385 1023 477 1078; x_wconf 85' lang='grc' dir='ltr'>καὶ</span> <span class='ocrx_word' id='word_1_67' title='bbox 498 1023 567 1077; x_wconf 75' lang='grc' dir='ltr'>τὰ</span> <span class='ocrx_word' id='word_1_68' title='bbox 594 1020 816 1076; x_wconf 75' lang='grc' dir='ltr'>τούτοις</span> <span class='ocrx_word' id='word_1_69' title='bbox 850 1018 1037 1093; x_wconf 74' lang='grc' dir='ltr'>ὅμοια.</span> <span class='ocrx_word' id='word_1_70' title='bbox 1071 1021 1159 1076; x_wconf 87' lang='grc' dir='ltr'>Ἐν</span> <span class='ocrx_word' id='word_1_71' title='bbox 1191 1020 1274 1082; x_wconf 84' lang='grc' dir='ltr'>οἷς</span> <span class='ocrx_word' id='word_1_72' title='bbox 1305 1015 1573 1093; x_wconf 73' lang='grc' dir='ltr'>βοόλει,ἐν</span> <span class='ocrx_word' id='word_1_73' title='bbox 1603 1016 1817 1081; x_wconf 74' lang='grc' dir='ltr'>τούτοις</span> <span class='ocrx_word' id='word_1_74' title='bbox 1848 1019 2046 1091; x_wconf 78' lang='grc' dir='ltr'>ὑπηρε-</span> 
     </span>
    </p>
   </div>
   <div class='ocr_carea' id='block_1_12' title="bbox 381 1106 2042 1182">
    <p class='ocr_par' dir='ltr' id='par_1_12' title="bbox 381 1106 2042 1182">
     <span class='ocr_line' id='line_1_12' title="bbox 381 1106 2042 1182; baseline -0.004 -14"><span class='ocrx_word' id='word_1_75' title='bbox 381 1111 555 1168; x_wconf 70' lang='grc' dir='ltr'>τὲῐταί</span> <span class='ocrx_word' id='word_1_76' title='bbox 588 1131 673 1164; x_wconf 89' lang='grc' dir='ltr'>σοι</span> <span class='ocrx_word' id='word_1_77' title='bbox 729 1110 799 1165; x_wconf 80' lang='grc' dir='ltr'>τὰ</span> <span class='ocrx_word' id='word_1_78' title='bbox 858 1108 1025 1182; x_wconf 71' lang='grc' dir='ltr'>μέλη.</span> <span class='ocrx_word' id='word_1_79' title='bbox 1087 1110 1270 1165; x_wconf 77' lang='grc' dir='ltr'>Ταῦτα</span> <span class='ocrx_word' id='word_1_80' title='bbox 1321 1107 1460 1170; x_wconf 77' lang='grc' dir='ltr'>πρὸς</span> <span class='ocrx_word' id='word_1_81' title='bbox 1507 1107 1802 1182; x_wconf 79' lang='grc' dir='ltr'>ὑπηρεσίαν</span> <span class='ocrx_word' id='word_1_82' title='bbox 1858 1106 2042 1170; x_wconf 83' lang='grc' dir='ltr'>καλῶς</span> 
     </span>
    </p>
   </div>
   <div class='ocr_carea' id='block_1_13' title="bbox 390 1192 2041 1275">
    <p class='ocr_par' dir='ltr' id='par_1_13' title="bbox 390 1192 2041 1275">
     <span class='ocr_line' id='line_1_13' title="bbox 390 1192 2041 1275; baseline -0.002 -19"><span class='ocrx_word' id='word_1_83' title='bbox 390 1205 491 1267; x_wconf 79' lang='grc' dir='ltr'>τῆς</span> <span class='ocrx_word' id='word_1_84' title='bbox 520 1202 704 1275; x_wconf 82' lang='grc' dir='ltr'>ψυχῆς</span> <span class='ocrx_word' id='word_1_85' title='bbox 742 1200 960 1275; x_wconf 66' lang='grc' dir='ltr'>γέγονε*</span> <span class='ocrx_word' id='word_1_86' title='bbox 1019 1200 1187 1252; x_wconf 73' lang='grc' dir='ltr'>ταῦτα</span> <span class='ocrx_word' id='word_1_87' title='bbox 1243 1192 1416 1251; x_wconf 78' lang='grc' dir='ltr'>δοῦλα</span> <span class='ocrx_word' id='word_1_88' title='bbox 1469 1201 1548 1268; x_wconf 81' lang='grc' dir='ltr'>τῷ</span> <span class='ocrx_word' id='word_1_89' title='bbox 1607 1196 1860 1273; x_wconf 74' lang='grc' dir='ltr'>λογισμῷ</span> <span class='ocrx_word' id='word_1_90' title='bbox 1913 1217 2041 1252; x_wconf 86' lang='grc' dir='ltr'>κατ-</span> 
     </span>
    </p>
   </div>
   <div class='ocr_carea' id='block_1_14' title="bbox 392 1282 2043 1362">
    <p class='ocr_par' dir='ltr' id='par_1_14' title="bbox 392 1282 2043 1362">
     <span class='ocr_line' id='line_1_14' title="bbox 392 1282 2043 1362; baseline -0.004 -16"><span class='ocrx_word' id='word_1_91' title='bbox 392 1288 723 1346; x_wconf 80' lang='grc' dir='ltr'>εσκεύασται,</span> <span class='ocrx_word' id='word_1_92' title='bbox 756 1283 1087 1362; x_wconf 84' lang='grc' dir='ltr'>Ἣνιὸχησον</span> <span class='ocrx_word' id='word_1_93' title='bbox 1135 1289 1304 1340; x_wconf 81' lang='grc' dir='ltr'>ταῦτα</span> <span class='ocrx_word' id='word_1_94' title='bbox 1361 1282 1549 1347; x_wconf 81' lang='grc' dir='ltr'>καλῶς</span> <span class='ocrx_word' id='word_1_95' title='bbox 1599 1290 1680 1356; x_wconf 86' lang='grc' dir='ltr'>τῷ</span> <span class='ocrx_word' id='word_1_96' title='bbox 1735 1288 1833 1354; x_wconf 77' lang='grc' dir='ltr'>τῆς</span> <span class='ocrx_word' id='word_1_97' title='bbox 1891 1284 2043 1341; x_wconf 80' lang='grc' dir='ltr'>εὐσε-</span> 
     </span>
    </p>
   </div>
   <div class='ocr_carea' id='block_1_15' title="bbox 392 1368 2040 1451">
    <p class='ocr_par' dir='ltr' id='par_1_15' title="bbox 392 1368 2040 1451">
     <span class='ocr_line' id='line_1_15' title="bbox 392 1368 2040 1451; baseline -0.003 -18"><span class='ocrx_word' id='word_1_98' title='bbox 392 1374 541 1441; x_wconf 81' lang='grc' dir='ltr'>ϐείας</span> <span class='ocrx_word' id='word_1_99' title='bbox 568 1379 854 1450; x_wconf 75' lang='grc' dir='ltr'>κινήματιο</span> <span class='ocrx_word' id='word_1_100' title='bbox 891 1374 1203 1451; x_wconf 87' lang='grc' dir='ltr'>χαλίνωσον</span> <span class='ocrx_word' id='word_1_101' title='bbox 1234 1374 1368 1430; x_wconf 77' lang='grc' dir='ltr'>αὐτὰ</span> <span class='ocrx_word' id='word_1_102' title='bbox 1417 1378 1500 1446; x_wconf 79' lang='grc' dir='ltr'>τῷ</span> <span class='ocrx_word' id='word_1_103' title='bbox 1546 1377 1645 1429; x_wconf 79' lang='grc' dir='ltr'>τοῦ</span> <span class='ocrx_word' id='word_1_104' title='bbox 1701 1373 1835 1429; x_wconf 78' lang='grc' dir='ltr'>Θεοῦ</span> <span class='ocrx_word' id='word_1_105' title='bbox 1866 1368 2040 1450; x_wconf 78' lang='grc' dir='ltr'>φόϐῳ·</span> 
     </span>
    </p>
   </div>
   <div class='ocr_carea' id='block_1_16' title="bbox 396 1462 2042 1541">
    <p class='ocr_par' dir='ltr' id='par_1_16' title="bbox 396 1462 2042 1541">
     <span class='ocr_line' id='line_1_16' title="bbox 396 1462 2042 1541; baseline -0.002 -19"><span class='ocrx_word' id='word_1_106' title='bbox 396 1465 831 1541; x_wconf 81' lang='grc' dir='ltr'>ὃουλαγώγησον</span> <span class='ocrx_word' id='word_1_107' title='bbox 864 1464 1003 1523; x_wconf 80' lang='grc' dir='ltr'>αὐτᾶ</span> <span class='ocrx_word' id='word_1_108' title='bbox 1029 1462 1109 1537; x_wconf 80' lang='grc' dir='ltr'>τῷ</span> <span class='ocrx_word' id='word_1_109' title='bbox 1135 1469 1236 1534; x_wconf 84' lang='grc' dir='ltr'>τῆς</span> <span class='ocrx_word' id='word_1_110' title='bbox 1264 1462 1620 1539; x_wconf 80' lang='grc' dir='ltr'>σωφροσύνης</span> <span class='ocrx_word' id='word_1_111' title='bbox 1670 1484 1761 1518; x_wconf 86' lang='grc' dir='ltr'>και</span> <span class='ocrx_word' id='word_1_112' title='bbox 1790 1470 1890 1534; x_wconf 83' lang='grc' dir='ltr'>τῆς</span> <span class='ocrx_word' id='word_1_113' title='bbox 1946 1485 2042 1534; x_wconf 91' lang='grc' dir='ltr'>νη-</span> 
     </span>
    </p>
   </div>
   <div class='ocr_carea' id='block_1_17' title="bbox 387 1551 2043 1629">
    <p class='ocr_par' dir='ltr' id='par_1_17' title="bbox 387 1551 2043 1629">
     <span class='ocr_line' id='line_1_17' title="bbox 387 1551 2043 1629; baseline -0.004 -16"><span class='ocrx_word' id='word_1_114' title='bbox 387 1555 570 1618; x_wconf 85' lang='grc' dir='ltr'>στείας</span> <span class='ocrx_word' id='word_1_115' title='bbox 601 1555 784 1628; x_wconf 82' lang='grc' dir='ltr'>πόθῳ,</span> <span class='ocrx_word' id='word_1_116' title='bbox 815 1555 905 1610; x_wconf 79' lang='grc' dir='ltr'>καὶ</span> <span class='ocrx_word' id='word_1_117' title='bbox 945 1551 1206 1610; x_wconf 80' lang='grc' dir='ltr'>οὐδεποτε</span> <span class='ocrx_word' id='word_1_118' title='bbox 1261 1552 1686 1622; x_wconf 73' lang='grc' dir='ltr'>ἐπαναστήσεταί</span> <span class='ocrx_word' id='word_1_119' title='bbox 1717 1573 1802 1607; x_wconf 89' lang='grc' dir='ltr'>σοι</span> <span class='ocrx_word' id='word_1_120' title='bbox 1849 1572 2043 1629; x_wconf 88' lang='grc' dir='ltr'>τυραν-</span> 
     </span>
    </p>
   </div>
   <div class='ocr_carea' id='block_1_18' title="bbox 381 1640 2041 1717">
    <p class='ocr_par' dir='ltr' id='par_1_18' title="bbox 381 1640 2041 1717">
     <span class='ocr_line' id='line_1_18' title="bbox 381 1640 2041 1717; baseline -0.002 -17"><span class='ocrx_word' id='word_1_121' title='bbox 381 1647 591 1700; x_wconf 76' lang='grc' dir='ltr'>νοῦντα</span> <span class='ocrx_word' id='word_1_122' title='bbox 618 1644 760 1700; x_wconf 79' lang='grc' dir='ltr'>κατὰ</span> <span class='ocrx_word' id='word_1_123' title='bbox 789 1647 904 1698; x_wconf 70' lang='grc' dir='ltr'>σοῦ·</span> <span class='ocrx_word' id='word_1_124' title='bbox 967 1642 1193 1717; x_wconf 79' lang='grc' dir='ltr'>φυλάξει</span> <span class='ocrx_word' id='word_1_125' title='bbox 1253 1640 1311 1697; x_wconf 75' lang='grc' dir='ltr'><strong>δέ</strong></span> <span class='ocrx_word' id='word_1_126' title='bbox 1358 1662 1416 1697; x_wconf 85' lang='grc' dir='ltr'>σε</span> <span class='ocrx_word' id='word_1_127' title='bbox 1476 1640 1714 1714; x_wconf 80' lang='grc' dir='ltr'>μᾶλλον,</span> <span class='ocrx_word' id='word_1_128' title='bbox 1777 1641 2041 1714; x_wconf 83' lang='grc' dir='ltr'>μειζόνως</span> 
     </span>
    </p>
   </div>
   <div class='ocr_carea' id='block_1_19' title="bbox 376 1728 2042 1805">
    <p class='ocr_par' dir='ltr' id='par_1_19' title="bbox 376 1728 2042 1805">
     <span class='ocr_line' id='line_1_19' title="bbox 376 1728 2042 1805; baseline -0.002 -16"><span class='ocrx_word' id='word_1_129' title='bbox 376 1734 479 1803; x_wconf 84' lang='grc' dir='ltr'>τήν</span> <span class='ocrx_word' id='word_1_130' title='bbox 521 1733 663 1788; x_wconf 85' lang='grc' dir='ltr'>κατᾶ</span> <span class='ocrx_word' id='word_1_131' title='bbox 689 1736 787 1788; x_wconf 80' lang='grc' dir='ltr'>τοῦ</span> <span class='ocrx_word' id='word_1_132' title='bbox 819 1728 1087 1787; x_wconf 81' lang='grc' dir='ltr'>διαϐόλου</span> <span class='ocrx_word' id='word_1_133' title='bbox 1133 1731 1289 1801; x_wconf 91' lang='grc' dir='ltr'>νίκην</span> <span class='ocrx_word' id='word_1_134' title='bbox 1322 1752 1407 1787; x_wconf 89' lang='grc' dir='ltr'>σοι</span> <span class='ocrx_word' id='word_1_135' title='bbox 1466 1729 1847 1805; x_wconf 81' lang='grc' dir='ltr'>προξενοῦντα,</span> <span class='ocrx_word' id='word_1_136' title='bbox 1880 1732 2042 1786; x_wconf 79' lang='grc' dir='ltr'>ἀπεκ-</span> 
     </span>
    </p>
   </div>
   <div class='ocr_carea' id='block_1_20' title="bbox 390 1821 2122 1918">
    <p class='ocr_par' dir='ltr' id='par_1_20' title="bbox 390 1821 2122 1918">
     <span class='ocr_line' id='line_1_20' title="bbox 390 1821 2122 1918; baseline -0.002 -37"><span class='ocrx_word' id='word_1_137' title='bbox 390 1823 697 1900; x_wconf 76' lang='grc' dir='ltr'>δεχόμενον</span> <span class='ocrx_word' id='word_1_138' title='bbox 719 1824 811 1879; x_wconf 84' lang='grc' dir='ltr'>καὶ</span> <span class='ocrx_word' id='word_1_139' title='bbox 835 1830 936 1918; x_wconf 64' lang='grc' dir='ltr'>τῇς</span> <span class='ocrx_word' id='word_1_140' title='bbox 991 1823 1144 1894; x_wconf 89' lang='grc' dir='ltr'>νίκης</span> <span class='ocrx_word' id='word_1_141' title='bbox 1199 1823 1294 1879; x_wconf 81' lang='grc' dir='ltr'>τὸν</span> <span class='ocrx_word' id='word_1_142' title='bbox 1354 1821 1623 1897; x_wconf 80' lang='grc' dir='ltr'>ἄφθαρτον</span> <span class='ocrx_word' id='word_1_143' title='bbox 1681 1823 1771 1878; x_wconf 76' lang='grc' dir='ltr'>καὶ</span> <span class='ocrx_word' id='word_1_144' title='bbox 1820 1822 2041 1878; x_wconf 83' lang='grc' dir='ltr'>αίώνιον</span> <span class='ocrx_word' id='word_1_145' title='bbox 2074 1851 2122 1918; x_wconf 80' lang='grc' dir='ltr'>Β</span> 
     </span>
    </p>
   </div>
   <div class='ocr_carea' id='block_1_21' title="bbox 384 1909 1962 1992">
    <p class='ocr_par' dir='ltr' id='par_1_21' title="bbox 384 1909 1962 1992">
     <span class='ocr_line' id='line_1_21' title="bbox 384 1909 1962 1992; baseline -0.001 -23"><span class='ocrx_word' id='word_1_146' title='bbox 384 1917 668 1992; x_wconf 68' lang='grc' dir='ltr'>στέφανον.</span> <span class='ocrx_word' id='word_1_147' title='bbox 698 1912 795 1977; x_wconf 86' lang='grc' dir='ltr'>Τίς</span> <span class='ocrx_word' id='word_1_148' title='bbox 816 1913 846 1967; x_wconf 85' lang='grc' dir='ltr'>ὁ</span> <span class='ocrx_word' id='word_1_149' title='bbox 877 1909 1170 1986; x_wconf 84' lang='grc' dir='ltr'>διανοίγων</span> <span class='ocrx_word' id='word_1_150' title='bbox 1204 1932 1389 1975; x_wconf 86' lang='grc' dir='ltr'>οικυυς</span> <span class='ocrx_word' id='word_1_151' title='bbox 1422 1912 1631 1987; x_wconf 75' lang='grc' dir='ltr'>μήτρας</span> <span class='ocrx_word' id='word_1_152' title='bbox 1664 1933 1679 1983; x_wconf 76' lang='grc' dir='ltr'>ς</span> <span class='ocrx_word' id='word_1_153' title='bbox 1710 1912 1820 1981; x_wconf 86' lang='grc' dir='ltr'>τίς,</span> <span class='ocrx_word' id='word_1_154' title='bbox 1853 1919 1962 1970; x_wconf 83' lang='lat' dir='ltr'>etc.</span> 
     </span>
    </p>
   </div>
   <div class='ocr_carea' id='block_1_22' title="bbox 451 2180 2036 2256">
    <p class='ocr_par' dir='ltr' id='par_1_22' title="bbox 451 2180 2036 2256">
     <span class='ocr_line' id='line_1_22' title="bbox 451 2180 2036 2256; baseline -0.003 -17"><span class='ocrx_word' id='word_1_155' title='bbox 451 2184 566 2240; x_wconf 88' lang='lat' dir='ltr'>Sub</span> <span class='ocrx_word' id='word_1_156' title='bbox 601 2185 785 2239; x_wconf 82' lang='lat' dir='ltr'>ﬁnem</span> <span class='ocrx_word' id='word_1_157' title='bbox 806 2183 987 2254; x_wconf 87' lang='lat' dir='ltr'><strong>hujus</strong></span> <span class='ocrx_word' id='word_1_158' title='bbox 1007 2182 1263 2250; x_wconf 88' lang='lat' dir='ltr'>numeri,</span> <span class='ocrx_word' id='word_1_159' title='bbox 1297 2186 1432 2254; x_wconf 83' lang='lat' dir='ltr'>post</span> <span class='ocrx_word' id='word_1_160' title='bbox 1460 2180 1623 2256; x_wconf 82' lang='grc' dir='ltr'>σοφὸν</span> <span class='ocrx_word' id='word_1_161' title='bbox 1658 2180 2036 2256; x_wconf 84' lang='grc' dir='ltr'>Δημιουργὸν,</span> 
     </span>
    </p>
   </div>
   <div class='ocr_carea' id='block_1_23' title="bbox 380 2268 2039 2345">
    <p class='ocr_par' dir='ltr' id='par_1_23' title="bbox 380 2268 2039 2345">
     <span class='ocr_line' id='line_1_23' title="bbox 380 2268 2039 2345; baseline -0.004 -16"><span class='ocrx_word' id='word_1_162' title='bbox 380 2275 465 2330; x_wconf 88' lang='lat' dir='ltr'>sic</span> <span class='ocrx_word' id='word_1_163' title='bbox 487 2273 741 2329; x_wconf 89' lang='lat' dir='ltr'>habetur</span> <span class='ocrx_word' id='word_1_164' title='bbox 774 2270 1045 2343; x_wconf 72' lang='grc' dir='ltr'>ξΔόξασυν</span> <span class='ocrx_word' id='word_1_165' title='bbox 1099 2269 1259 2325; x_wconf 80' lang='grc' dir='ltr'>αὐτὸν</span> <span class='ocrx_word' id='word_1_166' title='bbox 1319 2268 1372 2324; x_wconf 72' lang='grc' dir='ltr'>ἐν</span> <span class='ocrx_word' id='word_1_167' title='bbox 1443 2274 1563 2332; x_wconf 85' lang='grc' dir='ltr'>τοῖς</span> <span class='ocrx_word' id='word_1_168' title='bbox 1616 2269 2039 2345; x_wconf 80' lang='grc' dir='ltr'>ἀνεξιχνιάστοις</span> 
     </span>
    </p>
   </div>
   <div class='ocr_carea' id='block_1_24' title="bbox 379 2356 2036 2432">
    <p class='ocr_par' dir='ltr' id='par_1_24' title="bbox 379 2356 2036 2432">
     <span class='ocr_line' id='line_1_24' title="bbox 379 2356 2036 2432; baseline -0.002 -17"><span class='ocrx_word' id='word_1_169' title='bbox 379 2359 546 2415; x_wconf 79' lang='grc' dir='ltr'>αὐτοῦ</span> <span class='ocrx_word' id='word_1_170' title='bbox 575 2361 874 2431; x_wconf 74' lang='grc' dir='ltr'>ποιήμασι,</span> <span class='ocrx_word' id='word_1_171' title='bbox 926 2358 1017 2412; x_wconf 84' lang='grc' dir='ltr'>καὶ</span> <span class='ocrx_word' id='word_1_172' title='bbox 1067 2358 1143 2431; x_wconf 85' lang='grc' dir='ltr'>μή</span> <span class='ocrx_word' id='word_1_173' title='bbox 1201 2357 1561 2432; x_wconf 80' lang='grc' dir='ltr'>περιεργάζου</span> <span class='ocrx_word' id='word_1_174' title='bbox 1625 2356 1683 2412; x_wconf 80' lang='grc' dir='ltr'>ὅν</span> <span class='ocrx_word' id='word_1_175' title='bbox 1719 2359 1782 2412; x_wconf 79' lang='grc' dir='ltr'>οὗ</span> <span class='ocrx_word' id='word_1_176' title='bbox 1832 2357 2036 2432; x_wconf 74' lang='grc' dir='ltr'>χωρεῖς</span> 
     </span>
    </p>
   </div>
   <div class='ocr_carea' id='block_1_25' title="bbox 378 2444 2038 2524">
    <p class='ocr_par' dir='ltr' id='par_1_25' title="bbox 378 2444 2038 2524">
     <span class='ocr_line' id='line_1_25' title="bbox 378 2444 2038 2524; baseline -0.002 -20"><span class='ocrx_word' id='word_1_177' title='bbox 378 2453 613 2524; x_wconf 81' lang='grc' dir='ltr'>γνῶναι,</span> <span class='ocrx_word' id='word_1_178' title='bbox 642 2448 723 2510; x_wconf 90' lang='grc' dir='ltr'>τίς</span> <span class='ocrx_word' id='word_1_179' title='bbox 752 2449 854 2516; x_wconf 81' lang='grc' dir='ltr'>τήν</span> <span class='ocrx_word' id='word_1_180' title='bbox 885 2446 1072 2502; x_wconf 80' lang='grc' dir='ltr'>οὐσίαν</span> <span class='ocrx_word' id='word_1_181' title='bbox 1130 2446 1417 2521; x_wconf 78' lang='grc' dir='ltr'>τυγχάνει.</span> <span class='ocrx_word' id='word_1_182' title='bbox 1475 2445 1721 2503; x_wconf 82' lang='grc' dir='ltr'>Κάλλιόν</span> <span class='ocrx_word' id='word_1_183' title='bbox 1783 2447 1867 2501; x_wconf 90' lang='grc' dir='ltr'>σοί</span> <span class='ocrx_word' id='word_1_184' title='bbox 1926 2444 2038 2501; x_wconf 75' lang='grc' dir='ltr'>ἐστι</span> 
     </span>
    </p>
   </div>
   <div class='ocr_carea' id='block_1_26' title="bbox 387 2535 2036 2614">
    <p class='ocr_par' dir='ltr' id='par_1_26' title="bbox 387 2535 2036 2614">
     <span class='ocr_line' id='line_1_26' title="bbox 387 2535 2036 2614; baseline -0.002 -20"><span class='ocrx_word' id='word_1_185' title='bbox 387 2545 686 2608; x_wconf 83' lang='grc' dir='ltr'>σιωπῆσαι,</span> <span class='ocrx_word' id='word_1_186' title='bbox 716 2537 806 2592; x_wconf 83' lang='grc' dir='ltr'>καὶ</span> <span class='ocrx_word' id='word_1_187' title='bbox 836 2536 1014 2591; x_wconf 85' lang='grc' dir='ltr'>πίστει</span> <span class='ocrx_word' id='word_1_188' title='bbox 1045 2541 1390 2609; x_wconf 80' lang='grc' dir='ltr'>προσκυνεῖν,</span> <span class='ocrx_word' id='word_1_189' title='bbox 1422 2535 1558 2591; x_wconf 82' lang='grc' dir='ltr'>κατὰ</span> <span class='ocrx_word' id='word_1_190' title='bbox 1609 2538 1708 2606; x_wconf 84' lang='grc' dir='ltr'>τήν</span> <span class='ocrx_word' id='word_1_191' title='bbox 1749 2536 1891 2600; x_wconf 82' lang='grc' dir='ltr'>θείαν</span> <span class='ocrx_word' id='word_1_192' title='bbox 1924 2557 2036 2614; x_wconf 86' lang='grc' dir='ltr'>φω-</span> 
     </span>
    </p>
   </div>
   <div class='ocr_carea' id='block_1_27' title="bbox 387 2622 2037 2703">
    <p class='ocr_par' dir='ltr' id='par_1_27' title="bbox 387 2622 2037 2703">
     <span class='ocr_line' id='line_1_27' title="bbox 387 2622 2037 2703; baseline -0.001 -21"><span class='ocrx_word' id='word_1_193' title='bbox 387 2628 514 2696; x_wconf 76' lang='grc' dir='ltr'>νὴν,</span> <span class='ocrx_word' id='word_1_194' title='bbox 536 2625 571 2695; x_wconf 71' lang='grc' dir='ltr'><strong>ἢ</strong></span> <span class='ocrx_word' id='word_1_195' title='bbox 602 2626 901 2699; x_wconf 82' lang='grc' dir='ltr'>τολμηρῶς</span> <span class='ocrx_word' id='word_1_196' title='bbox 931 2625 1150 2701; x_wconf 81' lang='grc' dir='ltr'>ἐρευνᾷν</span> <span class='ocrx_word' id='word_1_197' title='bbox 1181 2624 1215 2680; x_wconf 79' lang='grc' dir='ltr'><em>ἆ</em></span> <span class='ocrx_word' id='word_1_198' title='bbox 1265 2626 1405 2696; x_wconf 81' lang='grc' dir='ltr'>μήτε</span> <span class='ocrx_word' id='word_1_199' title='bbox 1452 2625 1515 2679; x_wconf 78' lang='grc' dir='ltr'>σὺ</span> <span class='ocrx_word' id='word_1_200' title='bbox 1572 2625 1845 2703; x_wconf 73' lang='grc' dir='ltr'>ἐφικέσθαι</span> <span class='ocrx_word' id='word_1_201' title='bbox 1879 2622 2037 2681; x_wconf 77' lang='grc' dir='ltr'>δύνα-</span> 
     </span>
    </p>
   </div>
   <div class='ocr_carea' id='block_1_28' title="bbox 389 2712 2040 2792">
    <p class='ocr_par' dir='ltr' id='par_1_28' title="bbox 389 2712 2040 2792">
     <span class='ocr_line' id='line_1_28' title="bbox 389 2712 2040 2792; baseline -0.001 -21"><span class='ocrx_word' id='word_1_202' title='bbox 389 2737 501 2785; x_wconf 88' lang='grc' dir='ltr'>σαι,</span> <span class='ocrx_word' id='word_1_203' title='bbox 535 2717 674 2787; x_wconf 78' lang='grc' dir='ltr'>μήτε</span> <span class='ocrx_word' id='word_1_204' title='bbox 704 2735 787 2769; x_wconf 93' lang='grc' dir='ltr'>σοι</span> <span class='ocrx_word' id='word_1_205' title='bbox 816 2716 849 2784; x_wconf 78' lang='grc' dir='ltr'><strong>ἡ</strong></span> <span class='ocrx_word' id='word_1_206' title='bbox 911 2716 1099 2792; x_wconf 82' lang='grc' dir='ltr'>Γραφή</span> <span class='ocrx_word' id='word_1_207' title='bbox 1153 2712 1489 2790; x_wconf 74' lang='grc' dir='ltr'>παρέδωκεν.</span> <span class='ocrx_word' id='word_1_208' title='bbox 1544 2716 1722 2771; x_wconf 79' lang='grc' dir='ltr'>Ταῦτά</span> <span class='ocrx_word' id='word_1_209' title='bbox 1805 2736 1889 2769; x_wconf 90' lang='grc' dir='ltr'>σοι</span> <span class='ocrx_word' id='word_1_210' title='bbox 1946 2719 2040 2770; x_wconf 76' lang='grc' dir='ltr'>νῦν</span> 
     </span>
    </p>
   </div>
   <div class='ocr_carea' id='block_1_29' title="bbox 389 2800 2034 2880">
    <p class='ocr_par' dir='ltr' id='par_1_29' title="bbox 389 2800 2034 2880">
     <span class='ocr_line' id='line_1_29' title="bbox 389 2800 2034 2880; baseline 0 -22"><span class='ocrx_word' id='word_1_211' title='bbox 389 2802 683 2858; x_wconf 65' lang='grc' dir='ltr'>ἐπλάτυνεν</span> <span class='ocrx_word' id='word_1_212' title='bbox 712 2803 740 2857; x_wconf 85' lang='grc' dir='ltr'>ὁ</span> <span class='ocrx_word' id='word_1_213' title='bbox 772 2801 962 2880; x_wconf 85' lang='grc' dir='ltr'>λόγος,</span> <span class='ocrx_word' id='word_1_214' title='bbox 1005 2800 1098 2857; x_wconf 71' lang='grc' dir='ltr'>’ίνα</span> <span class='ocrx_word' id='word_1_215' title='bbox 1161 2805 1396 2877; x_wconf 74' lang='grc' dir='ltr'>μισήσῃς</span> <span class='ocrx_word' id='word_1_216' title='bbox 1456 2803 1550 2875; x_wconf 70' lang='grc' dir='ltr'>μὲν</span> <span class='ocrx_word' id='word_1_217' title='bbox 1603 2802 1733 2865; x_wconf 81' lang='grc' dir='ltr'>τοὺς</span> <span class='ocrx_word' id='word_1_218' title='bbox 1784 2804 2034 2879; x_wconf 88' lang='grc' dir='ltr'>βλασφη-</span> 
     </span>
    </p>
   </div>
   <div class='ocr_carea' id='block_1_30' title="bbox 386 2892 2040 2970">
    <p class='ocr_par' dir='ltr' id='par_1_30' title="bbox 386 2892 2040 2970">
     <span class='ocr_line' id='line_1_30' title="bbox 386 2892 2040 2970; baseline -0.001 -22"><span class='ocrx_word' id='word_1_219' title='bbox 386 2896 625 2967; x_wconf 78' lang='grc' dir='ltr'>μοῦντας</span> <span class='ocrx_word' id='word_1_220' title='bbox 652 2892 743 2948; x_wconf 84' lang='grc' dir='ltr'>τὸν</span> <span class='ocrx_word' id='word_1_221' title='bbox 793 2892 962 2970; x_wconf 87' lang='grc' dir='ltr'>σοφὸν</span> <span class='ocrx_word' id='word_1_222' title='bbox 991 2892 1084 2947; x_wconf 85' lang='grc' dir='ltr'>καὶ</span> <span class='ocrx_word' id='word_1_223' title='bbox 1141 2893 1335 2967; x_wconf 82' lang='grc' dir='ltr'>ἀγαθὸν</span> <span class='ocrx_word' id='word_1_224' title='bbox 1365 2892 1649 2967; x_wconf 78' lang='grc' dir='ltr'>τεχνίτην,</span> <span class='ocrx_word' id='word_1_225' title='bbox 1676 2892 1768 2947; x_wconf 84' lang='grc' dir='ltr'>ἳνα</span> <span class='ocrx_word' id='word_1_226' title='bbox 1827 2892 2040 2966; x_wconf 82' lang='grc' dir='ltr'>μᾶλλον</span> 
     </span>
    </p>
   </div>
   <div class='ocr_carea' id='block_1_31' title="bbox 383 2979 2036 3057">
    <p class='ocr_par' dir='ltr' id='par_1_31' title="bbox 383 2979 2036 3057">
     <span class='ocr_line' id='line_1_31' title="bbox 383 2979 2036 3057; baseline -0.001 -20"><span class='ocrx_word' id='word_1_227' title='bbox 383 2980 548 3057; x_wconf 71' lang='grc' dir='ltr'>εἴπῃς</span> <span class='ocrx_word' id='word_1_228' title='bbox 574 2982 664 3037; x_wconf 86' lang='grc' dir='ltr'>καὶ</span> <span class='ocrx_word' id='word_1_229' title='bbox 724 2982 909 3045; x_wconf 77' lang='grc' dir='ltr'>αὐτός·</span> <span class='ocrx_word' id='word_1_230' title='bbox 971 2982 1061 3044; x_wconf 75' lang='grc' dir='ltr'>Ὠς</span> <span class='ocrx_word' id='word_1_231' title='bbox 1122 2980 1398 3054; x_wconf 85' lang='grc' dir='ltr'>θαυμάσια</span> <span class='ocrx_word' id='word_1_232' title='bbox 1450 2981 1519 3036; x_wconf 81' lang='grc' dir='ltr'>τὰ</span> <span class='ocrx_word' id='word_1_233' title='bbox 1575 2979 1707 3057; x_wconf 81' lang='grc' dir='ltr'>ἔργα</span> <span class='ocrx_word' id='word_1_234' title='bbox 1760 3002 1879 3051; x_wconf 83' lang='grc' dir='ltr'>σου,</span> <span class='ocrx_word' id='word_1_235' title='bbox 1930 2980 2036 3037; x_wconf 80' lang='grc' dir='ltr'>Κό-</span> 
     </span>
    </p>
   </div>
   <div class='ocr_carea' id='block_1_32' title="bbox 387 3069 2034 3149">
    <p class='ocr_par' dir='ltr' id='par_1_32' title="bbox 387 3069 2034 3149">
     <span class='ocr_line' id='line_1_32' title="bbox 387 3069 2034 3149; baseline -0.001 -20"><span class='ocrx_word' id='word_1_236' title='bbox 387 3093 472 3149; x_wconf 84' lang='grc' dir='ltr'>ριε</span> <span class='ocrx_word' id='word_1_237' title='bbox 529 3074 542 3129; x_wconf 85' lang='lat' dir='ltr'>l</span> <span class='ocrx_word' id='word_1_238' title='bbox 620 3071 796 3128; x_wconf 83' lang='grc' dir='ltr'>πάντα</span> <span class='ocrx_word' id='word_1_239' title='bbox 879 3070 932 3127; x_wconf 78' lang='grc' dir='ltr'>ἐν</span> <span class='ocrx_word' id='word_1_240' title='bbox 999 3071 1162 3149; x_wconf 84' lang='grc' dir='ltr'>σοφίᾳ</span> <span class='ocrx_word' id='word_1_241' title='bbox 1238 3071 1522 3142; x_wconf 83' lang='grc' dir='ltr'>ἐποίησας.</span> <span class='ocrx_word' id='word_1_242' title='bbox 1582 3073 1679 3127; x_wconf 83' lang='grc' dir='ltr'>Σοὶ</span> <span class='ocrx_word' id='word_1_243' title='bbox 1767 3074 1802 3140; x_wconf 77' lang='grc' dir='ltr'><strong>ἡ</strong></span> <span class='ocrx_word' id='word_1_244' title='bbox 1885 3069 2034 3143; x_wconf 78' lang='grc' dir='ltr'>δόξα,</span> 
     </span>
    </p>
   </div>
   <div class='ocr_carea' id='block_1_33' title="bbox 382 3159 2039 3237">
    <p class='ocr_par' dir='ltr' id='par_1_33' title="bbox 382 3159 2039 3237">
     <span class='ocr_line' id='line_1_33' title="bbox 382 3159 2039 3237; baseline 0 -20"><span class='ocrx_word' id='word_1_245' title='bbox 382 3174 474 3217; x_wconf 74' lang='grc' dir='ltr'>καί</span> <span class='ocrx_word' id='word_1_246' title='bbox 502 3160 567 3216; x_wconf 86' lang='grc' dir='ltr'>τὸ</span> <span class='ocrx_word' id='word_1_247' title='bbox 619 3160 841 3237; x_wconf 72' lang='grc' dir='ltr'>κράτος,</span> <span class='ocrx_word' id='word_1_248' title='bbox 897 3160 990 3216; x_wconf 83' lang='grc' dir='ltr'>καὶ</span> <span class='ocrx_word' id='word_1_249' title='bbox 1048 3164 1084 3230; x_wconf 75' lang='grc' dir='ltr'>ἡ</span> <span class='ocrx_word' id='word_1_250' title='bbox 1142 3160 1532 3235; x_wconf 80' lang='grc' dir='ltr'>προσκόνησις,</span> <span class='ocrx_word' id='word_1_251' title='bbox 1590 3159 1704 3234; x_wconf 75' lang='grc' dir='ltr'>ἅμα</span> <span class='ocrx_word' id='word_1_252' title='bbox 1758 3164 1838 3233; x_wconf 82' lang='grc' dir='ltr'>τῷ</span> <span class='ocrx_word' id='word_1_253' title='bbox 1894 3160 2039 3237; x_wconf 82' lang='grc' dir='ltr'>ἁγίῳ</span> 
     </span>
    </p>
   </div>
   <div class='ocr_carea' id='block_1_34' title="bbox 382 3247 2039 3323">
    <p class='ocr_par' dir='ltr' id='par_1_34' title="bbox 382 3247 2039 3323">
     <span class='ocr_line' id='line_1_34' title="bbox 382 3247 2039 3323; baseline -0.001 -18"><span class='ocrx_word' id='word_1_254' title='bbox 382 3249 655 3323; x_wconf 79' lang='grc' dir='ltr'>Πεόματι,</span> <span class='ocrx_word' id='word_1_255' title='bbox 688 3249 781 3305; x_wconf 74' lang='grc' dir='ltr'>νῦν</span> <span class='ocrx_word' id='word_1_256' title='bbox 811 3249 901 3306; x_wconf 85' lang='grc' dir='ltr'>καὶ</span> <span class='ocrx_word' id='word_1_257' title='bbox 951 3249 1056 3322; x_wconf 82' lang='grc' dir='ltr'>ἀεὶ,</span> <span class='ocrx_word' id='word_1_258' title='bbox 1088 3249 1178 3306; x_wconf 81' lang='grc' dir='ltr'>καὶ</span> <span class='ocrx_word' id='word_1_259' title='bbox 1209 3249 1289 3315; x_wconf 79' lang='grc' dir='ltr'>είς</span> <span class='ocrx_word' id='word_1_260' title='bbox 1312 3249 1443 3311; x_wconf 80' lang='grc' dir='ltr'>τοὺς</span> <span class='ocrx_word' id='word_1_261' title='bbox 1484 3248 1685 3314; x_wconf 86' lang='grc' dir='ltr'>αίῶνας</span> <span class='ocrx_word' id='word_1_262' title='bbox 1739 3252 1846 3304; x_wconf 79' lang='grc' dir='ltr'>τῶν</span> <span class='ocrx_word' id='word_1_263' title='bbox 1903 3247 2039 3304; x_wconf 61' lang='lat' dir='ltr'>ald)-</span> 
     </span>
    </p>
   </div>
   <div class='ocr_carea' id='block_1_35' title="bbox 378 3340 754 3414">
    <p class='ocr_par' dir='ltr' id='par_1_35' title="bbox 378 3340 754 3414">
     <span class='ocr_line' id='line_1_35' title="bbox 378 3340 754 3414; baseline 0.011 -19"><span class='ocrx_word' id='word_1_264' title='bbox 378 3359 510 3396; x_wconf 89' lang='grc' dir='ltr'>νων.</span> <span class='ocrx_word' id='word_1_265' title='bbox 550 3340 754 3414; x_wconf 70' lang='grc' dir='ltr'>Ἀμήν.</span> 
     </span>
    </p>
   </div>
   <div class='ocr_carea' id='block_1_36' title="bbox 2152 575 3799 654">
    <p class='ocr_par' dir='ltr' id='par_1_36' title="bbox 2152 575 3799 654">
     <span class='ocr_line' id='line_1_36' title="bbox 2152 575 3799 654; baseline 0.006 -24"><span class='ocrx_word' id='word_1_266' title='bbox 2152 575 2236 631; x_wconf 90' lang='lat' dir='ltr'>ita</span> <span class='ocrx_word' id='word_1_267' title='bbox 2259 577 2492 633; x_wconf 83' lang='lat' dir='ltr'>volente</span> <span class='ocrx_word' id='word_1_268' title='bbox 2512 594 2715 643; x_wconf 89' lang='lat' dir='ltr'>manu,</span> <span class='ocrx_word' id='word_1_269' title='bbox 2747 579 2850 634; x_wconf 89' lang='lat' dir='ltr'>sed</span> <span class='ocrx_word' id='word_1_270' title='bbox 2870 580 3056 635; x_wconf 90' lang='lat' dir='ltr'>animi</span> <span class='ocrx_word' id='word_1_271' title='bbox 3079 579 3374 637; x_wconf 89' lang='lat' dir='ltr'>desiderio</span> <span class='ocrx_word' id='word_1_272' title='bbox 3406 599 3649 637; x_wconf 88' lang='lat' dir='ltr'>manum</span> <span class='ocrx_word' id='word_1_273' title='bbox 3682 600 3799 654; x_wconf 90' lang='lat' dir='ltr'>quo</span> 
     </span>
    </p>
   </div>
   <div class='ocr_carea' id='block_1_37' title="bbox 2154 668 3799 740">
    <p class='ocr_par' dir='ltr' id='par_1_37' title="bbox 2154 668 3799 740">
     <span class='ocr_line' id='line_1_37' title="bbox 2154 668 3799 740; baseline 0.005 -21"><span class='ocrx_word' id='word_1_274' title='bbox 2154 679 2273 719; x_wconf 90' lang='lat' dir='ltr'>non</span> <span class='ocrx_word' id='word_1_275' title='bbox 2300 668 2609 738; x_wconf 81' lang='lat' dir='ltr'>oportebat</span> <span class='ocrx_word' id='word_1_276' title='bbox 2639 668 3014 737; x_wconf 80' lang='lat' dir='ltr'>extendente)</span> <span class='ocrx_word' id='word_1_277' title='bbox 3066 675 3309 740; x_wconf 81' lang='lat' dir='ltr'>propter</span> <span class='ocrx_word' id='word_1_278' title='bbox 3329 670 3799 728; x_wconf 86' lang='lat' dir='ltr'>inobedientiam</span> 
     </span>
    </p>
   </div>
   <div class='ocr_carea' id='block_1_38' title="bbox 2154 753 3798 826">
    <p class='ocr_par' dir='ltr' id='par_1_38' title="bbox 2154 753 3798 826">
     <span class='ocr_line' id='line_1_38' title="bbox 2154 753 3798 826; baseline 0.005 -18"><span class='ocrx_word' id='word_1_279' title='bbox 2154 753 2226 808; x_wconf 88' lang='lat' dir='ltr'>ab</span> <span class='ocrx_word' id='word_1_280' title='bbox 2258 755 2331 809; x_wconf 87' lang='lat' dir='ltr'>iis</span> <span class='ocrx_word' id='word_1_281' title='bbox 2364 756 2541 811; x_wconf 89' lang='lat' dir='ltr'>etiam</span> <span class='ocrx_word' id='word_1_282' title='bbox 2573 773 2705 826; x_wconf 70' lang='lat' dir='ltr'>quae</span> <span class='ocrx_word' id='word_1_283' title='bbox 2736 756 2994 812; x_wconf 84' lang='lat' dir='ltr'>habebat</span> <span class='ocrx_word' id='word_1_284' title='bbox 3039 758 3213 814; x_wconf 90' lang='lat' dir='ltr'>bonis</span> <span class='ocrx_word' id='word_1_285' title='bbox 3244 760 3481 816; x_wconf 82' lang='lat' dir='ltr'>excidit.</span> <span class='ocrx_word' id='word_1_286' title='bbox 3515 760 3603 815; x_wconf 87' lang='lat' dir='ltr'>Ad</span> <span class='ocrx_word' id='word_1_287' title='bbox 3633 778 3798 817; x_wconf 87' lang='lat' dir='ltr'>eum-</span> 
     </span>
    </p>
   </div>
   <div class='ocr_carea' id='block_1_39' title="bbox 2154 842 3800 920">
    <p class='ocr_par' dir='ltr' id='par_1_39' title="bbox 2154 842 3800 920">
     <span class='ocr_line' id='line_1_39' title="bbox 2154 842 3800 920; baseline 0.004 -23"><span class='ocrx_word' id='word_1_288' title='bbox 2154 842 2288 898; x_wconf 87' lang='lat' dir='ltr'>dem</span> <span class='ocrx_word' id='word_1_289' title='bbox 2321 844 2565 899; x_wconf 89' lang='lat' dir='ltr'>modum</span> <span class='ocrx_word' id='word_1_290' title='bbox 2598 846 2865 902; x_wconf 89' lang='lat' dir='ltr'>membra</span> <span class='ocrx_word' id='word_1_291' title='bbox 2894 864 3016 902; x_wconf 91' lang='lat' dir='ltr'>non</span> <span class='ocrx_word' id='word_1_292' title='bbox 3050 853 3189 902; x_wconf 92' lang='lat' dir='ltr'>sunt</span> <span class='ocrx_word' id='word_1_293' title='bbox 3238 849 3543 903; x_wconf 84' lang='lat' dir='ltr'>utentibus</span> <span class='ocrx_word' id='word_1_294' title='bbox 3572 850 3800 920; x_wconf 83' lang='lat' dir='ltr'>peccati</span> 
     </span>
    </p>
   </div>
   <div class='ocr_carea' id='block_1_40' title="bbox 2154 933 3798 1002">
    <p class='ocr_par' dir='ltr' id='par_1_40' title="bbox 2154 933 3798 1002">
     <span class='ocr_line' id='line_1_40' title="bbox 2154 933 3798 1002; baseline 0.004 -15"><span class='ocrx_word' id='word_1_295' title='bbox 2154 933 2462 1000; x_wconf 87' lang='lat' dir='ltr'>causa,sed</span> <span class='ocrx_word' id='word_1_296' title='bbox 2491 934 2649 990; x_wconf 86' lang='lat' dir='ltr'>mala</span> <span class='ocrx_word' id='word_1_297' title='bbox 2679 935 2861 990; x_wconf 91' lang='lat' dir='ltr'>animi</span> <span class='ocrx_word' id='word_1_298' title='bbox 2888 935 3335 1002; x_wconf 89' lang='lat' dir='ltr'>inductio,sicut</span> <span class='ocrx_word' id='word_1_299' title='bbox 3359 938 3442 992; x_wconf 89' lang='lat' dir='ltr'>ait</span> <span class='ocrx_word' id='word_1_300' title='bbox 3471 939 3757 993; x_wconf 87' lang='lat' dir='ltr'>Dominus</span> <span class='ocrx_word' id='word_1_301' title='bbox 3783 954 3798 994; x_wconf 85' lang='lat'>:</span> 
     </span>
    </p>
   </div>
   <div class='ocr_carea' id='block_1_41' title="bbox 2154 1022 3804 1098">
    <p class='ocr_par' dir='ltr' id='par_1_41' title="bbox 2154 1022 3804 1098">
     <span class='ocr_line' id='line_1_41' title="bbox 2154 1022 3804 1098; baseline 0.007 -25"><span class='ocrx_word' id='word_1_302' title='bbox 2154 1024 2278 1076; x_wconf 85' lang='lat' dir='ltr'>«Ex</span> <span class='ocrx_word' id='word_1_303' title='bbox 2308 1022 2486 1078; x_wconf 87' lang='lat' dir='ltr'>corde</span> <span class='ocrx_word' id='word_1_304' title='bbox 2516 1026 2659 1079; x_wconf 78' lang='lat' dir='ltr'>enim</span> <span class='ocrx_word' id='word_1_305' title='bbox 2688 1024 2985 1095; x_wconf 88' lang='lat' dir='ltr'>prodeunt</span> <span class='ocrx_word' id='word_1_306' title='bbox 3012 1027 3400 1098; x_wconf 82' lang='lat' dir='ltr'>cogitationes</span> <span class='ocrx_word' id='word_1_307' title='bbox 3424 1027 3804 1094; x_wconf 68' lang='lat' dir='ltr'>malm,lorni-</span> 
     </span>
    </p>
   </div>
   <div class='ocr_carea' id='block_1_42' title="bbox 2155 1111 3798 1186">
    <p class='ocr_par' dir='ltr' id='par_1_42' title="bbox 2155 1111 3798 1186">
     <span class='ocr_line' id='line_1_42' title="bbox 2155 1111 3798 1186; baseline 0.003 -20"><span class='ocrx_word' id='word_1_308' title='bbox 2155 1132 2183 1161; x_wconf 90' lang='grc'>‹‹</span> <span class='ocrx_word' id='word_1_309' title='bbox 2216 1111 2500 1178; x_wconf 88' lang='lat' dir='ltr'>cationes,</span> <span class='ocrx_word' id='word_1_310' title='bbox 2523 1111 2836 1177; x_wconf 88' lang='lat' dir='ltr'>adulteria,</span> <span class='ocrx_word' id='word_1_311' title='bbox 2864 1113 3268 1183; x_wconf 59' lang='lat' dir='ltr'>homicidia”,</span> <span class='ocrx_word' id='word_1_312' title='bbox 3290 1136 3317 1164; x_wconf 83' lang='lat'><strong>»</strong></span> <span class='ocrx_word' id='word_1_313' title='bbox 3332 1115 3543 1186; x_wconf 89' lang='lat' dir='ltr'>hisque</span> <span class='ocrx_word' id='word_1_314' title='bbox 3557 1116 3798 1173; x_wconf 83' lang='lat' dir='ltr'>similia.</span> 
     </span>
    </p>
   </div>
   <div class='ocr_carea' id='block_1_43' title="bbox 2153 1198 3804 1269">
    <p class='ocr_par' dir='ltr' id='par_1_43' title="bbox 2153 1198 3804 1269">
     <span class='ocr_line' id='line_1_43' title="bbox 2153 1198 3804 1269; baseline 0.004 -15"><span class='ocrx_word' id='word_1_315' title='bbox 2153 1198 2378 1265; x_wconf 86' lang='lat' dir='ltr'>Quibus</span> <span class='ocrx_word' id='word_1_316' title='bbox 2402 1200 2463 1255; x_wconf 89' lang='lat' dir='ltr'>in</span> <span class='ocrx_word' id='word_1_317' title='bbox 2494 1200 2672 1255; x_wconf 88' lang='lat' dir='ltr'>rebus</span> <span class='ocrx_word' id='word_1_318' title='bbox 2692 1202 2967 1269; x_wconf 84' lang='lat' dir='ltr'>volueris,</span> <span class='ocrx_word' id='word_1_319' title='bbox 3001 1203 3063 1257; x_wconf 88' lang='lat' dir='ltr'>in</span> <span class='ocrx_word' id='word_1_320' title='bbox 3094 1202 3185 1258; x_wconf 89' lang='lat' dir='ltr'>his</span> <span class='ocrx_word' id='word_1_321' title='bbox 3225 1203 3330 1257; x_wconf 89' lang='lat' dir='ltr'>tibi</span> <span class='ocrx_word' id='word_1_322' title='bbox 3364 1204 3634 1259; x_wconf 88' lang='lat' dir='ltr'>membra</span> <span class='ocrx_word' id='word_1_323' title='bbox 3662 1203 3804 1261; x_wconf 88' lang='lat' dir='ltr'>sub-</span> 
     </span>
    </p>
   </div>
   <div class='ocr_carea' id='block_1_44' title="bbox 2156 1288 3798 1361">
    <p class='ocr_par' dir='ltr' id='par_1_44' title="bbox 2156 1288 3798 1361">
     <span class='ocr_line' id='line_1_44' title="bbox 2156 1288 3798 1361; baseline 0.005 -20"><span class='ocrx_word' id='word_1_324' title='bbox 2156 1288 2581 1345; x_wconf 71' lang='lat' dir='ltr'>serviunt.Hsec</span> <span class='ocrx_word' id='word_1_325' title='bbox 2612 1290 2832 1361; x_wconf 85' lang='lat' dir='ltr'>Optime</span> <span class='ocrx_word' id='word_1_326' title='bbox 2846 1291 2919 1345; x_wconf 89' lang='lat' dir='ltr'>ad</span> <span class='ocrx_word' id='word_1_327' title='bbox 2950 1290 3164 1347; x_wconf 64' lang='lat' dir='ltr'>animai</span> <span class='ocrx_word' id='word_1_328' title='bbox 3187 1293 3588 1348; x_wconf 87' lang='lat' dir='ltr'>ministerium</span> <span class='ocrx_word' id='word_1_329' title='bbox 3608 1294 3798 1350; x_wconf 83' lang='lat' dir='ltr'>facta:</span> 
     </span>
    </p>
   </div>
   <div class='ocr_carea' id='block_1_45' title="bbox 2154 1377 3804 1454">
    <p class='ocr_par' dir='ltr' id='par_1_45' title="bbox 2154 1377 3804 1454">
     <span class='ocr_line' id='line_1_45' title="bbox 2154 1377 3804 1454; baseline 0.005 -23"><span class='ocrx_word' id='word_1_330' title='bbox 2154 1377 2281 1432; x_wconf 74' lang='lat' dir='ltr'>haac</span> <span class='ocrx_word' id='word_1_331' title='bbox 2312 1378 2530 1433; x_wconf 86' lang='lat' dir='ltr'>rationi</span> <span class='ocrx_word' id='word_1_332' title='bbox 2558 1395 2723 1434; x_wconf 88' lang='lat' dir='ltr'>serva</span> <span class='ocrx_word' id='word_1_333' title='bbox 2780 1386 3123 1437; x_wconf 89' lang='lat' dir='ltr'>constructa</span> <span class='ocrx_word' id='word_1_334' title='bbox 3165 1387 3321 1437; x_wconf 90' lang='lat' dir='ltr'>sunt.</span> <span class='ocrx_word' id='word_1_335' title='bbox 3382 1383 3463 1438; x_wconf 90' lang='lat' dir='ltr'>Ea</span> <span class='ocrx_word' id='word_1_336' title='bbox 3519 1383 3804 1454; x_wconf 73' lang='lat' dir='ltr'>praaclare</span> 
     </span>
    </p>
   </div>
   <div class='ocr_carea' id='block_1_46' title="bbox 2154 1467 3802 1542">
    <p class='ocr_par' dir='ltr' id='par_1_46' title="bbox 2154 1467 3802 1542">
     <span class='ocr_line' id='line_1_46' title="bbox 2154 1467 3802 1542; baseline 0.005 -21"><span class='ocrx_word' id='word_1_337' title='bbox 2154 1467 2392 1538; x_wconf 90' lang='lat' dir='ltr'>pietatis</span> <span class='ocrx_word' id='word_1_338' title='bbox 2412 1473 2577 1522; x_wconf 90' lang='lat' dir='ltr'>motu</span> <span class='ocrx_word' id='word_1_339' title='bbox 2609 1484 2745 1540; x_wconf 81' lang='lat' dir='ltr'>rege</span> <span class='ocrx_word' id='word_1_340' title='bbox 2776 1474 2834 1522; x_wconf 89' lang='lat' dir='ltr'>et</span> <span class='ocrx_word' id='word_1_341' title='bbox 2864 1469 3132 1542; x_wconf 81' lang='lat' dir='ltr'>aurigare</span> <span class='ocrx_word' id='word_1_342' title='bbox 3167 1487 3182 1536; x_wconf 89' lang='lat'><strong>;</strong></span> <span class='ocrx_word' id='word_1_343' title='bbox 3236 1487 3307 1526; x_wconf 89' lang='lat' dir='ltr'>ea</span> <span class='ocrx_word' id='word_1_344' title='bbox 3336 1472 3439 1527; x_wconf 92' lang='lat' dir='ltr'>Dei</span> <span class='ocrx_word' id='word_1_345' title='bbox 3496 1478 3659 1528; x_wconf 90' lang='lat' dir='ltr'>metu</span> <span class='ocrx_word' id='word_1_346' title='bbox 3698 1490 3802 1529; x_wconf 83' lang='lat' dir='ltr'>re-</span> 
     </span>
    </p>
   </div>
   <div class='ocr_carea' id='block_1_47' title="bbox 2154 1556 3804 1630">
    <p class='ocr_par' dir='ltr' id='par_1_47' title="bbox 2154 1556 3804 1630">
     <span class='ocr_line' id='line_1_47' title="bbox 2154 1556 3804 1630; baseline 0.005 -20"><span class='ocrx_word' id='word_1_347' title='bbox 2154 1556 2356 1623; x_wconf 87' lang='lat' dir='ltr'>frena;</span> <span class='ocrx_word' id='word_1_348' title='bbox 2391 1573 2460 1611; x_wconf 90' lang='lat' dir='ltr'>ea</span> <span class='ocrx_word' id='word_1_349' title='bbox 2490 1557 2897 1628; x_wconf 62' lang='lat' dir='ltr'>temperantia</span> <span class='ocrx_word' id='word_1_350' title='bbox 2922 1558 3264 1630; x_wconf 86' lang='lat' dir='ltr'>jejuniique</span> <span class='ocrx_word' id='word_1_351' title='bbox 3295 1560 3593 1617; x_wconf 80' lang='lat' dir='ltr'>desiderio</span> <span class='ocrx_word' id='word_1_352' title='bbox 3616 1563 3804 1617; x_wconf 88' lang='lat' dir='ltr'>mori-</span> 
     </span>
    </p>
   </div>
   <div class='ocr_carea' id='block_1_48' title="bbox 2154 1646 3802 1719">
    <p class='ocr_par' dir='ltr' id='par_1_48' title="bbox 2154 1646 3802 1719">
     <span class='ocr_line' id='line_1_48' title="bbox 2154 1646 3802 1719; baseline 0.004 -19"><span class='ocrx_word' id='word_1_353' title='bbox 2154 1661 2294 1719; x_wconf 80' lang='lat' dir='ltr'>gera</span> <span class='ocrx_word' id='word_1_354' title='bbox 2325 1646 2554 1717; x_wconf 85' lang='lat' dir='ltr'>subjice</span> <span class='ocrx_word' id='word_1_355' title='bbox 2580 1663 2593 1700; x_wconf 89' lang='lat'><strong>:</strong></span> <span class='ocrx_word' id='word_1_356' title='bbox 2626 1662 2821 1717; x_wconf 89' lang='lat' dir='ltr'>neque</span> <span class='ocrx_word' id='word_1_357' title='bbox 2849 1664 3111 1718; x_wconf 88' lang='lat' dir='ltr'>unquam</span> <span class='ocrx_word' id='word_1_358' title='bbox 3146 1649 3459 1704; x_wconf 87' lang='lat' dir='ltr'>adversum</span> <span class='ocrx_word' id='word_1_359' title='bbox 3518 1656 3573 1705; x_wconf 89' lang='lat' dir='ltr'>te</span> <span class='ocrx_word' id='word_1_360' title='bbox 3604 1652 3802 1706; x_wconf 89' lang='lat' dir='ltr'>insur-</span> 
     </span>
    </p>
   </div>
   <div class='ocr_carea' id='block_1_49' title="bbox 2153 1736 3805 1809">
    <p class='ocr_par' dir='ltr' id='par_1_49' title="bbox 2153 1736 3805 1809">
     <span class='ocr_line' id='line_1_49' title="bbox 2153 1736 3805 1809; baseline 0.004 -20"><span class='ocrx_word' id='word_1_361' title='bbox 2153 1740 2313 1808; x_wconf 81' lang='lat' dir='ltr'>gent,</span> <span class='ocrx_word' id='word_1_362' title='bbox 2338 1736 2715 1806; x_wconf 86' lang='lat' dir='ltr'>tyrannidem</span> <span class='ocrx_word' id='word_1_363' title='bbox 2747 1738 3111 1793; x_wconf 88' lang='lat' dir='ltr'>exercentia:</span> <span class='ocrx_word' id='word_1_364' title='bbox 3146 1743 3353 1793; x_wconf 88' lang='lat' dir='ltr'>contra</span> <span class='ocrx_word' id='word_1_365' title='bbox 3382 1738 3581 1809; x_wconf 84' lang='lat' dir='ltr'>potius</span> <span class='ocrx_word' id='word_1_366' title='bbox 3603 1744 3805 1795; x_wconf 83' lang='lat' dir='ltr'>custo-</span> 
     </span>
    </p>
   </div>
   <div class='ocr_carea' id='block_1_50' title="bbox 2154 1823 3802 1892">
    <p class='ocr_par' dir='ltr' id='par_1_50' title="bbox 2154 1823 3802 1892">
     <span class='ocr_line' id='line_1_50' title="bbox 2154 1823 3802 1892; baseline 0.003 -13"><span class='ocrx_word' id='word_1_367' title='bbox 2154 1823 2343 1892; x_wconf 86' lang='lat' dir='ltr'>dient,</span> <span class='ocrx_word' id='word_1_368' title='bbox 2386 1824 2692 1880; x_wconf 88' lang='lat' dir='ltr'>victoriam</span> <span class='ocrx_word' id='word_1_369' title='bbox 2753 1824 3033 1881; x_wconf 84' lang='lat' dir='ltr'>adversus</span> <span class='ocrx_word' id='word_1_370' title='bbox 3118 1825 3424 1883; x_wconf 89' lang='lat' dir='ltr'>diabolum</span> <span class='ocrx_word' id='word_1_371' title='bbox 3482 1826 3802 1884; x_wconf 84' lang='lat' dir='ltr'>sublimius</span> 
     </span>
    </p>
   </div>
   <div class='ocr_carea' id='block_1_51' title="bbox 2152 1914 3802 1986">
    <p class='ocr_par' dir='ltr' id='par_1_51' title="bbox 2152 1914 3802 1986">
     <span class='ocr_line' id='line_1_51' title="bbox 2152 1914 3802 1986; baseline 0.002 -18"><span class='ocrx_word' id='word_1_372' title='bbox 2152 1914 2555 1981; x_wconf 87' lang='lat' dir='ltr'>conciliantia,</span> <span class='ocrx_word' id='word_1_373' title='bbox 2588 1914 2994 1986; x_wconf 84' lang='lat' dir='ltr'>incorruptam</span> <span class='ocrx_word' id='word_1_374' title='bbox 3044 1931 3281 1986; x_wconf 89' lang='lat' dir='ltr'>quoque</span> <span class='ocrx_word' id='word_1_375' title='bbox 3310 1931 3380 1971; x_wconf 89' lang='lat' dir='ltr'>ac</span> <span class='ocrx_word' id='word_1_376' title='bbox 3410 1920 3691 1971; x_wconf 65' lang='lat' dir='ltr'>aeternam</span> <span class='ocrx_word' id='word_1_377' title='bbox 3717 1917 3802 1972; x_wconf 80' lang='lat' dir='ltr'>vi-</span> 
     </span>
    </p>
   </div>
   <div class='ocr_carea' id='block_1_52' title="bbox 2146 2003 3788 2077">
    <p class='ocr_par' dir='ltr' id='par_1_52' title="bbox 2146 2003 3788 2077">
     <span class='ocr_line' id='line_1_52' title="bbox 2146 2003 3788 2077; baseline 0.002 -20"><span class='ocrx_word' id='word_1_378' title='bbox 2146 2003 2347 2058; x_wconf 68' lang='lat' dir='ltr'>ctorias</span> <span class='ocrx_word' id='word_1_379' title='bbox 2378 2019 2660 2059; x_wconf 89' lang='lat' dir='ltr'>coronam</span> <span class='ocrx_word' id='word_1_380' title='bbox 2693 2008 3151 2075; x_wconf 81' lang='lat' dir='ltr'>exspectantem.</span> <span class='ocrx_word' id='word_1_381' title='bbox 3187 2005 3328 2070; x_wconf 85' lang='lat' dir='ltr'>Quis</span> <span class='ocrx_word' id='word_1_382' title='bbox 3349 2010 3439 2061; x_wconf 88' lang='lat' dir='ltr'>est</span> <span class='ocrx_word' id='word_1_383' title='bbox 3458 2006 3560 2077; x_wconf 90' lang='lat' dir='ltr'>qui</span> <span class='ocrx_word' id='word_1_384' title='bbox 3581 2005 3788 2062; x_wconf 86' lang='lat' dir='ltr'>matri-</span> 
     </span>
    </p>
   </div>
   <div class='ocr_carea' id='block_1_53' title="bbox 2146 2092 3003 2165">
    <p class='ocr_par' dir='ltr' id='par_1_53' title="bbox 2146 2092 3003 2165">
     <span class='ocr_line' id='line_1_53' title="bbox 2146 2092 3003 2165; baseline 0.002 -17"><span class='ocrx_word' id='word_1_385' title='bbox 2146 2092 2232 2148; x_wconf 90' lang='lat' dir='ltr'>cis</span> <span class='ocrx_word' id='word_1_386' title='bbox 2255 2093 2412 2149; x_wconf 72' lang='lat' dir='ltr'>uades</span> <span class='ocrx_word' id='word_1_387' title='bbox 2440 2095 2632 2165; x_wconf 89' lang='lat' dir='ltr'>aperit</span> <span class='ocrx_word' id='word_1_388' title='bbox 2658 2094 2861 2162; x_wconf 78' lang='lat' dir='ltr'>‘IQuis,</span> <span class='ocrx_word' id='word_1_389' title='bbox 2891 2100 3003 2150; x_wconf 88' lang='lat' dir='ltr'>etc.</span> 
     </span>
    </p>
   </div>
   <div class='ocr_carea' id='block_1_54' title="bbox 2219 2182 3792 2257">
    <p class='ocr_par' dir='ltr' id='par_1_54' title="bbox 2219 2182 3792 2257">
     <span class='ocr_line' id='line_1_54' title="bbox 2219 2182 3792 2257; baseline 0.001 -19"><span class='ocrx_word' id='word_1_390' title='bbox 2219 2182 2497 2238; x_wconf 86' lang='lat' dir='ltr'>Gloriﬂca</span> <span class='ocrx_word' id='word_1_391' title='bbox 2525 2182 2696 2238; x_wconf 89' lang='lat' dir='ltr'>illum</span> <span class='ocrx_word' id='word_1_392' title='bbox 2722 2183 2785 2239; x_wconf 92' lang='lat' dir='ltr'>in</span> <span class='ocrx_word' id='word_1_393' title='bbox 2818 2183 3241 2256; x_wconf 82' lang='lat' dir='ltr'>investigandis</span> <span class='ocrx_word' id='word_1_394' title='bbox 3300 2185 3430 2256; x_wconf 90' lang='lat' dir='ltr'>ejus</span> <span class='ocrx_word' id='word_1_395' title='bbox 3487 2184 3792 2257; x_wconf 86' lang='lat' dir='ltr'>operibus,</span> 
     </span>
    </p>
   </div>
   <div class='ocr_carea' id='block_1_55' title="bbox 2147 2271 3796 2343">
    <p class='ocr_par' dir='ltr' id='par_1_55' title="bbox 2147 2271 3796 2343">
     <span class='ocr_line' id='line_1_55' title="bbox 2147 2271 3796 2343; baseline 0.002 -17"><span class='ocrx_word' id='word_1_396' title='bbox 2147 2288 2257 2326; x_wconf 89' lang='lat' dir='ltr'>nec</span> <span class='ocrx_word' id='word_1_397' title='bbox 2288 2288 2423 2327; x_wconf 90' lang='lat' dir='ltr'>eum</span> <span class='ocrx_word' id='word_1_398' title='bbox 2455 2271 2686 2327; x_wconf 88' lang='lat' dir='ltr'>curiose</span> <span class='ocrx_word' id='word_1_399' title='bbox 2736 2278 3024 2341; x_wconf 87' lang='lat' dir='ltr'>scrutare,</span> <span class='ocrx_word' id='word_1_400' title='bbox 3065 2288 3265 2343; x_wconf 89' lang='lat' dir='ltr'>quem,</span> <span class='ocrx_word' id='word_1_401' title='bbox 3299 2273 3433 2343; x_wconf 89' lang='lat' dir='ltr'>quis</span> <span class='ocrx_word' id='word_1_402' title='bbox 3465 2274 3796 2330; x_wconf 87' lang='lat' dir='ltr'>secundum</span> 
     </span>
    </p>
   </div>
   <div class='ocr_carea' id='block_1_56' title="bbox 2147 2361 3797 2432">
    <p class='ocr_par' dir='ltr' id='par_1_56' title="bbox 2147 2361 3797 2432">
     <span class='ocr_line' id='line_1_56' title="bbox 2147 2361 3797 2432; baseline 0.001 -16"><span class='ocrx_word' id='word_1_403' title='bbox 2147 2361 2472 2416; x_wconf 86' lang='lat' dir='ltr'>essentiam</span> <span class='ocrx_word' id='word_1_404' title='bbox 2505 2362 2601 2429; x_wconf 89' lang='lat' dir='ltr'>sit,</span> <span class='ocrx_word' id='word_1_405' title='bbox 2637 2377 2850 2432; x_wconf 88' lang='lat' dir='ltr'>capere</span> <span class='ocrx_word' id='word_1_406' title='bbox 2897 2378 3019 2416; x_wconf 89' lang='lat' dir='ltr'>non</span> <span class='ocrx_word' id='word_1_407' title='bbox 3051 2361 3298 2417; x_wconf 78' lang='lat' dir='ltr'>sufﬁcis.</span> <span class='ocrx_word' id='word_1_408' title='bbox 3331 2361 3538 2417; x_wconf 86' lang='lat' dir='ltr'>Melius</span> <span class='ocrx_word' id='word_1_409' title='bbox 3571 2362 3676 2417; x_wconf 90' lang='lat' dir='ltr'>tibi</span> <span class='ocrx_word' id='word_1_410' title='bbox 3717 2363 3797 2418; x_wconf 85' lang='lat' dir='ltr'>si-</span> 
     </span>
    </p>
   </div>
   <div class='ocr_carea' id='block_1_57' title="bbox 2145 2449 3797 2522">
    <p class='ocr_par' dir='ltr' id='par_1_57' title="bbox 2145 2449 3797 2522">
     <span class='ocr_line' id='line_1_57' title="bbox 2145 2449 3797 2522; baseline 0.002 -18"><span class='ocrx_word' id='word_1_411' title='bbox 2145 2449 2290 2517; x_wconf 90' lang='lat' dir='ltr'>lere,</span> <span class='ocrx_word' id='word_1_412' title='bbox 2325 2456 2383 2504; x_wconf 93' lang='lat' dir='ltr'>et</span> <span class='ocrx_word' id='word_1_413' title='bbox 2401 2467 2508 2521; x_wconf 91' lang='lat' dir='ltr'>per</span> <span class='ocrx_word' id='word_1_414' title='bbox 2537 2450 2717 2505; x_wconf 84' lang='lat' dir='ltr'>ﬁdem</span> <span class='ocrx_word' id='word_1_415' title='bbox 2742 2450 2991 2506; x_wconf 87' lang='lat' dir='ltr'>adorare</span> <span class='ocrx_word' id='word_1_416' title='bbox 3022 2452 3195 2522; x_wconf 89' lang='lat' dir='ltr'>juxta</span> <span class='ocrx_word' id='word_1_417' title='bbox 3239 2451 3498 2506; x_wconf 85' lang='lat' dir='ltr'>divinam</span> <span class='ocrx_word' id='word_1_418' title='bbox 3546 2467 3750 2507; x_wconf 86' lang='lat' dir='ltr'>vocem</span> <span class='ocrx_word' id='word_1_419' title='bbox 3783 2467 3797 2507; x_wconf 91' lang='lat'>:</span> 
     </span>
    </p>
   </div>
   <div class='ocr_carea' id='block_1_58' title="bbox 2146 2539 3801 2613">
    <p class='ocr_par' dir='ltr' id='par_1_58' title="bbox 2146 2539 3801 2613">
     <span class='ocr_line' id='line_1_58' title="bbox 2146 2539 3801 2613; baseline 0.001 -20"><span class='ocrx_word' id='word_1_420' title='bbox 2146 2555 2325 2610; x_wconf 91' lang='lat' dir='ltr'>quam</span> <span class='ocrx_word' id='word_1_421' title='bbox 2357 2539 2638 2594; x_wconf 89' lang='lat' dir='ltr'>audacter</span> <span class='ocrx_word' id='word_1_422' title='bbox 2667 2556 2739 2594; x_wconf 88' lang='lat' dir='ltr'>ea</span> <span class='ocrx_word' id='word_1_423' title='bbox 2767 2541 3177 2612; x_wconf 74' lang='lat' dir='ltr'>scrutari,quaa</span> <span class='ocrx_word' id='word_1_424' title='bbox 3201 2557 3395 2611; x_wconf 90' lang='lat' dir='ltr'>neque</span> <span class='ocrx_word' id='word_1_425' title='bbox 3429 2545 3491 2595; x_wconf 91' lang='lat' dir='ltr'>tu</span> <span class='ocrx_word' id='word_1_426' title='bbox 3512 2541 3801 2613; x_wconf 77' lang='lat' dir='ltr'>attingere</span> 
     </span>
    </p>
   </div>
   <div class='ocr_carea' id='block_1_59' title="bbox 2145 2628 3800 2700">
    <p class='ocr_par' dir='ltr' id='par_1_59' title="bbox 2145 2628 3800 2700">
     <span class='ocr_line' id='line_1_59' title="bbox 2145 2628 3800 2700; baseline 0.003 -20"><span class='ocrx_word' id='word_1_427' title='bbox 2145 2628 2330 2695; x_wconf 87' lang='lat' dir='ltr'>vales,</span> <span class='ocrx_word' id='word_1_428' title='bbox 2363 2644 2475 2683; x_wconf 90' lang='lat' dir='ltr'>nec</span> <span class='ocrx_word' id='word_1_429' title='bbox 2500 2628 2604 2682; x_wconf 88' lang='lat' dir='ltr'>tibi</span> <span class='ocrx_word' id='word_1_430' title='bbox 2637 2628 2940 2700; x_wconf 87' lang='lat' dir='ltr'>Scriptura</span> <span class='ocrx_word' id='word_1_431' title='bbox 2996 2629 3258 2685; x_wconf 89' lang='lat' dir='ltr'>tradidit.</span> <span class='ocrx_word' id='word_1_432' title='bbox 3321 2631 3456 2684; x_wconf 65' lang='lat' dir='ltr'>Haec</span> <span class='ocrx_word' id='word_1_433' title='bbox 3502 2629 3607 2683; x_wconf 89' lang='lat' dir='ltr'>tibi</span> <span class='ocrx_word' id='word_1_434' title='bbox 3640 2645 3800 2685; x_wconf 87' lang='lat' dir='ltr'>nunc</span> 
     </span>
    </p>
   </div>
   <div class='ocr_carea' id='block_1_60' title="bbox 2145 2717 3803 2790">
    <p class='ocr_par' dir='ltr' id='par_1_60' title="bbox 2145 2717 3803 2790">
     <span class='ocr_line' id='line_1_60' title="bbox 2145 2717 3803 2790; baseline 0.001 -19"><span class='ocrx_word' id='word_1_435' title='bbox 2145 2717 2355 2773; x_wconf 86' lang='lat' dir='ltr'>fusiori</span> <span class='ocrx_word' id='word_1_436' title='bbox 2389 2717 2656 2773; x_wconf 86' lang='lat' dir='ltr'>oratione</span> <span class='ocrx_word' id='word_1_437' title='bbox 2692 2718 2967 2786; x_wconf 86' lang='lat' dir='ltr'>disserui,</span> <span class='ocrx_word' id='word_1_438' title='bbox 3001 2724 3068 2773; x_wconf 92' lang='lat' dir='ltr'>ut</span> <span class='ocrx_word' id='word_1_439' title='bbox 3096 2735 3218 2784; x_wconf 86' lang='lat' dir='ltr'>eos,</span> <span class='ocrx_word' id='word_1_440' title='bbox 3266 2719 3367 2789; x_wconf 90' lang='lat' dir='ltr'>qui</span> <span class='ocrx_word' id='word_1_441' title='bbox 3427 2718 3685 2790; x_wconf 89' lang='lat' dir='ltr'>sapienti</span> <span class='ocrx_word' id='word_1_442' title='bbox 3743 2723 3803 2774; x_wconf 86' lang='lat' dir='ltr'>et</span> 
     </span>
    </p>
   </div>
   <div class='ocr_carea' id='block_1_61' title="bbox 2147 2806 3800 2880">
    <p class='ocr_par' dir='ltr' id='par_1_61' title="bbox 2147 2806 3800 2880">
     <span class='ocr_line' id='line_1_61' title="bbox 2147 2806 3800 2880; baseline 0.001 -19"><span class='ocrx_word' id='word_1_443' title='bbox 2147 2806 2306 2861; x_wconf 89' lang='lat' dir='ltr'>bono</span> <span class='ocrx_word' id='word_1_444' title='bbox 2334 2806 2551 2862; x_wconf 79' lang='lat' dir='ltr'>artiﬁci</span> <span class='ocrx_word' id='word_1_445' title='bbox 2583 2807 2938 2872; x_wconf 87' lang='lat' dir='ltr'>obtrectant,</span> <span class='ocrx_word' id='word_1_446' title='bbox 2971 2806 3107 2862; x_wconf 91' lang='lat' dir='ltr'>odio</span> <span class='ocrx_word' id='word_1_447' title='bbox 3163 2806 3406 2873; x_wconf 84' lang='lat' dir='ltr'>habeas,</span> <span class='ocrx_word' id='word_1_448' title='bbox 3439 2812 3506 2861; x_wconf 90' lang='lat' dir='ltr'>ut</span> <span class='ocrx_word' id='word_1_449' title='bbox 3555 2812 3615 2862; x_wconf 87' lang='lat' dir='ltr'>et</span> <span class='ocrx_word' id='word_1_450' title='bbox 3670 2808 3800 2880; x_wconf 88' lang='lat' dir='ltr'>ipse</span> 
     </span>
    </p>
   </div>
   <div class='ocr_carea' id='block_1_62' title="bbox 2148 2894 3801 2967">
    <p class='ocr_par' dir='ltr' id='par_1_62' title="bbox 2148 2894 3801 2967">
     <span class='ocr_line' id='line_1_62' title="bbox 2148 2894 3801 2967; baseline 0.001 -16"><span class='ocrx_word' id='word_1_451' title='bbox 2148 2897 2344 2967; x_wconf 91' lang='lat' dir='ltr'>potius</span> <span class='ocrx_word' id='word_1_452' title='bbox 2366 2896 2559 2951; x_wconf 88' lang='lat' dir='ltr'>dicas:</span> <span class='ocrx_word' id='word_1_453' title='bbox 2580 2917 2608 2946; x_wconf 83' lang='lat'><strong>«</strong></span> <span class='ocrx_word' id='word_1_454' title='bbox 2625 2896 2811 2961; x_wconf 88' lang='lat' dir='ltr'>Quam</span> <span class='ocrx_word' id='word_1_455' title='bbox 2829 2894 3206 2950; x_wconf 88' lang='lat' dir='ltr'>admirabilia</span> <span class='ocrx_word' id='word_1_456' title='bbox 3218 2900 3359 2950; x_wconf 89' lang='lat' dir='ltr'>sunt</span> <span class='ocrx_word' id='word_1_457' title='bbox 3370 2912 3550 2967; x_wconf 89' lang='lat' dir='ltr'>opera</span> <span class='ocrx_word' id='word_1_458' title='bbox 3566 2897 3801 2966; x_wconf 88' lang='lat' dir='ltr'>tua,Do-</span> 
     </span>
    </p>
   </div>
   <div class='ocr_carea' id='block_1_63' title="bbox 2156 2983 3792 3058">
    <p class='ocr_par' dir='ltr' id='par_1_63' title="bbox 2156 2983 3792 3058">
     <span class='ocr_line' id='line_1_63' title="bbox 2156 2983 3792 3058; baseline 0.002 -21"><span class='ocrx_word' id='word_1_459' title='bbox 2156 3005 2183 3037; x_wconf 73' lang='grc' dir='ltr'>α</span> <span class='ocrx_word' id='word_1_460' title='bbox 2203 2984 2397 3039; x_wconf 77' lang='lat' dir='ltr'>mine!</span> <span class='ocrx_word' id='word_1_461' title='bbox 2421 2984 2706 3039; x_wconf 90' lang='lat' dir='ltr'>omniain</span> <span class='ocrx_word' id='word_1_462' title='bbox 2739 2983 3033 3055; x_wconf 87' lang='lat' dir='ltr'>sapientia</span> <span class='ocrx_word' id='word_1_463' title='bbox 3051 2983 3243 3039; x_wconf 88' lang='lat' dir='ltr'>fecisti</span> <span class='ocrx_word' id='word_1_464' title='bbox 3275 2984 3340 3039; x_wconf 75' lang='grc'>⁸⁸.</span> <span class='ocrx_word' id='word_1_465' title='bbox 3374 3005 3404 3034; x_wconf 84' lang='grc'><strong>››</strong></span> <span class='ocrx_word' id='word_1_466' title='bbox 3428 2984 3553 3040; x_wconf 91' lang='lat' dir='ltr'>Tibi</span> <span class='ocrx_word' id='word_1_467' title='bbox 3581 2984 3792 3058; x_wconf 84' lang='lat' dir='ltr'>gloria,</span> 
     </span>
    </p>
   </div>
   <div class='ocr_carea' id='block_1_64' title="bbox 2149 3071 3792 3146">
    <p class='ocr_par' dir='ltr' id='par_1_64' title="bbox 2149 3071 3792 3146">
     <span class='ocr_line' id='line_1_64' title="bbox 2149 3071 3792 3146; baseline 0.001 -19"><span class='ocrx_word' id='word_1_468' title='bbox 2149 3078 2208 3127; x_wconf 89' lang='lat' dir='ltr'>et</span> <span class='ocrx_word' id='word_1_469' title='bbox 2228 3072 2567 3144; x_wconf 89' lang='lat' dir='ltr'>imperium,</span> <span class='ocrx_word' id='word_1_470' title='bbox 2596 3077 2655 3126; x_wconf 88' lang='lat' dir='ltr'>et</span> <span class='ocrx_word' id='word_1_471' title='bbox 2683 3071 2973 3139; x_wconf 90' lang='lat' dir='ltr'>adoratio,</span> <span class='ocrx_word' id='word_1_472' title='bbox 3004 3087 3125 3127; x_wconf 89' lang='lat' dir='ltr'>una</span> <span class='ocrx_word' id='word_1_473' title='bbox 3153 3088 3289 3128; x_wconf 91' lang='lat' dir='ltr'>cum</span> <span class='ocrx_word' id='word_1_474' title='bbox 3322 3077 3528 3129; x_wconf 88' lang='lat' dir='ltr'>sancto</span> <span class='ocrx_word' id='word_1_475' title='bbox 3551 3073 3792 3146; x_wconf 89' lang='lat' dir='ltr'>Spiritu,</span> 
     </span>
    </p>
   </div>
   <div class='ocr_carea' id='block_1_65' title="bbox 2148 3161 3723 3232">
    <p class='ocr_par' dir='ltr' id='par_1_65' title="bbox 2148 3161 3723 3232">
     <span class='ocr_line' id='line_1_65' title="bbox 2148 3161 3723 3232; baseline 0.002 -16"><span class='ocrx_word' id='word_1_476' title='bbox 2148 3177 2308 3217; x_wconf 91' lang='lat' dir='ltr'>nunc</span> <span class='ocrx_word' id='word_1_477' title='bbox 2331 3166 2389 3217; x_wconf 89' lang='lat' dir='ltr'>et</span> <span class='ocrx_word' id='word_1_478' title='bbox 2415 3177 2672 3232; x_wconf 88' lang='lat' dir='ltr'>semper,</span> <span class='ocrx_word' id='word_1_479' title='bbox 2694 3166 2753 3216; x_wconf 88' lang='lat' dir='ltr'>et</span> <span class='ocrx_word' id='word_1_480' title='bbox 2779 3162 2844 3215; x_wconf 91' lang='lat' dir='ltr'>in</span> <span class='ocrx_word' id='word_1_481' title='bbox 2875 3161 3095 3217; x_wconf 77' lang='lat' dir='ltr'>saacula</span> <span class='ocrx_word' id='word_1_482' title='bbox 3112 3161 3488 3218; x_wconf 57' lang='lat' dir='ltr'>articulorum.</span> <span class='ocrx_word' id='word_1_483' title='bbox 3511 3165 3723 3219; x_wconf 82' lang='lat' dir='ltr'>Amen.</span> 
     </span>
    </p>
   </div>
   <div class='ocr_carea' id='block_1_66' title="bbox 448 3511 1502 3584">
    <p class='ocr_par' dir='ltr' id='par_1_66' title="bbox 448 3511 1502 3584">
     <span class='ocr_line' id='line_1_66' title="bbox 448 3511 1502 3584; baseline -0.001 -16"><span class='ocrx_word' id='word_1_484' title='bbox 448 3514 494 3549; x_wconf 75' lang='grc'>⁸⁷</span> <span class='ocrx_word' id='word_1_485' title='bbox 524 3514 726 3570; x_wconf 78' lang='lat' dir='ltr'>Matth.</span> <span class='ocrx_word' id='word_1_486' title='bbox 759 3530 853 3584; x_wconf 80' lang='lat' dir='ltr'>xv,</span> <span class='ocrx_word' id='word_1_487' title='bbox 883 3516 971 3569; x_wconf 76' lang='grc'>19.</span> <span class='ocrx_word' id='word_1_488' title='bbox 1001 3511 1049 3549; x_wconf 77' lang='grc'>⁸⁸</span> <span class='ocrx_word' id='word_1_489' title='bbox 1076 3513 1232 3569; x_wconf 88' lang='lat' dir='ltr'>Psal.</span> <span class='ocrx_word' id='word_1_490' title='bbox 1264 3530 1384 3579; x_wconf 79' lang='lat' dir='ltr'>CIII,</span> <span class='ocrx_word' id='word_1_491' title='bbox 1414 3515 1502 3569; x_wconf 70' lang='grc'>24.</span> 
     </span>
    </p>
   </div>
   <div class='ocr_carea' id='block_1_67' title="bbox 1210 3884 2938 4013">
    <p class='ocr_par' dir='ltr' id='par_1_67' title="bbox 1210 3884 2938 4013">
     <span class='ocr_line' id='line_1_67' title="bbox 1210 3884 2938 4013; baseline -0.005 1"><span class='ocrx_word' id='word_1_492' title='bbox 1210 3885 2217 4013; x_wconf 81' lang='lat' dir='ltr'>CATECHESIS</span> <span class='ocrx_word' id='word_1_493' title='bbox 2304 3884 2938 4007; x_wconf 81' lang='lat' dir='ltr'>DECIMA</span> 
     </span>
    </p>
   </div>
   <div class='ocr_carea' id='block_1_68' title="bbox 1482 4100 2694 4166">
    <p class='ocr_par' dir='ltr' id='par_1_68' title="bbox 1482 4100 2694 4166">
     <span class='ocr_line' id='line_1_68' title="bbox 1482 4100 2694 4166; baseline -0.005 1"><span class='ocrx_word' id='word_1_494' title='bbox 1482 4112 1573 4166; x_wconf 91' lang='lat' dir='ltr'><strong>DE</strong></span> <span class='ocrx_word' id='word_1_495' title='bbox 1630 4100 1772 4166; x_wconf 86' lang='lat' dir='ltr'>UNO</span> <span class='ocrx_word' id='word_1_496' title='bbox 1834 4108 2104 4165; x_wconf 87' lang='lat' dir='ltr'><strong>DOMINO</strong></span> <span class='ocrx_word' id='word_1_497' title='bbox 2160 4107 2325 4164; x_wconf 82' lang='lat' dir='ltr'>JESU</span> <span class='ocrx_word' id='word_1_498' title='bbox 2373 4106 2694 4164; x_wconf 80' lang='lat' dir='ltr'>CHRISTO.</span> 
     </span>
    </p>
   </div>
   <div class='ocr_carea' id='block_1_69' title="bbox 1629 4388 2540 4487">
    <p class='ocr_par' dir='ltr' id='par_1_69' title="bbox 1629 4388 2540 4487">
     <span class='ocr_line' id='line_1_69' title="bbox 1629 4388 2540 4487; baseline -0.005 -3"><span class='ocrx_word' id='word_1_499' title='bbox 1629 4388 1783 4445; x_wconf 78' lang='grc'>¹³⁵</span> <span class='ocrx_word' id='word_1_500' title='bbox 1854 4395 2540 4487; x_wconf 82' lang='grc' dir='ltr'>ΑΒΜΟΝῙΤΙΟ.</span> 
     </span>
    </p>
   </div>
   <div class='ocr_carea' id='block_1_70' title="bbox 455 4601 3798 4690">
    <p class='ocr_par' dir='ltr' id='par_1_70' title="bbox 455 4601 3798 4690">
     <span class='ocr_line' id='line_1_70' title="bbox 455 4601 3798 4690; baseline -0.002 -18"><span class='ocrx_word' id='word_1_501' title='bbox 455 4612 505 4672; x_wconf 89' lang='lat' dir='ltr'>l.</span> <span class='ocrx_word' id='word_1_502' title='bbox 542 4608 887 4673; x_wconf 86' lang='lat' dir='ltr'>Secundum</span> <span class='ocrx_word' id='word_1_503' title='bbox 912 4605 1168 4690; x_wconf 76' lang='lat' dir='ltr'>symboli</span> <span class='ocrx_word' id='word_1_504' title='bbox 1191 4603 1513 4669; x_wconf 75' lang='lat' dir='ltr'>articulum</span> <span class='ocrx_word' id='word_1_505' title='bbox 1536 4604 1765 4666; x_wconf 84' lang='lat' dir='ltr'>duabus</span> <span class='ocrx_word' id='word_1_506' title='bbox 1793 4604 2185 4667; x_wconf 82' lang='lat' dir='ltr'>catechesibus</span> <span class='ocrx_word' id='word_1_507' title='bbox 2241 4624 2556 4685; x_wconf 73' lang='lat' dir='ltr'>exponens,</span> <span class='ocrx_word' id='word_1_508' title='bbox 2619 4605 2677 4664; x_wconf 89' lang='lat' dir='ltr'>in</span> <span class='ocrx_word' id='word_1_509' title='bbox 2734 4604 2846 4665; x_wconf 76' lang='lat' dir='ltr'>hac</span> <span class='ocrx_word' id='word_1_510' title='bbox 2894 4606 3134 4684; x_wconf 88' lang='lat' dir='ltr'>priores</span> <span class='ocrx_word' id='word_1_511' title='bbox 3188 4603 3318 4684; x_wconf 83' lang='lat' dir='ltr'>ejus</span> <span class='ocrx_word' id='word_1_512' title='bbox 3356 4601 3613 4664; x_wconf 73' lang='lat' dir='ltr'>articuli</span> <span class='ocrx_word' id='word_1_513' title='bbox 3636 4621 3798 4665; x_wconf 82' lang='lat' dir='ltr'>voces</span> 
     </span>
    </p>
   </div>
   <div class='ocr_carea' id='block_1_71' title="bbox 391 4699 3807 4783">
    <p class='ocr_par' dir='ltr' id='par_1_71' title="bbox 391 4699 3807 4783">
     <span class='ocr_line' id='line_1_71' title="bbox 391 4699 3807 4783; baseline -0.002 -16"><span class='ocrx_word' id='word_1_514' title='bbox 391 4726 583 4767; x_wconf 87' lang='lat' dir='ltr'>unum</span> <span class='ocrx_word' id='word_1_515' title='bbox 614 4708 950 4767; x_wconf 91' lang='lat' dir='ltr'>Dominum</span> <span class='ocrx_word' id='word_1_516' title='bbox 983 4707 1193 4764; x_wconf 88' lang='lat' dir='ltr'>Jesum</span> <span class='ocrx_word' id='word_1_517' title='bbox 1227 4703 1539 4764; x_wconf 85' lang='lat' dir='ltr'>Christum</span> <span class='ocrx_word' id='word_1_518' title='bbox 1574 4701 2033 4781; x_wconf 78' lang='lat' dir='ltr'>interpretatur.</span> <span class='ocrx_word' id='word_1_519' title='bbox 2057 4705 2149 4762; x_wconf 88' lang='lat' dir='ltr'>Ac</span> <span class='ocrx_word' id='word_1_520' title='bbox 2163 4703 2360 4783; x_wconf 84' lang='lat' dir='ltr'>primo</span> <span class='ocrx_word' id='word_1_521' title='bbox 2390 4700 2624 4781; x_wconf 83' lang='lat' dir='ltr'>quidem</span> <span class='ocrx_word' id='word_1_522' title='bbox 2650 4711 2858 4761; x_wconf 78' lang='lat' dir='ltr'>contra</span> <span class='ocrx_word' id='word_1_523' title='bbox 2877 4700 3112 4761; x_wconf 66' lang='lat' dir='ltr'>Judaeos</span> <span class='ocrx_word' id='word_1_524' title='bbox 3141 4700 3498 4778; x_wconf 78' lang='lat' dir='ltr'>agnoscendi</span> <span class='ocrx_word' id='word_1_525' title='bbox 3515 4700 3633 4762; x_wconf 86' lang='lat' dir='ltr'>Dei</span> <span class='ocrx_word' id='word_1_526' title='bbox 3652 4699 3807 4761; x_wconf 81' lang='lat' dir='ltr'>Filii</span> 
     </span>
    </p>
   </div>
   <div class='ocr_carea' id='block_1_72' title="bbox 383 4796 3799 4883">
    <p class='ocr_par' dir='ltr' id='par_1_72' title="bbox 383 4796 3799 4883">
     <span class='ocr_line' id='line_1_72' title="bbox 383 4796 3799 4883; baseline -0.001 -20"><span class='ocrx_word' id='word_1_527' title='bbox 383 4806 779 4865; x_wconf 77' lang='lat' dir='ltr'>necessitatem</span> <span class='ocrx_word' id='word_1_528' title='bbox 802 4801 1086 4883; x_wconf 82' lang='lat' dir='ltr'>probans,</span> <span class='ocrx_word' id='word_1_529' title='bbox 1122 4802 1498 4883; x_wconf 82' lang='lat' dir='ltr'>quamobrem</span> <span class='ocrx_word' id='word_1_530' title='bbox 1532 4818 1694 4860; x_wconf 88' lang='lat' dir='ltr'>unus</span> <span class='ocrx_word' id='word_1_531' title='bbox 1719 4800 1962 4860; x_wconf 81' lang='lat' dir='ltr'>dicatur</span> <span class='ocrx_word' id='word_1_532' title='bbox 1989 4806 2286 4861; x_wconf 78' lang='lat' dir='ltr'>rationem</span> <span class='ocrx_word' id='word_1_533' title='bbox 2317 4798 2519 4860; x_wconf 79' lang='lat' dir='ltr'>reddit</span> <span class='ocrx_word' id='word_1_534' title='bbox 2552 4818 2566 4873; x_wconf 91' lang='lat'><strong>;</strong></span> <span class='ocrx_word' id='word_1_535' title='bbox 2600 4818 2805 4878; x_wconf 85' lang='lat' dir='ltr'>nempe</span> <span class='ocrx_word' id='word_1_536' title='bbox 2860 4809 2924 4856; x_wconf 87' lang='lat' dir='ltr'>ut</span> <span class='ocrx_word' id='word_1_537' title='bbox 2976 4808 3331 4859; x_wconf 85' lang='lat' dir='ltr'>occurratur</span> <span class='ocrx_word' id='word_1_538' title='bbox 3385 4796 3799 4858; x_wconf 70' lang='lat' dir='ltr'>haereticorum</span> 
     </span>
    </p>
   </div>
   <div class='ocr_carea' id='block_1_73' title="bbox 380 4894 3801 4983">
    <p class='ocr_par' dir='ltr' id='par_1_73' title="bbox 380 4894 3801 4983">
     <span class='ocr_line' id='line_1_73' title="bbox 380 4894 3801 4983; baseline -0.002 -21"><span class='ocrx_word' id='word_1_539' title='bbox 380 4900 728 4983; x_wconf 77' lang='lat' dir='ltr'>fraudibus,</span> <span class='ocrx_word' id='word_1_540' title='bbox 762 4907 870 4981; x_wconf 78' lang='lat' dir='ltr'>qui</span> <span class='ocrx_word' id='word_1_541' title='bbox 894 4911 1141 4982; x_wconf 85' lang='lat' dir='ltr'>propter</span> <span class='ocrx_word' id='word_1_542' title='bbox 1161 4898 1426 4961; x_wconf 77' lang='lat' dir='ltr'>diversas</span> <span class='ocrx_word' id='word_1_543' title='bbox 1456 4897 1632 4959; x_wconf 84' lang='lat' dir='ltr'>unius</span> <span class='ocrx_word' id='word_1_544' title='bbox 1661 4910 1716 4959; x_wconf 90' lang='lat' dir='ltr'>et</span> <span class='ocrx_word' id='word_1_545' title='bbox 1743 4898 2005 4978; x_wconf 83' lang='lat' dir='ltr'>ejusdem</span> <span class='ocrx_word' id='word_1_546' title='bbox 2040 4897 2278 4961; x_wconf 75' lang='lat' dir='ltr'>Christi</span> <span class='ocrx_word' id='word_1_547' title='bbox 2294 4897 2884 4978; x_wconf 83' lang='lat' dir='ltr'>appellationes,eum</span> <span class='ocrx_word' id='word_1_548' title='bbox 2943 4898 3005 4957; x_wconf 87' lang='lat' dir='ltr'>in</span> <span class='ocrx_word' id='word_1_549' title='bbox 3053 4897 3312 4958; x_wconf 83' lang='lat' dir='ltr'>diversos</span> <span class='ocrx_word' id='word_1_550' title='bbox 3366 4894 3634 4957; x_wconf 78' lang='lat' dir='ltr'>scindere</span> <span class='ocrx_word' id='word_1_551' title='bbox 3659 4905 3801 4956; x_wconf 89' lang='lat' dir='ltr'>sunt</span> 
     </span>
    </p>
   </div>
   <div class='ocr_carea' id='block_1_74' title="bbox 380 4994 3804 5078">
    <p class='ocr_par' dir='ltr' id='par_1_74' title="bbox 380 4994 3804 5078">
     <span class='ocr_line' id='line_1_74' title="bbox 380 4994 3804 5078; baseline -0.002 -16"><span class='ocrx_word' id='word_1_552' title='bbox 380 5000 517 5062; x_wconf 86' lang='lat' dir='ltr'>ausi</span> <span class='ocrx_word' id='word_1_553' title='bbox 546 5000 747 5078; x_wconf 89' lang='lat' dir='ltr'>(num.</span> <span class='ocrx_word' id='word_1_554' title='bbox 783 4999 864 5078; x_wconf 86' lang='lat'>1).</span> <span class='ocrx_word' id='word_1_555' title='bbox 900 4998 1127 5059; x_wconf 80' lang='lat' dir='ltr'>Dehinc</span> <span class='ocrx_word' id='word_1_556' title='bbox 1155 5014 1357 5059; x_wconf 85' lang='lat' dir='ltr'>verum</span> <span class='ocrx_word' id='word_1_557' title='bbox 1387 4997 1517 5077; x_wconf 86' lang='lat' dir='ltr'>ejus</span> <span class='ocrx_word' id='word_1_558' title='bbox 1544 5005 1603 5056; x_wconf 83' lang='lat' dir='ltr'>et</span> <span class='ocrx_word' id='word_1_559' title='bbox 1631 5006 1932 5068; x_wconf 71' lang='lat' dir='ltr'>aeternum,</span> <span class='ocrx_word' id='word_1_560' title='bbox 1969 4996 2085 5076; x_wconf 86' lang='lat' dir='ltr'>ipsi</span> <span class='ocrx_word' id='word_1_561' title='bbox 2111 5015 2186 5055; x_wconf 79' lang='lat' dir='ltr'>ea:</span> <span class='ocrx_word' id='word_1_562' title='bbox 2219 4998 2520 5058; x_wconf 81' lang='lat' dir='ltr'>Creatoris</span> <span class='ocrx_word' id='word_1_563' title='bbox 2553 4994 2725 5053; x_wconf 81' lang='lat' dir='ltr'>titulo</span> <span class='ocrx_word' id='word_1_564' title='bbox 2756 5002 2938 5055; x_wconf 79' lang='lat' dir='ltr'>etiam</span> <span class='ocrx_word' id='word_1_565' title='bbox 2970 5005 3108 5055; x_wconf 88' lang='lat' dir='ltr'>ante</span> <span class='ocrx_word' id='word_1_566' title='bbox 3165 4994 3635 5055; x_wconf 72' lang='lat' dir='ltr'>incarnationem</span> <span class='ocrx_word' id='word_1_567' title='bbox 3666 5013 3804 5055; x_wconf 87' lang='lat' dir='ltr'>con-</span> 
     </span>
    </p>
   </div>
   <div class='ocr_carea' id='block_1_75' title="bbox 382 5086 3806 5175">
    <p class='ocr_par' dir='ltr' id='par_1_75' title="bbox 382 5086 3806 5175">
     <span class='ocr_line' id='line_1_75' title="bbox 382 5086 3806 5175; baseline -0.002 -17"><span class='ocrx_word' id='word_1_568' title='bbox 382 5097 618 5158; x_wconf 84' lang='lat' dir='ltr'>veniens</span> <span class='ocrx_word' id='word_1_569' title='bbox 649 5095 948 5157; x_wconf 77' lang='lat' dir='ltr'>dominum</span> <span class='ocrx_word' id='word_1_570' title='bbox 978 5115 1052 5156; x_wconf 72' lang='lat' dir='ltr'>ex</span> <span class='ocrx_word' id='word_1_571' title='bbox 1080 5093 1372 5157; x_wconf 83' lang='lat' dir='ltr'>veteribus</span> <span class='ocrx_word' id='word_1_572' title='bbox 1402 5093 1744 5175; x_wconf 81' lang='lat' dir='ltr'>Scripturz&#39;s</span> <span class='ocrx_word' id='word_1_573' title='bbox 1771 5092 2024 5173; x_wconf 70' lang='lat' dir='ltr'>probat:</span> <span class='ocrx_word' id='word_1_574' title='bbox 2058 5095 2163 5153; x_wconf 83' lang='lat' dir='ltr'>cui</span> <span class='ocrx_word' id='word_1_575' title='bbox 2187 5092 2449 5151; x_wconf 82' lang='lat' dir='ltr'>dominio</span> <span class='ocrx_word' id='word_1_576' title='bbox 2499 5111 2590 5152; x_wconf 88' lang='lat' dir='ltr'>res</span> <span class='ocrx_word' id='word_1_577' title='bbox 2647 5111 2841 5151; x_wconf 85' lang='lat' dir='ltr'>omnes</span> <span class='ocrx_word' id='word_1_578' title='bbox 2872 5102 3103 5163; x_wconf 75' lang='lat' dir='ltr'>creatae,</span> <span class='ocrx_word' id='word_1_579' title='bbox 3139 5094 3317 5153; x_wconf 89' lang='lat' dir='ltr'>etiam</span> <span class='ocrx_word' id='word_1_580' title='bbox 3351 5095 3559 5171; x_wconf 86' lang='lat' dir='ltr'>angeli</span> <span class='ocrx_word' id='word_1_581' title='bbox 3579 5086 3806 5152; x_wconf 66' lang='lat' dir='ltr'>subsin‘</span> 
     </span>
    </p>
   </div>
   <div class='ocr_carea' id='block_1_76' title="bbox 386 5190 3804 5275">
    <p class='ocr_par' dir='ltr' id='par_1_76' title="bbox 386 5190 3804 5275">
     <span class='ocr_line' id='line_1_76' title="bbox 386 5190 3804 5275; baseline -0.001 -21"><span class='ocrx_word' id='word_1_582' title='bbox 386 5195 479 5275; x_wconf 83' lang='grc' dir='ltr'>(η.</span> <span class='ocrx_word' id='word_1_583' title='bbox 512 5203 545 5255; x_wconf 72' lang='lat'><strong><em>2</em></strong></span> <span class='ocrx_word' id='word_1_584' title='bbox 577 5202 636 5255; x_wconf 89' lang='lat' dir='ltr'>et</span> <span class='ocrx_word' id='word_1_585' title='bbox 664 5197 885 5273; x_wconf 86' lang='lat' dir='ltr'>seqq.).</span> <span class='ocrx_word' id='word_1_586' title='bbox 929 5194 1242 5254; x_wconf 81' lang='lat' dir='ltr'>Transiens</span> <span class='ocrx_word' id='word_1_587' title='bbox 1270 5192 1478 5252; x_wconf 83' lang='lat' dir='ltr'>deinde</span> <span class='ocrx_word' id='word_1_588' title='bbox 1506 5193 1595 5270; x_wconf 84' lang='grc' dir='ltr'>(η.</span> <span class='ocrx_word' id='word_1_589' title='bbox 1628 5194 1729 5270; x_wconf 88' lang='grc'>10)</span> <span class='ocrx_word' id='word_1_590' title='bbox 1760 5190 1841 5252; x_wconf 83' lang='lat' dir='ltr'>ad</span> <span class='ocrx_word' id='word_1_591' title='bbox 1859 5190 1978 5250; x_wconf 87' lang='lat' dir='ltr'>duo</span> <span class='ocrx_word' id='word_1_592' title='bbox 2008 5196 2201 5250; x_wconf 76' lang='lat' dir='ltr'>nostri.</span> <span class='ocrx_word' id='word_1_593' title='bbox 2234 5192 2569 5249; x_wconf 64' lang='lat' dir='ltr'>Servatoris</span> <span class='ocrx_word' id='word_1_594' title='bbox 2598 5191 2861 5268; x_wconf 85' lang='lat' dir='ltr'>nomina,</span> <span class='ocrx_word' id='word_1_595' title='bbox 2896 5193 3104 5251; x_wconf 86' lang='lat' dir='ltr'>Jesum</span> <span class='ocrx_word' id='word_1_596' title='bbox 3132 5204 3189 5251; x_wconf 80' lang='lat' dir='ltr'>et</span> <span class='ocrx_word' id='word_1_597' title='bbox 3212 5190 3555 5267; x_wconf 86' lang='lat' dir='ltr'>Christum,</span> <span class='ocrx_word' id='word_1_598' title='bbox 3589 5210 3625 5252; x_wconf 90' lang='lat' dir='ltr'>a</span> <span class='ocrx_word' id='word_1_599' title='bbox 3655 5191 3804 5251; x_wconf 78' lang='lat' dir='ltr'>duo-</span> 
     </span>
    </p>
   </div>
   <div class='ocr_carea' id='block_1_77' title="bbox 393 5287 3806 5369">
    <p class='ocr_par' dir='ltr' id='par_1_77' title="bbox 393 5287 3806 5369">
     <span class='ocr_line' id='line_1_77' title="bbox 393 5287 3806 5369; baseline -0.001 -17"><span class='ocrx_word' id='word_1_600' title='bbox 393 5292 495 5353; x_wconf 84' lang='lat' dir='ltr'>bus</span> <span class='ocrx_word' id='word_1_601' title='bbox 522 5294 760 5353; x_wconf 72' lang='lat' dir='ltr'>eximiis</span> <span class='ocrx_word' id='word_1_602' title='bbox 786 5292 933 5353; x_wconf 83' lang='lat' dir='ltr'>viris</span> <span class='ocrx_word' id='word_1_603' title='bbox 960 5290 1135 5352; x_wconf 85' lang='lat' dir='ltr'>Josue</span> <span class='ocrx_word' id='word_1_604' title='bbox 1162 5300 1217 5351; x_wconf 88' lang='lat' dir='ltr'>et</span> <span class='ocrx_word' id='word_1_605' title='bbox 1236 5295 1448 5353; x_wconf 85' lang='lat' dir='ltr'>Aaron</span> <span class='ocrx_word' id='word_1_606' title='bbox 1478 5308 1724 5368; x_wconf 86' lang='lat' dir='ltr'>regnum</span> <span class='ocrx_word' id='word_1_607' title='bbox 1756 5288 1882 5369; x_wconf 79' lang='lat' dir='ltr'>ejus</span> <span class='ocrx_word' id='word_1_608' title='bbox 1913 5296 1969 5348; x_wconf 89' lang='lat' dir='ltr'>et</span> <span class='ocrx_word' id='word_1_609' title='bbox 1990 5287 2386 5348; x_wconf 77' lang='lat' dir='ltr'>sacerdotium</span> <span class='ocrx_word' id='word_1_610' title='bbox 2414 5287 2880 5368; x_wconf 65' lang='lat' dir='ltr'>exprimentilzus</span> <span class='ocrx_word' id='word_1_611' title='bbox 2896 5298 3147 5368; x_wconf 84' lang='lat' dir='ltr'>gestata,</span> <span class='ocrx_word' id='word_1_612' title='bbox 3172 5289 3464 5369; x_wconf 76' lang='lat' dir='ltr'>duplicem</span> <span class='ocrx_word' id='word_1_613' title='bbox 3496 5291 3648 5349; x_wconf 84' lang='lat' dir='ltr'>vocis</span> <span class='ocrx_word' id='word_1_614' title='bbox 3664 5288 3806 5349; x_wconf 83' lang='lat' dir='ltr'>Jesu</span> 
     </span>
    </p>
   </div>
   <div class='ocr_carea' id='block_1_78' title="bbox 387 5386 3807 5473">
    <p class='ocr_par' dir='ltr' id='par_1_78' title="bbox 387 5386 3807 5473">
     <span class='ocr_line' id='line_1_78' title="bbox 387 5386 3807 5473; baseline -0.002 -21"><span class='ocrx_word' id='word_1_615' title='bbox 387 5393 809 5473; x_wconf 77' lang='lat' dir='ltr'>etymologiam</span> <span class='ocrx_word' id='word_1_616' title='bbox 839 5408 913 5453; x_wconf 73' lang='lat' dir='ltr'>ex</span> <span class='ocrx_word' id='word_1_617' title='bbox 946 5390 1254 5452; x_wconf 64' lang='lat' dir='ltr'>Hebraicw</span> <span class='ocrx_word' id='word_1_618' title='bbox 1282 5399 1336 5450; x_wconf 90' lang='lat' dir='ltr'>et</span> <span class='ocrx_word' id='word_1_619' title='bbox 1372 5388 1582 5451; x_wconf 67' lang='lat' dir='ltr'>Graeca?</span> <span class='ocrx_word' id='word_1_620' title='bbox 1615 5390 1835 5467; x_wconf 73' lang='lat' dir='ltr'>linguae</span> <span class='ocrx_word' id='word_1_621' title='bbox 1855 5386 2234 5469; x_wconf 78' lang='lat' dir='ltr'>proprietate</span> <span class='ocrx_word' id='word_1_622' title='bbox 2259 5389 2628 5469; x_wconf 74' lang='lat' dir='ltr'>persequitur</span> <span class='ocrx_word' id='word_1_623' title='bbox 2676 5404 2687 5446; x_wconf 94' lang='lat'>:</span> <span class='ocrx_word' id='word_1_624' title='bbox 2718 5388 2900 5467; x_wconf 70' lang='lat' dir='ltr'>juxta</span> <span class='ocrx_word' id='word_1_625' title='bbox 2928 5407 3108 5468; x_wconf 78' lang='lat' dir='ltr'>quam</span> <span class='ocrx_word' id='word_1_626' title='bbox 3168 5388 3317 5449; x_wconf 90' lang='lat' dir='ltr'>idem</span> <span class='ocrx_word' id='word_1_627' title='bbox 3379 5388 3691 5459; x_wconf 84' lang='lat' dir='ltr'>Salvator,</span> <span class='ocrx_word' id='word_1_628' title='bbox 3750 5397 3807 5446; x_wconf 84' lang='lat' dir='ltr'>et</span> 
     </span>
    </p>
   </div>
   <div class='ocr_carea' id='block_1_79' title="bbox 395 5483 3804 5573">
    <p class='ocr_par' dir='ltr' id='par_1_79' title="bbox 395 5483 3804 5573">
     <span class='ocr_line' id='line_1_79' title="bbox 395 5483 3804 5573; baseline -0.001 -24"><span class='ocrx_word' id='word_1_629' title='bbox 395 5500 515 5550; x_wconf 89' lang='lat' dir='ltr'>tam</span> <span class='ocrx_word' id='word_1_630' title='bbox 545 5510 858 5572; x_wconf 82' lang='lat' dir='ltr'>corporum</span> <span class='ocrx_word' id='word_1_631' title='bbox 888 5510 1066 5573; x_wconf 82' lang='lat' dir='ltr'>quam</span> <span class='ocrx_word' id='word_1_632' title='bbox 1098 5490 1443 5550; x_wconf 86' lang='lat' dir='ltr'>animarum</span> <span class='ocrx_word' id='word_1_633' title='bbox 1473 5487 1729 5548; x_wconf 88' lang='lat' dir='ltr'>medicus</span> <span class='ocrx_word' id='word_1_634' title='bbox 1756 5487 1852 5547; x_wconf 87' lang='lat' dir='ltr'>sit.</span> <span class='ocrx_word' id='word_1_635' title='bbox 1891 5485 2133 5551; x_wconf 83' lang='lat' dir='ltr'>Christi</span> <span class='ocrx_word' id='word_1_636' title='bbox 2158 5505 2289 5546; x_wconf 82' lang='lat' dir='ltr'>vero</span> <span class='ocrx_word' id='word_1_637' title='bbox 2320 5485 2773 5566; x_wconf 65' lang='lat' dir='ltr'>appellationem</span> <span class='ocrx_word' id='word_1_638' title='bbox 2793 5486 2868 5546; x_wconf 78' lang='lat' dir='ltr'>ab</span> <span class='ocrx_word' id='word_1_639' title='bbox 2890 5489 3161 5547; x_wconf 88' lang='lat' dir='ltr'>unctione</span> <span class='ocrx_word' id='word_1_640' title='bbox 3189 5486 3447 5554; x_wconf 82' lang='lat' dir='ltr'>derivat,</span> <span class='ocrx_word' id='word_1_641' title='bbox 3476 5506 3593 5565; x_wconf 84' lang='lat' dir='ltr'>qua</span> <span class='ocrx_word' id='word_1_642' title='bbox 3629 5483 3804 5548; x_wconf 77' lang='lat' dir='ltr'>Chri-</span> 
     </span>
    </p>
   </div>
   <div class='ocr_carea' id='block_1_80' title="bbox 380 5582 3799 5667">
    <p class='ocr_par' dir='ltr' id='par_1_80' title="bbox 380 5582 3799 5667">
     <span class='ocr_line' id='line_1_80' title="bbox 380 5582 3799 5667; baseline -0.002 -22"><span class='ocrx_word' id='word_1_643' title='bbox 380 5595 535 5648; x_wconf 87' lang='lat' dir='ltr'>stum</span> <span class='ocrx_word' id='word_1_644' title='bbox 564 5606 638 5649; x_wconf 67' lang='grc' dir='ltr'>επ</span> <span class='ocrx_word' id='word_1_645' title='bbox 666 5591 834 5648; x_wconf 88' lang='lat' dir='ltr'>omni</span> <span class='ocrx_word' id='word_1_646' title='bbox 855 5588 1188 5648; x_wconf 55' lang='lat' dir='ltr'>«eternitate</span> <span class='ocrx_word' id='word_1_647' title='bbox 1214 5605 1250 5647; x_wconf 92' lang='lat' dir='ltr'>a</span> <span class='ocrx_word' id='word_1_648' title='bbox 1278 5585 1467 5646; x_wconf 82' lang='lat' dir='ltr'>Patre</span> <span class='ocrx_word' id='word_1_649' title='bbox 1490 5584 1850 5645; x_wconf 84' lang='lat' dir='ltr'>sacerdotem</span> <span class='ocrx_word' id='word_1_650' title='bbox 1879 5584 2254 5645; x_wconf 85' lang='lat' dir='ltr'>constitutum</span> <span class='ocrx_word' id='word_1_651' title='bbox 2284 5587 2394 5655; x_wconf 86' lang='lat' dir='ltr'>ait,</span> <span class='ocrx_word' id='word_1_652' title='bbox 2431 5603 2679 5665; x_wconf 79' lang='lat' dir='ltr'>eumque</span> <span class='ocrx_word' id='word_1_653' title='bbox 2706 5587 2782 5645; x_wconf 84' lang='lat' dir='ltr'>ab</span> <span class='ocrx_word' id='word_1_654' title='bbox 2838 5584 3105 5646; x_wconf 82' lang='lat' dir='ltr'>omnibus</span> <span class='ocrx_word' id='word_1_655' title='bbox 3129 5585 3437 5667; x_wconf 83' lang='lat' dir='ltr'>prophetis</span> <span class='ocrx_word' id='word_1_656' title='bbox 3464 5593 3521 5644; x_wconf 90' lang='lat' dir='ltr'>et</span> <span class='ocrx_word' id='word_1_657' title='bbox 3550 5582 3626 5642; x_wconf 86' lang='lat' dir='ltr'>ab</span> <span class='ocrx_word' id='word_1_658' title='bbox 3656 5582 3799 5661; x_wconf 70' lang='lat' dir='ltr'>ipsis</span> 
     </span>
    </p>
   </div>
   <div class='ocr_carea' id='block_1_81' title="bbox 382 5679 3793 5764">
    <p class='ocr_par' dir='ltr' id='par_1_81' title="bbox 382 5679 3793 5764">
     <span class='ocr_line' id='line_1_81' title="bbox 382 5679 3793 5764; baseline -0.003 -23"><span class='ocrx_word' id='word_1_659' title='bbox 382 5682 743 5744; x_wconf 63' lang='lat' dir='ltr'>(immanibus</span> <span class='ocrx_word' id='word_1_660' title='bbox 775 5683 882 5744; x_wconf 87' lang='lat' dir='ltr'>hoc</span> <span class='ocrx_word' id='word_1_661' title='bbox 904 5683 1136 5745; x_wconf 84' lang='lat' dir='ltr'>nomine</span> <span class='ocrx_word' id='word_1_662' title='bbox 1166 5682 1454 5762; x_wconf 83' lang='lat' dir='ltr'>cogitum,</span> <span class='ocrx_word' id='word_1_663' title='bbox 1489 5700 1832 5764; x_wconf 83' lang='lat' dir='ltr'>quanquam</span> <span class='ocrx_word' id='word_1_664' title='bbox 1864 5701 1899 5743; x_wconf 83' lang='grc' dir='ltr'>α</span> <span class='ocrx_word' id='word_1_665' title='bbox 1927 5680 2148 5743; x_wconf 75' lang='lat' dir='ltr'>ludam</span> <span class='ocrx_word' id='word_1_666' title='bbox 2180 5681 2358 5763; x_wconf 88' lang='lat' dir='ltr'>impie</span> <span class='ocrx_word' id='word_1_667' title='bbox 2387 5683 2690 5760; x_wconf 83' lang='lat' dir='ltr'>rejectum,</span> <span class='ocrx_word' id='word_1_668' title='bbox 2719 5683 2989 5743; x_wconf 76' lang='lat' dir='ltr'>ostendit.</span> <span class='ocrx_word' id='word_1_669' title='bbox 3044 5683 3371 5751; x_wconf 51' lang='lat' dir='ltr'>Christum,</span> <span class='ocrx_word' id='word_1_670' title='bbox 3430 5686 3677 5757; x_wconf 73' lang='lat' dir='ltr'>propter</span> <span class='ocrx_word' id='word_1_671' title='bbox 3702 5679 3793 5747; x_wconf 77' lang='lat' dir='ltr'>ef-</span> 
     </span>
    </p>
   </div>
  </div>
