4124 6260
452 281 572 378 663

1518 316 1582 376 S.
1629 314 1945 377 CYRILLI
1991 312 2400 377 HIEBOSOL.
2452 315 2821 377 ARCHIEP.

3757 320 3872 379 664

454 454 615 511 enim
638 450 901 524 janua’:
933 466 1136 507 verum
1168 468 1244 507 ne
1274 450 1558 526 ligneam,
1591 466 1662 506 ex
1691 450 1803 506 hac
1831 449 2096 523 appella-

2214 447 2471 512 πολλοὺς
2525 447 2677 512 υἱοὺς
2736 446 2936 525 ἆκχὲῃς
2993 443 3288 511 δυσσεϐῶς.
3322 449 3545 525 Λέγεται
3572 451 3680 525 γὰρ
3717 449 3868 524 θόραο

448 545 633 608 tione,
659 541 910 612 januam
938 556 1067 596 esse
1088 546 1261 613 putes
1286 558 1300 609 ;
1328 539 1431 597 sed
1458 539 2105 608 rationabilem,viven-

447 638 590 697 tem,
622 637 681 685 et
725 630 1190 701 ingredientium
1251 630 1576 685 discrimen
1634 628 1975 684 facientem.
2007 629 2109 683 Via

448 719 751 776 vocatur1°
777 736 791 784 ;
825 735 946 773 non
979 736 1111 789 quae
1133 719 1387 790 pedibus
1414 718 1815 785 conculcetur,
1841 717 1945 773 sed
1974 733 2107 788 quas

453 810 527 867 ad
560 809 862 864 cwlestem
892 810 1133 863 Patrum
1165 809 1359 864 ducat.
1395 809 1528 864 Ovis
1558 812 1836 874 vocatur;
1870 822 1991 861 non
2023 806 2105 860 ir-

454 897 851 964 rationabilis,
895 896 998 952 sed
1049 915 1178 969 quae
1242 914 1347 969 per
1397 897 1723 970 pretiosum
1756 895 2106 969 sanguinem

460 1005 632 1044 suum
664 987 869 1041 orbem
899 1001 934 1041 a
964 986 1223 1058 peccatis
1252 985 1539 1053 mundat;
1571 1002 1704 1056 quas
1742 1001 1941 1040 coram
1972 989 2108 1040 ton-

456 1077 632 1132 dente
689 1074 946 1138 ducitur,
1008 1078 1068 1129 et
1121 1074 1427 1147 cognoscit
1490 1074 1873 1145 quandonam
1930 1072 2107 1130 silere

454 1170 696 1238 praestet
720 1163 786 1217 ίί.
821 1164 953 1220 Ovis
985 1163 1090 1219 illa
1113 1180 1353 1219 rursum
1382 1170 1589 1235 pastor
1617 1163 1970 1235 appellatur,
2005 1163 2107 1234 qui

458 1256 577 1310 ait:
608 1256 722 1324 Ego
740 1250 866 1308 sum
887 1259 1081 1323 pastor
1132 1254 1300 1309 bonus
1322 1252 1367 1287 1³
1393 1270 1406 1307 :
1458 1252 1582 1307 ovis
1624 1258 1866 1323 propter
1896 1252 2105 1307 huma-

457 1360 598 1399 nam
624 1348 921 1410 naturam,
944 1346 1146 1414 pastor
1165 1347 1406 1413 propter
1431 1340 1755 1396 divinitatis
1780 1340 2108 1413 benignita-

458 1440 600 1489 tem.
638 1432 732 1486 Vis
763 1437 962 1487 autem
1008 1447 1184 1485 nosse
1234 1430 1391 1502 quod
1426 1430 1748 1485 rationales
1780 1430 1900 1484 sint
1927 1445 2062 1484 oves
2082 1427 2110 1483 τ

460 1521 614 1576 Dicit
643 1520 930 1591 apostolis
979 1518 1290 1574 Servator:
1349 1520 1484 1574 Ecce
1525 1534 1623 1588 ego
1665 1519 1825 1573 mitto
1852 1533 1943 1572 vos
1964 1517 2110 1572 sicut

458 1626 578 1664 oves
609 1611 669 1663 in
698 1607 879 1663 medio
902 1608 1162 1678 luporum
1183 1606 1247 1663 ‘3.
1272 1607 1385 1662 Leo
1415 1607 1633 1662 iterum
1662 1605 2007 1662 nominatur
2030 1607 2107 1674 ιδς

453 1713 577 1752 non
599 1701 838 1751 vorator
858 1695 1206 1751 hominum:
1236 1693 1341 1750 sed
1367 1711 1436 1751 ea
1456 1694 1853 1767 appellatione
1875 1698 2105 1750 natura)

450 1785 709 1876 prOpriae
726 1783 948 1876 regiam
963 1782 1700 1876 dignitatemﬁrmumque
1719 1798 1786 1876 ac
1803 1781 2104 1838 conﬁden-
2138 1811 2184 1876 Β

454 1875 552 1929 tiae
570 1874 815 1945 plenum
830 1872 1015 1928 robur
1029 1872 1211 1928 veluti
1229 1872 1845 1928 commonstrans.Leo
1868 1888 2104 1943 quoque

457 1964 695 2032 dicitur,
728 1969 794 2017 ut
821 1968 1157 2035 opponatur
1180 1961 1342 2018 leoni
1371 1962 1708 2018 adversario
1739 1962 2017 2034 rugienti,
2049 1966 2109 2018 et

459 2071 661 2110 errore
692 2053 968 2125 deceptos
1000 2052 1303 2110 devoranti
1326 2052 1390 2108 '5.
1427 2053 1601 2108 Venit
1629 2052 1791 2107 enim
1821 2052 2103 2122 Salvator,

452 2162 574 2199 non
606 2161 727 2198 suae
759 2150 985 2199 natura:
1034 2142 1558 2199 mansuetudinem
1606 2142 1957 2210 demutans;
2001 2142 2105 2198 sed

450 2239 734 2303 tanquam
764 2233 856 2288 leo
890 2238 1101 2304 potens
1127 2232 1199 2288 de
1244 2233 1403 2288 tribu
1445 2232 1594 2288 Juda
1622 2232 1689 2300 ιδ,
1720 2231 2103 2287 credentibus

450 2322 696 2393 quidem
718 2322 972 2378 salutem
994 2321 1682 2387 aﬂ‘erens,adversarium
1705 2337 1837 2376 vero
1867 2320 2107 2394 procul-

444 2411 800 2483 cans.Lapis
822 2411 1159 2483 appellatur
1180 2410 1375 2481 ³⁷,ιιοιι
1397 2411 1720 2475 inanimus,
1745 2416 1804 2466 et
1827 2412 2105 2467 humanis

444 2501 727 2556 manibus
757 2500 991 2557 excisus
1018 2499 1098 2567 ‘3;
1134 2500 1239 2556 sed
1267 2500 1421 2572 lapis
1470 2500 1797 2574 angularia,
1831 2501 1894 2557 in
1925 2516 2103 2572 quem

449 2591 494 2645 si
532 2591 668 2661 quis
699 2588 1040 2658 crediderit,
1070 2605 1191 2645 non
1222 2589 1622 2646 confundetur
1643 2590 1707 2645 ιθ.

521 2770 611 2823 ιν.
639 2767 910 2825 Christus
942 2771 1184 2823 vocatur
1204 2766 1250 2802 ³ο
1278 2766 1353 2839 (1)
1379 2784 1393 2836 ;
1427 2783 1548 2823 non
1583 2768 1861 2824 humanis
1894 2768 2101 2825 linitus

453 2858 748 2927 manibus,
772 2857 877 2913 sed
900 2862 1190 2912 mternum
1219 2873 1255 2912 a
1279 2858 1451 2913 Patre
1476 2857 1539 2912 in
1561 2857 1959 2914 sacerdotium
1990 2858 2102 2914 hu-

451 2948 645 3002 manis
674 2946 853 3002 rebus
875 2946 1149 3019 superius
1178 2951 1500 3017 perunctus
1522 2945 1589 2999 ".
1624 2948 1885 3002 Mortuus
1915 2947 2103 3003 nomi-

450 3041 629 3091 natur
650 3036 717 3103 ³³,
743 3052 864 3091 non
887 3051 1247 3107 permanens
1270 3034 1426 3091 inter
1445 3040 1732 3105 mortuos,
1749 3041 1816 3091 ut
1834 3035 2094 3109 [reliqui]

452 3142 660 3180 omnes
690 3126 753 3179 in
779 3124 1050 3191 inferno;
1091 3123 1195 3180 sed
1248 3124 1410 3180 solus
1462 3124 1524 3180 in
1576 3127 1828 3182 mortuis
1851 3126 2007 3183 liber
2024 3128 2071 3163 ’³

448 3213 635 3267 Filius
661 3213 921 3268 hominis
953 3213 1169 3269 dicitur
1189 3213 1273 3267 ’4:
1325 3230 1446 3268 non
1492 3218 1559 3269 ut
1604 3221 1874 3271 nostrum
1905 3234 2090 3274 unus-
2123 3174 2168 3244 c

451 3302 704 3373 quisque
725 3302 1092 3357 nativitatem
1114 3307 1468 3357 consecutus
1491 3318 1520 3357 e
1543 3307 1701 3359 terra
1722 3306 1821 3377 (2),
1845 3306 1948 3362 sed
1965 3323 2099 3363 ven-

449 3398 620 3447 turus
642 3393 704 3447 in
726 3391 985 3447 nubibus
999 3391 1270 3463 judicare
1293 3393 1451 3447 vivos
1474 3394 1512 3447 1
1528 3393 1627 3449 88
1651 3400 1711 3450 et
1739 3403 2004 3453 mortuos
2026 3397 2095 3455 ⁸⁵.

451 3482 740 3537 Dominus
771 3487 1011 3537 vocatur
1031 3481 1112 3536 ²⁶ε
1145 3498 1266 3536 ιιοιι
1293 3481 1555 3550 abusive,
1586 3489 1653 3538 ut
1682 3485 1722 3539 ii
1760 3485 1862 3556 qui
1894 3488 1957 3542 in
1989 3489 2096 3546 ho-

2215 535 2363 593 ἀλλὰ
2396 540 2470 612 μὴ
2530 536 2752 612 ξυλίνην
2790 542 2861 612 (3)
2893 538 3025 594 εἶναι
3074 537 3265 611 νόμιζε
3320 540 3421 606 τήν
3462 539 3868 615 προσηγορίαν,

2215 624 2361 681 ἀλλὰ
2392 627 2554 702 Θόραν
2602 627 2860 702 λογικὴν,
2916 631 3114 698 ζῶσαν,
3170 624 3513 702 διακριτικὴν
3542 634 3653 684 τῶν
3688 630 3867 706 εἰσερ-

2217 715 2499 790 χομένωνο
2554 713 2679 779 ὁδὸς
2736 715 3011 790 καλεῖται,
3060 718 3124 771 οὐ
3173 718 3333 772 ποσὶν
3362 719 3711 791 πατουμένη,
3745 718 3868 775 ἀλλ’

2216 802 2492 881 ὁδηγοῢσα
2546 805 2683 879 πρὸς
2738 805 2830 860 τὸν
2891 804 2944 861 ἐν
3004 805 3251 882 οὐρανοῖς
3309 805 3540 883 Πατέρα·
3588 802 3868 881 πρόϐατον

2214 894 2483 964 καλεῖται,
2520 894 2618 950 οὐκ
2648 894 2871 968 ἄλογον,
2918 893 3064 951 ἀλλὰ
3115 895 3178 949 τὸ
3236 893 3325 950 διὰ
3352 900 3449 950 τοῦ
3478 895 3670 968 τιμίου
3703 896 3867 969 αἳμα-

2213 1003 2305 1046 τος
2337 983 2501 1039 αὖτλῢ
2556 982 2842 1059 καθαρίζον
2898 985 2999 1053 τὴν
3058 983 3384 1057 οἰκουμένην
3416 990 3523 1039 τῶν
3556 987 3866 1058 ἁμαρτιῶν

2212 1071 2275 1127 τὸ
2318 1072 2588 1147 ἀγόμενον
2647 1070 2880 1128 ἆνώπιον
2935 1076 3033 1128 τοῦ
3082 1074 3389 1148 κείροντος,
3448 1073 3538 1129 καὶ
3595 1079 3870 1148 γινῶσκον

2214 1160 2346 1216 πότε
2389 1160 2473 1216 δεῖ
2523 1166 2752 1233 σιωπᾷν.
2800 1165 2971 1217 Τοῦτο
3018 1163 3080 1218 τὸ
3120 1158 3396 1237 πρόϐατον
3424 1162 3587 1218 πάλιν
3618 1163 3867 1221 καλεῖται

2213 1252 2453 1324 ποιμὴν,
2513 1252 2540 1305 6
2601 1248 2795 1327 λέγων·
2851 1252 2999 1326 Ἐγώ
3057 1252 3169 1324 εἰμι
3231 1254 3260 1307 6
3316 1254 3528 1325 ποιμὴν
3584 1255 3614 1307 ὁ
3675 1254 3865 1317 καλός·

2215 1334 2488 1413 πρόϐατον
2522 1337 2611 1394 διὰ
2637 1342 2739 1409 τὴν
2770 1339 3186 1414 ἀνθρωπότητα,
3239 1343 3450 1414 ποιμὴν
3485 1339 3574 1396 διὰ
3604 1344 3711 1412 τήν
3740 1343 3865 1422 φιλ-

2217 1429 2530 1504 ανθρωπίαν
2583 1434 2682 1498 τῆς
2739 1428 3017 1499 θεότητος.
3079 1428 3176 1484 Καὶ
3252 1430 3430 1492 θέλεις
3487 1435 3725 1506 γνῶναι,
3786 1432 3864 1487 δτι

2216 1511 2466 1591 πρόϐατά
2494 1517 2602 1573 ἐστι
2646 1518 2886 1593 λογικά;
2944 1517 3091 1593 λέγει
3150 1524 3268 1583 τοῖς
3324 1519 3659 1582 ἀποστόλοις
3689 1522 3718 1575 6
3752 1527 3869 1576 Σω-

2215 1608 2340 1683 τήρ’
2419 1604 2560 1664 Ἰδοὺ
2636 1606 2742 1684 ἐγὼ
2816 1606 3144 1663 ἀποστέλλω
3224 1610 3366 1681 ὑμᾶς
3442 1610 3516 1672 ὡς
3622 1605 3870 1686 πρόϐατα

2216 1694 2269 1751 ἂν
2302 1696 2452 1770 μὲσῳ
2501 1694 2705 1753 Λύκων.
2765 1695 2913 1752 Λὲων
2973 1696 3138 1753 πάλιν
3198 1697 3468 1769 καλεῖται,
3517 1699 3621 1754 οὐκ
3652 1700 3866 1775 ἀνθρω-

2216 1780 2483 1859 ποϐόρος,
2527 1783 2673 1841 ἀλλὰ
2701 1785 2762 1841 τὸ
2797 1785 3077 1861 βασιλικὸν
3135 1787 3224 1843 καὶ
3291 1788 3512 1864 στὲῤῥὸν
3544 1790 3641 1844 καὶ
3672 1810 3871 1844 πεποι-

2214 1875 2306 1937 θὸς
2335 1877 2437 1939 τῆς
2485 1874 2829 1937 ὑποστάσεως
2882 1873 2973 1930 διὰ
3011 1883 3111 1946 τῆς
3160 1877 3532 1952 προσηγορίας
3564 1877 3756 1952 ὥσπερ
3786 1877 3869 1933 ἐν·

2211 1961 2575 2036 δεικνύμενοςο
2624 1960 2762 2020 λέων
2816 1962 2873 2019 δὲ
2922 1964 3169 2021 καλεῖται
3225 1966 3541 2029 ἀπεναντίας
3570 1971 3656 2039 τῷ
3690 1966 3868 2023 λέοντι

2208 2057 2289 2126 τῷ
2319 2051 2600 2127 ἀντιδίκῳ,
2657 2058 2738 2126 τῷ
2794 2053 3108 2129 ὠρυωμένῳ
3163 2057 3253 2111 καὶ
3302 2055 3436 2120 τοὺς
3472 2058 3867 2131 ἠπατημένους

2210 2143 2578 2199 καταπίνοντι·
2610 2142 2751 2214 ἦλθε
2803 2144 2906 2220 γὰρ
2963 2145 2992 2198 6
3049 2146 3269 2219 Σωτὴρ,
3333 2144 3393 2200 οὗ
3446 2141 3776 2219 μεταϐαλὼν
3806 2150 3865 2204 τὸ

2209 2237 2378 2307 πρᾶον
2409 2239 2512 2303 τῆς
2554 2232 2764 2310 φύσεως
2805 2241 2907 2303 τῆς
2954 2234 3166 2290 ἑαυτοῦ·
3200 2233 3324 2292 ἀλλ’
3356 2235 3431 2298 ὼς
3463 2233 3600 2291 λέων
3640 2236 3863 2300 δυνατὸς

2206 2321 2268 2378 ἐκ
2297 2319 2476 2397 φυλῆς
2506 2319 2706 2393 Ἰούδα,
2765 2324 2953 2393 σώζων
3015 2325 3110 2397 μὶν
3163 2324 3292 2386 τοὺς
3349 2325 3731 2393 πιστεύοντας,
3768 2348 3860 2383 κα-

2204 2415 2459 2467 ταπελτῶν
2490 2408 2547 2465 δὲ
2576 2412 2668 2466 τὸν
2699 2410 3003 2470 ἀντίδικον.
3071 2412 3234 2476 Λίθος
3284 2412 3554 2480 καλεῖται,
3591 2415 3698 2471 οὐκ
3729 2414 3863 2490 ἄψυ-

2207 2520 2318 2577 χος
2349 2500 2453 2556 ὑπὸ
2486 2504 2690 2577 χειρῶν
2724 2501 3024 2577 ἀνθρώπων
3057 2500 3496 2576 λατομούμενος,
3526 2501 3680 2559 ἀλλὰ
3710 2504 3862 2567 λίθος

2208 2591 2626 2666 ἀκρογωνιαῖος,
2672 2590 2749 2653 εἷς
2799 2591 2855 2646 ὄν
2908 2592 2936 2646 6
2990 2590 3278 2653 πιστεύσας
3339 2591 3400 2647 οὐ
3449 2595 3860 2668 καταισχυνθή-

2205 2699 2373 2736 σεται.

2277 2770 2350 2825 Δ¹.
2393 2768 2618 2836 Χριστὸς
2673 2765 2944 2838 καλεῖται,
2995 2768 3057 2823 οὐ
3117 2770 3306 2845 χερσὶν
3366 2770 3738 2847 ἀνθρωπίναις
3768 2793 3853 2829 κε-

2204 2857 2527 2933 χρισμένος,
2558 2855 2686 2913 ἀλλ’
2719 2857 2831 2913 ὁωὸ
2859 2861 2957 2912 τοῦ
3006 2858 3218 2933 ῙῙατρὸς
3270 2856 3459 2920 ἀϊδίως
3485 2860 3562 2924 εἰς
3588 2862 3690 2930 τήν
3725 2863 3851 2937 ὑπὲρ

2205 2948 2490 3024 ἄνθρωπον
2540 2950 2619 3023 (4)
2663 2948 3076 3023 ἀρχιερωσύνην
3124 2950 3388 3024 χρισθείς.
3434 2952 3641 3027 Νεκρὸς
3670 2956 3853 3007 καλεῖ-

2201 3057 2311 3094 ται·
2371 3036 2471 3093 οὐκ
2521 3036 2821 3110 ἀπομείνας
2873 3035 2928 3091 ἐν
2981 3043 3215 3112 νεκροῖς,
3276 3040 3350 3101 ὡς
3406 3041 3600 3104 πάντες
3648 3041 3699 3096 ἐν
3729 3039 3849 3114 ᾄδῃ·

2208 3125 2355 3183 ἀλλὰ
2387 3126 2552 3200 μόνος
2597 3125 2647 3182 ὲν
2697 3131 2909 3201 νεκροῖς
2951 3124 3255 3204 ἐλεύθερος.
3289 3129 3416 3192 Υἱὸς
3444 3130 3727 3205 ἀνθρώπου
3750 3150 3851 3185 κα-

2208 3219 2407 3290 λεῖται,
2466 3216 2576 3293 οὐχ
2629 3216 2703 3279 ὡς
2757 3213 2979 3279 ἕκαστος
3026 3219 3185 3290 ἡμῶν
3236 3216 3296 3274 ἐκ
3342 3227 3448 3295 γῆς
3475 3222 3570 3289 τὴν
3602 3220 3845 3295 γέννησιδ

2207 3307 2484 3383 ἐσχηκὼς,
2539 3306 2667 3362 ἀλλ’
2723 3305 3025 3382 ἐρχόμενος
3080 3307 3166 3363 ἐπὶ
3222 3313 3328 3363 τῶν
3389 3309 3627 3389 νεφελῶν
3676 3315 3847 3385 κρῖναι

2210 3402 2414 3469 ζῶντας
2446 3398 2534 3452 καὶ
2588 3396 2830 3472 νεκρούς.
2882 3395 3079 3471 Κύριος
3128 3396 3398 3472 καλεῖται,
3454 3400 3516 3454 οὐ
3572 3420 3850 3477 καταχρη-

2209 3492 2406 3551 στικῶς
2439 3488 2512 3550 ὡς
2547 3488 2599 3541 οἳ
2630 3485 2682 3542 ὲν
2716 3486 3028 3562 ἀνθρώποις
3073 3489 3168 3561 (5),
3222 3486 3370 3544 ἀλλά
3399 3490 3472 3550 ὡς
3505 3493 3734 3566 φυσικὴν
3762 3488 3848 3545 καὶ

521 3598 542 3632 ⁹
569 3599 822 3677 10am},
855 3602 905 3677 1.
925 3597 1178 3677 _W‘Joan.
1213 3618 1325 3677 xiv,
1358 3603 1412 3677 6:
1449 3601 1489 3677 '_‘
1523 3603 1647 3658 Act.
1681 3618 1799 3677 νιιι,
1829 3605 1934 3677 32_;
1968 3607 2078 3665 Isa.

2215 3649 2233 3677 ,
2266 3612 2319 3663 7.
2355 3607 2398 3643 ¹¹
2425 3607 2592 3662 Joan.
2626 3624 2683 3660 ι.
2718 3607 2803 3661 11.
2840 3608 2884 3641 ⁸³
2911 3608 3112 3663 Matth.
3144 3625 3199 3662 x.
3236 3612 3320 3663 16.
3355 3609 3399 3645 ¹⁴
3430 3611 3568 3665 Gen.
3596 3628 3746 3677 mx,
3779 3613 3848 3675 9;

446 3672 796 3748 ηοξ-,γεὸς
850 3669 895 3705 ³⁵
924 3671 1130 3748 ιΡθὲιῖ-
1159 3689 1215 3748 ,νε
1248 3674 1301 3729 8-
1364 3671 1787 3748 “Amem-
1852 3669 2079 3734 "Psal-

2210 3669 2301 3745 VII,
2334 3682 2439 3745 22;
2484 3679 2506 3734 Ι
2539 3680 2694 3733 Petr.
2727 3696 2790 3745 ιι,
2822 3681 2876 3733 4.
2939 3680 2982 3715 ¹⁸
3015 3681 3157 3735 Dan.
3197 3698 3259 3747 ιι,
3286 3683 3370 3735 34.
3434 3683 3478 3717 ¹⁹
3506 3683 3617 3736 Isa.
3652 3669 3847 3748 xxvm,

448 3744 534 3796 16.
568 3742 844 3823 1“’Ahrlattﬁh:
873 3759 909 3805 ι,
946 3744 1030 3797 16.
1064 3741 1105 3823 ’ξ
1131 3745 1265 3823 _Act.
1299 3760 1370 3811 IV,
1402 3741 1509 3810 27;
1545 3745 1718 3800 Hebr.
1751 3763 1800 3815 v,
1832 3750 1883 3803 5.
1918 3748 1965 3784 "
1991 3753 2096 3823 Δρ(

2210 3769 2245 3818 ι,
2281 3741 2368 3806 18.
2399 3741 2620 3805 “Psal.
2643 3741 2882 3819 uxivu,
2908 3754 2960 3806 5.
2996 3751 3043 3786 ²⁴
3074 3741 3274 3809 Matth.
3307 3769 3415 3817 XVI,
3452 3753 3535 3807 13.
3570 3752 3615 3786 ³⁵
3647 3741 3849 3808 Matth.

447 3829 594 3879 xxxv,
629 3814 715 3867 30.
749 3812 794 3846 ³⁸
825 3814 958 3868 Luc.
992 3831 1051 3881 ιι,
1088 3818 1170 3869 11.

515 3942 584 4001 (1)
619 3940 863 3994 Christus
915 3947 1187 4013 vocatur,
1220 3944 1333 3995 etc.
1381 3940 1684 4013 Christum
1732 3941 1956 4013 duplici
1984 3962 2097 4001 un-

447 4012 641 4065 ctione
668 4016 1075 4088 conseci'atwu
1110 4028 1146 4065 a
1172 4012 1345 4066 Patre
1364 4012 1611 4088 _censuit
1636 4029 1651 4088 :_
1691 4012 1883 4084 prima
1908 4033 2096 4088 eaque

445 4087 667 4135 mterna
695 4087 761 4135 ut
790 4083 997 4150 Deum,
1032 4099 1149 4152 qua
1176 4082 1452 4137 sacerdos
1486 4090 1575 4137 est
1599 4084 1671 4138 ab
1694 4082 1926 4142 interno
1950 4082 2093 4144 con-

444 4153 721 4217 stitutus;
755 4154 909 4207 hanc
941 4160 1369 4208 comme'uorat
1399 4159 1523 4208 tum
1554 4155 1671 4223 hic,
1703 4162 1821 4211 tum
1856 4158 2012 4216 infra
2031 4177 2090 4215 ιι.

444 4227 529 4281 14.
564 4231 621 4279 et
650 4230 762 4278 cat.
823 4226 909 4290 11,
937 4241 995 4278 ιι.
1036 4227 1137 4286 15;
1172 4225 1243 4279 de
1275 4241 1341 4279 ea
1373 4225 1640 4281 dicemus
1671 4227 1745 4283 ad
1776 4246 2094 4288 numerum

440 4296 620 4366 hujus
642 4295 1021 4373 catecheseos
1044 4298 1131 4361 14,
1154 4313 1283 4373 pag.
1313 4298 1410 4373 _llijl
1433 4315 1445 4362 ;
1471 4298 1732 4354 secunda
1754 4303 2090 4373 temporali,

442 4384 559 4437 qua
581 4373 647 4421 ut
672 4368 857 4440 homo
877 4372 1095 4440 unctus
1117 4373 1206 4423 est
1229 4368 1450 4439 Spiritu
1474 4376 1675 4425 sancto
1698 4387 1732 4426 a
1753 4368 2091 4440 Patre,eum

443 4440 621 4492 totius
656 4438 862 4492 mundi
897 4438 1722 4505 Salvatorem’constituente,
1758 4450 1869 4500 cat.
1903 4438 1990 4507 2t,
2028 4463 2089 4502 ιι.

442 4513 491 4583 2.
529 4510 772 4579 Utrique
800 4510 1059 4582 applicat
1112 4511 1386 4566 eumdem
1431 4513 1646 4583 psalmi
1679 4490 1806 4569 x‘uv
1834 4490 2096 4573 versicu:
2128 4490 2175 4551 υ

441 4581 564 4635 lum
593 4598 605 4634 :
638 4581 935 4650 Propterea
961 4584 1123 4636 muri!
1159 4590 1209 4637 te
1240 4585 1399 4651 Deus,
1425 4581 1535 4638 etc.
1562 4585 1857 4642 Christum
1892 4590 2093 4644 existi-

443 4657 711 4730 matmon
734 4652 1031 4719 humanae,
1062 4654 1163 4730 sed
1188 4654 1555 4730 sublimioris
1577 4662 1805 4730 natura;
1831 4660 2092 4730 appella-

443 4725 664 4778 tionem
697 4740 843 4792 esse,
880 4742 1011 4796 quas
1042 4725 1297 4798 vulgaris
1348 4725 1440 4780 his
1489 4728 1853 4799 temporibus
1871 4725 2084 4802 opinio

442 4802 587 4851 erat.

510 4869 583 4933 (2)
608 4869 791 4921 Non...
817 4869 1168 4923 nativitatem
1190 4875 1505 4925 consecutus
1531 4886 1558 4924 e
1584 4875 1755 4927 terra.
1795 4872 1957 4927 Hanc
1978 4873 2082 4929 ad-

439 4938 832 5013 monitionem
857 4940 1072 5010 saepius
1093 4940 1801 5013 repetendamjudicavit,
1824 4950 1892 4998 ut
1912 4947 2083 5013 cat.4,

438 5024 497 5087 ιιι
536 5011 687 5087 t5._et
739 5015 856 5087 cat.
886 5014 981 5087 15,
1014 5028 1072 5065 ιι.
1110 5014 1198 5087 10,
1232 5010 1411 5082 idque
1444 5010 1679 5087 semper
1709 5013 1780 5069 ad
1806 5010 2086 5072 ultimum

438 5078 654 5133 Christi
688 5078 1004 5136 adventum
1034 5083 1254 5147 refert;
1287 5078 1353 5137 ut
1381 5078 1730 5140 excludatur
1762 5092 1886 5141 tum
1918 5088 2086 5143 Anti-

437 5149 699 5225 christus
731 5151 828 5218 qui
863 5151 923 5206 in
957 5152 1130 5225 terris
1162 5153 1302 5225 olim
1336 5155 1680 5225 proditurus
1710 5164 1952 5220 est,tum
1982 5175 2085 5215 re-

438 5221 585 5289 liqui
622 5220 992 5304 impostores.
1027 5223 1126 5304 qui
1159 5220 1374 5304 Christi
1396 5243 1625 5304 nomen
1658 5228 1768 5283 sibi
1800 5230 1941 5284 olim
1976 5232 2085 5286 im-

438 5307 691 5362 posuere
724 5291 810 5375 νει
844 5291 1185 5375 impos-ituri
1214 5303 1369 5350 sunt.
1396 5298 1499 5375 liic
1525 5305 1723 5353 autem
1752 5309 1968 5371 prmter
1988 5317 2088 5357 su-

438 5377 714 5445 premum
729 5362 1317 5445 ‘Christihadventum.
1343 5368 1600 5445 primum
1625 5362 1862 5445 quoque
1893 5389 2088 5445 respe-

440 5432 601 5489 iisse
639 5432 903 5509 _videtur,
934 5435 1206 5509 _Spiritus
1251 5432 1437 5493 salicti
1483 5432 1695 5497 virtute
1740 5432 1801 5497 in
1836 5432 2087 5509 Virginis

441 5510 609 5587 utero
633 5503 887 5587 factum;
916 5503 1065 5587 dum
1088 5510 1584 5587 negat_Christum
1608 5529 1637 5567 e
1663 5519 1817 5587 terra
1845 5503 2088 5587 genera-

444 5578 666 5657 tionem
702 5575 996 5657 habuisse.
1035 5577 1144 5631 Scd
1172 5575 1349 5657 aliter
1379 5583 1576 5657 Graeca
1604 5585 1767 5639 reddi
1799 5575 2084 5657 possunt:

444 5666 551 5705 non
584 5655 645 5722 ut
675 5655 920 5722 nostrum
950 5652 1322 5722 unusquisque
1350 5656 1447 5722 qui
1497 5672 1522 5710 e
1571 5662 1715 5711 terra
1740 5652 2089 5714 ntitivitatem

450 5717 1049 5794 habuimusﬂaxnxu');
1078 5717 1390 5778 referendo
1437 5741 1557 5781 non
1607 5726 1681 5780 ad
1723 5727 1847 5790 Υἱὸς
1879 5727 2086 5803 ἀνθρώ-

2207 3966 2336 4018 που,
2369 3947 2473 4018 sed
2488 3948 2577 4018 _ad
2604 3942 2850 4018 ἕκαστος.

2379 4014 2559 4072 Ἀλλά
2591 4020 2667 4088 μὴ
2723 4017 2971 4092 ξυλίνην,
3030 4026 3139 4092 etc.
3202 4023 3313 4077 Pro
3346 4017 3489 4074 ἀλλὰ
3524 4021 3600 4089 μή
3634 4022 3840 4092 νόμιζε,

2206 4090 2531 4165 codd.__Roe
2564 4096 2622 4145 et
2646 4091 2914 4165 Casaub.,
2946 4091 3048 4165 ἳνα
3074 4091 3149 4163 μὴ
3196 4093 3453 4165 νομίσῃς.
3492 4090 3743 4149 Verbum
3776 4092 3847 4147 εῖ-

2201 4181 2287 4215 ναι
2328 4160 2658 4234 adjecimus
2690 4178 2761 4218 ex
2790 4164 2919 4219 cod.
2953 4160 3129 4219 Cois1.

2272 4234 2347 4308 (ᾇ)
2378 4233 2723 4305 Ἄνθρωπον.
2774 4235 2860 4290 Ita
2916 4251 2985 4290 ex
3042 4235 3218 4291 Cois].
3279 4236 3510 4308 scripsi.
3548 4237 3722 4305 Editi,
3752 4234 3843 4289 ἀν-

2199 4305 2455 4367 θρώπων.

2497 4375 2549 4451 οῖ
2581 4374 3009 4451 ὲν-ἆνθρώποις.
3060 4378 3391 4434 Articulum
3441 4379 3493 4433 οἱ
3546 4378 3838 4451 supplevi-

2205 4464 2341 4503 mus
2393 4465 2464 4504 ex
2518 4449 2843 4523 Ottobo_n.,_
2878 4452 3019 4523 Boe,
3079 4451 3326 4523 Casaub.
3372 4449 3716 4523 ethoislin.
3748 4452 3840 4505 Se-

2208 4525 2458 4597 quentes
2487 4537 2680 4597 vgces,
2713 4518 2856 4575 ἀλλᾶ
2886 4521 2973 4597 ὡς
2993 4522 3223 4597 φυσικὴν
3252 4518 3549 4597 καξΑᾶῖδιον
3583 4519 3727 4597 ἔχων
3757 4541 3847 4597 κυ-

2207 4589 2397 4660 ρίιείαν,
2432 4608 2502 4647 ex
2531 4594 2649 4647 Roe
2682 4599 2740 4647 et
2768 4589 3016 4649 Casaubl
3051 4593 3194 4648 solis
3238 4594 3575 4650 addidimus
3602 4589 3721 4649 :"iis
3751 4594 3844 4649 de—

2204 4665 2428 4727 tractis,
2453 4663 2653 4735 phrasi
2672 4665 2768 4720 isti
2793 4665 3123 4721 membrum
3143 4682 3331 4720 unum
3354 4667 3561 4721 deesse
3586 4667 3835 4729 videtur;

2199 4735 2767 4810 cumpraacedentes
2799 4744 2858 4793 et
2889 4736 3320 4810 subsequentes
3364 4739 3611 4810 phrases
3636 4752 3835 4794 omnes

2197 4804 2418 4881 duplici
2451 4807 2721 4881 membro
2748 4810 3052 4881 instructa;
3085 4804 3225 4875 sint,
3258 4804 3513 4880 quorum
3546 4811 3833 4881 posterius

2195 4874 2406 4949 incipit
2435 4894 2542 4948 per
2588 4874 2754 4933 ἀλλὰ.
2813 4880 3089 4937 Naturale
3148 4874 3294 4935 esse—
3337 4881 3481 4936 Filio
3511 4874 3836 4936 dominium

2196 4956 2475 5024 constans
2505 4950 2708 5020 Cyrilli
2736 4952 3033 5024 sententia
3063 4956 3174 5024 est,
3207 4969 3363 5024 saepe
3396 4952 3643 5008 inferius
3666 4968 3839 5024 repe-

2197 5019 2323 5096 tita,
2383 5026 2454 5096 Et
2497 5019 2661 5075 num.
2723 5039 2871 5096 seq,,
2922 5020 2982 5077 ἐκ
3030 5020 3239 5096 φύσεως
3280 5019 3339 5077 τὸ
3387 5030 3487 5092 τῆς
3517 5019 3835 5096 κυριότητος

2195 5084 2339 5167 ἔχων
2373 5089 2604 5167 ἀξίωμα,
2641 5099 2698 5148 et
2728 5084 2893 5167 num.
2928 5100 2980 5161 9,
3016 5084 3399 5167 οῗῦχνὰρπασας
3444 5084 3512 5149 ’τὸ
3555 5084 3839 5167 κύριεόειν,

2196 5161 2496 5241 ἀλλὰ-παρ’
2526 5161 3494 5241 αὐτοπροαιρέτου-λαϐὼνᾷφυσικῶς.
3528 5161 3695 5232 Quod
3741 5183 3843 5223 au-

2197 5240 2313 5290 tem
2350 5236 2494 5289 Filio
2523 5236 2792 5293 naturale
2815 5236 2924 5302 est,
2949 5239 3007 5293 id
3038 5240 3166 5295 sine
3193 5236 3374 5293 dubio
3408 5239 3480 5294 ab
3516 5247 3838 5294 aeternoac-

2196 5312 2433 5381 ceptum
2462 5324 2473 5362 :
2509 5308 2755 5381 unden.
2790 5314 2821 5365 9
2845 5311 2973 5381 jam
3023 5311 3221 5371 citato.
3251 5312 3335 5365 ait
3364 5311 3574 5365 Filium
3608 5328 3641 5366 a
3673 5313 3836 5365 Patre

2197 5378 2496 5453 accepisse
2526 5378 2914 5453 dominatum.
2950 5383 3106 5439 haud
3136 5383 3305 5453 quasi
3338 5389 3474 5436 ante
3506 5399 3625 5436 non
3658 5382 3837 5437 habe-

2199 5455 2308 5526 ret,
2341 5456 2401 5526 et
2430 5452 2489 5504 in
2522 5451 2714 5526 Ottob.
2747 5453 2876 5508 cod.
2908 5455 3124 5526 saepius
3146 5451 3361 5526 legitur
3381 5454 3680 5508 Christum
3712 5466 3834 5526 esse

2198 5522 2512 5605 Dominum
2536 5522 2757 5593 absque
2779 5522 3095 5605 principio,
3116 5522 3391 5605 ᾀνάρχως.
3422 5528 3633 5605 Verum
3657 5526 3727 5579 do
3739 5522 3836 5605 mi-

2197 5593 2279 5645 nii
2302 5594 2594 5667 rationem
2620 5593 2833 5665 repetit
2855 5613 2924 5650 ex
2948 5593 3453 5667 creationefquod
3474 5597 3664 5651 fusius
3696 5596 3840 5667 edis-

2199 5665 2343 5740 serit
2361 5670 2473 5740 cat.
2490 5669 2539 5718 11
2557 5682 2633 5731 ,n.
2654 5670 2809 5733 22,et
2829 5667 3048 5740 diserte
3066 5665 3329 5725 afﬁrmat
3345 5669 3517 5723 istius
3539 5685 3597 5722 ιι.
3614 5684 3739 5740 seq.
3760 5666 3840 5721 Fi-

2202 5735 2349 5792 lium
2372 5738 2535 5807 prius
2555 5753 2685 5793 esse
2704 5739 3304 5813 conditorem,postea
3322 5740 3636 5796 Dominum
3661 5757 3674 5795 :
3698 5735 3838 5813 ἰτρῶ-
