4132 6266
384 292 502 351 677

1122 284 1597 348 CATECHESIS
1644 287 1719 349 Χ.
1768 285 1868 346 DE
1913 285 2084 347 Ι]Νο
2126 285 2437 349 DOMINO
2478 290 2668 353 JESU
2717 291 3078 352 CHRISTO.

3682 291 3801 350 678

383 421 521 498 κρὺς
550 422 715 495 ἡμῶν
765 423 874 476 τῶν
919 414 1199 478 Ἰουδαίων
1259 418 1404 491 ναὸς,
1464 417 1575 493 οὐχ
1620 414 1700 472 ὅτ’
1742 418 1777 487 ἡ
1825 415 2035 492 ἀπόφα-

2150 419 2271 477 dem
2294 420 2339 457 ⁸⁸
2363 439 2376 489 ;
2400 420 2448 457 ⁸⁸
2477 423 2695 480 cecidit
2720 424 2830 479 hoc
2882 423 3040 495 quod
3085 422 3259 479 nobis
3316 440 3384 479 ex
3413 422 3657 480 adverso
3690 428 3800 496 est,

389 533 474 575 σις
501 515 602 567 106
632 515 811 566 πεσεῖν
843 507 1008 577 αἰτία,
1040 505 1171 564 ἀλλ’
1226 508 1312 562 ’ὁτι
1357 509 1393 578 ἡ
1445 506 1683 583 ἁμαρτία
1728 510 1839 562 τῶν
1868 526 2045 581 παρα-

385 602 575 675 νόμων
605 601 792 678 γέγονε
816 602 911 654 τοῦ
933 601 1113 653 πεσεῖν
1146 594 1314 655 αἰτία.

468 778 564 834 ΙΒ’.
597 778 693 838 Εἷς
722 774 834 831 ἐστι
884 773 1085 852 Κύριος
1142 774 1354 845 Ἰησοῦς
1393 774 1648 848 Χριστὸς,
1706 767 1885 846 ὄνομα
1915 782 2044 835 θαυ-

390 865 595 941 μαστὸν
652 865 755 920 ὑπὸ
808 868 917 920 τῶν
974 867 1270 941 προφητῶν
1320 861 1571 939 πλαγίως
1614 858 2041 939 προαναφωνού-

390 973 575 1029 μενον·
611 951 762 1028 λέγει
810 952 914 1028 γὰρ
972 949 1197 1014 Ἡσαΐας
1256 952 1284 1007 0
1337 953 1650 1028 προφήτης·
1688 947 1829 1006 ’ἰδοὺ
1861 950 1889 1004 ὁ
1923 955 2046 1003 Σω-

394 1047 500 1120 τήρ
560 1064 647 1099 σοι
701 1041 1113 1118 παραγίνεται,
1187 1039 1332 1116 ἔχων
1396 1041 1488 1095 τὸν
1547 1041 1739 1096 ἑαυτοῦ
1800 1038 1990 1113 μισθόν
2028 1080 2041 1095 .

398 1134 597 1209 Σωτὴρ
653 1130 711 1187 δὶ
769 1132 918 1204 παρὰ
976 1125 1257 1207 Ἑϐραίοις
1304 1128 1579 1200 ὁΊησοῦς
1639 1128 2040 1204 ἑρμηνεύεται·

387 1224 455 1279 τὸ
483 1224 584 1299 γὰρ
628 1221 991 1297 Κυριοκτόνον
1024 1223 1098 1292 (1)
1116 1223 1225 1275 τῶν
1261 1215 1537 1274 Ἰουδαίων
1582 1212 1978 1293 προϐλὲπουσα
2012 1217 2042 1286 ἢ

391 1311 708 1388 προφητική
741 1309 928 1385 χάρις,
959 1307 1198 1382 ἐκάλυψε
1247 1309 1349 1377 τὴν
1404 1307 1798 1383 προσηγορίαν,
1842 1306 1931 1362 ἳνα
1965 1306 2043 1380 μὴ

389 1401 451 1457 ἐκ
478 1405 576 1457 106
632 1397 941 1473 προειδέναι
999 1400 1204 1474 σαφῶς,
1265 1396 1502 1469 ἑτοίμως
1557 1391 2043 1464 ἐπιϐουλεύσωσιν,

386 1493 604 1560 Ἰησοῦς
657 1487 715 1544 δὲ
746 1487 981 1558 ἐκλήθη,
1013 1487 1130 1561 οὐχ
1160 1486 1264 1541 ὑπὸ
1296 1486 1618 1561 ἀνθρώπων,
1651 1483 1778 1541 ἀλλ’
1810 1485 1913 1540 ὑπὸ
1946 1485 2048 1560 ἀγ·-

385 1577 558 1655 γέλου
587 1581 856 1656 φανερῶς·
892 1577 996 1632 οὐκ
1030 1573 1145 1648 ὶδίᾳ
1200 1574 1413 1646 ἐξουσίᾳ
1469 1571 1744 1644 ἐλθόντος,
1779 1572 1923 1630 ἀλλὰ
1953 1570 2044 1628 δυ-

386 1667 545 1741 νάμει
573 1671 709 1725 Θεοῦ
737 1665 1161 1734 ἀποσταλέντος,
1193 1668 1295 1719 106
1344 1661 1601 1739 λέγοντος
1635 1664 1770 1737 πρὸς
1801 1664 1891 1718 τὸν
1923 1662 2044 1718 Ἰω-

2147 510 2485 568 Judaeorum
2516 513 2823 585 templum.
2859 514 2983 567 Non
3010 513 3168 584 quod
3202 530 3271 568 ea
3300 513 3595 571 sententia
3624 503 3806 567 fuerit

2149 598 2202 653 ei
2234 600 2525 657 candendi
2568 618 2787 670 causa;
2851 602 2954 657 sed
3015 619 3145 658 eam
3209 602 3443 657 ruinam
3492 606 3801 673 peccatum

2146 686 2469 759 impiorum
2501 690 2763 746 attraxit.

2218 777 2340 831 XII.
2376 779 2539 834 Unus
2572 785 2662 835 est
2708 780 2994 835 Dominus
3042 780 3212 834 Jesus
3261 780 3550 845 Christus,
3582 795 3803 835 nomen

2147 865 2498 922 admirabile
2522 885 2557 923 a
2584 868 2890 940 prophetis
2914 868 3153 940 oblique
3185 868 3644 941 praenuntiatum
3671 885 3684 935 ;
3717 869 3801 923 ait

2148 954 2310 1009 enim
2348 956 2530 1011 Isaias
2579 957 2867 1029 propheta
2900 974 2913 1011 :
2945 960 3082 1013 Ecce
3111 959 3364 1013 Salvator
3395 959 3497 1012 tibi
3554 959 3796 1020 advenit,

2148 1039 2350 1096 habens
2396 1044 2695 1099 mercedem
2724 1060 2879 1098 suam
2902 1042 2969 1100 ⁸⁷.
3002 1045 3171 1100 Jesus
3225 1050 3421 1100 autem
3480 1045 3637 1117 apud
3686 1046 3799 1099 He-

2147 1127 2340 1185 braeos
2372 1130 2799 1204 interpretatur
2817 1134 3076 1188 Salvator
3099 1151 3115 1188 :
3148 1140 3208 1189 at
3235 1133 3571 1189 Iudaeorum
3596 1134 3657 1189 in
3690 1135 3805 1189 Do—

2148 1217 2295 1289 mini
2327 1219 2551 1275 caedem
2582 1221 2880 1277 furentem
2907 1223 3175 1277 animum
3193 1222 3524 1295 praevidens
3550 1223 3804 1295 prophe-

2149 1305 2483 1379 ticagratia,
2499 1310 2965 1380 appellationem
2988 1313 3117 1383 ejus
3140 1312 3395 1380 obtexit;
3431 1329 3504 1367 ne
3534 1312 3581 1367 si
3606 1311 3805 1383 palam

2148 1395 2315 1467 prius
2346 1398 2582 1469 cognita
2612 1398 2841 1463 fuisset,
2872 1400 3137 1471 paratius
3159 1401 3606 1457 insidiarentur.
3633 1402 3803 1456 Jesus

2148 1500 2284 1539 vero
2316 1486 2630 1542 manifeste
2660 1493 2900 1543 vocatus
2933 1494 3041 1555 est,
3075 1506 3198 1545 non
3240 1490 3311 1544 ab
3361 1491 3659 1556 omnibus,
3696 1490 3800 1547 sed

2149 1572 2221 1627 ab
2254 1575 2464 1647 angelo
2491 1593 2504 1644 ;
2531 1577 2683 1631 143
2717 1577 2817 1647 qui
2852 1593 2973 1631 non
3015 1594 3122 1633 sua
3152 1579 3501 1633 auctoritate
3532 1579 3798 1648 veniens,

2150 1663 2253 1719 sed
2272 1664 2471 1721 divina
2486 1671 2774 1738 potestate
2797 1667 3419 1740 missus,ait.losepho:
3449 1691 3465 1717 -
3492 1670 3571 1723 Ne
3592 1669 3801 1722 timeas

385 1758 515 1832 σήρ·
576 1757 670 1826 Μὴ
731 1749 979 1833 φοϐηθῇς
1039 1746 1376 1828 παραλαϐεῖν
1437 1751 1663 1828 Μαριὰμ
1715 1752 1816 1821 τὴν
1847 1754 2035 1860 ’γυναῖ-

2153 1769 2503 1810 «assumere
2521 1756 2763 1811 Mariam
2805 1756 3118 1829 conjugem
3144 1762 3335 1824 tuam;
3363 1756 3519 1829 quod
3556 1757 3717 1811 enim
3741 1756 3803 1812 in

2172 1859 2266 1865 ,--
2304 1848 2503 1865 ηιμ,
2686 1845 2741 1865 λ-
2782 1846 2999 1865 φεμ.--
3391 1848 3457 1865 π-

384 1847 458 1902 κά
510 1865 605 1900 σου
638 1863 651 1876 '
711 1844 776 1900 10
831 1844 931 1918 γὰρ
990 1843 1045 1898 ἐν
1102 1840 1239 1916 αὖτῇ
1296 1841 1550 1917 γεννηθὲν
1612 1840 1671 1896 ἐκ
1729 1838 2035 1915 Πνεύματος

2150 1864 2178 1893 κ
2205 1859 2275 1898 ea
2304 1848 2512 1900 natum
2544 1849 2653 1912 est,
2677 1845 2749 1901 de
2782 1846 3003 1917 Spiritu
3028 1852 3230 1902 sancto
3254 1852 3344 1901 est
3391 1847 3587 1902 Pariet
3604 1851 3804 1906 autem

384 1934 546 2010 ἁγίου
590 1933 705 1989 ἐστί
738 1977 751 1989 .
810 1933 1021 2004 Τὲξεται
1111 1929 1170 1986 δὲ
1252 1932 1367 1986 υἱὸν
1402 1974 1420 2002 ,
1504 1931 1594 1986 καὶ
1672 1929 1920 1993 καλέσεις
1977 1930 2039 1985 τὸ

388 2020 567 2098 ὄνομα
614 2024 782 2079 αὐτοῦ
837 2025 1078 2092 Ἰησοῦν.
1112 2020 1215 2078 Καὶ
1272 2020 1370 2088 τὴν
1429 2019 1603 2075 αῗτίαν
1632 2025 1733 2088 τῆς
1760 2038 2038 2095 προσηγο-

389 2113 510 2186 ρίας
552 2109 849 2174 ἀποδιδοὺς
903 2108 1103 2172 εὐθέως
1161 2107 1330 2183 λέγει·
1390 2108 1565 2169 Αὐτὸς
1622 2106 1724 2182 γὰρ
1755 2107 1914 2163 σώσει
1946 2107 2036 2161 τὸν

387 2199 519 2257 λαὸν
551 2201 719 2257 αὐτοῦ
777 2199 886 2253 ἀπὸ
942 2203 1052 2253 τῶν
1110 2198 1390 2272 ἁμαρτιῶν
1447 2195 1645 2253 αὐτῶν.
1703 2196 1764 2253 Ὁ
1806 2193 2039 2270 μηδέπω

378 2289 660 2366 γεννηθεὶς
690 2293 809 2351 πῶς
843 2286 976 2344 λαὸν
1008 2282 1127 2362 ἔχει
1161 2330 1174 2356 ,
1209 2286 1411 2354 νόησον
1449 2327 1464 2353 ,
1497 2283 1542 2339 εί
1579 2285 1655 2358 μὴ
1688 2286 1777 2339 καὶ
1806 2284 1913 2360 πρὸ
1941 2288 2038 2340 τοῦ

380 2381 708 2455 γεννηθῆναι
765 2379 855 2447 ἧν.
919 2375 1023 2433 Καὶ
1080 2379 1242 2431 τοῦτο
1273 2376 1301 2429 0
1331 2375 1623 2452 προφήτης
1652 2372 1711 2428 ἐκ
1740 2372 2038 2446 προσώπου

377 2467 548 2522 αὐτοῦ
606 2485 793 2541 φησιν·
852 2469 950 2522 Ἐκ
1001 2464 1228 2526 κοιλίας
1288 2463 1499 2537 μητρός
1564 2483 1673 2535 μου
1732 2460 1952 2518 ἐκάλεσε
1974 2461 2039 2517 τὸ

387 2552 561 2627 ὄνομά
596 2574 719 2628 μου·
757 2552 846 2610 διὰ
900 2556 965 2610 τὸ
1022 2551 1316 2628 προλέγειν
1377 2551 1468 2606 τὸν
1529 2548 1785 2627 ἄγγελον,
1817 2551 1901 2606 ὅτι
1934 2552 2038 2623 Ἰη-

390 2648 519 2708 σοῦς
562 2643 914 2714 κληθήσεται.
974 2643 1079 2701 Καὶ
1137 2639 1300 2696 πάλιν
1359 2641 1482 2714 περὶ
1533 2643 1634 2705 τῆς
1694 2639 1798 2695 ὑπὸ
1854 2640 2036 2714 Ἡρώ-

391 2730 489 2789 δου
520 2736 593 2807 (2)
643 2728 943 2803 ἐπιϐουλῆς
992 2730 1162 2807 λέγει·
1224 2730 1322 2785 Καὶ
1382 2729 1486 2784 ὑπὸ
1538 2729 1638 2798 τήν
1702 2728 1908 2800 σκέπην
1937 2735 2038 2799 τῆς

382 2822 575 2900 χειρὸς
603 2821 768 2878 αὐτοῦ
796 2817 996 2897 ἔκρυψέ
1022 2841 1110 2894 με.

455 2912 554 2971 II“.
588 2912 803 2981 Ἰησοῦς
840 2910 1022 2966 τοίνυν
1076 2910 1188 2965 ἐστὶ
1246 2909 1385 2964 κατὰ
1444 2909 1538 2981 μὶν
1592 2902 1880 2981 Ἐϐραίους
1913 2913 2035 2962 Σω-

378 3003 484 3077 τήρ
522 3044 535 3067 ,
595 3001 733 3056 κατᾶ
787 2998 845 3055 δὲ
895 3001 996 3069 τήν
1056 2995 1301 3056 Ἐλλάδα
1354 2996 1629 3075 γλῶσσαν,
1689 2997 1719 3051 0
1772 2995 2034 3071 ἰώμενος.

381 3087 605 3159 Ἐπειδή
637 3089 822 3166 ἰατρός
877 3089 988 3145 ἐστι
1045 3092 1240 3164 ψυχῶν
1295 3086 1386 3142 καὶ
1444 3084 1736 3158 σωμάτων,
1763 3086 1850 3141 καὶ
1877 3087 2037 3161 θερα-

2154 1951 2183 1981 «
2213 1931 2427 2000 ﬁlium,
2452 1939 2511 1990 et
2528 1933 2762 1990 vocabis
2784 1951 3003 1989 nomen
3026 1936 3153 2007 ejus
3169 1936 3337 1990 Jesus
3358 1933 3425 1990 ⁸⁸.
3454 1954 3485 1988 »
3507 1936 3687 2007 Cujus
3709 1951 3807 2006 ap-

2148 2020 2492 2093 pellationis
2523 2040 2764 2080 causam
2797 2023 3075 2088 reddens,
3108 2024 3272 2079 illico
3305 2024 3585 2095 subjicit:
3620 2046 3648 2075 ‹‹
3676 2024 3807 2096 Ipse

2151 2133 2179 2162 «
2211 2113 2368 2167 enim
2402 2112 2629 2169 salvum
2659 2113 2833 2169 faciet
2854 2113 3138 2185 populum
3166 2130 3339 2168 suum
3358 2130 3391 2168 a
3420 2114 3678 2185 peccatis
3710 2129 3803 2168 eo-

2150 2217 2355 2255 «rum.
2382 2222 2408 2250 »
2432 2199 2480 2234 8°
2511 2202 2618 2267 Qui
2650 2202 2918 2257 nondum
2938 2207 3114 2256 natus
3147 2208 3256 2263 est.
3285 2202 3581 2273 quomodo
3614 2218 3799 2274 popu-

2148 2288 2273 2344 lum
2292 2289 2526 2361 habeat,
2553 2292 2817 2362 concipe,
2849 2291 2965 2345 nisi
2992 2296 3149 2345 esset
3172 2296 3492 2362 antequam
3523 2306 3800 2345 nascere-

2145 2383 2262 2432 tur.
2287 2380 2357 2433 Et
2378 2379 2491 2434 hoc
2515 2384 2605 2435 est
2624 2378 2783 2450 quod
2805 2396 2874 2434 ex
2897 2380 3026 2450 ejus
3052 2396 3312 2451 persona
3327 2379 3470 2434 dicit
3492 2380 3799 2451 propheta:

2148 2488 2177 2517 «
2202 2468 2282 2522 De
2307 2472 2506 2522 ventre
2530 2469 2736 2523 matris
2758 2485 2905 2523 meae
2930 2469 3159 2523 vocabit
3176 2485 3396 2524 nomen
3421 2485 3622 2523 meum
3645 2470 3689 2504 9°
3723 2485 3738 2534 ;
3771 2489 3801 2517 »

2148 2556 2289 2626 quia
2309 2573 2522 2628 nempe
2546 2557 2821 2629 przedixit
2840 2557 3085 2630 angelus
3108 2558 3302 2630 ipsum
3325 2562 3597 2613 vocatum
3619 2557 3692 2611 iri
3714 2558 3801 2611 Je-

2148 2662 2281 2701 sum
2307 2662 2320 2699 :
2354 2646 2688 2717 iterumque
2712 2646 2783 2701 de
2814 2645 3063 2701 Herodis
3094 2646 3329 2701 insidiis
3359 2646 3480 2701 ait:
3507 2668 3536 2695 ‹‹
3569 2644 3685 2699 Sub
3708 2650 3804 2699 te-

2149 2755 2177 2785 ‹‹
2209 2740 2491 2808 gumento
2522 2751 2737 2791 manus
2770 2752 2892 2791 suae
2923 2735 3202 2791 absondit
3222 2751 3315 2790 me
3344 2732 3410 2789 ⁹¹.
3446 2756 3473 2785 ››

2218 2912 2366 2968 Xlll.
2397 2913 2533 2967 .lesu
2565 2912 2766 2983 itaque
2789 2913 2963 2984 juxta
3013 2911 3290 2969 Hebraeos
3335 2911 3413 2983 (5)
3457 2912 3802 2968 Salvatorem

2147 3006 2340 3069 sonat,
2364 3001 2425 3055 in
2443 3000 2647 3073 lingua
2668 3016 2801 3055 vero
2834 3002 3035 3056 Graeca
3054 3017 3176 3056 eum
3200 3001 3302 3070 qui
3323 3007 3485 3055 sanat
3506 3002 3571 3059 '3.
3606 3003 3799 3066 Quan-

2147 3088 2467 3161 doquidem
2499 3089 2834 3144 animarum
2868 3095 2957 3144 est
2988 3095 3049 3144 et
3078 3106 3393 3161 corporum
3425 3089 3711 3158 medicus,
3746 3094 3804 3144 et

380 3180 586 3249 πευτὴς
616 3177 960 3253 πνευμάτων·
1009 3178 1231 3256 τυφλῶν
1293 3176 1387 3250 μὲν
1444 3173 1717 3246 αἴσθητῶν
1779 3186 2035 3251 θεραπευ-

2151 3179 2425 3251 spiritum
2464 3183 2735 3234 curator:
2800 3195 2903 3234 eos
2960 3178 3201 3249 quidem
3261 3179 3362 3250 qui
3418 3179 3800 3234 sensibilibus

376 3269 502 3338 τής,
534 3272 871 3345 φωταγογῶν
903 3264 961 3322 δὲ
1011 3270 1085 3341 (3)
1140 3267 1236 3328 τὰς
1297 3263 1561 3328 διανοίας·
1611 3261 1819 3339 χωλῶν
1850 3284 2036 3341 φαινο-

383 3361 559 3431 μένων
621 3357 826 3433 ίατρὸς,
885 3356 975 3411 καὶ
1027 3352 1291 3430 ποδηγῶν
1355 3352 1484 3417 τοὺς
1533 3351 1901 3427 ἁμαρτωλοὺς
1959 3351 2034 3416 εἷς

385 3447 696 3519 μετάνοιαν·
771 3446 945 3521 λέγων
1004 3450 1084 3517 τῷ
1140 3440 1537 3519 παραλυτικῷ·
1596 3441 1807 3513 Μηκέτι
1858 3442 2035 3517 ἀμάρ.

376 3553 522 3590 τανε·
573 3536 688 3603 καὶ,
738 3540 904 3610 Ἀρον
964 3536 1056 3590 τὸν
1117 3528 1449 3610 κράϐϐαιτον
1511 3532 1602 3586 σὸν
1657 3531 1747 3586 καὶ
1804 3531 2034 3605 περιπάο

376 3625 733 3692 τει.³Επειδή
763 3624 864 3698 γὰρ
925 3620 1016 3677 διὰ
1072 3624 1171 3693 τὴν
1226 3628 1327 3691 τῆς
1384 3624 1570 3695 ψυχῆς
1604 3619 1870 3694 ἁμαρτίαν
1903 3640 2036 3696 παρ-

379 3712 550 3784 ελύθη
608 3713 672 3769 τὸ
713 3716 873 3786 σῶμα
927 3710 1359 3788 προεθεράπευσε
1412 3709 1512 3779 τὴν
1574 3710 1783 3784 ψυχὴν,
1829 3707 1916 3763 ἳνα
1946 3708 2034 3764 ἐπ-

378 3802 557 3877 αγάγῃ
590 3804 666 3873 (4)
696 3801 892 3875 καὶτῷ
931 3801 1144 3875 σώματι
1174 3801 1273 3869 τὴν
1314 3798 1480 3855 ἴασιν.
1513 3795 1583 3854 Εἴ
1611 3818 1690 3860 τις
1719 3796 1898 3853 τοίνυν
1926 3798 2031 3853 πά-

376 3909 503 3967 σχει
530 3891 629 3961 τὴν
689 3892 876 3966 ψυχήν
934 3889 988 3947 ἐν
1019 3888 1334 3965 ἁμαρτίαις,
1391 3886 1511 3964 ἔχει
1551 3887 1642 3943 τὸν
1700 3885 1908 3963 ἰατρόν·
1939 3886 2029 3943 καὶ

372 3978 431 4035 εἴ
473 4001 560 4045 τις
612 3977 964 4055 ὀλιγόπιστος
1022 3979 1250 4034 ἐνταῦθα
1283 4022 1296 4049 ,
1367 3976 1571 4052 λεγέτω
1627 3975 1764 4050 πρὸς
1817 3975 1977 4030 αὐτόν
2013 3994 2027 4008 ·

372 4071 572 4140 Βοήθει
609 4089 719 4142 μου
747 4072 817 4143 τῇ
857 4069 1099 4141 ἀπιστίᾳ.
1135 4065 1209 4125 Ei’
1252 4087 1335 4130 τις
1393 4065 1484 4121 καὶ
1517 4068 1853 4139 σωματικοῖς
1881 4083 2030 4139 περι-

376 4153 643 4229 ϐέϐληται
686 4159 901 4231 πάθεσι,
954 4157 1032 4232 μὴ
1091 4155 1406 4224 ἀπιστείτω,
1437 4152 1585 4210 ἀλλὰ
1637 4153 2028 4231 προσερχέσθω

2148 3268 2337 3324 oculis
2369 3268 2506 3323 caeci
2541 3272 2681 3323 sunt
2710 3283 2952 3336 sanans,
2986 3267 3286 3323 mentibus
3325 3284 3458 3323 vero
3505 3268 3682 3325 etiam
3712 3268 3798 3322 lu-

2144 3372 2282 3412 men
2313 3356 2638 3423 inducens;
2664 3355 3009 3412 claudorum
3033 3356 3355 3411 visibilium
3374 3357 3798 3428 medicus,pec—

2143 3451 2531 3517 catorumque
2562 3444 2743 3518 pedes
2764 3445 2836 3500 ad
2869 3446 3277 3517 pmnitentiam
3296 3444 3557 3519 dirigens
3579 3445 3681 3516 qui
3702 3445 3793 3501 di-

2143 3535 2223 3591 cit
2250 3535 2580 3607 paralytico
2608 3537 2719 3591 :Ne
2748 3535 2986 3604 amplius
2999 3551 3188 3605 pecces
3213 3534 3260 3569 9³
3280 3540 3337 3589 et
3361 3552 3379 3589 :
3415 3534 3564 3590 Tolle
3589 3536 3795 3605 graba~

2142 3629 2257 3678 tum
2288 3630 2463 3690 tuum,
2496 3629 2548 3677 et
2573 3623 2797 3679 ambula
2842 3622 2909 3676 9‘.
2953 3623 2998 3658 '5
3026 3624 3316 3688 Quoniam
3364 3623 3522 3677 enim
3550 3627 3794 3694 propter

2141 3712 2354 3767 animae
2383 3717 2696 3783 peccatum
2725 3711 2984 3784 paralysi
3004 3711 3289 3766 traditum
3311 3728 3528 3784 corpus
3559 3711 3788 3778 fuerat;

2138 3801 2304 3875 prius
2332 3802 2557 3857 curavit
2574 3801 2861 3867 animam,
2883 3805 2949 3855 ut
2967 3799 3182 3856 deinde
3205 3799 3437 3870 corpori
3460 3815 3695 3870 quoque
3711 3798 3792 3854 af-

2136 3889 2321 3944 ferret
2351 3888 2732 3944 medicinam.
2754 3889 2811 3943 Si
2833 3888 3005 3961 cujus
3026 3888 3205 3960 igitur
3226 3901 3396 3941 mens
3412 3892 3791 3957 peccatorum

2138 3978 2487 4050 aagritudine
2538 3982 2829 4045 teneatur,
2862 3977 3163 4033 medicum
3193 3974 3403 4031 habet:
3438 3975 3485 4030 si
3527 3974 3661 4046 quis
3692 3974 3791 4029 hic

2137 4072 2228 4123 est
2258 4067 2507 4123 modicas
2539 4066 2700 4135 ﬁdei,
2734 4066 2892 4122 dicat
2933 4066 3022 4121 illi
3050 4083 3062 4120 :
3094 4066 3320 4137 Adjuva
3346 4065 3793 4122 incredulitatem

2136 4173 2312 4213 meam
2340 4156 2404 4211 ⁸⁸.
2458 4156 2515 4210 Si
2547 4155 2681 4226 quis
2734 4155 2914 4210 etiam
2962 4155 3264 4227 corporeis
3313 4158 3675 4226 occuppatus
3703 4159 3795 4210 est

439 4350 488 4388 ⁸⁵
517 4352 719 4410 Matth.
753 4369 905 4416 Inv,
937 4356 990 4407 2.
1065 4351 1111 4386 ⁸⁸
1146 4349 1269 4405 Vid.
1305 4352 1418 4404 cat.
1451 4350 1505 4417 6,
1537 4362 1598 4403 n.
1630 4348 1683 4403 6.
1757 4346 1804 4382 ⁸⁷
1832 4346 1944 4417 Isa.
1975 4363 2035 4403 ω

2147 4349 2228 4405 11.
2302 4347 2346 4383 ⁸⁸
2374 4347 2574 4401 Matth.
2603 4362 2641 4413 ι,
2673 4349 2763 4413 26,
2796 4348 2885 4402 21.
2917 4345 2966 4381 ⁸⁸
2995 4345 3139 4402 ibid.
3173 4349 3261 4401 21.
3340 4345 3386 4382 ⁸ο
3413 4347 3525 4400 Isa.
3556 4363 3706 4412 XLIX,
3737 4350 3789 4403 1.

370 4424 414 4462 ⁸⁸
450 4423 619 4494 ibid.,
650 4427 703 4479 2.
780 4424 825 4460 ⁹²
882 4446 911 4475 ‹‹
943 4423 1006 4479 id
1036 4421 1225 4478 homil
1280 4420 1342 4475 in
1374 4416 1505 4475 Par.
1537 4438 1566 4469 »
1598 4434 1658 4473 n.
1692 4420 1745 4474 2.
1823 4416 1868 4453 ’3
1896 4419 2061 4476 Joan.
2095 4435 2148 4489 v,
2184 4420 2270 4475 14.
2347 4417 2396 4453 ⁹⁴
2423 4417 2569 4474 ibid.
2591 4418 2646 4473 8.
2722 4418 2771 4452 95
2817 4440 2847 4469 «
2887 4418 3010 4473 Vid.
3044 4418 3251 4474 homil.
3313 4418 3379 4473 in
3407 4418 3724 4491 Paralatyt.
3760 4440 3790 4471 »

373 4512 434 4554 n.
476 4498 566 4553 21.
641 4494 691 4530 9°
721 4498 895 4554 Marc.
928 4513 1008 4565 ix,
1032 4496 1122 4551 23.

450 4683 527 4757 (η
576 4683 646 4737 Τὸ
684 4682 808 4757 ,γὰρ
861 4680 1246 4757 Κυριοκτόνον.
1450 4677 1691 4757 reposui
1752 4677 2024 4757 ex_codd.

2138 4680 2410 4737 vocabuli
2438 4681 2607 4736 Jesus
2636 4677 3188 4751 interpretationem
3240 4693 3361 4751 uno
3408 4673 3585 4730 verbo
3613 4688 3795 4751 supra

375 4743 552 4834 Cois].
587 4761 645 4809 et
664 4743 1058 4834 Genovefano.
1087 4755 1149 4809 in
1174 4768 1290 4834 quo
1305 4743 1557 4834 habetur
1578 4754 1801 4834 tamen,
1836 4748 2031 4834 Κυριο-
2062 4790 2105 4834 n
2141 4752 2485 4834 complexus
2517 4743 2811 4834 est,”dum.
2836 4750 2919 4805 ait
2949 4766 3113 4834 num.
3134 4751 3201 4829 ﬁ,
3252 4749 3452 4834 Iesum
3483 4743 3791 4834 a‘sa‘l‘u‘tari

371 4823 602 4879 κτείνων·
640 4844 775 4882 cum
810 4828 872 4881 in
906 4827 1082 4883 editis
1127 4819 1303 4888 esset,
1334 4822 1396 4894 το
1424 4819 1525 4894 γὰρ
1581 4822 1690 4874 τῶν
1725 4819 2027 4893 Κυριοκτόο

374 4917 503 4952 νων.
539 4897 728 4969 Simili
770 4898 1072 4969 loquendi‘
1088 4897 1274 4969 modo
1296 4893 1547 4950 habetur
1576 4897 1689 4948 cat.
1727 4894 1813 4961 13,
1842 4909 1902 4948 n.
1937 4894 2028 4960 38,

371 4970 438 5025 τὸ
462 4968 780 5046 παράνομον
811 4962 918 5046 τῶν
947 4962 1445 5046 ἐπιϐουλευόντων...

447 5030 690 5112 (2)"1‘110‘
713 5038 980 5111 Ἡρώδου.
1032 5041 1179 5096 Male
1235 5039 1299 5093 in
1355 5030 2028 5112 editis,_01::e_0'_llpd)30'{.

377 5105 867 5169 Emendatum'ex
917 5113 1117 5179 Coisl.,
1178 5112 1319 5178 Roe,
1374 5107 1620 5164 Casaub.
1657 5105 1722 5162 In
1754 5105 2028 5163 Genovef.

379 5185 655 5253 habetur,
689 5183 816 5241 ἀπό.

452 5257 532 5338 ς3)
567 5245 931 5338 Φωταγωγῷν
1078 5252 1436 5338 Pat'ticul‘am
1485 5245 1543 5301 δέ
1593 5248 1722 5303 loco
1753 5248 1841 5301 καί
1877 5249 2030 5304 scri-

377 5324 611 5399 psimus
644 5344 714 5383 ex
743 5324 941 5390 Coisl.,
976 5327 1116 5394 Roe,
1138 5324 1387 5399 Casaub.

450 5400 528 5473 (4)
562 5399 877 5473 Ἐπαγάγω
906 5389 1112 5473 Melius
1151 5389 1558 5473 εἶπαι-ἐπάγῃ
1593 5389 1752 5473 quod
1781 5389 2035 5473 habetur

378 5461 1187 5596 ingimpressis'."Sequimur'
1218 5467 1390 5524 codd.
1438 5461 1581 5533 Boe,
1626 5461 1901 5530 Gasaub.,
1933 5464 2033 5518 0t-

406 5555 440 5595 o
489 5584 502 5596 .

406 5555 502 5599 0D.

450 5613 523 5683 (δ)
549 5614 958 5688 Iesu-ama;
1010 5613 1289 5688 Ηεδτέεοδ,
1341 5614 1452 5688 διο·
1497 5602 2032 5688 Duplﬁcem..h.ans

378 5674 711 5741 secundum
734 5674 1034 5741 Hébraicae
1057 5689 1116 5739 et
1134 5674 1348 5741 Graecae
1368 5674 2030 5752 linguaa'etymoligiam',

2141 4814 2443 4879 medicina
2471 4822 2835 4896 appellatum
2868 4836 3016 4876 esse.
3052 4814 3220 4896 _Prior
3241 4818 3485 4896 quidem
3505 4816 3575 4896 de
3607 4814 3796 4896 Salva-

2141 4900 2269 4949 tore
2292 4891 2812 4967 etymologiavera
2842 4897 2932 4946 est
2955 4909 2968 4957 ;
3014 4891 3203 4967 altera
3222 4906 3312 4967 _ex
3338 4891 3788 4967 Graecisexqui-

2141 4967 2255 5021 sita
2284 4958 2461 5037 paulo
2489 4958 2960 5037 subtilior;nam
2992 4961 3344 5037 vocabulum
3377 4978 3522 5037 pure
3546 4958 3792 5037 μοι)ῑοὶ-

2141 5031 2303 5104 cum;
2332 5053 2442 5092 nec
2473 5036 2739 5091 Graecum
2770 5034 2893 5089 ullo
2924 5032 3098 5088 modo
3131 5050 3259 5088 esse
3287 5031 3511 5087 notavit
3538 5031 3789 5100 Chryso-

2143 5109 2360 5164 stomui
2393 5108 2555 5161 hom.
2586 5110 2698 5161 2in
2727 5106 2908 5160 Matth
2937 5145 2951 5167 ,
2982 5122 3037 5175 p.
3076 5104 3158 5157 17.
3189 5104 3416 5160 Placuit
3434 5109 3633 5159 tamen
3668 5104 3793 5154 haec

2142 5179 2499 5250 etymologia
2556 5177 2760 5233 multis
2790 5176 2875 5231 uti
2924 5175 3175 5230 Eusebio
3199 5175 3656 5250 _Czesar.,_lib._1v
3687 5175 3791 5226 De-

2141 5247 2336 5306 monst.
2369 5247 2588 5319 euang”
2646 5265 2773 5319 cap.
2812 5250 2897 5314 10,
2950 5263 3078 5319 pag.
3116 5248 3218 5301 164
3249 5264 3260 5313 ;
3310 5248 3543 5318 Epiph.,
3580 5247 3786 5319 llmres.

2141 5338 2294 5388 xxxx,
2346 5338 2405 5375 n.
2440 5314 2528 5387 4;⁷
2573 5314 2799 5376 auctori
2857 5314 3213 5388 Didioéorum
3268 5319 3335 5372 de
3362 5314 3633 5372 Ττῖιηὶιςιιε
3682 5314 3790 5369 sub

2143 5392 2452 5447 Athanasii
2510 5393 2773 5458 nomine,
2809 5407 3057 5464 operum
3110 5391 3237 5461 ejus
3284 5395 3407 5464 tom
3478 5392 3540 5449 il,
3574 5406 3628 5457 p.
3665 5388 3788 5464 3539.

2143 5480 2309 5520 num.
2331 5466 2401 5530 5;
2429 5464 2555 5518 Tito
2614 5462 2915 5518 Bostrensi
2959 5478 3063 5516 seu
3092 5462 3321 5517 auctori
3380 5462 3791 5530 commentarii

2142 5539 2201 5591 in
2230 5528 2435 5607 Lucam
2463 5535 2593 5607 ejus
2623 5535 2867 5590 nomine
2908 5533 3126 5605 vulgati
3158 5533 3235 5607 ad
3263 5549 3390 5603 cap.
3427 5549 3463 5599 ι,
3497 5546 3648 5583 vers.
3683 5528 3744 5579 31
3774 5541 3789 5588 ;

2144 5607 2362 5665 Basilio
2386 5604 2771 5665 Grammaticas
2796 5624 2857 5680 p,
2890 5604 3109 5674 595,"et
3136 5604 3293 5661 aliis.
