4124 6260
371 318 489 379 6'19
1432 325 1498 383 S.
1544 322 1856 384 CYBILLI
1902 318 2317 381 HIEROSUL.
2365 317 2734 378 ARCHIEP.
3672 324 3798 385 680

371 454 594 510 morbis
625 470 700 509 no
731 452 980 523 difﬂdat,
1021 453 1126 511 sed
1169 456 1413 513 accedat
1459 456 1575 529 (his
1625 458 1787 513 enim
1836 457 2015 514 etiam

2137 449 2436 525 [θεραπεύει
2489 451 2593 525 γὰρ
2644 450 2737 505 καὶ
2803 452 3019 524 ταῦτα),
3072 451 3169 506 καὶ
3224 452 3560 529 γινωσκέτω,
3619 451 3705 511 δτι
3766 457 3795 511 6

370 542 684 613 medetur),
718 549 777 597 et
806 545 1035 599 noverit
1064 546 1224 616 quod
1249 547 1419 602 Jesus
1450 552 1540 602 est
1568 547 1855 604 Christus.

2137 542 2340 611 Ἰησοῦς
2373 548 2514 594 ἐστιν
2544 540 2571 594 6
2598 539 2851 613 Χριστός.

444 633 591 689 XIV.
625 635 668 669 ’7
688 634 873 689 Judaai
905 636 1064 691 enim
1094 636 1264 691 illum
1295 638 1494 693 Iesum
1529 653 1658 693 esse
1688 638 1844 692 ultro
1876 653 2020 692 con-

2194 631 2291 686 IA‘.
2334 627 2603 701 Ἰομδαῖοι
2641 630 2743 704 γὰρ
2774 628 3168 704 καταδὲχονται
3198 631 3259 685 τὸ
3294 633 3428 687 εἶναι
3485 634 3647 689 αὐτὸν
3683 636 3793 708 Ἰη-

369 722 607 790 cedunt,
640 723 939 779 Christum
970 742 1104 780 vero
1128 726 1307 781 etiam
1339 742 1469 781 esse
1495 726 1860 782 inﬁciantur.
1884 728 2021 780 Pro-

2137 722 2278 773 τοῦν·
2313 720 2375 774 τὸ
2407 716 2466 773 δὲ
2495 720 2585 774 καὶ
2641 720 2882 794 Χριστὸν
2929 723 3008 793 (3)
3041 720 3174 775 εἶναι
3204 726 3418 793 τοῦτον,
3455 723 3657 783 οὐκέτι.
3693 728 3794 781 Διά

368 818 575 885 pterea
604 813 749 868 dicit
804 814 1123 885 Apostolus
1149 831 1161 869 :
1222 817 1351 881 Quis
1382 823 1457 870 est
1513 817 1755 870 mendax
1784 814 1894 871 nisi
1922 813 2023 885 qui

2137 811 2293 863 τοῦαο
2319 806 2462 884 λέγει
2519 808 2547 861 6
2604 807 2967 871 Ἀπόστολος·
3003 809 3097 871 Τίς
3155 810 3296 865 ἐστιν
3355 813 3384 866 6
3441 812 3700 886 ψεύστης,
3748 814 3795 870 εὶ

370 908 542 971 negat
572 903 721 973 quod
747 903 901 958 Iesus
928 904 1002 958 sit
1034 904 1277 959 Christus
1300 903 1347 939 ³⁸
1364 904 1391 959 ‘2
1408 905 1673 959 Christus
1704 909 1901 959 autem
1934 908 2025 959 est

2137 897 2211 970 μὴ
2246 896 2275 951 6
2307 895 2653 969 ἀρνιύμενος,
2708 896 2791 952 ὅτι
2853 898 3063 969 Ἰησοῦς
3120 899 3223 954 οὐκ
3278 894 3419 955 ἔστιν
3449 902 3477 957 6
3510 903 3743 978 Χριστός
3776 926 3790 976 ;

378 1007 648 1047 summus
680 992 955 1047 sacerdos
981 992 1081 1063 (1),
1114 1009 1235 1047 non
1287 992 1767 1048 transferendum
1797 992 2022 1048 habens

378 1080 777 1135 sacerdotium
804 1097 815 1133 :
841 1081 942 1151 qui
967 1096 1159 1152 neque
1190 1081 1250 1135 in
1288 1086 1555 1153 tempore
1588 1081 1863 1136 sacerdos
1894 1096 2024 1136 esse

379 1169 576 1240 cmpit,
599 1186 791 1239 neque
815 1169 1270 1227 alterumhabet
1290 1170 1670 1240 pontiﬁcatus
1694 1170 1782 1225 sui
1804 1186 2024 1225 succus-

378 1259 484 1331 pit,
504 1275 697 1329 neque
722 1258 975 1313 alterum
996 1259 1174 1313 habet
1194 1258 1577 1330 pontiﬁaatus
1602 1259 1693 1314 sui
1720 1273 2022 1314 successo-

377 1363 505 1403 rem
531 1364 543 1401 :
569 1347 1073 1419 quemadmodum
1097 1364 1207 1403 nos
1252 1348 1560 1402 Dominica
1589 1347 1683 1402 die
1726 1348 1788 1403 in
1819 1346 2027 1419 synaxi

379 1433 741 1491 disserentes
762 1436 1067 1490 audivistis
1087 1438 1181 1505 (2),
1234 1436 1295 1490 in
1330 1435 1478 1490 illud
1505 1453 1516 1489 :
1540 1436 1846 1491 Secundum
1876 1435 2025 1491 ordi-

382 1540 508 1579 nem
529 1523 917 1581 Melchisedech
938 1523 1004 1578 9’.
1032 1526 1047 1559 ί
1073 1526 1198 1578 Νοιι
1226 1540 1296 1578 ex
1330 1541 1613 1596 corporea
1652 1525 2028 1580 successione

387 1613 634 1683 adeptus
674 1613 1070 1685 pontiﬁcium,
1102 1629 1298 1684 neque
1343 1612 1568 1668 factitio
1612 1613 1741 1669 oleo
1774 1618 2027 1680 unctus;

381 1701 485 1756 sed
508 1706 646 1756 ante
667 1701 884 1756 saecula
904 1718 938 1756 a
959 1703 1130 1756 Patre
1156 1718 1169 1755 :
1194 1707 1252 1756 et
1284 1707 1444 1757 tanto
1468 1702 1853 1757 excellentior
1872 1702 2026 1769 aliis,

377 1790 537 1860 quod
558 1806 693 1845 cum
708 1789 1101 1863 jurejurando
1126 1790 1401 1853 sacerdos
1418 1795 1527 1845 est.
1545 1812 1571 1840 «
1588 1788 1876 1843 Aliienim
1900 1788 2028 1842 sine

376 1901 404 1931 ‹‹
423 1878 818 1951 jurejurando
842 1885 982 1934 sunt
1002 1879 1360 1947 sacerdotes,
1385 1880 1479 1934 hic
1500 1883 1699 1934 autem
1721 1877 2031 1949 cumjure-

379 1968 815 2040 «jurando,per
827 1984 962 2023 eum
976 1970 1077 2040 qui
1095 1968 1264 2024 dicit:
1287 1967 2028 2035 JuravitDominus,etnon

378 2078 407 2107 «
424 2056 736 2128 pmnitebit
766 2056 954 2113 eum”.
979 2078 1005 2105 ››
1027 2057 1623 2128 Sufﬁciebatquidem
1647 2054 1721 2111 ad
1742 2055 1829 2109 rei
1862 2071 2027 2109 secu-

376 2146 616 2201 ritatem
639 2145 764 2201 sola
793 2146 983 2201 Patris
1016 2146 1286 2202 voluntas
1313 2163 1325 2200 :
1361 2146 1661 2218 duplicata
1691 2161 1824 2200 vero
1856 2159 2027 2199 secu-

377 2234 572 2289 ritatis
602 2235 752 2291 ratio
806 2240 915 2303 est,
941 2235 1274 2307 jurameuti
1306 2235 1381 2291 ad
1422 2234 1790 2291 voluntatem
1830 2248 2028 2288 acces-

378 2323 467 2380 sio
493 2340 507 2379 :
537 2326 604 2380 Ut
624 2341 729 2395 per
757 2324 895 2380 duas
915 2341 999 2380 res
1028 2325 1417 2394 immutabiles,
1462 2316 1523 2379 in
1553 2324 1749 2396 quibus
1777 2321 2031 2394 impossi-

2132 985 2364 1060 Χριστὸς
2395 982 2453 1039 δὲ
2511 984 2655 1039 ἔστιν
2712 985 3023 1062 ἀρχιερεὺς,
3080 984 3429 1064 ἀπαράϐατον
3486 988 3631 1066 ἔχων
3685 994 3789 1063 τήν

2131 1073 2486 1157 ἱερωσύνην(
2518 1071 2641 1129 οὕτε
2697 1074 2803 1157 ἀπο
2878 1076 3090 1151 χρόνων
3136 1078 3437 1153 ἀρξάμενος
3495 1088 3596 1151 τῆς
3648 1083 3790 1157 ἱερα-

2132 1160 2279 1221 τείας
2311 1155 2440 1214 οὔτε
2470 1155 2735 1235 διάδοχον
2777 1156 2956 1235 ἕτερον
3017 1159 3164 1237 ἔχων
3222 1171 3326 1233 τῆς
3381 1155 3787 1242 ἂρχιερατείας·

2133 1247 2311 1308 καθὼς
2367 1244 2605 1316 ἤκουσας
2633 1247 2684 1303 ἐν
2738 1253 2806 1322 τῇ
2865 1254 3105 1326 Κυριακῇ
3169 1247 3569 1326 διαλεγομένων
3626 1257 3791 1327 ἡμῶν

2134 1336 2222 1393 ἰπὶ
2253 1345 2353 1407 τῆς
2413 1339 2704 1409 συνὰξεως,
2765 1339 2840 1402 εἰς
2897 1342 2981 1413 τὸ,
3034 1340 3183 1399 Κατᾶ
3212 1343 3313 1411 τήν
3367 1344 3516 1415 τάξιν
3577 1344 3794 1419 Μελχι-

2135 1425 2311 1486 σεδὲκ.
2343 1427 2461 1484 Οὐκ
2489 1427 2548 1483 ἐκ
2595 1426 2867 1504 διαδοχῆς
2924 1430 3191 1503 σωμάτων
3247 1427 3433 1488 λαϐὼν
3464 1455 3564 1505 την
3596 1453 3794 1509 αρχιε-

2138 1516 2406 1589 ρωσύνην,
2458 1515 2585 1572 οὐδὲ
2628 1516 2797 1591 ἐλαίῳ
2856 1525 3133 1593 σκευαστῷ
3180 1523 3452 1596 χρισθιὶς,
3509 1521 3658 1579 ἀλλὰ
3685 1525 3794 1600 πρὸ

2134 1610 2242 1661 τῶν
2277 1606 2491 1661 αἷίίινων
2528 1607 2631 1662 ὑπὸ
2655 1611 2754 1663 τοῦ
2798 1609 3031 1685 Πατρός·
3089 1612 3178 1664 καὶ
3238 1610 3484 1684 τοσούτῳ
3517 1610 3788 1689 διαφέρων

2136 1699 2244 1751 τῶν
2278 1694 2489 1765 ἄλλων,
2523 1695 2636 1769 ὅσῳ
2693 1698 2812 1769 μεθ’
2871 1699 3233 1773 ὁρχωμοσίας
3293 1699 3436 1755 ἐστὶν
3494 1701 3686 1777 ἱερεύς.
3725 1703 3795 1759 Οἱ

2144 1786 2237 1857 μὶν
2292 1783 2394 1861 γὰρ
2452 1785 2631 1861 χωρὶς
2684 1787 3034 1860 ὁρκωμοσίας
3094 1787 3227 1843 εἰσὶν
3284 1789 3473 1864 ἱερεῖς,
3505 1791 3532 1845 6
3564 1788 3623 1844 δὲ
3675 1793 3792 1864 μεθ’

2137 1872 2486 1950 ὁρκωμοσίας
2573 1872 2665 1929 διὰ
2719 1879 2817 1929 τοῦ
2902 1874 3157 1953 λὲγοντος
3191 1897 3203 1909 ·
3284 1879 3489 1951 Ὠμοσε
3545 1882 3741 1954 Κύριος
3778 1923 3793 1951 ,

2134 1962 2226 2017 καὶ
2260 1963 2325 2018 οὐ
2363 1962 2903 2036 μεταμεληθήσεται.
2938 1965 3213 2040 Αὕταρκες
3248 1967 3344 2040 μὲν
3399 1968 3465 2037 ἦν
3502 1967 3578 2031 εἲς
3624 1967 3800 2046 ἀσφά-

2137 2048 2284 2106 λειαν
2330 2050 2504 2106 καὶτὸ
2541 2049 2831 2126 βούλεσθαι
2896 2053 3060 2126 μόνον
3115 2057 3345 2130 Πατέρα·
3400 2053 3706 2112 διπλασίων
3741 2054 3800 2112 δὲ

2134 2146 2237 2211 τῆς
2289 2140 2581 2212 ἀσφαλείας
2638 2142 2666 2196 6
2713 2145 2937 2216 τρόπος,
2967 2144 3030 2198 τὸ
3064 2144 3199 2217 μετὰ
3227 2149 3305 2218 (4)
3332 2151 3433 2215 τῆς
3468 2146 3792 2221 βουλήσεως

2135 2229 2225 2285 καὶ
2286 2227 2449 2303 ὅρκον
2507 2229 3014 2305 παρακολουθῆσαι*
3072 2234 3188 2290 Ἵνα
3247 2231 3338 2289 διὰ
3389 2230 3485 2289 δύο
3533 2236 3801 2311 πραγμά-

447 2510 717 2589 °7__-__Vid.
780 2518 892 2589 cat.
956 2511 1041 2589 1'3,
1103 2515 1303 2589 nui-£0,
1339 2517 1405 2589 et_
1426 2516 1593 2589 Hom.
1652 2511 1716 2566 in
1743 2509 2001 2589 Paral._»

2152 2511 2257 2589 _19.
2330 2506 2421 2589 9°}
2449 2510 2618 2565 Joan.
2678 2525 2739 2578 ιι,
2795 2512 2884 2565 22.
2961 2510 3006 2547 ⁸⁸
3037 2511 3193 2568 Psal.
3223 2529 3337 2585 clx,
3366 2513 3400 2568 4
3425 2530 3438 2582 ;
3464 2513 3641 2589 Hebr,
3667 2533 3718 2585 ν,
3744 2520 3802 2575 6.

385 2581 405 2616 ⁸
439 2583 621 2639 «Vid.
658 2589 765 2639 cat.
806 2588 978 2651 11,11.
1014 2587 1038 2637 1
1072 2590 1131 2639 et
1160 2587 1246 2638 15.
1285 2608 1304 2634 ι

448 2771 524 2853 (
557 2771 869 2853 Christus...
904 2778 982 2826 est
1011 2787 1249 2853 summus
1292 2770 1563 2838 sacerdos,
1595 2774 1707 2853 etc.
1733 2768 2034 2853 Christum

376 2841 579 2897 itadici
611 2850 853 2915 propter
900 2843 1297 2915 sacerdotium
1352 2857 1533 2913 supra
1579 2841 1801 2915 notavit
1821 2857 1880 2915 ιι,
1915 2841 1949 2893 4
1979 2845 2037 2894 et

377 2931 439 2969 ιι.
476 2917 532 2967 11
566 2931 579 2981 ;
612 2912 820 2969 sedeo
855 2915 1095 2969 nomine
1139 2914 1363 2985 regiam
1397 2912 1634 2983 quoque
1684 2912 2034 2985 dignitatem

373 3002 494 3040 una
531 2985 829 3041 designari
870 2982 1256 3041 consentiunt
1286 2982 1509 3040 Patres.
1540 2982 1760 3038 Verum
1790 2982 1905 3037 duo
1939 2982 2035 3038 hic

376 3055 724 3113 adnotanda
737 3058 798 3112 in
814 3057 1083 3112 doctrina
1098 3057 1299 3129 Cyrilli
1313 3074 1348 3112 a
1363 3055 1664 3129 communi
1684 3060 2036 3129 cmterorum

380 3130 623 3184 Patrum
648 3130 943 3184 sententia
960 3126 1592 3184 dissidentia.Primum
1608 3126 1902 3182 Christum
1919 3142 2034 3182 non

384 3198 663 3254 humanae
696 3200 1010 3254 Salvatoris
1041 3200 1251 3265 nostri,
1275 3200 1378 3255 sed
1409 3199 1619 3254 divinas
1643 3198 1910 3270 ejusdem
1934 3215 2034 3255 na-

380 3286 462 3324 rua
484 3270 839 3325 vocabulum
863 3287 1013 3325 esse.
1046 3271 1336 3339 Alterum,
1369 3271 1668 3326 Christum
1699 3270 1772 3325 ab
1805 3275 2029 3325 interno

382 3342 749 3414 sacerdotem
781 3358 931 3414 esse.
979 3344 1061 3396 Ac
1092 3343 1163 3414 de
1220 3344 1413 3414 primo
1472 3343 1685 3414 capite,
1717 3346 1893 3413 negat
1921 3342 2031 3413 Cy-

379 3411 554 3467 rillus
605 3412 1067 3477 Alexandrinus,
1098 3413 1200 3470 lib.
1221 3411 1289 3468 1v
1318 3418 1376 3469 in
1423 3411 1578 3475 Isaif,
1611 3412 1684 3469 ad
1717 3411 1843 3484 cap.
1876 3411 2029 3480 m‘x,

381 3500 532 3556 vers.
571 3486 619 3556 1,
652 3500 783 3556 pag.
817 3486 940 3551 656,
975 3484 1092 3539 Deo
1137 3484 1322 3540 Verbo
1380 3492 1517 3540 ante
1560 3484 2029 3541 incarnationem

377 3553 592 3627 Christi
616 3553 835 3610 nomen
857 3556 1173 3611 convenire
1221 3557 1528 3627 Athanas.,
1552 3575 1638 3625 or,
1666 3561 1715 3622 1,
1749 3572 1914 3610 num.
1938 3557 2026 3621 46,

378 3625 677 3697 Christum
710 3644 830 3682 non
860 3633 926 3682 ut
956 3628 1110 3682 Deus
1142 3634 1250 3693 est,
1293 3628 1395 3684 sed
1439 3625 1518 3684 ut
1550 3630 1750 3697 homo,
1783 3631 2029 3682 unctum

380 3695 684 3770 defendit:
708 3699 794 3770 ita
823 3705 882 3753 et
912 3699 1086 3753 Basil.
1114 3702 1173 3753 in
1194 3716 1283 3770 ps.
1308 3717 1452 3767 xuv,
1478 3717 1626 3756 vers.
1660 3703 1713 3766 2,
1738 3695 2027 3770 ’etc._adeo

378 3774 444 3844 ut
472 3769 654 3823 veluti
706 3769 1134 3844 blasphemam‘
1161 3768 1361 3844 vocem
1408 3772 1660 3844 refugiat
1687 3768 2028 3825 Theodorus

378 3838 667 3909 Ahucara,
685 3838 954 3912 opuscul.
980 3842 1278 3908 33,dicere
1297 3843 1479 3897 Deum
1509 3838 1756 3897 VBrbum
1782 3846 2027 3896 unctum

382 3928 530 3975 esse,
564 3929 684 3968 non
716 3914 1042 3968 hominem.
1068 3914 1463 3978 Quamobrem
1487 3913 1829 3968 unctionem
1854 3928 1884 3966 e
1908 3928 2028 3982 qua

377 3982 798 4040 denominatus
823 3991 912 4039 est
931 3985 1219 4045 Christus.
1243 3987 1481 4039 Patrum
1506 3984 1605 4039 alii
1636 3983 1708 4038 ad
1732 3983 1921 4053 ipsam
1944 3982 2028 4037 di-

374 4054 637 4126 vinitatis
659 4073 794 4111 cum
825 4056 1195 4110 humanitate
1218 4056 1701 4126 conjunctionem
1722 4060 2023 4121 revocant,

376 4124 477 4199 alii
508 4126 581 4180 ad
614 4127 864 4198 Spiritus
897 4128 1085 4199 sancti
1117 4128 1179 4199 in
1220 4124 1415 4199 ipsum
1449 4126 1725 4199 baptismi
1756 4131 2022 4199 tempore

377 4196 847 4252 descensionem.
868 4196 1267 4253 Nihilominus
1285 4196 1621 4253 communis
1635 4197 1891 4251 maxime
1912 4196 2025 4251 fuit

376 4273 547 4323 astate
579 4269 801 4339 Cyrilli,
836 4275 894 4323 et
942 4268 1347 4339 superioribus
1379 4274 1555 4339 atque
1586 4270 1763 4323 etiam
1813 4283 2019 4322 conse-

421 4340 695 4394 uentibus
717 4339 1215 4410 temporibus,illa
1229 4342 1543 4405 sententia,
1561 4339 1777 4395 Christi
1799 4354 2022 4410 nomen

419 4411 699 4466 ivinitatis
722 4409 1025 4483 proprium
1057 4426 1188 4465 esse
1234 4428 1490 4481 eumque
1512 4410 1839 4466 secundum
1872 4409 2022 4463 divi—

376 4430 699 4466 aIVlnltallS
763 4430 1025 4483 roprium
1057 4430 1188 4465 esse
1234 4430 1490 4481 eumque
1512 4430 1839 4466 secundum
1872 4430 2020 4463 uivi-

376 4482 623 4536 nitatem
655 4500 690 4537 a
719 4430 891 4538 Batre
934 4488 1180 4537 unctum
1227 4482 1429 4537 fuisse.
1471 4484 1557 4537 Ita
1599 4497 1858 4551 namque
1886 4498 2020 4536 sen-

377 4553 524 4625 sisse
558 4553 785 4608 videtur
824 4554 1089 4609 Justinus
1110 4559 1356 4625 martyr.
1412 4553 1640 4625 apolog.
1686 4555 1733 4617 1,
1770 4554 1997 4625 pag.“

373 4624 591 4697 diserte
625 4642 756 4679 vero
781 4626 1081 4697 Origenes,
1114 4628 1171 4679 in
1200 4623 1342 4680 John
1375 4623 1536 4697 ,pag.
1569 4623 1636 4679 2'9
1661 4642 1673 4677 :
1698 4623 1911 4697 Eusebi

373 4694 478 4769 lib.
510 4713 566 4769 iv
596 4699 745 4769 Dem.
774 4694 992 4768 capfii’)
1021 4702 1079 4752 et
1105 4699 1189 4762 16,
1222 4713 1350 4769 pag.
1388 4694 1510 4769 173,
1556 4697 1689 4750 194ε
1743 4695 2020 4769 Hilarius,

374 4767 476 4837 qui
504 4768 567 4822 in
599 4767 896 4838 psalmum
929 4785 1118 4835 cxxn,
1154 4767 1239 4824 n.‘
1268 4773 1354 4830 1‘7,
1391 4767 1708 4823 observans
1760 4767 1959 4838 Jesum
1987 4781 2025 4838 7a

377 4837 667 4907 propheta
689 4839 866 4894 simul
893 4846 951 4893 et
972 4840 1269 4894 Christum
1311 4846 1368 4893 et
1410 4839 1688 4894 Davidem
1711 4837 2021 4909 appellari,

378 4910 650 4981 Christum
682 4911 897 4980 inquit,
941 4912 1010 4964 ad
1030 4912 1253 4966 deitatis
1299 4913 1557 4981 spiritum
1594 4910 1806 4976 retulit,
1847 4909 2026 4981 David

375 4978 449 5054 ed
478 4981 720 5054 corporis
733 4978 957 5054 eernem
984 4999 996 5035 :
1024 4988 1083 5036 et
1108 4983 1231 5037 haec
1251 4978 1583 5037 observatio
1606 4981 1934 5054 generatim
1961 4979 2024 5034 in

377 5048 625 5129 legendo
659 5052 878 5129 Hilario
903 5054 1157 5109 maxime
1180 5056 1518 5129 necessaria
1538 5048 1647 5129 est,
1679 5051 1894 5129 Christi
1916 5067 2022 5129 no-

379 5122 538 5201 mine
571 5123 937 5201 superiorem
997 5131 1270 5201 naturam
1331 5125 1647 5201 designari.
1675 5122 2023 5201 _(_)ri_entales

377 5192 639 5266 episcopi
665 5194 820 5266 apud
843 5195 1083 5263 Athan.,
1109 5198 1183 5250 De
1210 5192 1642 5266 synodisiium.
1668 5198 1757 5262 26,
1786 5196 1848 5250 in
1872 5210 2022 5249 con-

375 5261 637 5339 fessione
660 5262 799 5339 fidei
834 5280 930 5339 a_n_.
964 5261 1087 5339 314⁷,
1120 5261 1316 5339 art.'5.
1340 5270 1601 5339 graviter
1649 5261 2026 5339 expostulant

380 5333 457 5407 de
472 5333 751 5407 Marcello
773 5342 831 5388 et
851 5335 1123 5403 Photino,
1142 5338 1299 5407 quod
1321 5333 1632 5394 docuerint
1646 5333 1943 5393 Christum
1966 5342 2025 5391 et

376 5403 585 5480 Filium
620 5404 721 5459 Dei
756 5422 875 5480 non
909 5421 1037 5480 esse
1080 5403 1217 5462 ante
1242 5410 1478 5469 saecula.
1524 5409 1627 5465 sed
1654 5409 1848 5480 ipsum
1883 5414 2024 5480 tunc

376 5476 597 5549 factum
631 5492 759 5549 esse
790 5476 1087 5549 Christum
1127 5485 1190 5549 et
1212 5480 1432 5549 Filium
1474 5480 1575 5536 Dei
1605 5521 1619 5545 ,
1653 5476 1709 5532 ἐΞι
1739 5478 1858 5533 τότε
1890 5479 2021 5549 Χρι-

377 5547 497 5600 στὸν
535 5546 691 5600 αὑτὸν
725 5545 1021 5621 γεγονέναι,
1053 5546 1142 5621 xui
1166 5548 1288 5602 Υἱὸν
1321 5554 1477 5615 Θεοῦ,
1510 5569 1579 5607 ex
1610 5568 1727 5621 quo
1758 5545 2027 5606 incarna-

376 5626 471 5675 tus
495 5625 619 5675 est:
656 5617 814 5690 quod
847 5617 954 5673 sub
985 5619 1361 5676 anathemate
1384 5617 1742 5678 conﬁrmant
1762 5624 1822 5677 in
1853 5639 2020 5678 conc.

377 5693 550 5748 Sirm.
585 5708 680 5747 an.
714 5694 839 5754 351,
862 5707 993 5746 can.
1027 5693 1116 5757 27,
1141 5690 1310 5755 ibid.,
1338 5709 1503 5748 num.
1537 5697 1624 5746 27.
1653 5693 1817 5757 Greg.
1853 5695 2017 5757 Nyss.

379 5711 550 5748 airm.
585 5711 680 5747 an.
714 5711 839 5754 om,
862 5711 993 5746 can.
1028 5711 1116 5757 ΖΙ,
1141 5711 1310 5755 ιοια.,
1338 5711 1503 5748 num.
1537 5711 1624 5746 τι.
1653 5711 1761 5747 ιιι-θ
1805 5735 1817 5746 .
1854 5711 1892 5748 ιγ
1941 5711 2017 5749 ss.

379 5764 721 5830 Antirrhet.,
744 5780 889 5819 num
915 5765 1004 5829 52,
1036 5762 1191 5835 apud
1220 5763 1489 5835 Zacagn.,
1521 5780 1670 5835 pag._
1695 5711 1821 5835 26g,
1847 5711 2025 5835 οἴ),ῇί-

378 5835 560 5908 cieuti
572 5835 939 5908 Apollinario
960 5832 1393 5908 Catholicoruni
1414 5832 2023 5908 sententiaCbristum

380 5903 452 5957 ab
475 5902 647 5962 initio
672 5924 796 5964 non
813 5906 1021 5975 fuisse,
1034 5903 1140 5963 sed
1151 5903 1524 5962 solummodo
1546 5902 1801 5959 Verbum
1811 5903 2021 5972 Deum,

1384 2584 1408 2618 ³
1438 2583 1611 2639 Hebr.
1648 2600 1744 2651 vn,
1775 2585 1865 2649 20,
1895 2581 1960 2635 21
1990 2598 2004 2647 ;
2036 2578 2192 2635 Psal.
2227 2596 2340 2649 uix,
2373 2580 2427 2634 4.

2143 2766 2469 2844 respondet
2484 2766 2699 2844 Christi
2717 2785 2938 2826 nomen
2958 2771 3019 2826 in
3041 2771 3355 2844 Unigenito
3373 2774 3601 2829 casteris
3614 2776 3806 2830 nomi-

2144 2838 2322 2914 nibus
2352 2838 2765 2914 exceltentius,
2788 2858 2907 2911 quo
2930 2838 3185 2914 singula?
3200 2844 3499 2899 Trinitatis
3521 2861 3795 2914 persona)

2145 2912 2321 2966 Pater
2350 2910 2951 2984 ab_teterno_ungens,
2974 2910 3156 2984 Filius
3183 2930 3490 2984 nunquam
3521 2910 3648 2969 hon
3681 2932 3791 2969 un-

2145 2988 2293 3056 ctus,
2332 2978 2620 3052 μηδήποτε
2661 2978 2948 3055 ἄχρῖστος,
3004 2982 3085 3036 ἀεὶ
3111 2978 3346 3056 ,πάντως
3376 2984 3622 3056 χριστός,
3652 2986 3789 3055 Spi-

2142 3054 2413 3126 ritusque
2445 3057 2685 3126 sanctus
2707 3059 2930 3126 interna
2960 3055 3183 3119 unctio,
3223 3054 3626 3126 designantur.
3659 3054 3788 3125 Ipse

2146 3123 3055 3198 CyrillusAIexandrinus,quemr
3074 3127 3344 3197 superius
3359 3123 3613 3198 negasse
3636 3123 3791 3182 vide-

2145 3195 2279 3251 mus
2309 3195 2525 3250 Christi
2556 3211 2774 3249 nomen
2821 3195 2997 3251 verbo
3027 3195 3223 3252 divino
3254 3203 3391 3253 ante
3423 3195 3790 3253 incarnatio-

2144 3284 2285 3323 nem
2316 3267 2666 3341 convenire,
2680 3266 2786 3341 lib.
2819 3283 2893 3341 ιιι
2911 3268 2975 3322 in
3023 3271 3209 3337 Joan.,
3250 3268 3324 3323 ad
3363 3285 3490 3341 cap.
3515 3286 3593 3335 v1,
3637 3285 3789 3325 vers.

2139 3341 2230 3418 27,
2261 3354 2390 3418 ρας.
2426 3339 2552 3405 300,
2585 3336 2801 3418 Filium
2842 3338 2926 3394 ait
2954 3355 2989 3394 a
3016 3336 3202 3418 Patre
3228 3336 3474 3418 unctum
3508 3346 3566 3395 et
3595 3341 3790 3418 signa-

2139 3415 2264 3493 tum
2283 3409 2466 3463 fuisse
2479 3425 2597 3490 .per
2616 3412 3393 3493 internam‘generationem,
3418 3412 3478 3466 in
3502 3409 3795 3493 omni'mo:

2138 3481 2274 3554 dam
2307 3496 2443 3535 cum
2475 3479 2603 3554 ipso
2637 3479 3093 3537 similitudinem
3125 3527 3139 3546 ,
3171 3500 3287 3554 qua
3335 3484 3691 3538 naturaliter
3718 3484 3794 3539 ad

2138 3553 2371 3626 Patrem
2404 3551 2809 3626 conformatus
2859 3560 2968 3626 est.
3021 3551 3288 3626 Denique
3334 3561 3595 3611 veterem
3623 3554 3793 3609 Chri-

2138 3624 2469 3677 stianorum
2500 3623 2844 3683 opinionem
2867 3625 2939 3681 de
2960 3627 3173 3681 Christi
3192 3623 3439 3681 nomine
3462 3627 3788 3683 divinitatis

2136 3695 2398 3765 proprio.
2427 3694 2796 3751 sufﬁcienter
2809 3696 3072 3753 declarat
3093 3698 3196 3753 illa
3218 3698 3543 3753 multorum
3560 3699 3789 3753 haareti-

2135 3782 2340 3841 corum
2372 3765 2591 3841 Christi
2622 3767 2696 3821 ab
2753 3768 2889 3841 Iesu
2935 3769 3259 3835 distinctio,
3317 3786 3435 3841 qua
3491 3770 3789 3825 Christum

2134 3836 2373 3893 aiebant
2394 3836 2464 3910 in!
2491 3838 2807 3910 Jesumvel
2833 3839 3210 3910 baptismatis
3237 3836 3789 3896 vel'incarnationis

2134 3914 2401 3984 tempore
2433 3908 2813 3984 descendisse
2842 3927 2859 3984 ε,
2885 3908 3000 3982 quo
3043 3913 3222 3967 etiam
3267 3912 3442 3967 modo
3491 3916 3650 3967 inter
3678 3930 3786 3984 ap-

2132 3981 2323 4051 prime
2347 3981 2681 4035 Catholicos
2701 3980 2967 4052 loquitur
2986 3984 3332 4043 Archelaus.
3360 3985 3508 4053 Disp.
3535 4001 3657 4038 cum
3675 3980 3788 4039 Μα-

2130 4058 2271 4115 nete,
2300 4068 2359 4117 ιι,
2394 4053 2482 4117 50,
2515 4069 2572 4134 p_.
2602 4055 2669 4136 Q3
2695 4054 2842 4136 :__Hie
2872 4060 2948 4108 est
2965 4055 3226 4136 Christus
3259 4056 3351 4136 Dei
3386 4056 3790 4136 qui-defcenfiit

2127 4139 2291 4193 super
2319 4125 2567 4199 eum_qui
2595 4125 2667 4199 de
2688 4126 2869 4199 Muria
2902 4130 2976 4179 est
3031 4127 3216 4199 Hujus
3247 4125 3547 4198 opinionis
3568 4127 3782 4199 funda-

2129 4200 2399 4249 mentum
2434 4194 2709 4266 Gregorio
2752 4196 3014 4266 Nysseno
3064 4194 3192 4253 loco
3242 4194 3442 4254 citato.
3475 4204 3534 4251 et
3562 4197 3781 4269 Cyrillo

2128 4272 2296 4320 nostr
2325 4271 2391 4337 ut
2411 4272 2660 4337 apparet
2679 4283 2749 4321 ex
2771 4268 2997 4322 cateeh.
3035 4272 3121 4336 11,
3154 4286 3214 4323 ιι.
3246 4272 3331 4336 15,
3366 4274 3425 4323 et
3447 4269 3581 4323 aliis
3612 4268 3783 4337 forte,

2126 4336 2407 4407 praestitit
2457 4336 2557 4391 ille
2600 4337 2777 4409 locus
2849 4339 3064 4409 psalmi
3105 4357 3265 4397 xLiv:
3333 4341 3582 4394 Thronus
3638 4345 3782 4404 tuus,

2124 4411 2287 4475 Deus,
2327 4413 2464 4482 ietc.
2514 4408 2723 4463 Dilexit
2769 4408 3059 4478 justitiam
3090 4453 3127 4465 ..
3183 4418 3477 4482 prapterea
3534 4412 3699 4463 unxit
3734 4416 3786 4463 te

2123 4482 2283 4551 Deus,
2318 4481 2459 4533 Deus
2486 4486 2632 4547 tuus,
2657 4485 2770 4547 etc,
2803 4498 2934 4550 quas
2956 4481 3196 4543 Paulus.
3221 4482 3296 4538 ad
3327 4482 3619 4545 Hebrazos,
3651 4495 3784 4551 cap.

2131 4550 2257 4623 1_ad
2287 4555 2574 4606 aeternam
2614 4552 3059 4623 generationem
3114 4554 3334 4609 referre
3366 4553 3611 4608 videtur.
3648 4550 3786 4606 Hinc

1918 4597 2016 4690 us,’
2050 4602 2096 4667 Ῑ)
2134 4620 2207 4677 de
2241 4627 2463 4695 interno
2488 4597 2703 4695 Chriosti
2730 4624 2991 4695 nomine.
3021 4626 3099 4679 De
3133 4625 3496 4695 sempiterno
3519 4623 3789 4694 ejusdem

2132 4693 2468 4767 sacerdotio
2501 4693 3141 4767 fuiteeadevaeterum
3191 4693 3624 4751 nonnullorum
3656 4695 3785 4767 cpi-

2129 4765 2255 4838 nio,
2283 4763 2392 4818 sub
2448 4765 2644 4838 quarti
2695 4764 2896 4838 seaculi
2956 4766 3135 4821 finem
3169 4767 3255 4821 vel
3291 4767 3484 4838 quinti
3517 4763 3784 4821 medium

2123 4836 2251 4919 jam
2310 4835 2612 4919 com-muni
2672 4835 3084 4919 theologorum
3143 4835 3778 4919 consensuAexplosa.

2131 4905 2291 4981 Hanc
2322 4905 2549 4981 nullam
2581 4907 2644 4960 in
2675 4905 3109 4981 Cyrilli'mente
3141 4911 3411 4981 dignitati
3442 4905 3657 4964 Christi
3692 4910 3780 4981 ing

2122 4978 2345 5060 juriam
2378 4977 2597 5060 inferre
2649 4977 3026 5060 probavimus
3076 4977 3318 5060 Dissert.
3366 4984 3418 5049 3,
3454 4997 3592 5035 nam
3623 4979 3784 5060 quod

2130 5049 2193 5104 in
2223 5049 2553 5103 sacerdotio
2581 5049 2837 5106 sublime
2868 5057 2927 5107 et
2954 5053 3309 5109 honoratum
3353 5059 3461 5118 est,
3495 5070 3615 5107 non
3643 5049 3779 5108 offl-

2130 5121 2205 5177 cii
2238 5120 2928 5195 hugmilitatem‘respexit
2958 5124 3231 5195 Cyrillus.

2202 5195 2278 5266 (2)
2310 5191 2445 5246 Hinc
2495 5191 2923 5250 homilia_non
2982 5191 3210 5251 exstat:
3263 5194 3415 5252 forte
3466 5209 3787 5266 nunquam

2132 5264 2371 5319 scripta.

2439 5334 2699 5407 Χριστόν.
2749 5338 2906 5393 Part.
2944 5336 3034 5392 καί
3082 5338 3424 5395 addidimus
3455 5355 3527 5393 ex
3558 5336 3775 5402 Ottob.,

2130 5408 2273 5474 Roe,
2304 5406 2580 5475 Casaub.,
2613 5407 2791 5463 Coisl.

2198 5479 2284 5554 (4,.
2307 5475 2386 5531 Τὸ
2416 5476 2570 5547 μετά.
2596 5479 2689 5554 _In
2748 5480 2938 5554 editis,
2977 5486 3114 5537 ante
3167 5480 3227 5534 τό
3278 5480 3644 5554 prmponitur
3673 5475 3784 5545 καί,

2130 5548 2290 5623 quod
2318 5555 2385 5602 ut
2405 5555 2570 5623 extra
2586 5549 2795 5623 locum
2819 5553 3077 5623 positum
3106 5548 3563 5619 eliminavi‘mus,
3588 5556 3787 5623 aucto-

2129 5620 2774 5691 ritate_codd.Coisl.,
2819 5620 2976 5686 'Roe.
3037 5625 3309 5691 Casaub.,
3371 5623 3544 5679 Grod.
3604 5621 3788 5677 Paulo

2127 5699 2283 5763 post,
2315 5689 2444 5745 loco
2477 5690 2599 5743 Υἱὸν
2629 5692 2784 5764 Θεόν,
2819 5695 2978 5766 quod
3010 5696 3072 5751 in
3098 5689 3581 5753 Oxon—editione
3614 5692 3785 5749 nulla

2130 5779 2260 5833 quas
2293 5767 2551 5840 notetur,
2584 5779 2727 5819 mss.
2780 5768 3133 5840 auctoritate
3186 5768 3593 5840 positumgest,
3625 5770 3784 5821 vete-

2127 5831 2256 5888 rem
2302 5831 2751 5903 impressorum,
2785 5843 2845 5893 et
2876 5839 3053 5897 Coisl.
3084 5855 3155 5896 ac
3186 5831 3422 5897 'Genov.
3458 5837 3785 5897 lectionem

2125 5902 2545 5974 revocavimus,
2580 5903 2705 5959 Υἱὸν
2728 5909 2883 5964 Θεοῦ.
