4132 6266
243 412 359 476 681

997 412 1481 481 CATECHESIS
1521 402 1595 477 Χ.
1643 414 1746 478 om
1787 392 1950 476 ι]Νο
1992 399 2309 479 bonum
2348 406 2546 483 JESU
2586 414 2944 485 caars'ro.

3548 410 3672 483 689

250 573 364 608 των
466 554 834 626 ἀμεταθέτων,
919 552 974 609 έν
1082 554 1163 617 οῖς
1256 552 1517 610 ἀδύνατον
1612 548 1909 625 ψεύσασθαι

2030 548 2134 606 bile
2161 554 2319 611 144
2347 562 2424 612 est
2450 560 2677 615 mentiri
2705 560 2892 627 Deum,
2921 563 3136 630 ﬁrmam
3164 559 3295 628 ﬁdei
3341 558 3671 615 consolatio-

253 641 411 710 Θεὸν,
470 642 696 717 ἰσχυρὰν
753 639 1098 716 παράκλησιν
1154 641 1404 720 ξέχωμεν
1473 649 1574 714 τῆς
1650 641 1909 708 πίστεως,

251 732 305 786 οἱ
336 730 578 805 Χριστὸν
608 732 817 802 Ἰησοῦν
847 732 970 787 Υἱὸν
1003 736 1138 788 Θεοῦ
1167 729 1622 808 καταδεχόμενοι·

330 821 434 877 ΙΕ’.
468 824 667 875 Τοῦτον
698 821 790 875 τὸν
838 821 1075 891 Χριστὸν
1123 823 1565 896 παραγενόμενον
1601 821 1909 896 ἠρνήσαντο

256 909 357 981 μὲν
386 909 439 963 οἱ
472 906 750 978 Ἰουδαῖοι,
784 906 1037 982 δαίμονες
1068 907 1127 966 δί
1154 908 1548 985 ὡμολόγησαν.
1607 908 1765 968 Ἀλλ’
1811 909 1912 965 ούκ

251 996 445 1072 ἠγνόει
477 1001 671 1053 τοῦτον
705 998 734 1052 6
762 1001 1067 1075 προπάτωρ
1123 994 1313 1070 Δαόἰδ,
1362 998 1561 1075 λέγων·
1611 1000 1912 1075 Ἡτοίμασα

256 1084 464 1162 λύχνον
503 1091 585 1159 τῷ
642 1089 861 1163 Χριστῷ
909 1110 1033 1162 μου.
1067 1089 1165 1144 Καὶ
1198 1090 1252 1143 o‘.
1285 1090 1381 1163 μὲν
1424 1088 1631 1165 λύχνον
1681 1091 1912 1146 εἶναιτὸ

256 1176 515 1253 λαμπρὸν
563 1185 664 1249 τῆς
724 1179 1062 1258 προφητείας
1110 1182 1482 1256 ἡρμήνευσαψ
1516 1183 1569 1237 οἱ
1600 1179 1657 1237 δε
1684 1181 1777 1237 τὸν
1808 1180 1907 1236 λύ-

256 1288 422 1343 χνον,
444 1269 544 1338 τήν
573 1268 977 1347 ἀναληφθεῖσαν
1009 1269 1069 1325 ἇκ
1117 1271 1392 1345 Παρθένου
1441 1272 1634 1346 σάρκα,
1681 1271 1819 1327 κατὰ
1846 1271 1910 1327 16

255 1357 313 1412 ἐν
343 1362 424 1430 τῷ
454 1357 798 1431 Ἀποστόλῳ·
842 1363 1091 1435 Ἔχομεν
1152 1356 1210 1415 δὶ
1257 1359 1352 1415 τὸν
1399 1361 1669 1431 θησαυρὸν
1713 1364 1907 1417 τοῦτον

256 1445 312 1501 ἐν
363 1446 702 1523 ὀστρακίνοις
761 1446 1023 1507 σκεύεσιν.
1072 1449 1190 1506 Οὐκ
1244 1449 1435 1525 ἠγνόει
1490 1453 1684 1506 τοῦτον
1713 1450 1743 1506 6
1771 1469 1909 1525 προ-

254 1539 438 1614 φήτης
498 1537 700 1612 λέγων’
799 1539 904 1594 Καὶ
989 1538 1351 1616 ἀπαγγέλλων
1433 1539 1511 1605 εἷς
1591 1540 1910 1615 ἀνθρώπους

252 1626 347 1681 τὸν
383 1626 617 1703 Χριστὸν
657 1628 847 1688 αὐτοῦ.
906 1625 1060 1698 ᾝὸει
1112 1632 1304 1684 τοῦτον
1363 1628 1455 1685 καὶ
1507 1630 1737 1701 Μωσῆς,
1786 1625 1908 1705 ᾔδει

251 1719 447 1769 τοῦτον
478 1715 566 1770 καὶ
598 1713 841 1787 Ἡσαΐας,
896 1712 1020 1791 ᾔδει
1072 1722 1265 1774 τοῦτον
1324 1718 1414 1774 καὶ
1469 1718 1753 1794 Ἱερεμίας.
1812 1717 1909 1773 ού-

253 1800 367 1868 δεὶς
389 1808 499 1859 τῶν
531 1809 832 1881 προφητῶν
871 1806 1057 1881 ἠγνόει
1114 1810 1333 1866 τοῦτον.
1394 1808 1731 1882 Ἐπέγνωσαν
1780 1810 1910 1863 τοῦ-

2021 659 2148 699 nem
2176 645 2468 704 habeamus
2494 647 2538 715 ³,
2571 666 2682 705 nos
2710 650 2811 721 qui
2842 647 3142 705 Christum
3176 648 3377 704 Iesum
3425 648 3527 703 Dei
3576 647 3674 703 Fi-

2023 731 2173 789 lium
2199 736 2540 809 recipimus.

2095 825 2216 880 XV.
2239 826 2405 883 Hunc
2416 828 2716 885 Christum
2738 827 2976 899 quando
3007 826 3249 884 advenit
3264 843 3552 900 negavere
3571 828 3672 882 Ju-

2022 910 2136 968 daai
2155 913 2509 983 ‘,daamones
2532 933 2667 973 vero
2680 917 2937 973 confessi
2959 915 3271 972 sunt5.Sed
3292 933 3415 972 non
3435 917 3672 989 ignora-

2022 1002 2125 1059 bat
2150 1002 2322 1061 illum
2352 1006 2693 1077 patriarcha
2716 1006 2921 1074 David,
2954 1023 3087 1062 cum
3120 1006 3379 1062 diceret:
3404 1028 3432 1056 ‹‹
3466 1004 3675 1060 Paravi

2025 1112 2054 1141 «
2067 1091 2377 1150 lucernam
2389 1095 2622 1151 Christo
2639 1111 2772 1151 meo
2789 1094 2813 1129 ⁸
2831 1095 3005 1151 ».Alii
3017 1095 3259 1167 quidem
3273 1094 3580 1149 lucernam
3591 1094 3679 1147 in-

2022 1183 2331 1253 terpretati
2363 1189 2503 1239 sunt
2534 1184 2606 1240 de
2664 1185 2992 1257 prophetia:
3042 1183 3361 1256 splendore
3411 1184 3521 1254 (2);
3574 1181 3676 1237 alii

2020 1288 2157 1328 vero
2180 1290 2287 1345 per
2308 1274 2638 1345 lucernam,
2672 1281 3042 1349 assumptum
3065 1293 3137 1331 ex
3166 1276 3402 1349 Virgine
3432 1291 3673 1331 carnem

2019 1360 2393 1430 intellexere,
2408 1364 2581 1437 juxta
2603 1364 2755 1420 illud
2785 1364 2944 1437 quod
2974 1364 3132 1437 apud
3164 1364 3515 1437 Apostolum
3546 1368 3673 1420 est:

2025 1470 2049 1501 ι
2080 1451 2377 1509 Habemus
2399 1454 2749 1510 thesaurum
2776 1454 2960 1510 istum
2982 1454 3046 1510 in
3067 1454 3226 1510 vasis
3264 1454 3547 1510 fictilibus
3566 1454 3589 1488 "
3620 1476 3673 1507 ».

2018 1542 2146 1597 Non
2166 1541 2478 1613 ignorabat
2499 1543 2658 1598 hunc
2670 1543 2962 1614 propheta
2982 1543 3084 1613 qui
3098 1541 3350 1605 aiebatm
3365 1544 3436 1596 Et
3448 1559 3679 1598 annun-

2019 1651 2050 1681 ‹‹
2073 1631 2229 1686 tians
2247 1630 2593 1686 hominibus
2613 1631 2915 1688 Christum
2936 1647 3112 1687 suum
3127 1631 3150 1667 ⁸
3164 1651 3191 1684 ιι
3204 1672 3217 1686 .
3242 1631 3676 1686 Noveratillum

2018 1722 2079 1773 et
2099 1720 2359 1792 Moyses;
2388 1725 2632 1776 noverat
2653 1720 2867 1786 Isaias;
2895 1724 3141 1775 noverat
3157 1725 3218 1776 et
3235 1719 3519 1775 Jeremias
3537 1736 3550 1773 :
3569 1735 3676 1774 ne-

2017 1823 2117 1863 mo
2139 1807 2312 1864 illum
2344 1824 2415 1864 ex
2451 1809 2759 1881 praphetis
2790 1808 3097 1882 ignoravit.
3129 1811 3509 1880 Agnoverunt
3538 1824 3675 1863 eum

247 1914 342 1948 τον
375 1895 464 1948 καὶ
501 1891 776 1967 δαίμονεςο
840 1895 1107 1966 Ἐπετίμα
1163 1896 1266 1972 γὰρ
1320 1895 1525 1959 αὐτοῖς·
1585 1896 1677 1953 καί
1728 1916 1905 1968 σησιψ

2030 1896 2132 1969 ipsi
2150 1914 2388 1970 quoque
2410 1897 2734 1955 daemones.
2756 1920 2784 1948 «
2806 1896 3155 1971 Increpabat
3168 1897 3328 1953 enim
3347 1898 3510 1971 ipsos
3534 1914 3546 1965 ;
3568 1920 3594 1947 »
3618 1901 3678 1952 et

249 1981 335 2037 ὅτι
389 1979 613 2056 ᾔδεισαν
665 1983 826 2039 αὐτὸν
884 1985 1117 2059 Χριστὸν
1171 1987 1329 2045 εἶναι.
1387 1987 1697 2062 Ἀρχιερεῖς
1739 1987 1908 2063 ἠγνό-

248 2071 524 2142 ησαν,καὶ
549 2071 802 2145 δαίμονες
831 2073 1228 2149 ὡμολόγησανο
1282 2074 1564 2151 ἀρχιερεῖς
1611 2076 1909 2151 ἠγνόησαν,

251 2162 347 2217 καὶ
380 2163 515 2237 γυνή
551 2167 883 2237 Σαμαρεῖτις
939 2165 1016 2237 (1)
1072 2162 1357 2241 ἑκήρυσσε,
1418 2164 1670 2241 λέγουσα·
1728 2170 1910 2235 Δεῦτε,

252 2250 398 2307 ἴδετε
460 2253 765 2326 ἄνθρωπον,
824 2253 886 2315 ὃς
941 2253 1058 2309 εἶπέ
1117 2275 1211 2327 μοι
1268 2254 1443 2312 πάντα
1498 2257 1599 2312 ὅσα
1652 2255 1908 2328 ἐποίησαο

257 2344 396 2416 μήτι
427 2342 584 2406 οὗτός
613 2342 754 2399 ἐστιν
787 2345 816 2399 6
847 2345 1127 2419 Χριστόςς

335 2522 425 2591 Ιζ’.
458 2522 632 2585 Οὗτος
673 2524 885 2593 Ἰησοῦς
942 2525 1177 2599 Χριστός
1236 2522 1402 2595 ἐστιν,
1456 2525 1485 2580 6
1540 2524 1911 2603 παραγενόμε-

263 2632 360 2675 νος
388 2610 680 2685 ἀρχιερεὺς
706 2616 815 2667 τῶν
850 2609 1169 2685 μελλόντων
1218 2613 1452 2689 ἀγαθῶν’
1482 2615 1511 2670 6
1542 2612 1632 2670 διὰ
1657 2615 1721 2671 τὸ
1746 2616 1912 2694 ἄφθο-

264 2720 363 2754 νον
392 2705 497 2768 τῆς
528 2698 781 2771 θεότητος
830 2706 993 2756 πᾶσιν
1051 2703 1188 2775 ἡμῖν
1248 2700 1512 2777 μεταδοὺς
1566 2707 1669 2770 τῆς
1724 2704 1915 2760 ἑαυτοῦ

266 2787 669 2862 προσηγορίας.
703 2788 953 2853 Βασιλεῖς
1015 2791 1110 2864 μὲν
1166 2791 1270 2865 γὰρ
1328 2789 1629 2866 ἄνθρωποι,
1690 2793 1917 2849 ἀκοινώ-

261 2898 430 2948 νητον
489 2877 627 2950 πρὸς
684 2877 1003 2952 ἀνθρώπους
1060 2875 1252 2956 ἔχουσι
1305 2887 1407 2953 τῆς
1486 2880 1765 2958 βασιλείας
1814 2883 1914 2952 τὴν

264 2966 658 3043 προσηγορίαν
719 2968 930 3037 Ἰησοῦς
988 2966 1046 3023 δὲ
1102 2970 1337 3044 Χριστὸς
1420 2975 1555 3027 Θεοῦ
1634 2971 1760 3034 Υἱὸς
1817 2965 1916 3039 ὤν,

266 3057 623 3132 Χριστιανοὺς
653 3055 937 3122 καλεῖσθαι
995 3060 1146 3131 ἡμᾶς
1201 3060 1557 3133 κατηξίωσεν.
1590 3060 1751 3118 Ἀλλ’
1807 3058 1920 3135 ἰρεῖ

263 3164 371 3208 τιςο
404 3147 602 3202 Καινὸν
630 3147 694 3202 16
719 3142 897 3220 ὄνομα
924 3151 1033 3204 τῶν
1086 3149 1445 3224 Χριστιανῶν,
1495 3150 1585 3205 γαὶ
1625 3149 1735 3225 πρὸ
1788 3146 1919 3206 τού-

262 3256 362 3292 του
402 3234 503 3291 ούκ
534 3235 905 3293 ἐπολιτεύετο.
942 3236 1053 3294 Καὶ
1086 3237 1156 3293 τὰ
1198 3238 1660 3313 καινοποιούμενα
1701 3235 1921 3294 πολλᾶ-

264 3344 353 3386 κις
376 3324 717 3400 ἀντιλέγεται
776 3322 865 3381 διὰ
891 3328 953 3381 τὸ
984 3327 1153 3400 ξένον.
1210 3326 1671 3403 Ποοησφαλίσατο
1700 3331 1861 3384 τοῦτο
1892 3329 1922 3384 6

263 3416 557 3492 προφήτης
588 3414 787 3491 λέγων’
838 3416 977 3478 Τοῖς
1037 3415 1093 3471 δὶ
1151 3414 1477 3473 δουλεύουσί
1538 3438 1630 3492 μοι
1687 3417 1918 3490 ἐπικλη-

264 3504 492 3573 θήσεται
541 3499 719 3576 ὄνομα
804 3504 1007 3573 καινὸν,
1066 3506 1096 3560 6
1154 3503 1587 3581 εύλογηθήσεται
1673 3505 1762 3562 ἐπὶ
1816 3513 1919 3577 τῆς

260 3595 386 3668 γῆς.
450 3593 817 3667 Ἐξετάσωμεν
894 3594 1022 3657 τοὺς
1104 3594 1421 3660 Ἰουδαίους”
1494 3594 1789 3652 Δουλεύετε
1838 3599 1921 3665 τῷ

262 3682 453 3753 Κυρίῳ
481 3680 517 3750 ἢ
560 3678 661 3750 cii;
696 3678 899 3752 δείξατε
953 3680 1045 3737 οὖν
1094 3684 1159 3738 τὸ
1203 3678 1379 3757 ὄνομα
1433 3684 1584 3757 ὑμῶν
1615 3685 1678 3741 τὸ
1706 3703 1918 3741 καινον·

263 3767 523 3826 Ἰουδαῖοι
554 3769 657 3844 γὰρ
686 3770 777 3824 καὶ
820 3769 1157 3845 Ἰσραηλῖται
1222 3772 1311 3828 ἐπὶ
1372 3773 1614 3838 Μωσέως
1669 3774 1760 3830 καὶ
1810 3778 1919 3829 τῶν

267 3856 456 3913 ἄλλων
489 3863 783 3935 πρεφητῶν
816 3858 1120 3933 ἐκαλεῖσθε,
1166 3861 1258 3917 καὶ
1312 3862 1448 3936 μετὰ
1491 3864 1592 3932 τὴν
1641 3862 1701 3919 ἐκ
1745 3858 1921 3918 Βαϐυ-

266 3947 449 4010 λῶνος
479 3946 761 4020 ἐπάνοδον,
784 3948 903 4019 ἕκαὶ
937 3950 1101 4025 μέχρι
1158 3955 1260 4005 τυῦ
1315 3951 1606 4025 παρόντος·
1664 3956 1773 4007 ποῦ
1830 3952 1920 4007 οὗν

259 4038 324 4091 16
356 4033 537 4110 ὄνομα
561 4038 624 4092 τὸ
654 4038 835 4093 καινόν
867 4057 881 4105 ;
922 4038 1115 4112 Ἡμεῖς
1144 4037 1221 4112 δὲ,
1255 4038 1445 4110 ἐπειδὴ
1479 4038 1812 4115 δουλεύομεν
1840 4045 1924 4114 τῷ

262 4128 474 4201 Κυρίῳ,
508 4125 714 4203 ἔχομεν
745 4128 807 4182 τὸ
840 4124 1017 4200 ὄνομα
1043 4130 1107 4183 τὸ
1137 4131 1344 4185 καινόν’
1389 4131 1573 4186 καινόν
1636 4132 1754 4205 μὲν,
1795 4128 1923 4187 ἀλλ’

264 4214 446 4289 ὄνομα
501 4217 565 4272 τὸ
623 4216 830 4283 καινὸν,
891 4212 921 4270 6'
977 4216 1406 4293 εύλογηθήσεται
1489 4218 1578 4275 ἐπὶ
1633 4227 1736 4290 τῆς
1793 4226 1920 4295 γῆς.

264 4303 667 4382 Περιεδράξατο
712 4308 811 4375 τῆς
840 4304 1170 4380 οἶκουμένης
1222 4311 1383 4363 τοῦτο
1427 4309 1491 4363 τὸ
1532 4303 1725 4383 ὄνομα.
1777 4309 1923 4364 Ἰου-

263 4392 412 4451 δαῖοι
449 4396 543 4469 μὶν
574 4398 676 4470 γὰρ
712 4393 881 4471 μέχρι
929 4396 1117 4471 χώρας
1159 4397 1329 4466 τινὸς,
1384 4398 1699 4471 Χριστιανοὶ
1742 4395 1799 4453 δδ
1828 4399 1924 4473 μέ-

339 4565 363 4601 3
395 4565 569 4621 Hebr.
602 4582 681 4631 v1,
718 4567 803 4620 18.

906 4566 925 4601 ⁴
958 4567 1124 4622 Joan.
1159 4583 1277 4635 nx,
1308 4569 1395 4621 15.
1498 4566 1524 4601 ⁵
1552 4568 1697 4623 Duc.
1729 4585 1801 4636 ιν,
1833 4568 1924 4625 41.

265 4638 289 4673 9
322 4640 459 4694 Luc.
490 4654 567 4703 ιν,
597 4640 688 4693 41.
769 4637 812 4673 ¹⁰
842 4636 969 4693 Vid.
998 4638 1142 4694 hom.
1176 4640 1235 4693 in
1263 4639 1513 4709 Paralyt.
1546 4655 1604 4696 η.
1638 4642 1690 4709 5,
1719 4647 1772 4696 et
1802 4646 1912 4697 cat.

2030 4642 2249 4703 .n.14.

264 4727 396 4782 va,
434 4711 521 4777 15,
554 4710 640 4766 16.

2019 1986 2277 2055 additur,
2300 2009 2329 2039 ι(
2353 1987 2497 2059 quia
2516 1992 2805 2045 noverant
2824 1987 3023 2060 ipsum
3045 2004 3176 2044 esse
3188 1987 3486 2043 Christum
3509 1987 3549 2040 ⁸.
3576 1986 3621 2023 1⁸
3644 2008 3673 2037 η

2023 2076 2331 2149 Principes
2352 2077 2727 2134 sacerdotum
2759 2078 3126 2149 ignoravere,
3159 2081 3219 2133 et
3248 2076 3504 2133 confessi
3535 2082 3676 2132 sunt

2021 2166 2347 2223 dmmones.
2372 2167 2683 2239 Principes
2705 2167 3084 2224 sacerdotum
3108 2166 3553 2239 ignorabant,et
3572 2166 3677 2221 Sa-

2019 2257 2317 2313 maritana
2346 2255 2565 2313 mulier
2591 2254 2970 2329 praedicabat,
3003 2256 3209 2312 dicens
3241 2271 3255 2311 :
3288 2277 3316 2306 ‹‹
3340 2254 3569 2324 Venite,
3590 2255 3676 2309 vi-

2020 2367 2051 2397 ‹‹
2084 2345 2220 2402 dote
2250 2345 2559 2402 hominem
2588 2345 2692 2417 qui
2723 2345 2874 2400 dixit
2895 2344 3045 2401 mihi
3066 2344 3272 2401 omnia
3300 2360 3674 2416 quiscunque

2019 2433 2156 2491 feci.
2190 2437 2397 2491 Nonne
2435 2435 2533 2490 hic
2562 2439 2654 2490 est
2680 2434 2949 2490 Christus
2975 2436 3020 2472 ίί
3054 2456 3084 2486 ››
3105 2434 3134 2490 ?

2094 2525 2239 2581 XVI.
2274 2524 2379 2580 Hic
2403 2525 2572 2581 Jesus
2601 2524 2867 2580 Christus
2897 2527 2987 2580 est
3016 2524 3118 2596 qui
3140 2522 3381 2580 advenit
3407 2520 3676 2594 pontifex

2021 2613 2359 2669 futurorum
2388 2613 2682 2670 bonorum
2714 2615 2780 2681 1³,
2813 2614 2916 2685 qui
2972 2617 3217 2685 propter
3263 2612 3502 2668 deitatis
3551 2628 3673 2667 suae

2024 2703 2521 2765 muniﬁcentiam.
2552 2703 2866 2759 nobiscum
2896 2703 3174 2759 omnibus
3203 2718 3373 2758 suam
3408 2701 3672 2773 appella-

2026 2794 2251 2850 tionem
2281 2792 2759 2849 communicavit.
2793 2794 2978 2866 Reges
3027 2792 3302 2847 homines
3348 2808 3470 2846 non
3519 2807 3679 2845 com-

2027 2884 2392 2939 municatam
2417 2882 2646 2938 caateris
2678 2882 2902 2938 habent
2929 2882 3105 2954 regias
3136 2881 3443 2953 dignitatis
3474 2880 3681 2952 appel-

2027 2975 2337 3031 lationem.
2362 2976 2532 3030 Jesus
2562 2991 2697 3029 vero
2723 2974 2991 3029 Christus
3015 2973 3115 3029 Dei
3159 2973 3343 3028 Filius
3395 2988 3530 3028 cum
3580 2973 3676 3040 sit,

2027 3063 2499 3119 Christianorum
2524 3079 2634 3117 nos
2669 3061 2958 3134 appellari
2985 3061 3259 3134 dignatus
3290 3065 3381 3116 est
3408 3060 3677 3116 nomine.

2028 3152 2266 3218 Verum,
2298 3150 2535 3223 inquiet
2557 3149 2796 3220 aliquis,
2834 3166 3051 3205 novum
3073 3154 3181 3217 est,
3206 3150 3679 3205 Christianorum

2030 3255 2271 3310 nomen,
2304 3243 2365 3295 et
2383 3242 2521 3295 ante
2550 3238 2676 3295 huic
2707 3237 3070 3294 inauditum:
3095 3238 3260 3293 novis
3280 3243 3479 3293 autem
3500 3237 3681 3291 rebus

2033 3344 2191 3399 saape
2215 3326 2666 3400 propteripsam
2688 3327 3011 3382 novitatem
3041 3325 3487 3382 contradicitur.
3520 3327 3682 3381 Pras-

2028 3418 2332 3489 occupavit
2364 3417 2477 3472 hoc
2520 3416 2811 3489 propheta
2861 3415 3178 3487 inquiens:
3217 3436 3245 3467 ‹‹
3268 3415 3677 3471 Servientibus

2029 3527 2058 3558 κ
2090 3505 2238 3562 mihi
2264 3506 2605 3577 imponetur
2623 3520 2843 3560 nomen
2866 3521 3105 3573 novum,
3120 3505 3279 3576 quod
3294 3504 3683 3560 benedicetur

2030 3619 2058 3648 »
2088 3613 2267 3669 super
2286 3601 2508 3651 terram
2531 3593 2578 3630 ¹³
2602 3616 2651 3648 η.
2675 3595 3020 3660 Quaaramus
3051 3608 3121 3647 ex
3149 3592 3366 3648 Judmis
3392 3610 3405 3647 :
3439 3592 3680 3647 Servitis

2030 3687 2302 3754 Domino,
2334 3699 2523 3740 necne
2544 3684 2572 3739 ?
2602 3684 2897 3739 ostendite
2923 3683 3103 3755 igitur
3118 3683 3262 3737 mihi
3288 3699 3511 3737 nomen
3552 3698 3682 3737 ves-

2031 3781 2188 3832 trum
2219 3790 2456 3830 novum.
2488 3773 2673 3829 Judaei
2721 3773 2884 3828 enim
2914 3776 2973 3828 et
3000 3770 3282 3826 Israelitaa
3312 3771 3682 3826 vocabamini

2033 3873 2159 3923 tum
2180 3866 2394 3939 Moysis
2417 3871 2476 3921 et
2498 3865 2751 3921 aliorum
2769 3864 3194 3936 prophetarum
3216 3863 3365 3919 I45
3394 3867 3681 3933 tempore,

2032 3960 2158 4011 tum
2183 3960 2318 4027 post
2335 3952 2593 4009 reditum
2616 3970 2647 4007 e
2671 3952 2991 4025 Babylone,
3007 3956 3067 4006 et
3084 3950 3157 4006 ad
3176 3950 3303 4005 haec
3322 3966 3511 4021 usque
3534 3955 3684 4004 tem-

2031 4060 2208 4117 pora:
2242 4043 2488 4099 ubinam
2518 4042 2698 4115 igitur
2726 4058 2945 4097 novum
3001 4055 3221 4096 nomen
3242 4039 3270 4095 ?
3298 4041 3413 4095 Nos
3462 4043 3681 4107 autem,

2033 4131 2522 4205 quandoquidem
2547 4132 2793 4186 Domino
2817 4130 3129 4198 servimus,
3155 4145 3374 4185 novum
3396 4127 3683 4184 habemus

2032 4237 2316 4277 nomen:
2377 4237 2578 4277 nouum
2626 4219 2775 4274 illud
2861 4218 3144 4291 quidem;
3202 4234 3420 4274 novum
3480 4222 3681 4272 tamen

2034 4326 2277 4378 nomen,
2311 4331 2340 4361 «
2371 4309 2530 4381 quod
2560 4307 2948 4365 benedicetur
2977 4324 3156 4380 super
3211 4314 3468 4363 terram:
3503 4327 3532 4357 »
3564 4311 3685 4360 ter-

2034 4416 2163 4457 ram
2184 4400 2526 4456 universam
2557 4398 2847 4470 corripuit
2875 4398 2988 4454 hoc
3009 4413 3250 4453 nomen.
3280 4395 3466 4452 Judaei
3497 4395 3684 4467 siqui-

2673 4567 2695 4602 ’⁸
2726 4567 2777 4622 ΙΙ
2800 4567 2930 4623 Cor.
2961 4583 3033 4632 ιν,
3066 4569 3118 4620 7.
3221 4566 3243 4600 ⁸
3274 4566 3453 4619 Amos
3485 4580 3559 4631 ιν,
3596 4565 3681 4618 13.

2931 4637 2978 4674 ¹²
3008 4636 3153 4693 Heb.
3188 4654 3263 4704 ix,
3298 4636 3384 4690 11.
3490 4636 3536 4670 ¹³
3569 4637 3682 4691 Isa.

2020 4568 2044 4603 ⁸
2072 4568 2230 4626 Psal.
2263 4584 2451 4635 cmi,
2486 4571 2572 4623 17.

2356 4644 2400 4678 ιι
2430 4642 2594 4697 Joan.
2629 4656 2647 4695 1
2699 4642 2824 4710 ,29.

342 4890 420 4959 (1)
447 4890 793 5014 Σαμαρεῖτις.
845 4887 935 4943 Ita
965 4887 1316 4971 scripsimus
1362 4905 1432 4945 ex
1461 4905 1629 4946 sacro
1647 4894 1840 4973 'tei'ttu,
1873 4892 1933 4972 et
1959 4890 2005 4957 Ι)
2039 4895 2258 4947 tantur.
2313 4890 2446 4973 Alia
2474 4906 2611 4945 vero
2656 4886 3051 4971 intertretatio
3104 4885 3176 4940 de
3235 4901 3416 4942 carne
3466 4886 3682 4942 Christi

342 4962 598 5014 »stulanti
644 4976 715 5014 us
746 4965 1147 5014 grammaticas
1170 4960 1694 5014 lembusnuamvis
1722 4979 1781 5014 in
1806 4960 1928 5014 edi-
2039 4978 2378 5014 communis
2400 4967 2490 5014 est
2517 4960 2675 5014 apud
2707 4962 3080 5014 interpretes.
3106 4956 3367 5012 Habetur
3385 4959 3542 5014 apud
3567 4961 3682 5014 Eu-

272 4960 598 5034 postulanti

274 5032 347 5088 tis
379 5040 440 5088 et
472 5049 611 5087 mss.
646 5032 958 5093 habeatur,
993 5032 1361 5104 Σαμαρείτης.
1399 5032 1510 5087 Sed
1539 5033 1713 5089 facile
1745 5033 1927 5089 libra-

273 5106 342 5160 rii
375 5126 389 5157 t
433 5106 493 5158 in
529 5124 561 5171 η
599 5108 968 5158 commutant
997 5120 1067 5157 ex
1098 5106 1228 5159 soni
1260 5105 1495 5159 vicinia.

340 5181 413 5233 t2)
445 5176 557 5230 Alii
595 5175 816 5248 quidem
867 5175 1165 5248 lucernam,
1209 5181 1319 5248 etc.
1352 5175 1756 5248 Lucernamde
1788 5194 1927 5248 pro-

264 5248 471 5320 phetia
492 5247 836 5320 intelligunt
857 5246 1031 5300 multi
1053 5262 1121 5300 ex
1143 5247 1454 5314 Patribus;
1489 5247 1549 5302 in
1581 5246 1928 5319 primis—Eu-

267 5319 490 5383 sebius,
529 5319 628 5374 lib.
662 5335 715 5391 1v
750 5321 1021 5373 Demonst.
1057 5334 1274 5388 evang.,
1311 5336 1440 5390 cap.
1477 5321 1565 5385 16,
1597 5335 1727 5391 pag.
1768 5322 1923 5391 7487:

266 5393 476 5455 Hilam,
501 5393 559 5444 in
587 5390 787 5460 psalm.
823 5405 1009 5447 cxxxx.
1043 5405 1102 5444 n.
1136 5392 1226 5457 28,
1259 5391 1360 5460 qui
1386 5396 1584 5445 tamen
1618 5390 1926 5461 speciatim

263 5465 557 5518 Joannem
582 5462 905 5533 Baptistam
931 5477 965 5516 a
984 5460 1215 5517 Christo
1239 5461 1545 5517 lucernam
1560 5460 1928 5533 appellatum

264 5542 491 5597 monet,
525 5550 742 5605 nempe
773 5533 947 5605 Joan.
973 5548 1031 5599 v,
1063 5535 1130 5586 36
1170 5533 1928 5605 QuapropterrAthanasius

266 5607 328 5661 in
360 5608 522 5661 hunc
562 5604 888 5676 psalmum.
922 5604 1092 5675 Greg.
1114 5604 1414 5676 Nyssenus
1434 5605 1497 5659 in
1521 5604 1710 5660 altera
1730 5604 1933 5661 lauda-

269 5680 433 5734 tione
464 5679 519 5733 S.
556 5676 950 5750 Stephani,_p.
987 5676 1112 5743 328,
1154 5676 1335 5750 apud
1361 5677 1642 5750 Zacagn.,
1685 5682 1822 5747 etc.,
1855 5676 1928 5733 de

270 5752 501 5807 Joanne
533 5746 797 5821 Baptista
824 5746 1143 5820 plusquam
1172 5746 1462 5821 propheta
1492 5746 1605 5806 Hoc
1631 5746 1933 5823 interpre-

554 5865 818 5927 Paraon.
864 5865 960 5924 Gn
975 5905 992 5923 .
1033 5863 1320 5928 XXXIII.

644 4960 1147 5033 usigrammaticaa
1170 4960 1694 5033 legibus.quamvis
1722 4963 1781 5017 in
1806 4960 1928 5016 edi-

2039 4963 2378 5017 communis
2400 4958 2490 5017 est
2517 4960 2675 5033 apud
2707 4960 3080 5030 interpretes.
3106 4956 3367 5033 [labetur
3385 4959 3542 5029 apud
3567 4961 3683 5014 Eu-

2042 5034 2189 5103 seb.,
2222 5034 2321 5088 lib.
2360 5050 2413 5088 1v
2440 5029 2612 5099 Ueni,
2634 5048 2762 5102 cap.
2790 5029 2881 5096 {6,
2909 5046 3037 5100 pag.
3076 5029 3283 5103 188,_et
3302 5029 3404 5084 lib.
3429 5047 3526 5096 vn,
3552 5048 3679 5102 cap.

2038 5109 2090 5166 2,
2128 5101 2183 5176 ρ.
2217 5107 2355 5171 348ς
2390 5105 2556 5176 Greg.
2598 5101 2752 5176 Nai.
2784 5102 3055 5176 σεεμ-42,
3088 5117 3145 5155 ιι.
3168 5101 3496 5176 Α62,-ρ.-694
3522 5101 3674 5176 gau-

2036 5172 2263 5232 ctorem
2296 5172 2680 5246 Paraphrasis
2727 5175 2782 5227 in
2817 5172 3059 5246 Psalmos
3089 5188 3123 5227 a
3151 5172 3426 5246 Corderio
3467 5174 3680 5242 edita};

2034 5243 2467 5303 Theodoretum
2490 5246 2550 5300 in
2573 5245 2753 5316 hujus
2774 5243 2987 5316 psalmi
3010 5245 3438 5299 commentario
3460 5262 3474 5309 ;
3496 5246 3679 5300 Chro-

2036 5319 2285 5375 matium
2309 5317 2774 5388 Aquileiensem,
2807 5316 3093 5371 concione
3110 5320 3129 5369 1
3146 5358 3160 5382 ,
3184 5338 3210 5365 ‹‹
3252 5319 3327 5370 he
3348 5322 3479 5371 octo
3498 5316 3683 5372 beati-

2036 5390 2141 5446 tud
2171 5432 2186 5457 ,
2210 5391 2333 5445 Bib.
2366 5392 2474 5445 PP.
2504 5388 2707 5461 Lugd.,
2744 5410 2771 5437 »
2800 5392 2943 5442 tom.
2979 5388 3042 5452 V,
3074 5403 3204 5459 pag.
3237 5389 3371 5461 980;
3404 5404 3522 5461 quo
3554 5390 3683 5443 loco

2036 5463 2225 5518 multa
2241 5462 2312 5517 de
2337 5477 2405 5516 ea
2425 5478 2488 5515 re
2521 5459 2817 5516 dissertat.
2843 5461 3064 5514 Revera
3094 5459 3475 5530 prOpheticus
3507 5459 3685 5527 huius

2037 5535 2151 5589 loci
2177 5550 2389 5589 sensus
2415 5538 2505 5587 est
2519 5532 2589 5587 de
2614 5531 2846 5587 Davidis
2866 5531 3187 5597 semine,ac
3214 5531 3589 5602 potissimum
3613 5530 3685 5583 de

2037 5606 2290 5669 Christo,
2323 5605 2421 5677 qui
2455 5603 2689 5659 Davidis
2719 5602 2898 5669 filius,
2931 5604 3060 5677 ejus
3091 5600 3248 5677 sedis
3279 5618 3347 5657 ac
3377 5600 3542 5672 regni
3586 5616 3682 5654 su-

2036 5677 2300 5735 blimiori
2330 5672 2511 5734 sensu
2540 5680 2908 5733 restaurator
2940 5672 2977 5732 εἰ
3003 5675 3123 5731 Deo
3153 5672 3326 5728 datus
3357 5678 3467 5727 est.

3321 5857 3401 5914 23
