4124 6260
440 329 558 391 θ83

1491 333 1557 393 S.
1603 328 1921 393 CYIIILLI
1965 326 2378 391 HIEROSOL.
2424 329 2788 391 ARCHIEP.

3740 335 3860 396 684

443 463 578 518 dem
609 462 787 518 unius
807 462 1067 536 regionis
1090 463 1309 520 finibus
1331 463 1746 520 determinati:
1772 463 2075 518 Christian

2208 477 2305 535 χρι
2336 459 2579 530 περάτων
2609 464 2707 525 τῆς
2740 458 3088 533 οἰκουμένης·
3118 461 3181 517 τὸ
3222 460 3326 536 γὰρ
3373 467 3471 518 τοῦ
3525 472 3854 541 μονογενοῦς

441 568 576 624 vero
606 551 681 607 ad
712 552 861 607 ﬁnes
894 557 1065 608 terrae
1095 554 1429 626 prOpagati:
1465 552 1625 624 quod
1665 554 1824 609 enim
1852 569 2089 608 annun-

445 642 645 708 tiatur,
678 642 968 714 nnigeniti
1000 642 1133 697 Filii
1167 643 1266 696 Dei
1300 647 1390 697 est
1419 659 1660 698 nomen.

448 802 453 803 ί
513 733 682 787 XVII.
718 733 814 786 Vis
846 738 1045 787 autem
1071 748 1451 805 cognoscere.
1508 731 1811 803 apostolos
1858 732 2091 787 novisse

443 821 658 876 Christi
686 821 1112 892 etprzndicasse
1134 839 1382 886 nomen;
1412 822 1531 877 imo
1565 822 1762 894 potius
1792 822 2089 876 Christum

441 911 637 982 ipsum
664 911 726 965 in
758 911 1093 982 semetipsis
1126 911 1405 967 habuisse
1426 916 1454 966 ?
1478 911 1697 966 Paulus
1716 910 2091 966 auditoribus

439 1000 562 1055 suis
595 1001 714 1056 ait:
749 1023 775 1050 «
810 1004 899 1055 An
930 1001 1400 1071 experimentum
1426 1001 1692 1071 quaeritis
1722 1002 1871 1072 ejus,
1905 1000 2005 1071 qui
2029 1000 2090 1055 in

439 1112 466 1139 «
502 1106 597 1145 me
623 1089 910 1161 loquitur,
944 1091 1157 1146 Christi
1182 1090 1228 1125 ει
1257 1091 1284 1146 ?
1316 1113 1343 1140 »
1374 1092 1591 1146 Paulus
1630 1091 1929 1145 Christum
1983 1107 2091 1145 an-

438 1178 694 1246 nuntiat,
729 1178 935 1234 dicens
961 1196 972 1232 :
1007 1201 1033 1228 «
1055 1181 1180 1233 Non
1204 1178 1363 1234 enim
1388 1179 1786 1249 nosmetipsos
1809 1176 2089 1249 praedica-

438 1289 465 1316 «
496 1284 651 1335 mus,
686 1268 789 1323 sed
820 1268 1119 1323 Christum
1140 1268 1338 1323 Jesum
1363 1267 1681 1323 Dominum
1713 1284 1860 1321 :nos
1891 1272 2091 1322 autem

2200 549 2327 637 ξ’ἱοῦ
2355 551 2454 605 τοῦ
2484 553 2617 604 Θεοῦ
2648 547 3072 626 καταγγέλλεται
3095 554 3171 624 (1)
3200 552 3400 626 ὄνομα.

2272 726 2369 782 lZ'.
2431 724 2617 788 Θέλεις
2677 724 2735 780 δὲ
2791 731 3011 801 γνῶναι,
3067 729 3152 783 ὃτι
3207 734 3304 785 τοῦ
3380 732 3619 805 Χριστοῦ
3678 728 3857 806 ὄνομα

2199 812 2418 890 ᾔδεισαν
2481 816 2531 868 οἱ
2585 816 2885 872 ἀπόστολοι
2970 819 3060 874 καὶ
3145 819 3427 894 ἐκήρυξαν,
3518 820 3732 894 μᾶλλον
3797 822 3855 880 δὲ

2198 905 2288 958 καὶ
2321 905 2552 979 Χριστὸν
2587 905 2746 960 αὐτὸν
2807 907 2957 981 εἶχον
3017 907 3068 961 ἐν
3129 909 3379 980 έαυτοῖς;
3444 910 3658 974 Παῦλός
3718 934 3851 991 φησι

2198 993 2335 1058 πρὸς
2363 992 2491 1056 τοῦς
2520 994 2816 1058 ἀκούοντας
2987 998 3058 1053 ’Ἢ
3117 995 3353 1072 δοκιμὴν
3410 1005 3623 1071 ζησεῖτε
3668 1006 3765 1057 τοῦ
3796 1004 3850 1059 έν

2196 1079 2322 1155 ἐμοὶ
2356 1080 2653 1146 λαλοῦντος
2714 1090 2999 1158 Χριστοῦ;
3061 1085 3280 1150 Παῦλος
3336 1090 3703 1165 καταγγέλλει
3760 1094 3851 1147 τὸν

2199 1171 2454 1244 Χριστὸν,
2540 1171 2739 1248 λέγων·
2827 1176 2907 1231 Οὑ
2988 1176 3092 1250 γὰρ
3177 1176 3398 1240 ἑαυτοὺς
3478 1179 3848 1254 κηρύσσομεν,

2199 1256 2344 1314 ἀλλὰ
2388 1262 2618 1333 Χριστὸν
2677 1264 2889 1332 Ἰησοῦν
2940 1264 3160 1339 Κύριον,
3221 1266 3444 1330 ἑαυτοὺς
3502 1266 3560 1323 δὲ
3617 1268 3852 1335 δούλους

441 1350 466 1406 ἐι
492 1373 690 1413 servos
711 1364 935 1414 vestros
954 1358 1231 1430 propterJ
1240 1374 1408 1413 esum
1432 1357 1477 1390 ‘5
1493 1357 1811 1422 ».Quinam
1833 1373 1969 1412 vero
1993 1356 2075 1411 i111

2200 1348 2351 1421 ὑμῶν
2388 1346 2741 1421 διὰῚησοῦν.
2802 1353 2901 1415 Τίς
2960 1355 3062 1428 ἄρα
3120 1354 3312 1425 οὗτος;
3374 1358 3401 1411 ὁ
3456 1359 3518 1412 τὸ
3576 1360 3845 1433 πρότερον

439 1438 645 1502 est?is
676 1448 777 1518 qui
809 1452 983 1503 antea
1015 1447 1506 1519 persequebatur.
1540 1448 1582 1503 Ο
1609 1446 1966 1503 miraculum
1997 1446 2075 1500 in-

2200 1434 2416 1510 διώξας.
2474 1440 2539 1493 ’Ὠ
2601 1437 2842 1514 μεγάλου
2898 1440 3211 1514 θαύματοςί
3249 1444 3276 1498 ὁ
3307 1444 3572 1521 πρότερον
3625 1444 3846 1520 διώξας,

436 1553 581 1609 gens
611 1538 623 1590 Ξ
653 1539 760 1603 Qui
792 1539 957 1609 prius
984 1544 1329 1609 persecutor
1359 1538 1605 1605 exstitit,
1636 1538 1762 1610 ipse
1792 1537 2075 1593 Christum

2198 1526 2358 1592 αὐτὸς
2388 1530 2616 1605 Χριστὸν
2663 1532 3044 1609 καταγγέλλει.
3108 1536 3205 1589 Διὰ
3258 1535 3347 1603 τίς
3407 1539 3689 1612 χρήμασιν
3746 1541 3847 1613 ἆρα

436 1626 772 1681 annuntiat.
788 1628 860 1681 Et
880 1644 1060 1698 quam
1083 1627 1156 1684 ob
1174 1644 1416 1683 causam
1433 1627 1460 1682 ‘I
1480 1644 1556 1683 an
1577 1627 1835 1698 pecunia
1854 1642 2093 1698 persua-

437 1732 537 1770 sus
557 1716 584 1770 ?
606 1722 666 1771 at
682 1716 884 1773 nullus
906 1722 1034 1772 erat
1054 1718 1149 1789 qai
1181 1734 1319 1772 eum
1349 1717 1459 1773 hoc
1481 1716 1655 1773 modo
1678 1715 2089 1787 pelliceret;an

2197 1617 2472 1687 πεισθείς,
2506 1617 2633 1675 ἀλλ’
2664 1618 2844 1683 οὐδεὶς
2875 1624 2939 1691 ἧν
2973 1623 3001 1676 ὁ
3033 1622 3238 1688 πείθων
3284 1624 3480 1688 οὕτως.
3534 1627 3693 1684 Ἀλλ’
3742 1631 3844 1702 ἆρα

2203 1704 2419 1780 βλέπων
2452 1707 2612 1763 αὐτὸν
2642 1711 2903 1784 παρόντα,
2961 1712 3050 1767 καὶ
3113 1710 3535 1787 δυσωπούμενος
3567 1735 3580 1784 ;
3631 1715 3741 1788 ἤδη
3774 1718 3840 1787 ἦν

435 1808 575 1876 quia
595 1814 954 1878 praesentem
979 1808 1064 1879 [in
1090 1808 1285 1879 terris]
1309 1807 1892 1876 videret,reverentia
1914 1811 1972 1861 et
1985 1822 2075 1878 pu~

2196 1794 2531 1867 ἀναληφθεὶς
2559 1798 2635 1861 εἷς
2666 1799 2914 1877 οὐρανόν.
2951 1801 3206 1873 Ἐξῆλθεν
3240 1804 3327 1859 ἐπὶ
3366 1805 3428 1859 τὸ
3478 1803 3719 1877 δῖώκειν,
3751 1808 3841 1863 καὶ

433 1890 573 1946 dore
595 1893 1048 1964 permovebatur
1063 1893 1090 1948 ?
1100 1894 1228 1965 jam
1252 1892 1446 1949 fuerat
1468 1893 1529 1948 in
1551 1892 1764 1947 caelum
1786 1897 2082 1964 receptus.

432 1983 714 2054 Egressus
747 1989 838 2038 est
866 1984 940 2039 ad
969 1982 1491 2054 persequendum;
1522 1987 1582 2036 et
1636 1987 1770 2053 post
1818 1981 2083 2037 triduum

430 2068 702 2124 Damasci
733 2086 924 2140 praeco
959 2074 1068 2137 est,
1104 2070 1205 2141 qui
1238 2074 1375 2124 ante
1416 2073 1782 2139 persecutor.
1811 2069 1937 2133 Qua
1964 2068 2083 2123 vir—

432 2160 553 2213 tute
581 2157 663 2212 “?
694 2159 809 2213 Alii
841 2158 1200 2214 domesticos
1225 2176 1331 2230 pro
1361 2157 1756 2213 familiaribus
1778 2158 1964 2212 citant
1994 2162 2079 2212 te-

432 2251 550 2301 stes
575 2264 589 2313 ;
612 2264 714 2319 ego
748 2247 854 2302 tibi
887 2254 1099 2303 testem
1130 2248 1382 2319 produxi
1416 2248 1518 2318 qui
1550 2246 1716 2318 prius
1747 2246 1936 2302 hostis
1982 2262 2081 2301 ex-

431 2334 652 2405 titerat,
686 2341 743 2390 et
772 2337 965 2391 adhuc
995 2336 1235 2391 dubitas
1262 2337 1289 2391 ?
1318 2338 1523 2409 Magna
1552 2323 1793 2406 quidem
1826 2334 1982 2390 Petri
2013 2351 2082 2389 ac

428 2425 673 2479 Joannis
706 2425 1064 2488 testiﬁcatio,
1099 2442 1299 2481 verum
1339 2432 1616 2497 suspecta
1642 2422 2079 2494 quodammodo

430 2513 614 2568 videri
646 2519 867 2583 queat:
895 2512 1221 2568 familiares
1253 2514 1415 2569 enim
1447 2513 1708 2585 [Christi]
1734 2512 2080 2566 erant.Cum

2197 1884 2332 1957 μετᾶ
2359 1892 2505 1961 τρεῖς
2554 1889 2764 1962 ἡμέρας
2825 1890 2878 1945 ἐν
2938 1897 3211 1965 Δαμασκῷ
3261 1894 3431 1965 κῆρυξ
3493 1897 3520 1951 ὁ
3579 1893 3838 1967 διώκτης·

2193 1975 2327 2045 ποίᾳ
2358 1971 2582 2050 δυνάμει
2609 1996 2623 2047 ;
2654 1976 2859 2034 ’Ἄλλοι
2897 1980 2991 2053 μὲν
3026 1982 3116 2036 οὗν
3153 1981 3388 2046 οἷ’κείους
3430 1984 3562 2059 ὑπὶρ
3622 1986 3838 2042 οἰκείων

2189 2063 2422 2119 καλοῦσι
2455 2067 2751 2141 μάρτυρας·
2787 2067 2896 2143 ἐγὼ
2928 2067 2985 2125 δέ
3015 2092 3099 2126 σοι
3137 2072 3382 2147 μάρτυρα
3432 2074 3523 2129 τὸν
3576 2075 3838 2151 πρότερον

2191 2151 2388 2229 ἐχθρὸν
2448 2156 2781 2232 παρέστησα·
2842 2155 2919 2213 ἔτι
2979 2155 3390 2239 ἀμφιϐάλλειςς
3449 2162 3675 2239 Μεγάλη
3744 2166 3835 2238 μὲν

2187 2243 2289 2318 γὰρ
2314 2248 2385 2316 (3)
2421 2244 2624 2321 Πέτρου
2654 2249 2744 2301 καὶ
2776 2249 3027 2304 Ἰωάννου
3079 2251 3368 2326 μαρτυρία·
3425 2252 3549 2309 ἀλλ’
3600 2253 3841 2318 ὕποπτός

2188 2352 2274 2393 τις
2305 2335 2395 2402 ἦν·
2426 2334 2631 2391 πίκεῒοι
2661 2339 2761 2413 γὰρ
2817 2341 2974 2407 ἦσαν.
3033 2345 3141 2395 Τοῦ
3201 2338 3258 2396 δὲ
3304 2344 3567 2415 πρότερον
3613 2344 3839 2419 ἐχθροῦ,

2189 2419 2409 2497 ὕστερον
2447 2420 2505 2479 δὲ
2564 2426 3162 2503 ὑπεραποθνήσκοντος,
3221 2429 3301 2493 τίς
3359 2429 3437 2487 ἔτι
3494 2429 3836 2509 ἀμφιϐάλλοι

2188 2511 2324 2583 πρὸς
2353 2514 2452 2582 τὴν
2485 2513 2783 2585 ἀλήθειαν;

426 2619 565 2657 vero
598 2603 648 2657 is
677 2603 779 2673 qui
806 2603 972 2673 prius
1005 2602 1282 2658 inimicus
1309 2608 1454 2672 erat,
1488 2619 1593 2675 pro
1625 2600 1833 2657 eadem
1864 2618 2043 2657 causa
2068 2607 2275 2673 postea
2302 2611 2555 2662 mortem
2586 2608 2834 2682 oppetit,
2865 2610 3001 2680 quis
3024 2610 3221 2667 adhuc
3274 2619 3545 2685 superest
3576 2615 3647 2669 de
3677 2616 3836 2670 veri-

433 2696 551 2745 tate
583 2690 891 2746 dubitandi
920 2690 1084 2746 locus
1110 2691 1137 2744 ‘I

498 2779 689 2835 XVIII.
724 2781 790 2834 In
821 2780 913 2834 his
943 2779 1085 2836 dum
1117 2786 1382 2835 versatur
1434 2780 1643 2846 oratio,
1689 2778 1897 2834 mirari
1948 2794 2075 2833 me-

426 2869 538 2924 rito
574 2869 732 2924 subit
753 2870 1017 2941 prudens
1039 2870 1226 2924 sancti
1260 2869 1511 2940 Spiritus
1543 2868 1890 2923 consilium:
1924 2884 2070 2938 quo-

2256 2783 2363 2839 IH‘.
2428 2783 2685 2848 Ἐνταῦθα
2741 2787 3036 2861 γενόμενος
3087 2792 3184 2843 τοῦ
3249 2788 3437 2863 λόγου,
3519 2789 3837 2863 τεθαύμακα

2183 2867 2404 2941 ἀληθῶς
2434 2873 2534 2939 τὴν
2580 2876 2677 2927 τοῦ
2735 2872 2893 2945 ἁγίου
2950 2873 3267 2947 Πνεύματος
3321 2875 3651 2948 οἰκονομίαν·
3712 2881 3831 2938 πῶς

428 2960 602 3015 modo
618 2966 966 3015 caeterorum
990 2960 1233 3030 quidem
1255 2959 1536 3031 epistolas
1552 2964 1801 3031 angusto
1822 2974 2071 3013 numero

2193 2959 2284 3021 τὰς
2316 2960 2410 3031 μὲν
2441 2965 2550 3015 τῶν
2584 2959 2771 3017 ἄλλων
2802 2961 3094 3026 ἐπιστολὰς
3124 2963 3199 3026 sic
3232 2963 3415 3039 ὀλίγον
3468 2964 3830 3037 περιέγραψεν

423 3049 712 3115 deﬁnivit,
744 3050 926 3105 Paulo
958 3066 1094 3104 vero
1124 3049 1289 3121 prius
1318 3048 1684 3120 persecutori
1710 3047 2074 3118 quatuorde—

425 3142 539 3195 cim
573 3140 830 3195 scribere
865 3140 1046 3195 dedit.
1081 3142 1209 3195 Non
1244 3140 1428 3206 enim,
1462 3140 1631 3210 quasi
1676 3140 1873 3194 minor
1920 3144 2078 3194 esset

424 3234 631 3287 Pctrus
655 3236 757 3286 aut
784 3231 1058 3297 Joannes,
1095 3232 1342 3303 gratiam
1374 3230 1436 3284 in
1477 3230 1563 3284 eis
1593 3230 1937 3285 restrinxit:
1974 3228 2077 3284 ab-

425 3320 533 3376 sitl
560 3321 663 3376 sed
684 3326 749 3375 ut
770 3320 1226 3375 indubitabilem
1257 3320 1539 3375 doctrina:
1572 3324 2078 3375 assereretaucto-

430 3411 689 3478 ritatem,
723 3410 777 3465 ei
811 3411 909 3482 qui
964 3410 1129 3481 prius
1171 3410 1359 3467 hostis
1412 3416 1469 3466 et
1513 3410 1836 3465 insectator
1886 3409 2080 3464 fuerat

427 3502 600 3573 plura
631 3500 890 3556 scribere
922 3500 1234 3565 concessit.
1266 3505 1330 3555 ut
1350 3517 1421 3555 ea
1440 3501 1671 3555 ratione
1702 3505 1923 3555 certam
1956 3516 2079 3554 om-

429 3608 537 3646 nes
570 3590 749 3646 ﬁdem
779 3591 1250 3660 conciperemus.
1285 3588 1612 3659 Stupebant
1632 3587 1928 3659 siquidem
1951 3604 2080 3642 om—

426 3697 533 3737 nes
556 3680 625 3735 de
653 3680 921 3747 Paulo,et
941 3678 1246 3734 dicebant:
1271 3701 1298 3728 ‹‹
1322 3681 1526 3733 Nonne
1552 3679 1647 3733 hic
1671 3683 1759 3732 est
1781 3678 1881 3748 qui
1913 3678 2077 3749 prius

430 3790 451 3817 ι
477 3769 946 3841 persequebatur
965 3769 992 3824 εἴ
1007 3785 1205 3823 nonne
1228 3768 1343 3822 huc
1362 3767 1611 3835 venit,ut
1628 3767 1839 3839 ligatos
1854 3784 1962 3821 nos
1984 3765 2081 3821 ab-

424 3883 445 3911 α
474 3862 717 3916 duceret
733 3861 793 3915 in
805 3859 1134 3915 Jerusalem
1152 3857 1196 3891 1⁷
1212 3857 1283 3912 ‘2»
1297 3860 1376 3912 Ne
1396 3857 2080 3928 miremini,inquitPau-

419 3950 512 4006 lus
536 3967 548 4005 :
566 3968 670 4024 ego
686 3949 994 4021 scio,quod
1007 3972 1034 4000 «
1052 3948 1269 4004 durum
1291 3955 1379 4004 est
1394 3970 1420 3997 »ι
1435 3949 1581 4003 mihi
1597 3970 1625 3998 «
1641 3954 1848 4003 contra
1865 3948 2078 4002 stimu-

417 4062 444 4090 «
474 4040 564 4096 los
586 4041 893 4096 calcitrare
917 4037 965 4071 ‘3
988 4061 1032 4094 ι.
1058 4037 1185 4093 Scio
1209 4038 1367 4108 quod
1392 4060 1418 4087 ‹‹
1443 4055 1564 4092 non
1587 4054 1717 4093 sum
1741 4037 1954 4109 dignus
1976 4055 2076 4092 vo-

421 4151 445 4184 c
475 4131 598 4186 cari
617 4128 920 4201 apostolus
934 4127 1217 4198 quoniam
1239 4132 1585 4198 persecutus
1600 4144 1729 4181 sum
1751 4125 2076 4181 Ecclesiam

422 4221 571 4276 «Dei
595 4219 771 4284 “,sed
794 4219 1075 4290 ignorans
1097 4215 1144 4250 ²ο
1166 4237 1217 4270 ››.
1242 4215 1665 4271 Existimabam
1685 4216 1844 4270 enim
1867 4215 2075 4287 praedi-

418 4310 715 4365 cationem
736 4306 975 4375 Christi,
990 4305 1136 4378 legis
1155 4306 1522 4361 eversionem
1550 4322 1678 4362 esse
1700 4304 2066 4360 :nesciebam

417 4416 553 4455 vero
578 4399 775 4469 ipsum
787 4395 1020 4451 venisse
1044 4394 1725 4466 adimplerelegem,non
1749 4394 2062 4462 solvere";

418 4509 446 4539 «
477 4484 988 4560 Superabundavit
1006 4487 1206 4539 autem
1229 4484 1418 4556 gratia
1438 4483 1541 4538 Dei
1571 4483 1633 4538 in
1664 4500 1758 4538 me
1793 4482 1839 4517 ³³
1868 4504 1919 4538 ››.

489 4638 534 4672 1⁸
562 4639 613 4692 II
642 4638 772 4695 Cor.
806 4653 922 4704 xm,
957 4637 1010 4691 3.
1114 4634 1159 4669 ¹⁵
1188 4636 1238 4690 II
1270 4636 1398 4690 Cor.
1452 4651 1526 4702 IV,
1573 4635 1628 4689 5.

418 4709 470 4747 ³ο
502 4711 528 4765 Ι
556 4710 702 4764 Tim.
735 4726 775 4777 ι,
811 4711 895 4762 13.
974 4705 1020 4741 ’ί
1052 4707 1252 4762 Matth.
1287 4723 1342 4776 ν,
1378 4710 1463 4761 17.
1541 4706 1589 4740 ²²
1618 4707 1643 4760 Ι
1670 4706 1817 4761 Tim.
1851 4722 1894 4773 ι,
1928 4708 2011 4760 14.

492 4863 569 4934 (1)
610 4856 1066 4934 Καταγγέλλεται.
1126 4859 1332 4928 Codd.,
1391 4860 1593 4930 Coisl.,
1652 4859 1868 4928 Ottob.,
1921 4861 2062 4928 Roe,

417 4930 885 5005 καταγγέλλομεν,
912 4934 1334 5005 μηηυηίίανηιιε.

492 4998 1107 5075 (2)’Τοὺςίάκούοννας.
1169 5005 1309 5058 Post
1364 5004 1520 5058 hanc
1569 5018 1765 5057 vocem
1825 5001 2066 5075 additur

416 5072 715 5132 Ἰουδαίους
748 5074 809 5125 in
841 5073 1015 5127 editis
1049 5080 1106 5127 et
1135 5076 1403 5129 versione
1438 5075 1727 5138 Grodecii,
1762 5073 1865 5127 sed
1896 5074 2066 5128 deest

416 5150 477 5204 id
516 5143 815 5201 nomenin
840 5144 1007 5197 codd.
1033 5145 1469 5211 C0isl.,0tt0b.,
1506 5149 1642 5210 Roe,
1678 5145 2067 5200 etCasaub.et

417 5216 1929 5288 Geiiov.Alloquebatui'PaulusCorinthios,quorum
1959 5217 2065 5270 Ec-

416 5291 597 5349 clesia
617 5287 934 5343 maximam
954 5294 1179 5356 partem
1201 5306 1268 5342 ex
1286 5289 1605 5357 gentilibus
1621 5288 1919 5343 conversis
1933 5304 2067 5342 con-

418 5364 629 5427 stabat,
652 5365 774 5414 Act.
812 5373 962 5429 xvni,
997 5360 1057 5429 67;
1094 5360 1113 5411 l
1147 5359 1277 5412 Cor.
1312 5378 1410 5426 xu,
1444 5364 1494 5413 2.
1526 5361 1707 5414 Paulo
1750 5365 1901 5429 post.
1938 5361 2065 5414 hmo

417 5436 593 5492 verba
637 5430 838 5504 λὲοξων·
873 5426 949 5482 0-5
978 5428 1101 5504 γάρ,
1135 5436 1244 5504 etc.
1279 5448 1466 5504 usque
1500 5433 1571 5487 ad
1605 5428 1693 5484 διὰ
1729 5426 1939 5504 ’Ῑησοῦν
1970 5430 2063 5485 in-

417 5509 564 5566 clus.
604 5500 1021 5560 desiderantur
1051 5500 1109 5555 in
1144 5500 1425 5557 Grodecio
1458 5509 1515 5556 et
1544 5504 1605 5558 in
1636 5503 1805 5558 codd.
1841 5505 1959 5557 Roe
2009 5508 2067 5557 et

415 5577 735 5637 Casaub.in
749 5573 966 5646 quibus
978 5571 1051 5627 ad
1067 5573 1394 5646 marginem
1408 5575 1639 5645 adjecta
1663 5580 1818 5629 sunt.
1840 5576 2063 5640 Quam-

415 5654 500 5710 vis
521 5667 645 5711 non
664 5645 1025 5720 magnopere
1055 5645 1240 5700 textui
1261 5647 1601 5703 necessaria
1622 5651 1782 5715 sunt,
1797 5646 2069 5717 suspicor

1732 4633 1778 4670 ιθ
1808 4636 1936 4691 Act.
1992 4650 2069 4705 ix,
2100 4637 2133 4689 9
2163 4650 2332 4704 seqq.

2193 3048 2444 3124 ὀριθμὸν,
2476 3049 2679 3123 Παύλῳ
2705 3048 2763 3106 δὲ
2810 3054 2884 3124 (4)
2922 3056 3002 3123 τῷ
3051 3054 3312 3127 πρότερον
3368 3050 3568 3127 διώκτῃ
3626 3052 3828 3127 γράψαι

2187 3135 2575 3214 δεκατέσσαρας
2605 3138 2893 3203 ἐπιστολὰς
2925 3140 3234 3216 ἐχαρίσατο.
3269 3139 3344 3197 Ού
3387 3140 3489 3215 γὰρ
3538 3140 3622 3195 ὅτι
3648 3140 3829 3209 ἥττων

2184 3229 2250 3297 ἦν
2284 3228 2485 3303 Πέτρος
2509 3226 2545 3298 ἥ
2580 3229 2856 3299 Ἰωάννης,
2886 3228 3104 3301 ἐνέκοψε
3158 3230 3253 3297 τὴν
3310 3230 3494 3305 χάριν·
3533 3232 3610 3302 μὴ
3647 3232 3836 3303 γένοι-

2184 3337 2246 3371 το
2281 3318 2293 3373 l
2326 3316 2455 3373 ἀλλ“
2489 3317 2621 3393 ὑπὲρ
2649 3322 2746 3373 τοῦ
2778 3313 3149 3392 ἀναμφίϐολον
3175 3319 3431 3387 εἶναιτὴν
3454 3315 3835 3390 διδασκαλίαν,

2183 3409 2264 3477 τῷ
2294 3405 2558 3482 πρότερον
2590 3402 2704 3461 ὄντι
2736 3405 2922 3482 ἐχθρῷ
2948 3406 3039 3461 καὶ
3069 3402 3277 3482 διώκτῃ
3309 3405 3502 3461 πλεῖον
3542 3406 3838 3482 ἐχαρίσατο

2186 3492 2435 3572 γράφειν,
2488 3493 2581 3550 ἵνα
2645 3495 2839 3558 πάντες
2925 3495 3068 3551 οὕτω
3151 3501 3662 3568 πιστοποιηοῶμεν.
3722 3498 3836 3567 Ἐξ-

2192 3585 2403 3640 ίσταντο
2461 3583 2519 3641 δὲ
2573 3588 2770 3650 πάντες
2817 3586 2942 3662 περὶ
2998 3591 3096 3642 τοῦ
3178 3586 3418 3656 Παύλου,
3476 3587 3567 3641 καὶ
3625 3585 3834 3661 ἔλεγον·

2188 3674 2309 3749 Οὐχ
2364 3674 2525 3740 οὗτός
2605 3673 2747 3731 ἐστιν
2806 3677 2834 3731 ὁ
2900 3675 3164 3751 πρότερον
3252 3673 3503 3745 διώκων;
3565 3675 3671 3750 οὐχ
3729 3674 3840 3730 ὧδε

2185 3764 2373 3836 ἦλθεν,
2425 3763 2517 3820 ’ἶνα
2575 3763 2895 3838 δεδεμένους
2979 3768 3129 3837 ἡμᾶς
3188 3767 3438 3840 ἀπαγάγῃ
3504 3770 3580 3827 εἰς
3634 3772 3839 3839 Ἰερου-

2185 3854 2413 3927 σαλήμς
2468 3856 2556 3924 Μή
2611 3854 2898 3925 ἐξίστασθε,
2950 3854 3115 3931 φησὶν
3167 3854 3195 3908 ὁ
3247 3858 3486 3916 Παῦλος·
3533 3852 3638 3929 ἐγὼ
3702 3852 3843 3924 οἶδα,

2186 3944 2269 4000 ὅτι
2302 3943 2541 4016 σκληρόν
2578 3944 2670 4017 μοί
2727 3943 2836 3998 ἐστι
2895 3944 3033 4017 πρὸς
3086 3942 3285 4017 κέντρα
3338 3943 3635 4012 λακτίζειν·
3694 3942 3837 4012 οἶδα,

2186 4035 2271 4089 δτι
2324 4034 2427 4088 οὐκ
2496 4033 2610 4107 εἷμί
2690 4032 2867 4094 ἱκανὸς
2943 4030 3227 4096 καλεῖσθαι
3297 4033 3631 4101 ἀπόστολος,
3696 4030 3837 4087 διότι

2186 4121 2383 4193 ἐδίωξα
2437 4122 2536 4190 τὴν
2593 4120 2920 4192 Ἐκκλησίαν
2990 4125 3088 4176 τοῦ
3173 4126 3327 4176 Θεοῦ·
3388 4121 3514 4177 ἀλλ’
3600 4123 3840 4196 ἀγνοῶν.

2184 4211 2469 4285 Ἐνόμιζον
2502 4211 2603 4287 γὰρ
2658 4210 2952 4266 κατάλυσιν
3015 4213 3150 4265 εἶναι
3204 4214 3301 4265 τοῦ
3360 4212 3535 4283 νόμου
3592 4211 3655 4265 τὸ
3714 4212 3841 4286 περὶ

2182 4302 2414 4376 Χριστοῦ
2442 4301 2723 4373 κήρυγμα·
2758 4299 2858 4355 οὐκ
2886 4296 3036 4374 ᾔδειν
3067 4298 3145 4369 δὲ,
3177 4298 3260 4353 ὅτι
3292 4298 3453 4361 αὐτὸς
3504 4299 3643 4368 ἦλθε
3695 4298 3843 4369 πλη·-

2176 4396 2345 4466 ρῶσαι
2374 4391 2464 4445 τὸν
2497 4387 2691 4461 νόμον,
2721 4388 2813 4443 καὶ
2864 4388 2927 4442 οὐ
2978 4389 3296 4444 καταλῦσαι.
3357 4386 3835 4463 Ὑπερεπλεόνασε-

2177 4477 2235 4534 δὲ
2263 4481 2298 4549 ἡ
2331 4479 2492 4553 χάρις
2520 4480 2618 4532 τοῦ
2649 4480 2783 4531 Θεοῦ
2815 4474 2869 4531 ἐν
2902 4475 3049 4551 ἐμοί,

2435 4630 2479 4666 1⁷
2510 4630 2653 4685 ibid.
2707 4633 2796 4686 21.
2902 4629 2948 4664 ¹⁸
3004 4630 3148 4686 ibid.
3200 4635 3254 4685 5.
3333 4630 3433 4667 ‘9‘
3465 4632 3597 4687 Cor.
3650 4650 3742 4700 xv,
3773 4635 3826 4687 9.

2172 4864 2373 4935 tamen
2395 4874 2429 4913 θ,
2449 4856 2708 4935 librariis
2725 4857 3027 4935 prwterita
3053 4875 3182 4914 esse
3207 4865 3449 4935 propter
3470 4877 3673 4935 vocem
3695 4865 3831 4935 Χρι-

2174 4928 2322 4993 στόν,
2356 4945 2535 5001 quam
2567 4928 2907 4984 existimare
2940 4928 3258 5000 possumus
3290 4928 3349 4985 in
3401 4931 3730 4999 codicibus,
3752 4928 3832 4987 'ex

2175 5002 2389 5073 quibus
2412 5001 2507 5073 isti
2524 5001 2799 5070 exscripti
2818 5003 3237 5073 sunt.positam
3260 5002 3442 5058 fuisse
3470 5004 3596 5060 loco
3624 5005 3827 5071 Ἰησοῦν

2173 5070 2306 5145 post
2336 5070 2441 5125 διά·
2478 5090 2615 5129 nam
2647 5089 2851 5145 revera
2882 5074 2943 5126 in
2967 5070 3101 5145 _hoc
3152 5075 3278 5145 loco
3327 5075 3498 5130 codd.
3561 5070 3740 5133 Coisl.
3776 5081 3832 5130 et

2174 5138 2365 5201 Dttob.
2402 5145 2621 5199 habent
2649 5140 2738 5196 διὰ
2769 5138 3003 5215 Χριστόν
3038 5146 3166 5201 loco
3199 5143 3287 5198 δια
3318 5146 3549 5213 ’[ησοῦν.

2246 5219 2323 5291 (3ι
2352 5215 2461 5271 Μὶν
2494 5215 3137 5291 γάρεΡίιτῐξοωᾶιη-γάρ
3165 5218 3503 5291 addidimus
3527 5236 3597 5273 ex
3615 5219 3826 5291 Coisl.,

2174 5288 2391 5366 Ottob._,
2424 5284 2839 5366 Ro'e,'Cahsaub.
2884 5284 3063 5366 Paulo
3092 5284 3245 5366 post,
3281 5291 3408 5345 loco
3458 5284 3828 5366 ἀμφιϐάλλει,

2175 5360 2524 5431 scripsimus
2552 5377 2621 5431 ex
2654 5360 2926 5425 Genovef,
2960 5355 3328 5431 ἀμφίϐἀλλοι.

2245 5427 2318 5500 (4‘)
2352 5429 2553 5507 Παύλῳ
2586 5427 2663 5507 δέ,
2699 5438 2808 5507 etc.
2845 5432 2910 5485 In
2950 5427 3127 5507 Coisl.
3177 5434 3475 5507 legiturin
3508 5432 3829 5507 accusandi

2175 5498 2337 5575 casu,
2369 5498 2582 5557 Παῦλον
2613 5498 2669 5555 δὲ
2696 5502 2786 5555 τὸν
2820 5522 2914 5575 πρ.
2951 5499 3208 5573 διώκτην·
3235 5498 3303 5562 at
3332 5506 3485 5560 infra
3517 5507 3699 5561 etiam
3724 5506 3826 5575 Cy-

2174 5574 2348 5651 rillus
2379 5576 2586 5651 eadem
2610 5570 2902 5651 repetitin
2925 5575 3106 5651 dandi
3129 5570 3289 5647 casu,
3312 5580 3391 5649 τῷ
3416 5575 3686 5651 πρότερον
3714 5570 3827 5628 ὄντι

2174 5645 2359 5721 ἐχθρῷ
2383 5642 2573 5700 πλεῖον
2606 5642 2899 5720 ἐχαρίσατο
2929 5647 3180 5724 γράφειν.
