4124 6260
457 352 579 414 687

1509 346 1573 407 S.
1615 346 1932 408 CYRILLI
1977 344 2397 418 HIEROSOL.
2444 363 2821 432 ARCHIEP.

3751 381 3875 444 688

453 491 588 554 tur;
622 502 690 541 ac
721 501 828 556 per
855 501 979 554 eos,
1010 485 1112 557 qui
1164 484 1280 540 fide
1339 483 1684 556 impellente
1718 502 1787 540 ex
1816 502 1885 540 eo
1915 485 2069 541 frust

2216 483 2632 589 λαμϐανόντων,
2666 502 2902 567 ἐντεῦθεν
2932 505 3033 574 τήν
3059 505 3389 580 οἶκουμὲνην
3442 514 3616 567 πᾶσαν
3669 513 3867 589 σχεδὸν

451 576 799 648 decerpunt.
831 575 1037 631 orbem
1067 574 1189 631 fere
1222 580 1409 630 totum
1455 574 1595 629 hinc
1635 575 1765 645 jam
1823 576 2098 646 opplevit.

450 665 720 720 Testatur
746 665 940 736 palma
978 665 1040 719 in
1070 664 1224 720 valle
1273 665 1408 732 sita,
1459 681 1589 735 quae
1620 680 1817 720 ramos
1878 665 2099 735 pueris,

449 752 750 809 Christum
770 754 914 809 olim
932 753 1203 809 encomio
1224 752 1667 809 celebrantibus
1680 754 2098 810 ministravit“

451 843 876 899 Gesthsemane
911 848 1161 899 testatur
1179 843 1244 910 ⁸²,
1293 842 1502 898 ludam
1546 842 1740 898 adhuc
1791 844 1961 914 quasi
1994 843 2096 898 de-

450 939 793 989 monstrans
823 932 897 987 iis
928 934 1030 1004 qui
1061 932 1425 1005 intelligunt.
1463 932 1713 987 Sanctus
1744 932 1855 987 iste
1878 931 2095 1005 [mons]

451 1022 737 1095 Golgotha
766 1039 945 1095 super
973 1028 1186 1078 caatera
1234 1021 1426 1077 editus
1485 1026 1735 1077 testatur
1764 1038 1824 1076 se
1857 1024 2093 1095 conspi-

448 1128 627 1169 cuum
654 1117 962 1168 ostentans
985 1112 1068 1179 ‘3;
1100 1115 1351 1167 testatur
1368 1116 1825 1166 monumentum
1846 1119 2094 1183 persan-

446 1205 628 1271 ctum,
661 1206 722 1257 et
769 1202 869 1273 qui
910 1201 974 1257 in
1006 1201 1165 1257 hunc
1215 1215 1406 1271 usque
1435 1198 1593 1255 diem
1617 1200 1799 1272 jacet,
1850 1198 2001 1272 lapis
2021 1200 2087 1253 ⁴⁴.

444 1289 545 1348 Sol
571 1307 734 1347 nunc
761 1291 971 1347 lucens
1015 1290 1181 1346 testis
1213 1294 1322 1360 est,
1354 1290 1456 1360 qui
1487 1294 1613 1345 tum
1638 1289 1954 1345 Salvatoris
1983 1306 2089 1345 no-

440 1381 548 1435 stri
580 1380 877 1453 passionis
896 1385 1161 1452 tempore
1182 1395 1392 1451 passus
1414 1383 1505 1434 est
1523 1378 1857 1449 deliquium
1882 1379 1946 1432 “.
1981 1380 2090 1435 Te-

438 1473 559 1525 stes
590 1470 738 1526 141
771 1469 1053 1539 tenebrae,
1086 1486 1218 1540 quas
1248 1469 1311 1524 in
1341 1473 1607 1541 tempore
1635 1468 1739 1523 illo
1757 1468 1927 1523 factm
1950 1472 2089 1523 sunt

436 1556 509 1612 ab
541 1557 690 1614 hora
720 1562 885 1614 sexta
911 1574 1103 1629 usque
1133 1558 1207 1613 ad
1253 1557 1465 1613 horam
1495 1573 1717 1621 nonam
1747 1557 1792 1594 “
1819 1576 1833 1626 ;
1866 1558 1968 1613 lux
1998 1563 2086 1612 te-

436 1645 565 1715 stis,
599 1664 732 1718 quaa
764 1646 836 1703 ab
867 1648 1014 1703 hora
1044 1663 1203 1703 nona
1230 1647 1305 1703 ad
1333 1662 1640 1719 vesperam
1662 1646 1876 1701 illuxit.
1896 1645 2084 1702 Testis

435 1750 608 1791 mons
640 1736 939 1792 Olivarum
986 1742 1225 1793 sanctus
1256 1754 1325 1793 ex
1357 1752 1473 1808 quo
1504 1736 1577 1791 ad
1608 1737 1843 1791 Patrem
1873 1751 2080 1791 ascen-

2208 582 2318 655 ἤδη
2367 587 2667 662 πληρῶσαν
2701 594 2798 664 (2).
2857 595 2918 651 Ὁ
2974 596 3146 672 φοῖνιξ
3198 598 3226 651 6
3284 597 3370 653 ἐπὶ
3426 603 3527 665 τῆς
3581 582 3868 679 φὰρῆγος

2212 682 2496 751 μαρτυρεῖ,
2556 681 2619 733 τὰ
2677 679 2803 756 βαΐα
2861 685 3161 759 παρασχὼν
3230 686 3385 741 παισὶ
3443 692 3520 762 (3)
3575 697 3694 755 τοῖς
3744 693 3867 750 τότε

2209 762 2543 856 εὐφημοῦσι’
2572 768 2633 823 τὸ
2680 773 3005 844 Γεθσημανῆ
3061 780 3344 851 μαρτυρεῖ,
3373 776 3466 832 τὸν
3517 778 3723 835 Ἰουδᾶν
3760 804 3864 856 μο-

2206 855 2445 946 νονουχὶ-
2469 852 2709 912 δεικνόον
2738 855 2815 913 ἔτι
2846 866 2964 925 τοῖς
2989 866 3207 917 νοοῦσιν
3243 882 3255 895 °
3280 864 3308 918 6
3335 864 3619 941 Γολγοθᾶς
3647 871 3676 924 6
3707 852 3860 946 ἄνιος

2206 939 2362 1004 οὗτος
2421 943 2448 998 ὁ
2503 946 2986 1020 ὑπερανεστηκὼς,
3052 957 3317 1026 μαρτυρεῖ
3383 939 3764 1032 φαινόμενος·
3799 962 3863 1018 τὸ

2207 1037 2397 1125 μνῆμα
2451 1034 2555 1125 τῆς
2608 1036 2896 1111 ἁγιότητος
2931 1046 3213 1115 μαρτυρεῖ,
3260 1044 3350 1096 καὶ
3381 1044 3409 1098 6
3439 1042 3595 1108 λίθος
3627 1048 3655 1102 6
3689 1048 3856 1125 μέχρι

2204 1120 2728 1213 σήμερονλκείμενος
2763 1147 2776 1160 ·
2838 1125 3003 1197 ἥλιος
3056 1134 3150 1185 νῦν
3211 1130 3447 1204 λάμπων
3511 1120 3858 1213 μαρτυρεῒῑό

2200 1206 2322 1263 τότε
2350 1210 2487 1265 κατὰ
2514 1212 2605 1267 τὸν
2638 1215 2825 1290 καιρὸν
2870 1214 2967 1271 τοῦ
3018 1217 3416 1293 σωτηριώδους
3441 1206 3649 1287 πάθους
3691 1206 3857 1282 ’ἐκλι-

2197 1297 2339 1387 πών·
2393 1299 2474 1387 τὸ-
2515 1302 2709 1366 σκότος
2770 1312 3055 1382 μαρτυρεῖ,
3113 1308 3176 1362 τὸ
3234 1308 3359 1365 τότε
3413 1312 3706 1387 γενόμενον
3749 1316 3856 1371 ἀπὸ

2195 1380 2372 1475 ἕκτης
2415 1385 2614 1463 μέχρις
2661 1389 2883 1463 ἑννάτης
2938 1380 3104 1469 ὥρας·
3158 1396 3221 1450 τὸ
3278 1401 3396 1474 φῶς
3427 1380 3437 1387 ’
3454 1380 3738 1475 μαρτυρεῖ,
3788 1403 3852 1459 τὸ

2195 1473 2303 1562 ἀπὸ
2358 1474 2584 1548 ἐννάτης
2641 1476 2745 1541 ἕως
2799 1481 3027 1558 ἑσπέρας
3074 1473 3393 1559 ἐκλάμψανο
3435 1489 3499 1543 τὸ
3557 1473 3688 1562 ὅρος
3740 1496 3846 1549 τῶν

2195 1561 2429 1656 Ἐλαιῶν
2467 1574 2732 1656 μαρτυρεῖ
2756 1571 2819 1626 τὸ
2875 1573 3049 1656 ἅγιον,
3106 1572 3197 1651 ἀφ’
3249 1576 3416 1652 οὗπερ
3474 1561 3680 1649 ἀνῆλθε
3708 1583 3849 1656 πρὸς

2191 1653 2307 1745 τὸν
2346 1655 2594 1733 Πατέρα·
2653 1660 2740 1714 καὶ
2807 1655 3144 1737 όμόροτόκοι
3203 1665 3423 1742 νεφέλαι
3489 1653 3843 1745 μαρτυροῦσι,

2193 1738 2600 1834 δεξάμεναιᾲτὸν
2650 1746 2944 1819 Δεσπότην·
2996 1750 3087 1803 καὶ
3137 1738 3383 1823 οὐράνιοι
3414 1738 3842 1834 δὶ-πύλαιμαρέ

435 1822 525 1879 dit
542 1823 588 1860 ⁴τ
618 1841 631 1879 :
665 1831 846 1882 testes
878 1842 1114 1897 quoque
1146 1824 1466 1881 imbriferas
1488 1825 1678 1881 nubes
1709 1842 1840 1896 quas
1873 1824 2069 1879 Domi-

2190 1837 2414 1906 τυροῦσι
2471 1832 2751 1908 δεξάμεναι
2808 1837 2900 1892 τὸν
2962 1838 3261 1910 Δεσπότην,
3320 1843 3448 1917 περὶ
3507 1844 3581 1898 ὧν
3636 1822 3843 1903 εἷπεν-ὁ

433 1929 580 1969 num
612 1921 1003 1987 susceperunt
1020 1916 1085 1981 ⁸³,
1117 1916 1395 1971 C(elestes
1426 1931 1662 1986 quoque
1712 1931 1844 1988 qum
1875 1913 2080 1969 Domi-

2192 1920 2530 1996 Ψαλμῳδιῗς·
2590 1926 2785 1999 ’Ἀρατε
2834 1925 3033 1997 πύλας,
3090 1930 3144 1982 οἱ
3194 1930 3479 2006 ἄρχοντες,
3533 1934 3712 2007 ὑμῶν,
3752 1936 3840 1992 καὶ

431 2020 577 2061 ιιιιιιι
606 2022 882 2078 recepere
904 2013 1088 2079 portas
1121 2012 1449 2063 testantur:
1475 2006 1546 2062 de
1566 2006 1781 2077 quibus
1812 2005 1895 2061 ait
1914 2005 2069 2060 Psal-

2192 2009 2482 2088 ἐπάρθητε,
2540 2012 2710 2069 πύλαι
2771 2014 3024 2087 αἷώνιοι,
3081 2018 3174 2072 καὶ
3233 2005 3590 2077 εἰσελεύσεται
3650 2025 3679 2078 6
3734 2031 3837 2080 Βα-

430 2095 668 2151 micen:
718 2097 914 2152 Tollite
962 2104 1177 2168 portas,
1228 2098 1535 2168 principes,
1584 2102 1788 2165 vestras
1818 2102 1871 2149 et
1898 2095 2069 2150 eleva-

2187 2101 2369 2164 σιλεὺς
2425 2109 2525 2172 τῆς
2596 2101 2759 2175 δόξης
2793 2148 2805 2162 .
2864 2104 2934 2163 Οἳ
2991 2127 3125 2161 ποτε
3175 2107 3366 2183 ἐχθροὶ
3425 2118 3835 2188 μαρτυροῦσιν,

424 2186 582 2252 mini,
608 2191 789 2255 parte
840 2186 1205 2258 sempiterna,
1246 2192 1299 2241 et
1344 2185 1601 2241 introibit
1631 2187 1749 2240 Rea:
1776 2184 1976 2256 gloriae
2006 2182 2069 2238 ιθ.

2187 2190 2257 2245 ὧν
2291 2193 2368 2254 εἷς
2399 2194 2427 2247 6
2463 2192 2729 2266 μακάριος
2758 2194 2975 2257 Παῦλός
3020 2195 3185 2266 ἐστιν,
3210 2182 3355 2272 πρὸς
3403 2182 3709 2277 (illvm-(4)
3737 2182 3832 2275 μὲν

423 2273 533 2339 Qui
562 2278 699 2329 ante
730 2275 957 2331 inimici
979 2276 1240 2343 fuerant,
1262 2280 1592 2343 testantur;
1628 2291 1883 2346 quorum
1914 2289 2069 2329 nunc

2187 2280 2475 2357 ἒχθράνας,
2519 2281 2909 2360 πολυχρονίως
2941 2283 3000 2341 δὲ
3046 2285 3360 2351 δουλεύσας·
3395 2273 3699 2348 ἀπόστολοι
3729 2273 3834 2349 δώ-

419 2365 512 2416 est
540 2361 749 2419 beatus
779 2364 1023 2428 Paulus.
1065 2365 1167 2436 qui
1224 2363 1459 2420 modico
1517 2363 1760 2435 quidem
1800 2367 2069 2434 tempore

2187 2366 2309 2425 δεκα
2359 2376 2745 2447 μαρτυροῦσιν,
2794 2373 2856 2428 οὐ
2906 2374 3093 2451 λόγοις
3126 2378 3315 2449 μόνον,
3351 2377 3502 2435 ἀλλὰ
3539 2381 3631 2436 καὶ
3667 2385 3833 2458 βασά-

416 2448 766 2508 inimicitias
781 2453 1272 2525 gessit,diuturno
1289 2470 1425 2509 vero
1448 2452 1751 2509 servitium
1779 2451 2068 2507 exhibuit.

2187 2479 2288 2523 νοις
2347 2460 2438 2515 καὶ
2494 2462 2744 2524 θανάτοις
2790 2460 2951 2525 ἰδίοις
2988 2448 3336 2539 -κηρύξαντες
3391 2469 3491 2537 τὴν
3550 2448 3833 2541 ἀλήθειανο

415 2543 831 2602 Testiﬂcantur
887 2545 1142 2617 apostoli
1198 2544 1534 2609 duodecim,
1568 2544 1670 2615 qui
1723 2560 1843 2597 non
1872 2542 2069 2598 verbis

2187 2551 2212 2619 ἡ
2273 2549 2397 2604 σκιᾶ
2455 2551 2660 2626 Πέτρου
2736 2559 3017 2629 μαρτυρεῖ,
3077 2554 3448 2631 θεραπεύσασα
3496 2556 3548 2612 ἐν
3605 2559 3833 2633 ὀνόματι

417 2629 635 2689 solum.
669 2633 775 2689 sed
804 2639 864 2689 et
885 2634 1199 2690 tormentis
1230 2639 1289 2690 et
1314 2633 1607 2689 mortibus
1634 2632 1888 2704 propriis
1917 2631 2068 2687 veri-

2187 2643 2414 2711 Χριστοῦ
2466 2638 2596 2704 τοὺς
2651 2639 3067 2716 ἆῤῥωστοῦντας
3099 2661 3112 2674 ⁸
3171 2643 3240 2698 τὰ
3297 2642 3560 2720 σουδάρια
3615 2648 3707 2703 καὶ
3762 2652 3829 2705 τὰ

415 2724 598 2776 tatem
627 2722 1042 2794 praedicavere.
1075 2725 1345 2779 Testatur
1370 2722 1582 2778 umbra
1628 2721 1807 2788 Petri,
1842 2738 1972 2791 qum
2004 2737 2068 2775 ιιι

2187 2727 2498 2801 ιημικίνθια
2558 2733 2944 2806 μαρτυροῦσι,
3003 2733 3372 2807 θεραπεύοντα
3429 2736 3834 2811 παραπλησίως

414 2810 628 2867 Christi
654 2815 897 2871 nomine
924 2832 1109 2888 aegros
1134 2814 1382 2871 sanabat
1399 2813 1483 2881 l5";
1510 2817 1804 2869 testantur
1828 2812 2069 2867 sudaria

2187 2820 2245 2891 τῇ
2280 2815 2505 2890 δυνάμει
2561 2823 2657 2873 τοῦ
2716 2824 2953 2895 Χρῖστοῦ
3002 2821 3127 2875 τότε
3184 2818 3275 2877 διὰ
3321 2810 3561 2880 Παύλου’
3625 2826 3829 2901 Πέρσαι

411 2904 473 2955 et
501 2902 893 2970 semicinctia,
925 2921 1056 2976 qum
1086 2904 1230 2959 olim
1278 2920 1385 2976 per
1420 2902 1672 2958 Paulum
1703 2901 1918 2956 Christi
1949 2901 2067 2956 vir-

2187 2907 2263 2960 ιαὶ
2322 2906 2537 2975 Γότθοι,
2595 2907 2685 2962 καὶ
2745 2909 2941 2971 πάντες
2991 2910 3042 2965 οἱ
3099 2908 3150 2983 ἐξ
3211 2910 3374 2966 ἐθνῶν
3438 2920 3824 2990 μαρτυροῦσιν,

408 3000 534 3053 tute
566 2997 845 3057 similiter
863 3001 1202 3057 curationes
1222 3000 1478 3056 edebant
1501 3000 1567 3055 ⁸¹.
1597 3001 1910 3055 Testantur
1932 3000 2068 3053 Per-

2187 2994 2748 3068 ὅπεραποθνήσκοντες
2788 2996 3009 3069 τούτου,
3069 2998 3130 3054 ’ὀν
3182 3000 3375 3072 σαρκὸς
3407 3003 3483 3075 (5)
3513 3001 3823 3080 ὀφθαλμοῖς

408 3102 509 3153 sas,
543 3087 761 3156 Gotthi,
813 3094 873 3144 et
929 3106 1139 3145 omnes
1179 3106 1210 3145 e
1240 3088 1565 3163 gentilibus
1622 3086 1929 3160 [conversi
1952 3085 2056 3159 (1)]

2187 3083 2280 3140 οὐκ
2307 3084 2745 3199 ἐθεώρησαψβοὶ
2795 3083 2885 3143 διὰ
2938 3093 3046 3143 τῶν
3104 3093 3307 3144 πιστῶν
3363 3090 3526 3163 μέχρι
3574 3093 3819 3168 σήμερον

2187 3173 2580 3199 3.--κμημ1μ-,,,
3024 3198 3033 3199 ,
3124 3181 3204 3199 κν

401 3174 507 3244 qui
536 3192 642 3246 pro
674 3193 741 3233 eo
774 3183 1030 3234 mortem
1061 3184 1343 3251 oppetere
1383 3194 1508 3233 non
1557 3176 1851 3245 dubitant,
1885 3191 2062 3247 quem

2187 3173 2612 3249 ὶπελαυνόμενοι
2645 3172 2902 3250 δαίμονες
2936 3181 3280 3252 μαρτυροῦσι.

395 3265 596 3320 carnis
626 3266 815 3323 oculis
844 3284 967 3325 non
998 3284 1381 3341 conspexere.
1413 3265 1834 3324 Testificantur
1864 3265 2190 3334 daemones,
2222 3266 2324 3338 qui
2355 3265 2626 3323 ﬁdelium
2655 3267 2990 3324 ministerio
3020 3268 3081 3323 in
3111 3268 3269 3323 hunc
3298 3284 3487 3340 usque
3520 3269 3683 3327 diem
3715 3290 3822 3328 ex-

394 3352 723 3426 pelluntur.

464 3468 512 3506 ⁴¹
543 3471 710 3543 Joan.
742 3490 842 3543 χιι,
876 3475 962 3530 13.
1038 3474 1085 3511 ιε
1113 3474 1315 3530 Matth.
1349 3490 1498 3541 XXVI,
1532 3472 1620 3527 36.
1697 3472 1743 3508 ⁸³
1775 3472 1975 3527 Matth.
2004 3488 2069 3543 χ]

2212 3473 2298 3527 33.
2375 3471 2425 3508 ⁴⁴
2453 3471 2596 3543 ibid.
2630 3472 2785 3528 60.“
2815 3474 2950 3529 Luc.
2982 3489 3142 3542 χχιιι,
3175 3475 3264 3528 45.
3306 3473 3351 3509 ⁸⁸
3379 3473 3582 3530 Matth.
3614 3492 3814 3543 xxvm,

392 3541 488 3599 45.
572 3541 619 3579 ⁴⁷
647 3546 776 3601 Act.
810 3541 844 3614 ι)
884 3549 967 3601 12.
1043 3547 1088 3582 ⁸⁸
1118 3546 1261 3604 ibid.
1295 3548 1348 3601 9.
1441 3545 1486 3580 ⁴⁶
1515 3543 1669 3600 Psal.
1709 3560 1865 3613 χχιιι,
1898 3547 1950 3598 7.
2028 3542 2069 3585 ⁵ο

2187 3547 2234 3599 t.
2266 3560 2323 3613 ν,
2356 3547 2443 3602 15.
2520 3542 2563 3579 ⁶¹
2598 3546 2726 3601 Act.
2756 3562 2872 3614 xIx,
2908 3548 2993 3600 12.

466 3666 756 3744 (1)__Pcrsa:
784 3678 840 3728 et
868 3672 1077 3744 Gotthi,
1108 3676 1221 3727 etc.
1256 3672 1568 3740 Ut.amque
1600 3673 1837 3742 gentem
1863 3667 2051 3744 Cyril-
2164 3668 2352 3744 ﬁcari,
2385 3669 2513 3744 sine
2545 3670 2762 3744 quibus
2813 3670 2910 3744 vix
2963 3686 3066 3744 ac__
3088 3687 3163 3744 ne
3216 3670 3489 3744 quidem_
3518 3672 3647 3744 fleri
3705 3691 3813 3744 po-

395 3738 488 3795 lus
519 3742 790 3816 Christoq
810 3743 1185 3816 subjugatam
1232 3738 1726 3816 nionem—caudis,
1761 3738 1926 3816 num;
1958 3743 2048 3807 40,
2160 3741 2273 3816 tuit
2301 3746 2367 3795 ut
2395 3738 2600 3816 religio
2633 3742 2968 3816 Christiana
2985 3741 3108 3798 ulla
3130 3743 3193 3816 in
3211 3738 3385 3815 gente
3414 3740 3579 3797 falsis
3610 3738 3811 3800 numi-

398 3811 957 3888 quanquamibipro
981 3811 1211 3888 Gotthjs
1225 3814 1468 3885 Scythas
1494 3811 1828 3876 dicit.Quod
1849 3817 2048 3868 autem
2157 3811 2333 3867 nibus
2379 3811 2617 3888 addicta
2673 3811 3237 3888 plantaretur._Alia
3284 3831 3457 3885 porro
3490 3820 3623 3888 post
3655 3817 3807 3888 hanc

394 3884 680 3958 utrosque
707 3903 813 3958 pro
842 3884 1061 3943 Christi
1093 3886 1208 3941 ﬁde
1233 3884 1353 3958 suo
1369 3890 1635 3958 tempore
1662 3889 1915 3958 mortem
1947 3901 2045 3955 op-
2156 3889 2391 3939 aetatem
2420 3884 2534 3939 fuit
2573 3886 2907 3958 persecutio
2940 3884 3301 3958 Gotthorum
3321 3892 3441 3940 tam
3471 3884 3805 3958 Catholica-

389 3954 602 4026 petere
625 3954 895 4026 testatur,
915 3963 1056 4014 nota
1077 3963 1167 4013 est
1184 3973 1315 4028 quas
1340 3955 1402 4010 in
1424 3954 1666 4029 Perside
1694 3955 1801 4009 sub
1826 3954 2044 4029 Sapore
2153 3972 2286 4029 rum
2305 3971 2495 4029 quam
2528 3954 2881 4029 Ai‘ianorum
2904 3956 3183 4029 subirege
3213 3957 3592 4029 Athanarico,
3619 3959 3801 4016 eccle-

387 4042 524 4102 rege
554 4030 777 4102 exarsit
828 4026 1228 4102 imperatorei
1246 4027 1632 4102 Constantino
1682 4026 2040 4102 persecutio,
2152 4026 2406 4102 siasticis
2437 4028 2776 4102 auctoribus
2806 4026 3460 4102 permultis'celebrata.

387 4096 939 4179 gu'amSozomenus
1086 4117 1127 4156 ιι
1152 4099 1361 4179 Πέδιος.
1387 4098 1513 4179 ccci.
1542 4098 1843 4164 describit,
1861 4115 2036 4179 capp.
2188 4099 2292 4179 lg)
2324 4096 2651 4179 ΙΙλῃρῶΞαν,
2703 4096 2826 4179 _lta'
2849 4100 3297 4179 emendavimus
3345 4118 3429 4179 ex‘
3465 4099 3638 4179 codd.
3674 4103 3791 4179 Hoc

386 4169 438 4238 7,
471 4174 581 4227 8et
600 4172 1281 4244 seqq.Noneademvero
1301 4171 1585 4244 Gotthicaa
1603 4169 2037 4244 persecutionis
2147 4174 2205 4244 e_t
2231 4169 2488 4244 Casaub.
2532 4171 2791 4227 Habetur
2847 4172 2912 4227 in
2966 4172 3297 4244 impressis,
3341 4169 3695 4243 ἐπλήρωσαν.
3726 4172 3791 4228 In

381 4238 763 4314 memoria—ac
784 4243 1099 4299 celebritas
1120 4248 1210 4299 est
1232 4242 1426 4297 Gotthi
1446 4238 1684 4296 adducti
1705 4241 1940 4314 fuerant
1961 4240 2035 4314 ad
2144 4240 2319 4314 Coisl.
2346 4238 2684 4314 ἐπλήρωσεν.

383 4313 563 4387 ﬁdem
607 4314 1004 4387 quorumdam
1044 4314 1521 4370 Christianorum
1552 4328 1753 4387 Opera,
1788 4312 1903 4387 qui
1923 4310 2031 4387 sub
2211 4312 2287 4387 (3)
2321 4310 2505 4387 Παισίζ
2532 4317 2619 4370 Ita
2670 4314 3016 4387 scripsimus
3046 4314 3176 4370 loco
3203 4317 3333 4367 πᾶσι
3363 4330 3435 4387 ex
3462 4315 3635 4371 codd.
3670 4317 3787 4371 Roe

378 4383 688 4442 Valeriane
721 4393 780 4443 et
809 4386 1076 4443 Gallieno
1108 4386 1265 4441 circa
1292 4400 1518 4440 annum
1549 4387 1684 4457 260,_
1712 4385 1774 4437 in
1802 4383 2032 4457 Galatia
2141 4387 2198 4437 et
2226 4385 2472 4440 Casaub.
2507 4387 2727 4441 Pueros
2759 4383 2921 4441 enim
2952 4387 3331 4457 potissimum
3350 4386 3581 4443 Christo
3605 4387 3791 4442 accla-

375 4462 435 4512 et
464 4458 835 4530 Cappadocia
863 4459 1044 4530 capti,
1075 4457 1138 4513 in
1164 4457 1461 4512 Gotthiam
1484 4454 1814 4530 transducti
1836 4455 2023 4530 fuere,
2057 4523 2090 4530 _
2137 4471 2332 4512 masse
2360 4457 2532 4530 vulgo
2563 4458 2730 4530 aiunt
2758 4454 2983 4525 Patres,
3008 4463 3067 4530 et
3094 4458 3222 4529 ipse
3254 4457 3533 4530 Cyrillus,
3556 4463 3679 4530 cat.
3698 4461 3787 4527 12,

375 4476 435 4512 οι
464 4476 541 4514 ua
626 4476 835 4515 aaocia
863 4476 1044 4530 capu,
1075 4476 1138 4513 in
1164 4476 1461 4512 uoumam
1484 4476 1814 4510 transuucu
1836 4476 2023 4522 mere,
2137 4476 2332 4512 masse
2360 4476 2532 4530 vulgo
2563 4476 2730 4513 aiunt
2758 4476 2983 4525 ratres,
3008 4476 3067 4512 et
3094 4476 3222 4529 ipse
3254 4476 3295 4512 ιλ
3338 4476 3533 4525 riuus,
3556 4476 3664 4513 cat.
3698 4476 3787 4527 iz,

372 4530 522 4609 teste
543 4476 932 4609 gbilostorgq
948 4529 1508 4609 lib,1iHi_st,,_capp.
1536 4529 1600 4609 5.‘
1623 4525 1785 4607 Alios
1803 4525 2024 4609 multos
2054 4523 2101 4590 D
2133 4542 2299 4582 num.
2334 4531 2430 4609 23ι
2456 4546 2525 4583 ex
2579 4529 2682 4583 illo
2699 4529 2846 4609 loco
2904 4529 3106 4609 Matth.
3141 4546 3257 4599 xxi,
3291 4476 3405 4609 I5,
3439 4528 3788 4609 dicitur

368 4599 595 4657 Audius
627 4596 1077 4670 hmresiarChes,
1106 4600 1169 4655 in
1203 4596 1502 4672 Scythiam
1550 4596 1621 4651 ab
1649 4597 2019 4672 imperatore
2132 4614 2349 4669 pueros
2380 4600 2669 4656 clamasse
2695 4600 2757 4655 in
2790 4600 3010 4672 templo
3040 4596 3323 4672 Hosamia,
3355 4596 3468 4656 etc.
3503 4602 3649 4657 Hinc
3680 4602 3784 4656 Iti-

366 4672 755 4747 Constantino
776 4668 1235 4747 relegatus,po_st
1255 4668 1474 4747 Nicasni
1492 4668 1732 4747 concilii
1751 4675 2018 4747 tempora
2126 4668 2339 4747 aerarii
2354 4672 2842 4747 Hierosolymitgni
2856 4668 3062 4727 auctor
3081 4671 3213 4747 loca
3226 4668 3393 4747 saera
3420 4689 3744 4747 recensens
3765 4689 3779 4727 :

364 4745 640 4817 religioni
665 4751 884 4802 nostras
902 4740 1148 4811 addixit,
1172 4742 1462 4799 institutis
1488 4740 1809 4817 inCottliia
1836 4742 2014 4797 etiam
2127 4763 2156 4791 «
2182 4744 2236 4817 _A
2252 4748 2444 4817 parte,
2478 4743 2696 4814 inquit,
2728 4742 2934 4817 dextra
2965 4749 3055 4798 est
3084 4743 3261 4817 arbor
3290 4744 3526 4817 palmas,
3561 4746 3634 4800 de
3666 4760 3782 4817 qua

363 4811 1005 4888 monasteriis,Epiph.,
1022 4817 1232 4872 hmres.
1257 4832 1347 4877 XL,
1372 4815 1569 4868 num.l
1578 4814 1632 4888 (1-.
1651 4811 1852 4888 Fidem
1877 4830 2012 4869 vero
2123 4836 2151 4862 κ
2177 4811 2435 4869 infantes
2461 4811 2660 4869 ramos
2692 4814 2958 4869 tulerunt
2974 4821 3032 4870 et
3047 4811 3322 4888 veniente
3345 4815 3578 4888 Christo
3612 4811 3779 4872 subs-

361 4887 715 4959 gatholicam
752 4883 1221 4959 profitebantur;
1256 4902 1463 4941 eorum
1497 4883 1655 4938 enim
1700 4884 2010 4959 episcopus
2122 4889 2507 4959 traverunt.»
2532 4888 2758 4959 Norunt
2787 4902 2994 4941 omnes
3034 4886 3297 4959 palmam
3331 4886 3613 4943 arborum
3645 4903 3773 4941 esse

360 4956 725 5029 Theophilus
755 4956 1009 5015 concilio
1041 4961 1275 5015 Nicmno
1305 4963 1582 5013 strenuus
1615 4956 2004 5029 consubstan—
2117 4957 2375 5011 maxime
2414 4958 2676 5023 vitalem,
2710 4965 2777 5012 ut
2806 4975 2981 5013 nemo
3036 4956 3287 5012 iniretur
3336 4959 3610 5013 eamdem
3642 4964 3778 5029 post

354 5026 1583 5103 tialitatispropugnatorinterfuitejusque
1600 5026 2007 5103 synodiﬁdem
2116 5033 2414 5103 trecentos
2436 5045 2625 5103 annos
2646 5030 3370 5103 palmam‘Hierosolymis
3393 5026 3773 5103 conspectam

352 5099 476 5172 suis
499 5099 688 5156 enixe‘
710 5099 1187 5157 commendatam
1214 5100 1498 5171 reliquit;
1526 5114 1700 5172 quam
1746 5099 2005 5172 primum
2116 5101 2467 5172 esse.rQuod
2498 5099 2741 5171 subjicit
2764 5101 3018 5172 (lyrillus
3042 5100 3114 5154 de
3146 5099 3770 5157 Ge’thsemane'ludam

348 5169 890 5244 deseruitUlphilas
911 5173 1061 5229 alter
1081 5169 1428 5228 Gotlhorum
1451 5170 1762 5244 episcopus
1786 5170 1847 5225 in
1871 5188 2005 5244 con-
2111 5171 2290 5244 veluti
2315 5169 2780 5244 demonstrante.
2810 5169 3025 5228 referri
3056 5177 3251 5244 potest
3279 5173 3353 5227 ad
3384 5179 3613 5243 petram
3648 5173 3766 5226 ibi-

347 5244 485 5299 cilio
517 5242 1171 5315 Constantinopolitano
1205 5244 1346 5298 anni
1369 5244 1507 5306 360;
1540 5242 1599 5295 in
1627 5258 1749 5315 quo
1781 5242 2001 5296 Arimi-

343 5317 518 5371 nensi
550 5316 820 5371 formula)
853 5312 1183 5385 suscripsit,
1218 5332 1289 5370 ex
1321 5316 1579 5378 Socrate,
1626 5312 1727 5366 lib.
1764 5329 1799 5366 ιι
1830 5315 1995 5380 Hist.,

342 5403 470 5458 cap.
500 5389 589 5442 41.
623 5386 1108 5442 Persecutionem
1162 5403 1341 5457 quam
1399 5389 1692 5458 memorat
1720 5385 1994 5458 Cyrillus,
2106 5386 2295 5440 multo
2337 5392 2470 5458 post
2500 5386 2580 5441 ibi
2613 5387 2903 5442 aedificata
2946 5386 3060 5441 fuit
3109 5385 3634 5443 Gethsemanensis
3668 5403 3759 5441 ec-

339 5455 594 5533 intelligi
626 5464 822 5532 potest
852 5474 921 5513 ea
950 5475 1129 5533 quam
1148 5455 1342 5533 refert
1398 5455 1829 5533 Philostorgius
1862 5456 1991 5533 loco
2104 5458 2309 5533 clesia.
2338 5455 2414 5533 de
2447 5475 2567 5533 qua
2592 5459 2816 5533 passim
2843 5463 3137 5533 auctores.

335 5526 687 5599 citatoﬂzuin
710 5546 925 5603 magna
943 5526 1415 5603 Christianorum
1447 5526 1764 5603 multitudo
1786 5544 1821 5581 a
1852 5529 1988 5581 Got-
2172 5531 2244 5603 (4)
2278 5526 2701 5603 Πρὸς--.ὀλίῇονι
2743 5530 3135 5603 Emendatum
3168 5546 3237 5584 ex
3266 5529 3620 5603 Coisl.,ARoe
3649 5533 3755 5585 Ca-

334 5603 454 5659 this
484 5598 730 5687 paganis
762 5598 887 5659 suis
914 5608 1118 5659 exacta
1150 5601 1432 5681 sedibos',
1467 5599 1529 5652 in
1561 5598 1818 5679 Mwsiam
1852 5614 1987 5653 cum
2099 5600 2289 5661 saub..
2326 5598 2515 5669 Bodl.,
2549 5598 2708 5672 quod
2738 5602 2945 5658 vitiose
2996 5602 3059 5656 in
3114 5601 3425 5672 impressis
3480 5601 3751 5667 habetur,

334 5676 572 5730 Ulnhila
620 5676 898 5730 eniscono
949 5674 1216 5730 transivit
1245 5690 1258 5726 :
1292 5688 1408 5726 nlSl
1438 5667 1613 5724 malis
1644 5668 1843 5723 dicere
1884 5686 1984 5725 eas
2098 5670 2234 5730 πρὸς
2268 5667 2484 5730 ὀλίγον.

2144 5690 2240 5814 ρῶἷ
2263 5690 2631 5817 ἒὸίγέἒρκός.
2662 5746 2730 5799 1n
2760 5744 2937 5801 editis
2963 5745 3174 5801 vitiose
3221 5760 3329 5816 pro
3379 5743 3437 5798 ὅν
3484 5741 3747 5801 .habeha.

2112 5243 2247 5297 dem
2277 5243 2484 5311 visam,
2510 5244 2582 5299 de
2602 5261 2717 5314 qua
2740 5261 2920 5315 supra
2941 5243 3218 5298 laudatus
3243 5249 3450 5315 auctor
3482 5261 3495 5297 :
3526 5267 3553 5294 «
3588 5247 3691 5299 Est
3710 5248 3766 5297 et

2110 5337 2138 5365 ‹‹
2171 5320 2340 5385 petra
2365 5315 2465 5370 ubi
2486 5315 2634 5370 Juda
2661 5315 2926 5370 Scarioth
2948 5315 3247 5370 Christum
3276 5314 3556 5386 prodidit.
3587 5339 3614 5365 ››
3640 5317 3762 5370 Non

332 5667 593 5748 Ulphilav
616 5676 898 5749 episcopo
949 5674 1216 5749 transivit
1245 5690 1258 5726 :
1292 5667 1844 5749 nisimalisﬂdicere
1884 5686 1984 5749 eas

332 5738 780 5819 persecutiones
811 5738 916 5804 seu
946 5745 1276 5820 generales,
1311 5755 1415 5797 seu
1444 5738 1778 5812 peculiares
1800 5740 1985 5813 signi-
