4132 6266
298 338 420 403 093

1039 333 1519 398 CATEGHESIS
1562 335 1666 397 x1.
1712 335 1817 396 in:
1859 330 2074 399 FILIO
2116 339 2254 404 mn
2295 313 2747 423 Unio‘esiro,
2795 348 2966 409 ETC.

3612 352 3732 413 694

301 472 468 529 αὐτὸν
526 468 760 545 Χριστὸν
823 472 925 543 (1),
984 469 1109 524 Υίὸν
1178 469 1570 542 ὀνομάσαντος’
1631 469 1847 541 ἀληθὴς
1903 466 1959 525 δὶ

2072 468 2080 508 ⁵
2144 485 2181 540 d
2214 483 2495 552 quoniam
2528 487 2702 540 Pater
2730 485 2855 553 ipse
2887 484 3184 541 Christum
3222 486 3417 557 ipsum
3450 486 3582 542 Filii
3613 505 3720 543 no-

304 559 688 637 προσηγορία,
745 561 780 628 ἡ
839 558 898 612 έκ
948 557 1197 631 πατέρων
1273 564 1390 621 τοῖς
1459 560 1671 622 τέκνοις
1729 558 1967 615 ἐπιτιθε-

311 652 477 726 μένη.

382 744 456 798 I".
494 739 917 813 Ἐνηνθρώπησε
973 740 1096 794 τότε
1149 745 1223 812 (2)
1282 740 1309 794 6
1366 739 1564 815 Κύριος
1624 741 1784 813 ἡμῶν
1849 741 1967 809 Ἰη-

306 835 435 889 σοῦς
474 829 725 903 Χριστὸς,
759 827 885 882 ἀλλ’
938 829 1042 882 ὑπὸ
1091 833 1198 883 τῶν
1249 827 1478 884 πολλῶν
1506 830 1783 904 ἠγνοεῖτο’
1818 825 1970 883 διδά-

306 920 391 991 ξαι
424 916 481 972 δὲ
520 915 861 992 βουλόμενος
918 918 981 971 τὸ
1033 917 1420 993 ἀγνοούμενον,
1482 918 1790 993 συναγαγὼν
1838 917 1968 980 τοὺς

309 1010 581 1083 μαθητὰς,
642 1006 850 1081 ἠρώτα·
912 1007 1049 1063 Τίνα
1112 1029 1178 1081 με
1248 1006 1493 1080 λέγουσιν
1558 1011 1628 1079 (3)
1688 1009 1819 1062 εἶναι
1874 1008 1963 1063 τὸν

304 1100 431 1154 Υἲὸν
497 1102 594 1152 τοῦ
653 1096 986 1171 ἀνθρώποιη
1048 1097 1110 1151 οὐ
1168 1096 1484 1168 κενοδοξῶν,
1521 1097 1665 1153 ἆλλὰ
1692 1099 1790 1165 τὴν
1825 1097 1968 1169 ἀλή-

305 1200 451 1254 θειαν
485 1187 672 1248 αὐτοῖς
705 1183 874 1255 δεῖξαι
912 1185 1274 1260 βουλόμενος·
1307 1188 1400 1242 ἳνα
1434 1188 1509 1260 μὴ
1543 1191 1660 1259 Θεῷ
1692 1192 1829 1243 Θεοῦ
1864 1208 1967 1261 μο-

303 1284 517 1355 νογενεῖ
548 1273 945 1347 συιοικϐῦντες,
1004 1277 1078 1339 ὡς
1135 1277 1426 1352 ἀνθρώπου
1475 1279 1621 1341 τινὸς
1671 1277 1838 1353 ψιλοῦ
1867 1300 1964 1334 κα-

302 1370 746 1446 ταφρονήσωσιν.
807 1365 1089 1424 Εἷπόντων
1169 1364 1227 1422 δὲ
1296 1366 1534 1435 ἐκείνων,
1605 1368 1686 1423 δτι
1742 1369 1808 1424 Οἱ
1869 1369 1964 1440 μὲν

302 1456 528 1528 Ἠλίαν,
589 1458 641 1511 οἱ
701 1454 757 1511 δὲ
813 1457 1102 1530 Ἱερεμίαν·
1166 1455 1266 1527 ἔφη
1325 1457 1463 1531 πρὸς
1520 1456 1737 1519 αὐτούς·
1782 1459 1965 1514 Ἐκεῖ-

302 1569 390 1602 νοι
457 1547 551 1619 μὶν
616 1549 692 1619 μὴ
752 1544 976 1615 εἰδότες,
1037 1548 1402 1621 συγγνωστοί·
1468 1547 1626 1619 ὑμεῖς
1660 1544 1718 1601 δὶ
1748 1548 1800 1601 οἱ
1830 1546 1963 1602 ἀπό-

306 1636 525 1705 στολοι,
558 1636 608 1691 οἱ
641 1635 730 1690 ἐπὶ
785 1639 866 1707 τῷ
926 1633 1156 1708 ὀνόματί
1220 1655 1325 1708 μου
1379 1634 1615 1710 λεπροὺς
1647 1637 1967 1711 καθαρίζον-

301 1747 415 1794 τες,
474 1725 565 1781 καὶ
626 1722 883 1798 δαιμόνια
939 1718 1324 1794 ἐκϐάλλοντες,
1401 1723 1492 1778 καὶ
1548 1743 1773 1800 νεκρους
1831 1723 1968 1799 ἐγεί-

2073 577 2235 632 mine
2266 574 2677 646 compellavit'
2739 591 2875 629 vera
2923 591 3181 645 namque
3240 574 3557 646 appellatio
3615 582 3724 645 est,

2073 682 2205 736 quae
2236 682 2269 719 a
2301 663 2565 735 patribus
2598 663 2736 717 filiis
2768 663 3114 733 imponitur.

2142 756 2239 808 IIl.
2294 754 2622 806 Humanam
2674 752 2817 806 olim
2868 758 3143 807 naturam
3195 751 3389 806 induit
3434 751 3725 808 Dominus

2070 850 2275 897 noster
2302 843 2471 896 Jesus
2513 841 2777 894 Christus
2808 857 2820 894 :
2870 857 3073 895 verum
3107 858 3141 896 a
3172 841 3377 895 multis
3408 841 3717 911 ignoraba-

2070 937 2185 987 tur.
2218 930 2383 997 Quod
2415 935 2609 984 autem
2645 930 2909 998 ignotum
2943 935 3069 985 erat
3107 946 3241 983 eum
3273 929 3484 983 docere
3523 930 3721 995 vellet,

2071 1020 2437 1092 congregatis
2461 1019 2770 1089 discipulis
2794 1018 3241 1073 sciscitabatur:
3267 1040 3290 1066 ‹‹
3315 1018 3497 1082 Quem
3524 1034 3616 1073 me
3641 1019 3726 1073 di-

2071 1134 2099 1161 u
2124 1116 2268 1165 cunt
2293 1124 2421 1163 esse
2445 1109 2656 1163 Filium
2679 1108 2938 1163 hominis
2955 1107 2999 1142 ⁵⁷
3018 1108 3083 1162 n?
3104 1110 3227 1162 Non
3250 1108 3492 1162 inanem
3514 1108 3725 1179 glorio-

2069 1199 2189 1255 lam
2202 1197 2641 1268 aucupans,sed
2655 1196 2961 1252 veritatem
2977 1197 3123 1267 ipsis
3137 1197 3440 1252 declarare
3454 1198 3722 1268 cupiens:

2067 1293 2237 1343 utne
2284 1303 2418 1341 cum
2470 1286 2586 1341 Deo
2637 1287 2738 1340 Dei
2792 1286 3098 1358 unigenito
3150 1286 3329 1340 simul
3363 1285 3722 1354 habitantes,

2070 1394 2206 1433 eum
2237 1381 2520 1446 tanquam
2553 1374 2778 1430 nudum
2811 1377 2963 1431 I50
2984 1374 3289 1430 hominem
3325 1374 3720 1447 despicerent.

2069 1465 2190 1520 illis
2212 1470 2410 1521 autem
2435 1464 2731 1519 aientibus
2756 1482 2768 1518 :
2792 1486 2820 1515 ‹‹
2844 1464 2958 1518 Alii
2980 1462 3223 1535 quidem
3245 1464 3564 1531 E1iam,alii
3587 1481 3721 1521 vero

2072 1578 2098 1606 ‹‹
2122 1554 2439 1609 Jeremiam
2463 1552 2529 1621 ³⁸,
2556 1575 2583 1602 ››
2612 1551 2757 1607 dicit
2785 1552 2857 1608 ad
2889 1552 3025 1607 illos
3052 1569 3063 1607 :
3097 1552 3190 1606 Illi
3225 1552 3467 1623 quidem
3491 1555 3591 1625 qui
3616 1572 3721 1611 ne-

2070 1644 2286 1711 sciunt,
2320 1642 2492 1697 venia
2520 1642 2712 1713 digni:
2746 1657 2846 1696 vos
2876 1645 3074 1697 autem
3108 1642 3380 1713 apostoli,
3405 1643 3505 1712 qui
3528 1644 3587 1696 in
3613 1660 3720 1697 no»

2070 1733 2232 1788 mine
2264 1748 2397 1787 meo
2428 1732 2697 1803 leprosos
2728 1730 3050 1798 mundatis,
3075 1734 3133 1785 et
3158 1730 3450 1786 daamonia
3480 1730 3716 1802 ejicitis,

306 1837 513 1896 ροντες,
548 1816 650 1869 οὐκ
709 1812 957 1891 ὀφείλετε
1012 1817 1202 1868 τοῦτον
1258 1814 1503 1889 ἀγνοεῖν,
1563 1810 1634 1868 δι’
1666 1813 1726 1869 ὅν
1756 1817 1959 1869 ποιεῖτε

2072 1826 2457 1892 mortuosque
2489 1819 2563 1875 ad
2592 1819 2770 1876 vitam
2802 1820 3109 1887 revocatis,
3142 1818 3313 1875 illum
3343 1836 3465 1875 non
3489 1819 3720 1875 debetis

302 1907 373 1961 τὰ
427 1900 721 1976 θαυμάσια.
782 1900 999 1958 Πάντων
1089 1898 1147 1956 δὲ
1225 1900 1731 1973 ἀποσιωπησάντων
1802 1902 1958 1979 (ὑπὲρ

304 1997 591 2071 ἄνθρωπον
618 1992 724 2067 γὰρ
769 1990 836 2059 ἧν
894 1992 957 2046 τὸ
1019 1989 1291 2065 μάθημα),
1347 1992 1549 2067 Πέτρος
1584 1993 1611 2046 6
1642 1991 1963 2067 πρωτοστά-

302 2106 404 2154 της
435 2088 542 2137 τῶν
601 2075 947 2150 ἀποστόλων,
1006 2079 1097 2133 καὶ
1146 2086 1245 2149 τῆς
1304 2079 1632 2151 Ἐκκλησίας
1663 2086 1959 2159 κορυφαῖος

302 2172 496 2248 κῆρυξ,
529 2170 638 2244 οὐχ
670 2167 1018 2244 εὑρεσιλογίᾳ
1061 2167 1435 2243 χρησάμενος,
1487 2166 1603 2223 οὐδ’
1633 2169 1962 2243 ἀνθρωπίνῳ

306 2263 561 2335 λογισμῷ
591 2260 854 2325 πεισθεὶς,
903 2257 1050 2313 ἀλλὰ
1099 2258 1364 2331 πατρόθεν
1398 2259 1683 2335 φωτισθεῖς
1712 2261 1811 2330 τὴν
1843 2256 1963 2314 διά-

303 2372 477 2418 νοιαν,
513 2349 646 2425 φησὶ
676 2347 815 2423 πρὸς
850 2347 1034 2402 αὐτόν’
1069 2346 1144 2401 Σὺ
1175 2347 1227 2402 εἴ
1264 2348 1292 2401 6
1322 2348 1576 2422 Χριστὸς,
1609 2347 1717 2423 οὐχ
1746 2349 1960 2419 ἁπλῶς,

307 2440 460 2512 ἀλλ’,
521 2441 549 2494 ὁ
604 2439 729 2499 Υἱὸς
778 2442 877 2492 τοῦ
935 2440 1069 2491 Θεοῦ
1123 2440 1222 2492 τοῦ
1299 2442 1519 2507 ζῶντος·
1579 2439 1668 2493 καὶ
1732 2460 1961 2513 μακαρι-

308 2531 450 2602 σμὸς
502 2527 861 2582 ἐπακολουθεῖ
911 2530 991 2597 τῷ
1050 2524 1258 2602 ῥήμάτι
1462 2527 1564 2602 γὰρ
1622 2529 1713 2582 καὶ
1742 2528 1964 2598 ἀληθῶς

314 2618 453 2690 ὑπὲρ
514 2614 841 2690 ἄνθρωπον),
900 2615 991 2670 καὶ
1050 2615 1281 2693 σφραγὶς
1341 2614 1427 2670 ἐπὶ
1483 2620 1563 2688 τῷ
1604 2616 1843 2691 ῥηθέντι,
1879 2615 1962 2671 ὅτι

312 2706 505 2778 Πατὴρ
535 2704 600 2773 ἦν
636 2705 664 2759 6
696 2703 1070 2778 ἀποκαλύψας·
1132 2701 1276 2779 λέγει
1334 2704 1435 2781 γὰρ
1496 2707 1524 2759 6
1585 2708 1803 2781 Σωτήρ·
1846 2711 1965 2761 Μα-

308 2797 505 2871 κάριος
537 2794 601 2866 εἴ,
639 2794 820 2868 Σίμων
880 2798 1152 2869 Βαριωνᾶ,
1212 2795 1296 2848 ὅτι
1356 2793 1483 2869 σὰρξ
1540 2794 1632 2849 καὶ
1684 2798 1821 2867 αἷμκ
1865 2795 1964 2850 οὐκ

310 2881 625 2957 ἂπεκάλυψέ
666 2903 772 2938 σοι·
831 2881 959 2938 ἀλλ’
1012 2883 1041 2936 ὁ
1102 2884 1288 2957 Πατήρ
1354 2904 1459 2955 μου
1515 2884 1542 2938 6
1601 2882 1652 2937 ἐν
1710 2889 1827 2947 τοῖς
1862 2885 1958 2940 οὖ-

307 2978 496 3045 ρανοῖς
549 2973 612 3030 Ὀ
667 2972 844 3027 τοίνυν
902 2970 1182 3046 γνωρίζων
1231 2970 1325 3026 τὸν
1387 2971 1582 3047 Κύριον
1639 2974 1798 3046 ἡμῶν
1853 2974 1959 3043 Ἰη-

308 3067 433 3117 σοῦν
467 3063 698 3138 Χριστὸν
748 3062 840 3116 τὸν
895 3061 1019 3115 Υἱὸν
1054 3063 1152 3115 τοῦ
1210 3065 1367 3129 Θεοῦ,
1419 3067 1519 3131 τῆς
1556 3063 1958 3136 μακαριότητος

310 3151 550 3228 μετέχει·
587 3153 614 3206 6
648 3149 705 3206 δὲ
734 3150 1070 3227 ἀρνούμενος
1099 3151 1192 3205 τὸν
1240 3151 1368 3206 Υίὸν
1397 3155 1495 3206 τοῦ
1525 3156 1681 3225 Θεοῦ,
1715 3149 1957 3218 δείλαιός

306 3240 419 3297 ἔστι
449 3241 538 3295 καὶ
573 3240 786 3305 ἄθλιος.

383 3420 455 3475 Δ’.
506 3419 632 3473 Υίὸν
694 3415 752 3472 δὲ
806 3416 972 3472 πάλιν
1035 3398 1273 3488 ἀκοόων,
1355 3419 1431 3489 μή
1501 3424 1959 3495 καταχρηστικῶς

311 3507 475 3564 ἄκουε
509 3509 696 3581 μόνον·
732 3505 880 3563 ἀλλὰ
911 3506 1033 3561 Υἱὸν
1066 3506 1310 3578 ἀληθῶς,
1357 3508 1482 3563 Υἱὸν
1516 3509 1763 3584 φυσικὸν,
1798 3508 1960 3587 ἄναρ-

307 3617 411 3674 χον
472 3600 568 3669 (4)⁶
630 3595 730 3650 οὐκ
787 3593 846 3650 ἐκ
899 3593 1147 3658 δουλείας
1206 3596 1280 3658 εἰς
1335 3599 1623 3671 προκοπὴν
1692 3599 1960 3663 υἱοθεσίας

192 3716 203 3719 ⁴
301 3685 555 3755 ἐλθόντα,
614 3683 761 3740 ἆλλᾶ
818 3684 940 3739 Υἱὸν
994 3684 1076 3739 ἀεὶ
1132 3686 1458 3760 γεννηθέντα
1508 3688 1586 3759 (5)
1638 3686 1959 3764 ἀπεριεργά-

2070 1913 2367 1986 ignorare,
2400 1927 2506 1983 per
2535 1927 2712 1983 quem
2744 1910 3043 1966 mirabilia
3073 1910 3339 1981 patratis.
3364 1911 3409 1945 ⁸⁹
3432 1910 3720 1967 Omnibus

2070 2008 2271 2057 autem
2300 2000 2688 2056 reticentibus
2720 2000 3033 2071 (humanas
3082 1999 3241 2054 enim
3288 1999 3440 2055 vires
3472 1999 3720 2055 excede-

2069 2092 2171 2147 bat
2198 2089 2544 2163 hujusmodi
2577 2089 3047 2159 documentum),
3078 2089 3287 2143 Petrus
3318 2088 3723 2160 apostolorum

2070 2184 2349 2255 princeps
2380 2186 2440 2235 et
2465 2197 2780 2252 supremus
2811 2178 3088 2234 Ecclesiaa
3134 2196 3349 2250 przeco,
3394 2196 3514 2234 non
3552 2179 3726 2234 adin-

2070 2276 2245 2327 vento
2306 2286 2581 2325 sermone
2640 2286 2804 2337 usus,
2855 2284 3049 2338 neque
3096 2268 3359 2323 humano
3404 2284 3725 2339 persuasus

2070 2360 2407 2425 ratiocinio,
2445 2357 2547 2413 sed
2578 2358 2847 2412 immissa
2878 2357 3062 2413 menti
3094 2374 3129 2413 a
3158 2359 3328 2412 Patre
3360 2357 3493 2412 luce
3523 2357 3723 2429 perfu-

2075 2466 2195 2516 sus,
2231 2448 2375 2503 dicit
2404 2448 2477 2502 ad
2509 2448 2704 2518 ipsum
2730 2463 2743 2502 :
2783 2449 2861 2501 Tu
2890 2463 2942 2502 es
2964 2447 3251 2509 Christus;
3280 2462 3475 2516 neque
3498 2446 3557 2500 id
3580 2446 3724 2500 sim-

2072 2538 2325 2611 pliciter,
2361 2536 2485 2603 sed,
2518 2538 2692 2590 Filius
2722 2536 2823 2591 Dei
2850 2537 3077 2591 viventis
3098 2534 3163 2592 ⁸ο.
3188 2537 3257 2589 Et
3276 2535 3474 2590 statim
3506 2534 3727 2605 adjun;

2072 2628 2230 2701 gitur
2252 2626 2391 2681 huic
2421 2625 2595 2680 verbo
2625 2625 2925 2680 beatitatis
2974 2624 3345 2680 denuntiatio
3376 2624 3527 2693 (vere
3559 2624 3721 2678 enim

2073 2717 2335 2772 humano
2395 2720 2571 2785 captu
2620 2716 2895 2786 superius
2944 2715 3113 2785 erat),
3148 2719 3207 2768 et
3253 2712 3540 2785 signaculi
3590 2712 3721 2767 loco

2073 2804 2393 2861 declaratio
2424 2805 2572 2871 haac,
2606 2804 2763 2874 quod
2796 2806 2970 2858 Pater
3017 2808 3173 2857 esset
3210 2803 3310 2873 qui
3342 2801 3719 2856 revelaverat.

2072 2889 2224 2944 Dicit
2253 2888 2415 2943 enim
2446 2887 2745 2941 Salvator:
2791 2908 2818 2935 «
2850 2886 3063 2940 Beatus
3093 2902 3178 2951 es,
3213 2884 3415 2941 Simon
3446 2884 3722 2956 Barjona,

2070 3000 2099 3028 «
2133 2978 2273 3048 quia
2303 2992 2438 3031 caro
2470 2980 2529 3030 et
2557 2974 2798 3046 sanguis
2820 2991 2940 3028 non
2963 2973 3242 3029 revelavit
3261 2972 3392 3042 tibi,
3421 2973 3524 3028 sed
3551 2975 3724 3029 Pater

2071 3090 2099 3117 ‹‹
2123 3083 2293 3121 meus
2318 3065 2419 3136 qui
2439 3065 2499 3118 in
2518 3063 2680 3119 caelis
2702 3068 2790 3117 est
2805 3061 2875 3116 δι.
2900 3084 2925 3111 ι)
2945 3063 3222 3133 Quisquis
3239 3062 3439 3133 itaque
3460 3064 3729 3135 agnoscit

2074 3156 2391 3211 Dominum
2441 3157 2713 3208 nostrum
2757 3153 2959 3206 Jesum
3010 3150 3308 3206 Christum
3352 3150 3566 3206 Filium
3598 3152 3724 3218 Dei,

2073 3245 2369 3317 particeps
2402 3244 2470 3299 ﬁt
2496 3241 2924 3308 beatitudinis;
2966 3241 3069 3312 qui
3115 3256 3252 3296 vero
3301 3245 3479 3313 negat
3508 3241 3724 3295 Filium

2074 3335 2199 3403 Dei,
2232 3333 2437 3389 infelix
2467 3337 2526 3387 et
2555 3329 2931 3386 miserandus
2962 3334 3064 3385 est.

2141 3426 2233 3480 IV.
2266 3423 2481 3478 Filium
2509 3422 2727 3476 iterum
2759 3436 2894 3475 cum
2916 3419 3106 3486 audis,
3130 3435 3204 3475 ne
3231 3417 3471 3475 abusive
3498 3418 3718 3475 solum-

2070 3511 2248 3568 modo
2281 3511 2504 3566 dictum
2534 3514 2680 3580 puta
2706 3525 2720 3575 ;
2751 3506 2797 3541 ⁶²
2832 3506 2935 3562 sed
2966 3507 3156 3562 ﬁlium
3195 3524 3349 3577 vere,
3385 3506 3576 3561 filium
3607 3523 3716 3563 na—

2068 3600 2345 3666 turalem,
2376 3598 2531 3653 initii
2557 3601 2856 3667 expertem
2884 3612 2897 3649 :
2929 3612 3049 3650 non
3074 3613 3145 3651 ex
3166 3596 3444 3655 servitute
3476 3595 3550 3651 ad
3582 3612 3715 3668 gra-

2070 3690 2210 3745 dum
2240 3686 2575 3759 adoptionis
2608 3689 2871 3741 evectum
2897 3702 2911 3753 ;
2946 3684 3049 3739 sed
3090 3683 3305 3739 Filium
3335 3684 3410 3740 ad
3440 3685 3604 3741 omni
3636 3702 3715 3739 ae-

381 3803 657 3877 1‘f’ihiatth.
686 3805 919 3877 ἔνια-3.
952 3801 1000 3836 ⁵⁸
1030 3801 1173 3858 ibid.
1210 3803 1298 3858 14.
1326 3801 1375 3837 ⁵9
1410 3804 1538 3861 Vid.
1571 3812 1677 3860 cat.
1713 3808 1767 3873 6,
1796 3823 1853 3863 η.
1889 3811 1953 3864 15

2072 3814 2161 3863 :at.
2223 3806 2309 3874 14,
2365 3820 2423 3857 η.
2488 3803 2593 3870 27;
2653 3808 2761 3857 cat.
2817 3801 2905 3867 17,
2945 3817 3002 3854 n.
3044 3803 3131 3856 27.
3164 3798 3212 3833 ⁶⁰
3242 3800 3443 3855 Matth.
3476 3816 3592 3866 xw,
3629 3801 3714 3854 16ο

296 3876 341 3913 σι
378 3876 522 3932 ibid.
561 3876 648 3929 t7.
680 3874 726 3909 ω
766 3874 888 3930 Vid.
919 3880 1029 3930 cat.
1063 3878 1116 3943 7,
1145 3891 1205 3931 n.
1240 3877 1292 3930 5.

378 4005 451 4076 (l)
484 3999 651 4076 Αὐτρν
684 3994 979 4076 Χριστόνη
1001 4000 1180 4076 Deest
1228 4019 1351 4076 vox,
1398 4002 1630 4076 Χριστόν
1666 4004 1727 4060 in
1761 4006 1959 4067 Grod.,

309 4081 371 4150 at
403 4072 681 4150 in_codd.
705 4072 916 4150 lloe_et_:
944 4072 1192 4150 Casaub.
1242 4072 1495 4150 legitur:
1536 4073 1697 4129 αὐτὸν
1728 4077 1959 4150 Χριστὸν

305 4146 402 4201 τὸν
434 4144 557 4198 Υἱὸν
589 4146 685 4198 τοῦ
718 4146 852 4197 Θεοῦ
887 4142 1274 4214 ὀνομάσαντος.
1306 4142 1512 4202 Patres
1546 4164 1614 4203 ex
1646 4142 1964 4205 consuetu-

308 4219 451 4275 dine
482 4218 732 4272 nomina
764 4216 909 4290 filiis
931 4215 1221 4270 indidisse
1253 4218 1421 4273 testis
1455 4220 1631 4290 Cyril.
1664 4221 1853 4289 Alex.,
1886 4225 1963 4277 De

305 4296 456 4346 recta
482 4290 591 4358 ﬁde
620 4290 693 4343 ad
727 4287 1012 4359 Theodos.,
1044 4304 1102 4359 p.
1135 4290 1223 4342 26.

381 4362 458 4431 (2)
483 4356 646 4431 Τότε.
679 4360 739 4414 F.
771 4356 924 4431 ποτέἶ

378 4429 455 4503 (3)
490 4429 768 4505 Λέγουσιν,
802 4430 1058 4505 Additur
1114 4429 1176 4484 in
1234 4429 1406 4485 codd.
1463 4433 1582 4487 Roe
1623 4437 1681 4505 et
1710 4433 1957 4489 Casaub.

305 4501 467 4559 utin
498 4501 834 4575 Evangelio,
879 4501 935 4575 οἰ
994 4501 1293 4570 ἄνθρωποι·
1323 4505 1605 4575 Οαθηιίτηε
1634 4504 1824 4559 dicunt
1855 4506 1957 4559 ho:

308 4580 502 4640 mines,
537 4582 649 4630 etc.
685 4576 863 4637 Infra,
905 4574 1035 4628 loco
1081 4576 1197 4643 Θεῷ
1244 4576 1377 4626 Θεοῦ
1409 4574 1536 4628 cod.
1573 4576 1748 4630 Coisl.
1784 4576 1964 4631 habet

2073 4021 2132 4060 n.
2160 4006 2249 4071 26,
2277 4007 2387 4059 art.
2412 4000 2678 4069 3,mu1tis
2699 3998 3041 4071 depugnant
3061 4014 3135 4053 ne
3156 3996 3339 4051 Filius
3362 3992 3600 4123 EivaExoc
3629 3994 3715 4050 di-

2073 4082 2258 4123 natur-
2299 4076 2515 4123 Contra
2544 4071 2852 4123 Catholici.
2912 4071 2997 4123 uti
3053 4068 3432 4123 Athanasius.
3513 4068 3715 4123 ninba-

2072 4068 2258 4133 catur.
2299 4076 2515 4130 Contra
2544 4068 2883 4138 Catholici,'
2912 4071 2997 4124 uti
3053 4068 3432 4139 Athanasius,
3464 4068 3717 4139 Epipha-

2072 4149 2228 4215 nius,
2263 4152 2320 4200 et
2351 4147 2451 4216 qui
2484 4144 2620 4216 illos
2643 4135 2849 4216 secuti,
2876 4142 3088 4196 Filium
3111 4140 3333 4216 passim
3363 4135 3599 4216 elapin
3633 4139 3717 4193 in-

2072 4211 2637 4288 clamant-Cyrinus
2668 4214 3088 4288 equidem-cat.
3116 4211 3188 4281 ’4,
3223 4228 3279 4266 n.
3310 4213 3366 4288 4,
3398 4211 3589 4288 Patris
3609 4226 3713 4288 _re-

2071 4306 2324 4347 censens
2366 4280 2651 4342 attributa
2696 4280 2759 4339 in
2809 4285 2911 4357 eis,
2945 4280 3182 4357 ἄναρχον
3210 4283 3418 4357 ponit,
3451 4290 3510 4337 et
3537 4281 3712 4357 infra,

2069 4379 2127 4418 n.
2155 4363 2487 4426 20,Patrem
2511 4358 2638 4428 sine
2662 4356 2956 4427 principio
2979 4353 3491 4428 Fili'i'principium
3514 4353 3712 4428 tradit:

2070 4424 2256 4506 ’Apxi)
2277 4429 2534 4506 cosmoe
2565 4424 2800 4506 ἄναρχος
2843 4424 2886 4506 ὅ.
2916 4424 3291 4506 {lania—Ipse
3321 4424 3714 4506 nihilominus

2069 4496 2358 4560 in'e'bdem
2383 4502 2513 4558 loco
2532 4496 2684 4556 vetat
2701 4496 3061 4572 principium
3075 4496 3432 4569 temporale,
3449 4496 3715 4572 χρονικήν

2070 4577 2269 4659 ὀιρχῄν,
2294 4574 2440 4630 Filio
2466 4574 2665 4659 tribui,
2694 4568 2753 4627 et
2773 4572 2882 4626 hoc
2897 4568 3180 4659 “praesenti
3193 4568 3488 4659 humero,
3502 4568 3714 4659 Filium

304 4647 423 4715 ι’ἱῷ
456 4646 608 4708 Θεοῦ,
640 4648 741 4701 Dei
767 4647 900 4715 ﬁlio.
938 4647 1056 4719 Boe
1090 4640 1181 4719 et;
1203 4645 1476 4719 Casaub.,
1536 4649 1651 4715 Θεῷ
1706 4647 1795 4699 καὶ
1828 4650 1959 4700 Θεοῦ

2072 4640 2425 4719 (11.316;qu
2468 4652 2527 4700 et
2582 4645 2738 4719 ultra
2794 4640 2972 4719 omne
3018 4641 3375 4719 prin_cipium
3407 4640 3712 4719 exsistere,

310 4721 667 4793 p_ovoy.,_Deo
699 4724 751 4793 et
787 4718 879 4771 Dei
924 4717 1084 4793 Filio.
1143 4716 1318 4793 Crod.
1371 4721 1733 4793 nequeeei‘p,
1768 4735 1962 4789 neque

303 4790 418 4860 Υἱῷ
448 4789 608 4862 legit,
643 4789 747 4863 sed
778 4793 1009 4843 tantum
1040 4790 1172 4863 esas
1198 4793 1501 4863 μονογενεῖ,
1534 4790 1713 4863 Magis
1746 4808 1953 4847 conve.

302 4863 435 4917 nire
466 4860 696 4915 videtur
724 4861 854 4915 loco
882 4866 945 4913 ut
976 4860 1270 4914 scribatur
1299 4861 1429 4930 Υἰῷ.

374 4936 449 5003 (4)
482 4936 783 5006 ’ζΑναρχον.
814 4933 996 5006 Deest
1028 4947 1236 5006 eo_vox
1266 4932 1345 5006 in,
1372 4931 1542 5006 codd.
1570 4931 1776 5001 Coisl.,
1809 4935 1949 4998 Boe,

305 5004 555 5061 Casaub.
592 5003 854 5059 et’Grod.
887 5019 1009 5056 non
1041 5003 1233 5057 solum
1291 5004 1406 5069 hic,
1442 5003 1544 5059 sed
1577 5005 1755 5060 etiam
1788 5022 1952 5060 num.

302 5078 359 5145 5,
396 5080 424 5130 7
462 5082 519 5131 et
550 5078 637 5142 13,
671 5075 919 5129 inferius
950 5074 1049 5128 ubi
1082 5075 1387 5145 repetitur.
1422 5075 1565 5130 Cum
1603 5092 1672 5131 ea
1699 5094 1806 5131 vox
1837 5076 1954 5131 duo

304 5148 618 5219 signiﬁcet,
653 5147 763 5212 vel,
795 5148 912 5219 sine
934 5146 1219 5219 principio
1241 5148 1515 5218 temporis.
1540 5148 1630 5201 vel
1660 5150 1776 5202 sine
1791 5151 1952 5218 prin-

304 5217 451 5289 cipio
468 5220 724 5288 originis,
745 5218 887 5272 scite
911 5217 1284 5271 observatum
1309 5217 1397 5272 est
1416 5234 1451 5273 a
1474 5220 1640 5290 Greg.
1668 5217 1951 5290 Nysseno,

303 5291 409 5346 lib.
441 5308 454 5344 ι
488 5297 629 5346 cont.
666 5292 923 5354 Eunom.,
948 5304 1078 5360 pag.
1103 5291 1225 5351 382,
1246 5290 1473 5344 ratione
1500 5290 1755 5360 duplicis
1778 5291 1954 5359 hujus

305 5361 762 5429 significationis
792 5360 1003 5414 Filium
1034 5366 1272 5433 ἀναρχον
1298 5360 1600 5433 άίϐίῨᾸΠΧῐίΙ
1632 5362 1718 5416 vel
1751 5362 1951 5432 negari

301 5451 499 5506 posse.
529 5434 653 5506 Arii
677 5433 1256 5506 documentumerat
1271 5432 1427 5506 apud
1450 5434 1688 5506 Athan,
1715 5434 1951 5506 Desyn.,

302 5503 363 5561 ᾖ.
403 5509 488 5571 16,
523 5505 582 5558 id
614 5504 963 5559 attributum
1017 5503 1125 5557 soli
1168 5503 1325 5558 Patri
1376 5504 1709 5559 convenire.
1744 5504 1952 5567 Ἔστιν,

304 5578 607 5658 inqbiunt,
640 5573 877 5658 ἄναρχος
939 5575 1273 5646 μονώτατος.
1307 5576 1636 5658 Orientales
1669 5576 1952 5658 episcOpi,

301 5647 661 5719 quibuscum
693 5647 946 5718 Cyrillus
969 5664 1133 5719 saepe
1172 5649 1467 5715 convenit,
1501 5649 1562 5703 in
1594 5647 1851 5703 formula
1878 5647 1953 5704 ad

298 5717 703 5778 occidentales
736 5717 1085 5775 transmissa
1124 5719 1282 5791 apud
1337 5720 1580 5791 Atham,
1638 5720 1768 5777 loco
1828 5719 1951 5790 cit.,

2074 4711 2523 4796 ὑπεράνωᾟτάσης
2575 4715 2753 4789 ἀρχῆς
2802 4711 3109 4796 τυγχοίγων.
3142 4715 3224 4767 Ex
3254 4728 3370 4782 quo
3403 4711 3715 4781 consequi-

2067 4784 2187 4857 tur,
2218 4807 2352 4845 eum
2383 4784 2625 4857 ratione:
2644 4784 2928 4857 temporis
2950 4784 3195 4857 Αᾶναρχον
3241 4799 3388 4857 esse.

2243 4860 2378 4932 ’Aeid
2409 4855 2746 4932 γεννηθέντα.
2768 4851 2786 4857 ’
2809 4855 2985 4911 Codd.
3041 4851 3159 4911 Rb‘e
3218 4860 3276 4908 et
3325 4853 3597 4932 Casaub.,
3631 4851 3712 4932 ἀεὶ

2061 4926 2319 5005 γεννήτὸν
2352 4926 2508 5005 ὄντα,
2532 4932 2629 5000 qui
2675 4930 2750 5005 ab
2799 4934 3010 5005 a’terno
3048 4933 3251 5005 estres
3299 4928 3505 5005 genita.
3555 4926 3714 5005 Inter

2062 4993 2151 5058 ἐαὶ
2181 4993 2235 5058 et
2268 4993 2638 5071 ἀκαταλιιςτὲτῳ
2672 5000 2913 5069 irrepsit
2941 4999 3024 5071 in!
3054 4998 3228 5071 editis
3253 4993 3368 5071 vox
3394 4993 3707 5071 ἀνελθόντα,

2064 5093 2243 5148 quam
2258 5068 2902 5148 eliminavimus,j_uxta_
2922 5069 3092 5148 codd.
3118 5068 3317 5148 Coisl.,
3341 5068 3709 5148 Ottob_.,Roe,

2063 5139 2335 5211 Casaub.,
2370 5145 2542 5199 Grod.
2581 5146 2697 5197 Vox
2734 5139 2821 5193 ίάεί
2857 5142 3189 5213 signiﬁcare
3220 5146 3414 5211 potest
3441 5139 3531 5194 vel
3561 5157 3708 5196 sem-

2054 5235 2180 5289 per,
2212 5224 2278 5272 ut
2309 5216 2578 5288 designet
2606 5213 2861 5289 Cyrillus
2912 5212 3082 5268 Verbi
3113 5212 3555 5289 generationem
3588 5228 3711 5267 non

2065 5283 2247 5345 semel
2280 5283 2613 5343 absolhtam
2641 5283 2699 5341 et
2731 5285 2960 5339 finitam
3010 5283 3159 5347 esse,
3208 5283 3310 5338 sed
3340 5290 3708 5409 perpetuam,

2065 5377 2195 5409 num
2231 5376 2465 5409 semper
2486 5376 2553 5409 ac
2585 5357 2864 5409 continuo
2891 5362 3240 5409 peragatur:
3271 5372 3333 5408 ve
3386 5357 3453 5409 ab
3482 5362 3707 5409 aeterno.

2065 5377 2195 5432 quae
2231 5376 2465 5429 semper
2486 5376 2553 5414 ac
2585 5357 2864 5432 continuo
2891 5362 3204 5432 peragatur
3228 5372 3240 5409 :
3271 5357 3359 5432 vel
3386 5357 3453 5409 ab
3482 5362 3707 5432 aeterno,

2062 5427 2128 5487 ut
2146 5427 2589 5497 generationem
2612 5429 2822 5483 Christi
2845 5427 3076 5483 nullum
3102 5427 3384 5497 temporis
3404 5427 3709 5481 exordium

2062 5503 2339 5559 habuisse
2363 5503 2536 5557 dicat.
2560 5502 2729 5555 Prior
2746 5517 2957 5554 sensus
2983 5500 3308 5555 catholicus
3329 5503 3419 5553 est
3439 5504 3497 5552 et
3517 5514 3705 5563 verus,

2062 5592 2173 5630 nec
2201 5581 2398 5629 tamen
2422 5575 2516 5628 hic
2539 5590 2571 5628 a
2592 5572 2807 5643 Cyrillo
2832 5578 3166 5642 respectum
3191 5571 3362 5643 illum
3386 5574 3546 5643 puto,
3573 5584 3705 5643 cum

2062 5646 2275 5704 nullibi
2307 5646 2378 5700 de
2411 5662 2477 5701 eo
2509 5635 2702 5700 dicat:
2738 5645 2838 5699 sed
2863 5635 3189 5718 saepissime
3212 5640 3368 5711 apud
3388 5635 3593 5718 ipsum
3628 5635 3707 5715 ἀεί

2062 5719 2357 5793 signiﬁcat
2382 5720 2451 5775 ab
2480 5720 2632 5774 omni
2675 5706 2997 5787 aeternitate.
3044 5718 3125 5770 Ex
3172 5706 3505 5768 innumeris
3556 5706 3703 5761 locis
