4132 6266
395 344 516 406 697

1135 344 1622 408 CATECHESIS
1667 343 1776 407 XI.
1822 343 1927 406 DE
1970 342 2181 404 FILIO
2222 340 2352 404 DEI
2396 340 2848 415 UNIGENITO,
2892 342 3064 403 ETC.

3692 347 3811 409 69.

397 471 774 534 ὑποϐάλλεται
831 477 953 533 οὕτε
999 478 1176 551 τόπῳ,
1259 476 1383 533 οὔτε
1453 473 1877 554 γενεαλογεῖταιο
1938 475 2032 544 Tir

2170 479 2278 543 est,
2312 478 2370 531 et
2398 475 2651 548 tempori
2680 474 3015 547 subjicitur,
3047 480 3106 531 et
3133 481 3552 547 contractatur,
3585 484 3645 534 et
3673 497 3807 552 pro-

395 568 502 643 γὰρ
554 569 738 643 γενεὰν
788 566 953 622 αὐτοῦ
1007 567 1091 630 τίς
1149 565 1466 642 διηγήσεται
1501 585 1516 635 ;
1550 570 1769 639 Πνεῦμα
1821 567 1851 620 6
1898 563 2049 627 Θεός·

396 658 427 711 6
458 661 676 729 πνεῦμα
704 652 803 726 ὤν,
854 660 1236 730 πνευματικῶς
1298 655 1581 732 ἐγέννησεν
1630 655 1706 717 ὡς
1760 655 2050 728 ἀσώματος

395 746 816 820 ἀπεριέργαστον
873 746 962 800 καὶ
1031 742 1420 815 ἀκατάληπτον
1501 743 1748 820 γέννησιν
1834 749 1932 813 (1).
1993 744 2050 798 '0

393 835 520 896 Υἰὸς
578 834 740 897 αὐτὸς
794 833 941 911 λέγει
1002 835 1128 909 περὶ
1197 839 1296 890 τοῦ
1374 834 1602 911 Πατρός’
1680 833 1877 910 Κύριος
1933 833 2049 887 εἶπε

393 925 533 999 πρὸς
567 924 654 997 μέ’
691 923 814 986 Υἱός
850 945 956 997 μου
987 926 1037 979 εἷ
1065 923 1151 993 σὺ,
1181 923 1289 1000 ἐγὼ
1320 924 1563 998 σήμερον
1622 922 1920 999 γεγέννηκά
1965 942 2042 977 σε.

389 1014 460 1069 Τὸ
485 1011 564 1080 δὲ,
598 1015 841 1089 σήμερον
897 1016 999 1087 (2),
1049 1013 1112 1068 οὐ
1164 1009 1495 1091 πρόσφατον,
1548 1010 1675 1068 ἀλλ’
1723 1008 1926 1066 ἀΐδιον·
1956 1011 2040 1081 τὸ,

388 1104 656 1178 σήμερον,
690 1099 955 1177 ἄχρονον,
983 1102 1091 1177 πρὸ
1120 1100 1337 1157 πάντων
1368 1105 1477 1157 τῶν
1509 1099 1743 1155 αἰώνων
1780 1100 1876 1157 Ἐκ
1901 1118 2041 1173 γασ-

380 1192 510 1266 τρὸς
542 1192 650 1263 πρὸ
681 1190 965 1267 ἑωσφόρου
996 1188 1255 1264 ἐγέννησα
1285 1210 1363 1249 σε.

2163 565 2391 636 sapiam
2417 565 2596 620 habet
2623 581 2754 636 quae
2785 569 3166 620 recensentur
3188 582 3200 619 :
3226 567 3384 637 quod
3412 585 3548 623 vero
3592 576 3684 625 est
3714 588 3805 626 se-

2162 654 2424 709 cundum
2451 654 2752 723 deitatem,
2801 670 2996 725 neque
3058 656 3307 726 tempori
3365 656 3687 714 obnoxium
3719 666 3810 716 est

2160 759 2356 815 neque
2389 744 2540 809 loco,
2572 759 2767 814 neque
2824 759 3010 816 genus
3062 743 3241 799 habet
3289 746 3449 815 quod
3505 751 3803 805 recenseri

2154 833 2361 903 possit.
2388 834 2808 889 Generationem
2840 832 3000 886 enim
3048 833 3168 901 ejus
3219 835 3341 903 quis
3386 837 3669 892 enarrabit
3702 838 3747 872 τί
3778 838 3806 894 ?

2155 921 2310 975 Deus
2341 921 2585 992 spiritus
2617 925 2709 975 est
2727 921 2773 955 ⁷³
2808 937 2820 974 :
2855 920 2956 992 qui
2989 920 3233 991 spiritus
3255 927 3363 990 est,
3415 923 3805 994 spiritualiter

2153 1011 2359 1083 genuit
2384 1010 2470 1065 uti
2489 1009 2901 1081 incorporalis,
2931 1009 3324 1083 investigabili
3382 1016 3440 1065 et
3469 1013 3805 1087 incompre-

2154 1100 2344 1154 hensa
2371 1099 2772 1172 generatione.
2807 1096 2854 1133 ⁷⁸
2875 1098 3055 1153 Filius
3098 1099 3227 1169 ipse
3274 1099 3345 1154 de
3399 1104 3565 1157 Patre
3614 1103 3802 1160 dicit:

2157 1190 2416 1244 Dominus
2445 1189 2594 1243 dixit
2622 1188 2697 1243 ad
2724 1205 2807 1243 me
2834 1204 2853 1242 :
2885 1186 3061 1243 Filius
3108 1205 3257 1243 meus
3295 1205 3347 1245 es
3377 1196 3457 1259 tu,
3490 1208 3590 1261 ego
3642 1192 3805 1248 hodie

374 1284 542 1354 genui
571 1289 624 1337 te
652 1282 728 1337 διε
754 1281 925 1348 illud,
958 1282 1142 1350 hodie,
1171 1297 1297 1337 non
1321 1297 1552 1352 recens,
1587 1281 1692 1338 sed
1723 1280 2154 1353 sempiternum
2188 1294 2202 1332 :
2236 1278 2395 1333 hodie
2426 1277 2712 1349 temporis
2743 1292 2976 1348 expers,
3008 1281 3145 1332 ante
3176 1279 3381 1334 omnia
3439 1280 3680 1339 saacula.
3713 1285 3805 1338 Ea:

380 1380 538 1428 utero
568 1378 692 1427 ante
725 1371 1020 1441 luciferum
1047 1373 1215 1442 genui
1245 1377 1298 1426 te
1325 1370 1391 1424 ⁷⁵.

455 1459 517 1527 ζ’.
548 1457 838 1512 Πίστευσον
893 1457 1077 1513 τοίνυν
1159 1456 1238 1520 εἷς
1304 1458 1515 1528 Ἰησοῦν
1600 1456 1827 1533 Χριστὸν
1914 1454 2038 1510 Υἱὸν

379 1550 518 1603 Θεοῦ
551 1550 775 1616 ζῶντος,
833 1546 958 1601 Υἱὸν
1017 1543 1076 1601 δὲ
1137 1553 1435 1622 μονογενῆ,
1484 1545 1620 1602 κατᾶ
1672 1545 1737 1601 τὸ
1796 1543 2038 1620 Εόαγγέ-

379 1634 527 1705 λιον,
583 1637 647 1691 τὸ
701 1635 890 1711 λέγον·
967 1635 1126 1693 Οὕτω
1181 1636 1284 1711 γὰρ
1341 1636 1623 1711 ἠγάπησεν
1674 1636 1704 1690 6
1771 1634 1903 1698 Θεὸς
1946 1633 2040 1689 τὸν

376 1724 610 1798 κόσμον,
671 1724 811 1781 ὥστε
864 1725 957 1780 τὸν
1007 1724 1132 1780 Υἳὸν
1194 1723 1359 1780 αὐτοῦ
1410 1725 1504 1780 τὸν
1576 1730 1844 1802 μονογενῆ
1897 1719 2037 1778 E80)-

2223 1456 2313 1511 VI.
2345 1454 2527 1509 Crede
2549 1454 2751 1526 itaque
2790 1454 2852 1508 in
2897 1455 3081 1509 Jesum
3137 1454 3418 1511 Christum
3469 1456 3673 1513 Filium
3702 1460 3804 1515 Dei

2151 1543 2425 1613 viventis,
2454 1543 2671 1598 Filium
2691 1558 2828 1597 vero
2850 1544 3215 1612 unigenitum,
3232 1544 3405 1615 juxta
3420 1546 3801 1618 Evangelium

2152 1633 2312 1705 quod
2342 1631 2488 1688 dicit
2510 1648 2568 1687 :«
2591 1631 2683 1687 Sic
2718 1632 2879 1686 enim
2897 1631 3107 1686 dilexit
3136 1633 3291 1687 Deus
3315 1634 3698 1704 mundum,ut
3713 1638 3800 1692 Fi-

2154 1744 2183 1773 ‹‹
2215 1721 2366 1777 lium
2388 1736 2561 1776 suum
2583 1720 2957 1793 unigenitum
3006 1720 3267 1787 dederit;
3291 1726 3358 1775 ut
3405 1721 3507 1792 qui
3528 1723 3716 1779 credit
3733 1726 3798 1782 in

375 1787 499 1869 κεν*¹
564 1787 660 1869 ἵνα
745 1815 774 1869 6
855 1812 1128 1869 πιστεύων
1205 1813 1284 1878 εἷς
1359 1813 1517 1869 αὐτὸν
1577 1787 1657 1887 μὴ
1728 1787 2032 1884 απόληται,

2149 1832 2179 1862 ‹‹
2212 1812 2407 1884 ipsum
2438 1826 2559 1866 non
2588 1814 2813 1883 pereat,
2849 1810 2954 1866 sed
2989 1810 3205 1867 habeat
3232 1810 3411 1866 vitam
3428 1817 3713 1869 aeternam
3733 1814 3797 1870 ⁷⁸.

376 1904 507 1959 ἀλλ’
564 1899 671 1979 ἔχῃ
735 1903 882 1973 ζωὴν
942 1903 1188 1958 αἰώνιον
1243 1904 1332 1959 καὶ
1406 1901 1596 1958 πάλινο
1655 1903 1718 1960 Ὀ
1765 1901 2035 1958 πιστεύων

375 1992 454 2055 εἰς
510 1992 605 2048 τὸν
660 1993 810 2063 new,
866 1994 933 2047 οὗ
990 1993 1253 2068 κρίνεται,
1313 1991 1460 2048 ἀλλὰ
1541 1986 1906 2066 μεταϐέϐηκεν
1971 1991 2032 2047 ἐκ

371 2087 471 2139 τοῦ
492 2082 723 2137 θανάτου
755 2082 831 2146 εἷς
877 2082 977 2150 τήν
1040 2084 1209 2153 ζωήν·
1272 2083 1301 2137 6
1359 2078 1416 2137 δὶ
1472 2080 1707 2137 ἀπειθῶν
1765 2085 1845 2152 τῷ
1892 2082 2028 2155 Υἱῷ,

377 2171 478 2227 οὐκ
500 2167 688 2245 ὄψεται
731 2171 832 2239 τήν
869 2171 1039 2242 ζωὴν,
1097 2169 1225 2226 ἀλλ’
1284 2173 1320 2240 ἡ
1382 2170 1519 2246 ὀργὴ
1574 2175 1677 2226 τοῦ
1736 2174 1870 2225 Θεοῦ
1933 2172 2028 2244 μέ-

373 2282 453 2317 νει
537 2259 621 2315 ἐπ’
705 2259 890 2332 αὐτὸν,
939 2259 1025 2315 ὅτι
1109 2258 1210 2315 οὐκ
1267 2259 1572 2315 ἐπίστευσεν
1625 2259 1703 2322 εἷς
1754 2260 1846 2315 τὸν
1904 2259 2027 2316 Υἱὸν

370 2355 470 2406 τοῦ
501 2353 638 2405 Θεοῦ
670 2349 763 2404 τὸν
802 2352 1096 2425 μονογενῆ.
1132 2350 1262 2424 Περὶ
1308 2350 1372 2404 οὗ
1433 2352 1720 2425 μαρτυρῶν
1754 2350 1781 2404 6
1840 2349 2028 2407 Ἰωάν-

370 2461 475 2510 νης
552 2434 723 2512 ἔλεγε·
812 2438 916 2493 Καὶ
1007 2436 1338 2510 ἐθεασάμεθα
1417 2440 1517 2508 τήν
1596 2435 1753 2512 δόξαν
1840 2438 2030 2508 αὐτοῦ,

381 2526 542 2600 δόξαν
592 2527 669 2588 ὠς
727 2529 1068 2601 Μονογενοῦς
1142 2526 1290 2603 παρᾶ
1346 2526 1578 2602 Πατρός·
1635 2524 1861 2602 πλήρης
1922 2529 2029 2603 χά-

384 2634 539 2693 ριτος
613 2615 703 2669 καὶ
786 2613 1067 2685 ἀληθείας
1128 2616 1187 2670 δν
1253 2614 1546 2690 τρέμοντες
1620 2616 1674 2671 οἱ
1756 2613 2029 2691 δαίμονες,

382 2703 599 2778 ἔλεγονο
634 2708 756 2774 Ἔα,
784 2703 837 2759 τί
863 2705 999 2778 ἡμῖν
1026 2704 1117 2759 καὶ
1156 2703 1264 2776 σοὶ,
1297 2705 1480 2776 Ἰησοῦ
1508 2704 1601 2761 Υὶὶ
1625 2708 1727 2761 τοῦ
1771 2709 1906 2761 Θεοῦ
1934 2710 2031 2762 τοῦ

382 2796 585 2862 ζῶντος
615 2815 631 2864 ;

454 2884 525 2939 Z'.
559 2883 682 2948 Υἱὸς
709 2882 889 2939 τοίνυν
914 2887 1015 2938 τοῦ
1055 2887 1192 2940 Θεοῦ
1221 2882 1333 2940 ἐστι
1387 2883 1565 2960 φύσει,
1606 2884 1696 2940 καὶ
1755 2886 1820 2941 οὗ
1865 2885 2029 2959 θέσει,

382 2973 659 3047 γεννηθεὶς
692 2972 752 3028 ἐκ
783 2972 1014 3049 Πατρός.
1072 2973 1176 3030 Καὶ
1235 2974 1266 3028 6
1299 2973 1394 3047 μὲν
1451 2972 1674 3051 ἀγαπῶν
1705 2974 1798 3030 τὸν
1824 2978 2029 3051 γεννή-

2153 1923 2174 1950 α
2200 1903 2272 1956 Et
2291 1915 2481 1955 rursus
2502 1916 2521 1955 :
2544 1900 2650 1965 Qui
2683 1900 2873 1955 credit
2901 1901 2964 1955 in
2992 1899 3228 1967 Filium,
3249 1917 3370 1955 non
3383 1900 3693 1973 judicatur
3713 1904 3756 1940 ⁷⁷
3780 1922 3796 1972 ;

2142 2012 2172 2041 «
2206 1990 2311 2046 sed
2336 1990 2661 2046 translatus
2692 1996 2783 2046 est
2811 2006 2845 2045 a
2865 1995 3056 2045 morte
3086 1990 3148 2045 in
3175 1990 3355 2046 vitam
3373 1988 3441 2046 ⁷⁸.
3465 1992 3574 2056 Qui
3592 1997 3793 2049 autem

2141 2101 2170 2129 «
2204 2097 2325 2135 non
2352 2079 2543 2135 credit
2571 2080 2740 2148 Filio,
2774 2080 2927 2137 I52
2950 2096 3072 2135 non
3103 2079 3325 2135 videbit
3344 2080 3544 2152 vitam,
3579 2082 3683 2138 sed
3704 2083 3793 2139 ira

2147 2191 2169 2221 ι
2193 2170 2294 2224 Dei
2327 2174 2530 2224 manet
2560 2185 2739 2241 super
2764 2185 2901 2224 eum
2930 2169 3146 2242 79,quia
3161 2186 3282 2225 non
3313 2171 3570 2227 credidit
3596 2171 3658 2227 in
3689 2173 3791 2228 Fi-

2141 2281 2170 2311 ‹‹
2201 2260 2350 2315 lium
2380 2260 2483 2315 Dei
2512 2260 2887 2333 unigenitum
2909 2260 2975 2316 ⁸ο.
3012 2282 3041 2311 ››
3080 2262 3161 2316 De
3210 2277 3329 2331 quo
3383 2262 3794 2319 testimonium

2138 2347 2338 2404 ferens
2367 2350 2628 2405 Joannes
2657 2348 2911 2404 dicebat°
2943 2352 3016 2405 Et
3071 2351 3307 2407 vidimus
3362 2352 3598 2421 gloriam
3649 2353 3788 2423 ejus,

2138 2439 2376 2509 gloriam
2398 2442 2559 2510 quasi
2594 2441 2879 2510 Unigeniti
2906 2457 2941 2495 a
2969 2442 3136 2496 Patre
3153 2458 3171 2496 :
3185 2443 3385 2512 plenus
3406 2444 3603 2512 gratiae
3633 2448 3687 2498 et
3702 2460 3788 2498 ve-

2137 2525 2601 2592 ritatis".Quem
2632 2532 2954 2583 trementes
2980 2528 3283 2584 dmmones
3312 2530 3611 2587 dicebant.
3634 2530 3784 2602 Sine,

2140 2616 2279 2688 quid
2301 2616 2457 2671 nobis
2485 2622 2539 2672 et
2564 2617 2688 2687 tibi,
2717 2619 2846 2673 Iesu
2874 2619 2988 2674 Fili
3014 2620 3112 2674 Dei
3140 2621 3373 2676 viventis
3398 2618 3448 2655 ⁸³
3471 2620 3500 2674 ⁴ῑ

2212 2895 2330 2950 VII.
2390 2894 2574 2951 Filius
2625 2895 2807 2969 igitur
2855 2897 2958 2953 Dei
3007 2901 3100 2951 est
3141 2900 3355 2952 natura
3405 2901 3464 2952 et
3504 2913 3629 2953 non
3675 2897 3783 2953 ad-

2139 2982 2402 3054 optione,
2434 2984 2669 3056 genitus
2690 3001 2760 3040 ex
2772 2986 2962 3042 Patre.
2986 2984 3056 3040 Et
3082 2984 3184 3040 ille
3206 2985 3449 3056 quidem
3470 2987 3572 3057 qui
3595 2985 3788 3059 diligit

443 3091 491 3168 Ϊξ
514 3091 649 3168 lsai.
667 3093 877 3168 91112.8.
908 3090 957 3168 7}
983 3092 1147 3147 Joan.
1179 3091 1352 3168 v,2§_.
1402 3090 1479 3168 τζ
1512 3093 1638 3168 ῐζὶἀ.
1696 3095 1835 3163 infr,
1889 3110 1946 3149 n.
2007 3098 2075 3168 7.
2113 3095 2163 3134 7‘
2219 3099 2376 3154 Psal.
2433 3114 2494 3164 ιι,
2554 3102 2607 3155 7.
2664 3099 2711 3134 ⁷⁸
2767 3099 2920 3155 Psal.
2974 3116 3081 3164 cxx,
3139 3102 3189 3157 3.
3247 3098 3294 3136 ⁷⁸
3334 3102 3499 3156 Joan.
3554 3103 3639 3168 ui,
3697 3104 3782 3156 16.

377 3163 422 3198 ⁷⁷
451 3162 596 3288 ibid.
631 3163 718 3220 18.
777 3160 828 3195 ⁷⁸
923 3164 1090 3220 Joan.

377 3251 430 3288 v.
502 3276 515 3288 .

375 3251 431 3304 v,
464 3251 515 3289 Ἰ.

1193 3180 1248 3232 v,
1286 3166 1376 3219 24.
1435 3162 1483 3199 ⁷⁹
1535 3165 1701 3221 Joan.
1736 3162 1816 3235 ιιι,

1915 3168 2003 3221 36.
2035 3166 2084 3202 ⁸ο
2112 3168 2254 3225 ibid.
2286 3172 2371 3227 18.

2474 3168 2519 3205 ⁸¹
2617 3172 2783 3228 Joan.
2816 3188 2853 3243 ι,
2890 3174 2974 3226 14.
3050 3169 3098 3205 θ’
3192 3173 3328 3228 Luc.
3361 3189 3434 3240 ιν,
3467 3174 3535 3227 34
3560 3191 3574 3240 ;
3599 3175 3776 3229 Marc.

593 3346 1041 3432 Ἀπεριέργαστον
1095 3350 1191 3432 καί
1226 3422 1237 3432 .
1271 3347 1696 3432 δικατᾴληπτονη
1755 3352 2028 3432 γέννησιν.

2147 3358 2890 3432 banc_interpretationem
2939 3361 3187 3416 accedit.
3244 3362 3326 3416 Ea
3370 3377 3546 3432 porro
3603 3361 3786 3417 sectio

380 3422 616 3496 Mallem
647 3427 714 3476 ut
743 3438 874 3496 sup.
901 3422 1138 3496 numeri
1168 3425 1201 3477 4
1222 3422 1393 3478 initio
1426 3425 1487 3478 in
1518 3425 1701 3481 dandi
1731 3422 2031 3496 casu,¢ime-

383 3491 804 3569 ριεργάστῳλκαὶ
818 3490 1203 3569 ἦκαταλήπτῳ
1232 3496 1499 3569 γεννήσει.

452 3560 532 3635 (⁷2)
562 3560 746 3638 Τόδε
805 3560 1074 3638 σήμερον,
1120 3560 1257 3620 etcf
1291 3560 1462 3623 Juxta
1492 3568 1670 3623 ~hanc
1713 3567 2034 3626 lectionem

380 3638 553 3704 illud,
588 3636 762 3712 deie
790 3636 1058 3712 genui_te,
1100 3638 1173 3692 ad
1188 3643 1478 3712 aeternam
1514 3640 1682 3712 Verbi
1701 3642 2036 3712 generatio-

380 3726 523 3764 nem
556 3708 828 3781 refertur.
866 3714 938 3762 At
964 3708 1138 3781 longe
1169 3708 1400 3781 diversa
1429 3716 1519 3766 est
1547 3708 2033 3768 lectidcoddﬂoe

380 3789 438 3836 et
468 3779 717 3835 Casaub.
743 3796 874 3849 qua:
904 3779 1102 3847 verba,
1129 3780 1305 3837 Filius
1332 3799 1479 3837 meus
1509 3799 1563 3838 es
1593 3790 1674 3850 tu,
1707 3783 1779 3838 de
1809 3791 2036 3841 interna

379 3852 710 3918 nativitate,
746 3852 1058 3924 sequentia
1089 3869 1220 3906 vero
1251 3854 1433 3908 Hodie
1460 3856 1628 3924 genui
1657 3855 1814 3919 te,de
1834 3857 2030 3912 Incur-

380 3925 626 3979 natione
652 3921 924 3993 explicat.
962 3923 1054 3979 Sic
1087 3924 1339 3979 habetur
1362 3925 1424 3980 in
1457 3921 1530 3980 iis
1557 3926 1726 3982 codd.
1762 3934 1900 3997 post
1980 3946 2032 3980 ε-

380 3989 621 4054 γέννηκά
647 4012 722 4046 σε.
756 3992 848 4054 Τὸ,
885 3993 953 4047 Εἴ
1000 3993 1086 4054 σὺ,
1146 3994 1382 4051 ἁχοονον
1439 3995 1530 4049 καὶ
1582 3994 1781 4050 ἀΐδιονο
1831 3948 2031 4054 τὸῦὶ.

380 3993 621 4068 γέννηκά
647 4012 722 4046 σε.
756 3993 848 4060 Τὸ,
885 3993 953 4047 Εἴ
1000 3993 1086 4058 σὺ,
1146 3994 1382 4051 ἁχοονον
1439 3995 1530 4049 καὶ
1582 3993 1781 4050 ἀΐδιονῖ
1831 3997 1920 4052 τὸ’
1952 3993 2031 4069 ὂὶ,

381 4063 662 4141 Σήμερον,
694 4064 1027 4141 πρόσφατον,
1061 4061 1189 4141 ἀλλ’
1215 4064 1316 4121 οὐκ
1341 4063 1916 4141 ἀΐδιονρίζκειουμένου
1936 4074 2033 4126 τοῦ

378 4134 592 4215 Πατρός
620 4134 710 4191 καὶ
739 4134 1019 4215 inv-adrui
1045 4137 1311 4215 γέννησιν*
1370 4138 1459 4215 καὶ
1512 4134 1679 4194 πάλιν
1735 4134 1906 4215 λέγει·
1931 4143 2035 4215 ,Ἐκ

379 4207 612 4286 γαστρὸς
657 4208 763 4282 πρὸ
825 4207 1106 4286 ἒ-ῳσφόρου
1158 4210 1452 4286 γεγέννηκᾴ
1509 4231 1585 4286 σε.
1644 4207 1823 4268 Τοῦτό
1872 4213 2035 4284 μόνον

373 4279 479 4351 τῆς
510 4279 792 4349 θεότητος.
842 4279 1319 4358 Πίστευσον-,λεία
1378 4284 1547 4358 Illud,
1581 4286 1655 4358 Es
1688 4291 1769 4353 tu,
1829 4279 2034 4358 absque

377 4362 618 4424 tempore
648 4359 799 4407 estet
831 4359 1083 4409 azterum.
1118 4353 1268 4407 Illud
1311 4370 1436 4408 vero
1485 4354 1689 4423 Hodie,
1742 4353 2031 4415 recens—est

376 4443 475 4482 nec
504 4431 774 4481 aeternum
826 4440 839 4490 ;
884 4426 1049 4478 Patre
1104 4425 1427 4493 inferiorem
1482 4429 1650 4481 etiam
1678 4428 2031 4485 nativitatem

376 4499 481 4554 sibi
513 4498 851 4552 vindicante.
873 4498 946 4550 Et
976 4497 1177 4549 iterum
1211 4499 1291 4550 ait
1323 4514 1341 4550 :
1373 4498 1455 4550 Ex
1484 4502 1652 4553 utero
1703 4505 1839 4554 ante
1889 4501 2031 4558 luci-

377 4570 571 4623 ferum
627 4567 803 4628 genui
864 4572 939 4621 te.
990 4568 1104 4621 Hoc
1156 4567 1494 4622 solummodo
1547 4571 1620 4623 ad
1683 4571 2031 4628 divinitatem

379 4636 922 4709 attinetFrontibus
936 4636 1197 4692 adversis
1224 4640 1694 4709 pugnantambaa
1719 4642 2026 4700 lectiones.

383 4712 521 4767 Utra
562 4711 638 4765 sit
654 4708 859 4805 gyrilli
882 4726 1003 4764 non
1033 4709 1206 4765 facile
1220 4708 1806 4805 jpdliciuin.PLrimain
1834 4720 2030 4805 tamen
2062 4740 2107 4805 Β

380 4799 557 4855 quam
582 4780 803 4836 retinui
831 4797 1028 4855 veram
1059 4780 1438 4855 essegtribus
1492 4783 1638 4838 mihi
1699 4786 2029 4842 rationibus

379 4852 732 4930 persuasum
763 4857 867 4930 est.
905 4853 1106 4930 Prima
1134 4869 1145 4906 :
1180 4852 1228 4906 si
1261 4853 1427 4909 locus
1465 4855 1575 4930 iste
1607 4855 1783 4930 lineis
1804 4858 2033 4930 aliquot

380 4923 654 5002 superius
684 4923 1024 5002 haberetur,
1055 4940 1270 5002 nempe
1302 4932 1438 4981 ante
1492 4926 1592 4993 τὴν
1651 4927 1761 5002 γᾲρ,
1798 4923 2024 5002 γενεάν,

381 4994 704 5053 secundam
734 4994 1054 5067 lectionem
1112 4994 1472 5066 anteponere
1516 5014 1638 5053 non
1665 4994 2025 5067 dubitarem,

378 5070 462 5125 uti
477 5069 551 5124 ad
569 5066 982 5141 confirmanda
998 5083 1129 5137 quae
1149 5072 1284 5122 ante
1303 5068 1375 5122 de
1397 5068 1619 5141 duplici
1652 5072 1867 5129 Christi
1883 5066 2028 5130 filia-

380 5141 544 5196 tione
575 5139 805 5194 dixerat
843 5143 1049 5193 auctor
1094 5139 1603 5209 opportuniorem.
1640 5145 1712 5197 At
1742 5145 1857 5207 hic,
1927 5145 2026 5201 ubi

381 5210 877 5284 assignatoprius
904 5209 1628 5284 _utriusquehnativitatis
1658 5214 2023 5283 discrimine,

378 5280 536 5338 totus
567 5288 657 5355 est
686 5280 1181 5355 inexplicatione
1240 5281 1451 5355 divina:
1501 5290 1677 5355 atque
1736 5294 1972 5342 aeterna:
2009 5280 2024 5355 ξ

379 5351 883 5427 quemadmodum
945 5351 1103 5408 edita
1156 5353 1333 5427 lectio
1380 5356 1542 5427 mire
1582 5351 1872 5427 quadrat,
1944 5351 2029 5416 ita

374 5424 563 5483 altera
607 5431 771 5479 extra
827 5424 1026 5478 locum
1094 5425 1287 5495 posita
1342 5424 1635 5483 videatur:
1716 5424 2022 5486 Secunda:

375 5498 575 5570 locum
605 5495 844 5567 psalmi,
894 5497 1007 5563 Ego
1055 5495 1213 5551 hodie
1268 5496 1561 5570 genuigte,
1619 5500 1872 5570 Cyrillus
1926 5519 2024 5557 ca-

373 5569 530 5625 tech.
556 5571 607 5634 '7,
645 5584 701 5622 n.
737 5571 790 5634 2,
820 5570 878 5621 et
906 5571 1020 5622 cat.
1059 5570 1143 5636 10,
1197 5583 1258 5622 n.
1314 5571 1366 5636 2,
1401 5568 1475 5625 ad
1525 5568 1811 5628 aiternam
1860 5572 2022 5628 Chri-

377 5642 453 5699 sti
509 5638 880 5695 nativitatem
930 5653 1051 5692 non
1101 5638 1349 5695 obscure
1406 5648 1659 5697 revocat.
1726 5645 1830 5700 llic
1886 5661 2024 5701 vero

376 5711 549 5771 Pauli
577 5716 840 5769 mentem
872 5714 1108 5767 secutus
1138 5709 1388 5784 videtur,
1422 5713 1525 5786 qui
1555 5713 1728 5772 Hebr.
1763 5716 1827 5787 I,’
1864 5719 1918 5787 Β,
1950 5717 2025 5775 ad

2145 3436 2281 3485 ante
2310 3430 2670 3505 lecta,hujus
2691 3430 3437 3505 catechesisprmstitutum
3468 3449 3788 3505 argumen-

2144 3507 2270 3575 tum
2294 3508 2402 3557 est.
2435 3504 2673 3558 Accedit
2704 3503 2862 3574 quod
2910 3503 3163 3575 Cyrillus
3222 3521 3390 3559 suam
3444 3505 3516 3561 de
3543 3503 3787 3559 interno

2145 3574 2359 3646 Christi
2382 3575 2711 3646 sacerdotio
2737 3574 3082 3646 opinionem
3112 3576 3201 3630 vel
3240 3576 3488 3633 traxisse
3519 3576 3609 3631 vel
3644 3593 3785 3631 con-

2146 3641 2733 3719 ﬁrmassegvideatur,
2768 3641 2838 3701 éx
2869 3653 3280 3719 praaoccupata
3305 3649 3588 3719 Opinione
3624 3648 3784 3718 quod

2144 3716 2323 3771 verba
2346 3716 2521 3773 Filius
2540 3734 2690 3772 meus
2721 3734 2775 3773 es
2806 3716 2887 3785 tu,
2911 3735 3009 3787 ego
3032 3716 3213 3786 hodie,
3239 3716 3360 3774 etcf
3374 3720 3447 3775 ad
3494 3716 3781 3775 aeternam

2143 3788 2358 3861 Christi
2389 3790 2833 3861 generationem
2866 3789 3236 3860 pertinerent
3266 3807 3279 3844 :
3305 3792 3445 3860 quia
3480 3791 3789 3861 Apostolus

2145 3858 2318 3932 Hebr.
2351 3858 2413 3926 νζ
2436 3864 2618 3932 5.per
2666 3877 2734 3915 ea
2788 3858 2965 3916 verba
3009 3861 3135 3927 (sed
3188 3860 3262 3915 ad
3318 3858 3787 3916 incarnationem

2144 3931 2743 4002 adaptata)Christum
2759 3932 3127 3987 sacerdotem
3159 3934 3375 3987 aPatre
3398 3933 3785 3987 constitutum

2145 4003 2470 4071 significat;
2505 4004 2761 4074 Cyrillus
2790 4009 2990 4059 autem
3041 4020 3111 4058 ea
3142 4003 3213 4057 ab
3266 4005 3598 4059 aeternitate
3629 4004 3787 4059 dicta

2144 4075 2540 4130 existimabat.
2572 4076 2811 4130 Tertia:
2854 4075 3165 4130 ambarum
3206 4092 3353 4145 quas
3397 4074 3787 4146 expendimus

2143 4146 2580 4216 Scripturarum
2612 4147 2906 4218 posterior
2937 4162 3078 4201 sane
3109 4149 3295 4218 magis
3317 4147 3793 4218 emendationem

2143 4218 2298 4288 sapit
2329 4235 2342 4283 ;
2372 4235 2503 4288 quae
2532 4217 2815 4288 Cyrillum
2836 4219 2910 4273 ad
2943 4217 3418 4274 communiorem
3451 4217 3609 4289 apud
3625 4219 3784 4273 Graec

2141 4305 2242 4343 cos
2273 4290 2475 4362 Patres
2508 4294 2566 4343 et
2596 4289 2830 4362 Latinos
2857 4296 3081 4345 veteres
3134 4290 3313 4362 hujus
3344 4290 3602 4345 Davidici
3630 4290 3788 4345 testi-

2142 4360 2326 4433 monii
2342 4361 2893 4433 interpretationem
2908 4362 3140 4416 reducit
3159 4379 3173 4429 ;
3189 4360 3325 4416 nam
3350 4378 3419 4417 ea
3439 4379 3570 4433 quae
3585 4377 3787 4416 vocem

2142 4432 2306 4486 hodie
2335 4433 2408 4504 ad
2440 4432 2865 4504 sempiternam
2906 4433 3119 4488 Christi
3180 4432 3550 4489 nativitatem
3583 4433 3783 4499 refert,

2140 4509 2206 4557 ut
2231 4503 2388 4574 apud
2419 4503 2655 4559 Latinos
2686 4511 2820 4575 post
2845 4506 3239 4575 Augustinum
3299 4505 3672 4570 celebratior,
3707 4504 3790 4559 ita

2141 4575 2298 4646 apud
2329 4576 2559 4630 Graecos
2590 4576 2910 4631 admodum
2942 4592 3074 4631 rara
3105 4582 3212 4644 est,
3259 4583 3316 4631 et
3344 4577 3503 4647 apud
3549 4576 3785 4631 Latinos

2141 4663 2292 4728 pene
2303 4653 2460 4728 _a_nte
2491 4648 2883 4728 Augustinum
2920 4647 3203 4728 inauﬁdita.
3238 4647 3433 4702 Videri
3455 4653 3651 4728 potest
3680 4648 3785 4728 Lu-

2140 4718 2269 4773 dov.
2303 4718 2746 4790 Thomassinus,
2774 4719 2875 4773 lib.
2914 4736 3004 4773 vni
3034 4720 3107 4773 De
3136 4720 3382 4781 Incarn.,
3407 4718 3697 4790 capitibus
3729 4722 3783 4784 5,

2140 4792 2171 4844 6
2192 4792 2341 4861 ειη,
2370 4791 2611 4844 Patrum
2643 4789 2860 4844 nubem
2909 4806 3384 4845 commemorans
3417 4789 3517 4861 qui
3560 4790 3787 4844 dictum

2140 4859 2291 4915 illud
2313 4859 2395 4932 de
2416 4861 2826 4916 incarnatione
2849 4866 2988 4915 sunt
3008 4862 3379 4932 interpretati
3406 4879 3418 4917 :
3437 4859 3663 4932 quibus
3675 4878 3784 4917 nos

2140 4932 2319 4987 etiam
2346 4931 2714 4987 aliosPatres
2744 4932 2983 5005 Graecos
2998 4931 3350 5005 Latinosque
3382 4934 3641 5005 adjicere
3657 4950 3782 5003 pos-

2140 5019 2359 5059 semus.
2392 5004 2592 5075 Neque
2624 5008 2823 5058 tamen
2874 5004 3358 5075 suffragatoribus
3417 5004 3577 5060 caret
3626 5005 3783 5059 inter

2140 5076 2370 5130 Graecos
2402 5074 2723 5146 Cyrilliana
2754 5076 3061 5145 expositio.
3096 5076 3422 5132 Adducitur
3437 5077 3509 5132 ab
3541 5084 3782 5132 auctore

2138 5145 2517 5217 paraphrasis
2539 5147 2598 5200 in
2630 5146 2920 5201 Psalmosa
2970 5147 3248 5202 Corderio
3295 5147 3467 5204 edita)
3498 5150 3785 5203 :refertur

2139 5216 2211 5272 ab
2224 5222 2464 5291 auctore
2477 5216 2899 5291 Commentarii
2921 5220 3019 5289 qui
3044 5220 3453 5291 paraphrasim
3478 5220 3785 5290 subsequi-

2137 5294 2234 5343 tur
2263 5289 2325 5342 in
2349 5288 2608 5360 editione
2627 5289 2888 5344 Corderii
2914 5288 3137 5360 {quam
3184 5288 3557 5347 Theodorum
3610 5288 3782 5346 [iera-

2138 5360 2374 5435 cliotam
2400 5359 2905 5435 Cyijlliaequalem
2920 5359 3286 5429 existimant;
3307 5364 3784 5435 placuitAnasta-

2140 5432 2226 5487 sio
2257 5435 2454 5485 orat.l
2491 5431 2563 5485 De
2599 5432 2889 5495 Trinitate,
2922 5434 3048 5489 Bib.
3082 5435 3190 5491 PP.
3242 5431 3441 5504 Lugd.
3488 5440 3629 5489 tom.
3685 5433 3778 5497 IX,

2179 5504 2778 5575 a37929,7paucisque
2836 5504 3155 5560 admodum
3201 5506 3355 5560 aliis.
3416 5508 3497 5560 Ea
3538 5504 3714 5556 verba
3743 5520 3778 5557 a

2179 5520 2249 5575 ag
2300 5520 2424 5567 azv,
2456 5520 2778 5573 paucisque
2836 5520 3155 5560 aumouum
3201 5520 3355 5560 ams.
3417 5520 3497 5560 12a
3538 5520 3714 5556 verna
3743 5520 3774 5557 a

2137 5520 2318 5630 Baulo
2350 5573 2543 5628 adhuc
2573 5574 2645 5628 ad
2667 5574 2881 5629 Christi
2896 5577 3393 5632 resurrectionem
3415 5576 3774 5637 referuntur,

2137 5648 2263 5722 Act.
2297 5662 2416 5712 xm,
2444 5648 2542 5711 33;
2573 5645 2704 5700 aliae
2738 5663 2973 5719 quoque
3001 5653 3140 5722 sunt
3186 5649 3427 5722 Patrum
3471 5646 3774 5722 interpre-

2136 5718 2411 5790 tationes,
2445 5733 2593 5791 quas
2623 5714 2935 5777 recensere
2976 5718 3130 5777 nihil
3152 5723 3243 5774 est
3268 5718 3448 5789 hujus
3468 5714 3605 5769 loci.
