4132 6266
353 349 474 415 699

1401 349 1465 412 8.
1514 351 1833 415 CYBILLI
1876 347 2293 414 HIEROSOL.
2337 350 2709 415 ARCHIEP.

3642 352 3773 414 700

350 502 482 543 eum
516 486 615 557 qui
648 485 873 553 genuit,
898 484 1092 558 diligit
1121 490 1180 542 et
1218 502 1354 543 eum
1384 488 1487 558 qui
1547 503 1617 542 ex
1660 503 1729 543 eo
1759 488 1996 557 genitus

2138 504 2296 555 ἀν-τα,
2327 484 2512 559 ἀγαπᾷ
2540 482 2632 540 καὶ
2682 486 2774 541 τὸν
2832 484 3228 563 γεγεννημένον
3285 484 3336 558 ἐξ
3395 485 3581 541 αὐτοῦ’
3616 486 3646 540 6
3704 483 3769 541 δὶ

345 582 435 632 est
453 576 517 629 ⁸³.
550 573 599 609 ⁸*
626 575 734 640 Qui
768 580 965 630 autem
999 577 1268 648 genitum
1309 578 1660 646 contemnit,
1695 582 2001 633 contume-

2110 575 2311 630 ἀθετῶν
2342 575 2437 630 τὸν
2491 576 2905 651 γεγεννημένον,
2964 577 3270 650 ἀναπέμπει
3331 576 3431 644 τήν
3465 570 3622 650 ὕϐριν
3684 575 3767 637 είς

346 665 488 721 liam
521 680 688 719 suam
723 665 783 719 in
837 666 1167 737 genitorem
1223 667 1524 722 transfert.
1573 666 1817 732 Quando
1863 682 2003 721 vero

2142 663 2198 718 ὸν
2230 663 2608 738 γεγεννηκότα.
2643 666 2918 720 Γεννῶντα
2949 662 3007 720 δὲ
3037 665 3167 721 Θεὸν
3215 664 3338 720 ὅταν
3398 663 3635 738 ἀκούσῃς
3672 667 3765 736 (2),

348 759 734 826 generantem
768 754 955 809 Deum
1004 753 1285 821 audieris,
1337 772 1413 811 ne
1461 755 1523 810 in
1581 771 1831 827 corpora
1877 756 2006 827 opi-

350 845 534 900 nione
565 843 892 898 devolvaris
914 844 993 914 (1)
1022 861 1035 909 ;
1069 861 1262 915 neque
1293 846 1643 917 participem
1673 844 2004 916 corruptio-

350 935 447 989 nis
477 932 923 1005 generationem
955 933 1279 1003 suspicere,
1312 938 1376 987 ut
1407 950 1527 988 non
1550 934 1612 988 in
1638 933 2006 1005 impietatem

349 1023 551 1078 cadas.
583 1022 828 1092 Spiritus
858 1027 934 1075 est
965 1022 1103 1077 Deus
1120 1020 1186 1089 ⁸⁸,
1209 1020 1258 1055 ⁸⁸
1307 1021 1633 1093 spiritualis
1666 1024 1795 1094 ejus
1825 1038 2006 1095 gene-

353 1112 506 1168 ratio
533 1130 547 1179 ;
580 1127 829 1182 corpora
857 1127 1116 1181 namque
1164 1111 1414 1184 gignunt
1443 1128 1713 1183 corpora,
1740 1117 1799 1168 et
1828 1113 1889 1167 in
1920 1113 2006 1185 gi-

352 1200 603 1275 gnendis
626 1200 975 1270 corporibus
1019 1215 1264 1255 necesse
1298 1205 1385 1255 est
1432 1216 1662 1257 moram
1722 1201 2008 1273 temporis

350 1289 726 1345 intercedere
754 1305 766 1342 :
795 1289 1027 1343 nullum
1060 1305 1196 1345 vero
1227 1289 1287 1344 in
1341 1290 1724 1362 generatione
1772 1290 1903 1345 Filii
1939 1306 2009 1345 ex

353 1379 527 1433 Patre
561 1376 988 1432 intermedium
1020 1378 1315 1449 reperitur
1336 1378 1651 1449 tempus."
1667 1380 1737 1433 Et
1765 1378 1862 1433 hic
1884 1378 2011 1449 qui-

353 1467 491 1522 dem
526 1466 683 1538 quod
714 1471 1051 1538 generatur,
1075 1467 1494 1539 impecfectum
1536 1473 1855 1540 generatur
1878 1483 1891 1523 :
1912 1467 2008 1522 Fi-

350 1555 472 1611 lius
504 1560 702 1611 autem
733 1556 837 1609 Dei
867 1556 1166 1626 perfectus
1189 1562 1279 1612 est
1308 1557 1543 1629 genitus
1570 1574 1583 1611 :
1633 1556 1793 1628 quod
1844 1556 2008 1612 enim

2115 754 2189 825 μή
2251 751 2560 827 καταπέσῃς
2619 752 2698 817 εἷς
2743 756 2996 827 σώματα,
3057 755 3133 827 μὴ
3212 756 3452 831 φθαρτὴν
3508 753 3766 829 γέννησιν

2113 836 2418 916 ὑπολάϐῃς,
2499 840 2593 898 ἵνα
2651 844 2727 915 μὴ
2811 839 3108 918 ἀσεϐήσῃς.
3191 847 3417 917 Πνεῦμα
3501 844 3530 897 6
3612 842 3768 906 Θεὸς·

2109 931 2452 1003 πνευματική
2503 932 2538 1001 ἡ
2598 931 2870 1007 γέννησις·
2930 934 3011 990 Τὰ
3042 933 3139 1005 μὶν
3198 933 3300 1008 γὰρ
3351 933 3579 1005 σώματα
3605 936 3774 1005 γεννᾷ

2112 1020 2360 1092 σώματα*
2419 1018 2512 1075 καὶ
2571 1021 2733 1096 χρεία
2814 1027 2933 1086 τοῖς
2997 1021 3211 1095 σώμασι
3268 1026 3344 1094 (3)
3402 1022 3771 1096 γεννωμένοις

2114 1110 2316 1186 χρόνον
2354 1110 2676 1182 μεσιτεόειν.
2712 1112 2959 1182 Μεσίτης
3010 1108 3067 1166 δὶ
3122 1118 3224 1181 τῆς
3275 1109 3334 1166 ἐκ
3389 1110 3602 1186 Πατρὸς
3638 1110 3775 1164 Υἱοῦ

2111 1202 2416 1274 γεννήσεως
2447 1199 2646 1275 χρόνος
2679 1201 2781 1256 οὐκ
2810 1198 2942 1258 ἔστι.
2978 1200 3079 1259 Καὶ
3113 1199 3221 1256 ὦδε
3254 1202 3349 1273 μὶν
3403 1206 3653 1274 γεννᾶται
3707 1200 3776 1254 τὸ

2113 1289 2453 1365 γεννώμενον
2488 1289 2697 1359 ἀτελὲς,
2732 1291 2761 1345 6
2791 1291 2917 1353 Υἱὸς
2950 1287 3007 1345 δὲ
3034 1295 3133 1345 τοῦ
3161 1293 3297 1346 Θεοῦ
3352 1287 3564 1351 τέλειος
3613 1286 3775 1365 ἐγεν-

2113 1378 2274 1448 νήθη·
2308 1376 2441 1452 ὅπερ
2472 1379 2576 1453 γὰρ
2610 1382 2700 1433 νῦν
2734 1379 2868 1449 ἐστι,
2925 1383 3089 1435 τοῦτο
3148 1378 3239 1434 καὶ
3297 1377 3347 1451 ἐξ
3397 1379 3578 1454 ἀρχῆς
3633 1377 3775 1446 ἐστι,

2112 1465 2505 1542 γεγεννημένος
2554 1471 2635 1539 (4)
2687 1466 2964 1543 ἀνάρχως.
3045 1469 3239 1540 Ἡμεῖς
3320 1468 3660 1542 γεννώμεθα,
3716 1466 3773 1537 ἐξ

2115 1553 2376 1627 ἀμαθείας
2445 1551 2767 1624 νηπιώδους
2828 1554 2906 1618 εἲς
2967 1554 3272 1630 λογιότητα
3330 1550 3774 1628 μεταϐαίνοντες·

353 1661 514 1701 nunc
545 1650 658 1712 est,
690 1644 750 1699 id
783 1649 841 1699 et
870 1646 1217 1718 aprincipio
1237 1653 1346 1715 est,
1372 1652 1547 1704 natus
1573 1647 2007 1719 absqueinitio,

2138 1640 2338 1711 ίτελὴς,
2370 1642 2643 1718 ἄνθρωπε,
2709 1645 2744 1713 ἡ
2801 1645 2867 1713 σή
2919 1646 3193 1719 γέννησις·
3225 1644 3285 1699 ἐκ
3331 1646 3619 1718 προκοπῆς
3666 1643 3775 1720 γὰρ

355 1734 666 1791 Nascimur
690 1750 800 1789 nos
844 1735 948 1801 ita,
1002 1740 1070 1789 ut
1110 1752 1182 1791 ex
1232 1736 1494 1792 infantili
1550 1736 1887 1810 ignorantia
1936 1734 2007 1790 ad

2138 1730 2522 1807 jnpdalmjnq.
2553 1733 2707 1788 Ἐκεῖ
2762 1729 2821 1787 δὲ
2868 1731 3011 1788 οὕτω
3068 1733 3145 1806 μὴ
3189 1733 3405 1807 νόμιζε,
3441 1729 3584 1806 μηδὲ
3615 1733 3777 1787 ἀσθέ-

354 1823 606 1879 rationis
637 1840 812 1879 usum
836 1828 1244 1881 transeamus:
1267 1825 1614 1898 imperfecta
1639 1832 1788 1895 est,o
1811 1826 2004 1895 homo,

2138 1841 2259 1876 νειαν
2318 1819 2610 1896 κατηγόρει
2682 1825 2786 1876 τοῦ
2841 1822 3258 1898 γεγεννηκότος.
3310 1823 3376 1920 ΕΗ
3430 1824 3532 1898 γὰρ
3586 1820 3782 1886 ἀτελὲς

352 1914 632 1970 nativitas
664 1919 767 1970 tua
796 1921 1121 1986 :p’rocessu
1153 1915 1473 1986 siquidem,
1494 1916 2006 1972 incrementorum

2138 1911 2215 1965 ιὶν
2249 1908 2524 1984 ἐγέννησε,
2557 1908 2745 1985 χρόνῳ
2777 1908 2835 1966 δὲ
2861 1908 3024 1967 τοῦτο
3055 1906 3370 1987 προσέλαϐε
3423 1913 3486 1966 τὸ
3516 1910 3779 1980 ίτέλειον,

350 2004 421 2060 ﬁt
449 2003 738 2060 accessio.
769 2004 873 2059 Hic
904 2010 1104 2060 autem
1135 2005 1288 2060 nihil
1320 2005 1515 2061 simile
1546 2006 1789 2078 cogites,
1812 2021 2009 2077 neque

2138 1999 2392 2063 ἱσθένειαν
2422 2003 2755 2075 κατηγορεῖς
2784 2004 2881 2055 τοῦ
2911 2000 3328 2076 γεγεννηκότος
3354 1997 3407 2055 εἷ’
3431 2021 3494 2076 γε
3551 1999 3581 2054 6'
3632 2001 3780 2074 χρό-

355 2093 545 2149 ullam
584 2094 923 2165 generantis
979 2094 1390 2150 inﬁrmitatem
1446 2111 1722 2162 accuses;
1782 2111 1921 2151 nam
1961 2094 2011 2150 si

2138 2109 2214 2150 mc
2243 2086 2464 2164 ὕστερον
2497 2086 2791 2165 έχαρισατο
2819 2092 2916 2162 (5),
2945 2091 3084 2145 κατᾶ
3114 2090 3173 2145 σε
3200 2094 3382 2145 ,τοῦτο
3414 2089 3466 2160 ἐξ
3507 2090 3691 2166 ἀρχῆς
3749 2089 3781 2143 6

361 2182 466 2237 ille
499 2181 910 2252 imperfectum
942 2184 1261 2255 generavit,
1289 2183 1447 2254 quod
1487 2183 1806 2239 accedente
1862 2189 2011 2238 tem-

2138 2179 2408 2254 γεννήτωρ
2444 2176 2545 2232 οὐκ
2561 2175 2882 2253 έχαρισατο.

359 2288 503 2344 pore
533 2270 959 2343 perfectionem
985 2278 1325 2328 assecutum
1355 2273 1434 2328 sit
1467 2290 1479 2327 :
1511 2273 1881 2329 inﬁrmitatis
1910 2272 2107 2346 arguis
2137 2269 2467 2342 genitorem
2493 2284 2507 2324 :
2542 2269 2589 2323 si
2612 2268 2672 2324 id
2718 2268 2880 2341 quod
2936 2275 3173 2342 tempus
3231 2275 3439 2343 postea
3494 2269 3780 2343 largitum

362 2365 471 2427 est,
505 2361 617 2416 hoc
642 2362 814 2432 juxta
832 2369 887 2417 te
917 2363 1148 2436 genitor
1175 2363 1249 2418 ab
1280 2363 1450 2418 initio
1480 2380 1602 2418 non
1626 2363 1809 2418 dedit.

442 2449 585 2505 VIII.
621 2451 701 2504 Ne
732 2450 912 2521 igitur
936 2452 1260 2506 humanam
1292 2452 1594 2507 existimes
1611 2453 1764 2507 hanc
1783 2467 2023 2525 genera-

372 2539 637 2604 tionem;
671 2555 866 2610 neque
898 2538 988 2593 illi
1014 2540 1273 2595 similem
1325 2557 1442 2611 qua
1470 2541 1767 2598 Abraham
1818 2540 2023 2614 genuit

369 2628 552 2682 Isaac.
587 2627 845 2682 Abraam
859 2629 1021 2683 enim
1051 2633 1317 2684 Isaacum
1340 2630 1690 2702 genuit,non
1720 2647 1899 2702 quem
1919 2646 2023 2685 v0-

368 2715 661 2782 lebat,sed
693 2731 871 2785 quem
903 2715 1055 2770 alius
1086 2716 1174 2770 illi
1205 2717 1671 2772 concessit.Cum
1702 2733 1837 2771 vero
1865 2718 2020 2771 Deus

372 2810 432 2860 et
460 2806 633 2860 Pater
648 2810 1111 2877 generat,neque
1133 2806 1686 2878 ignorantia,neque
1718 2805 2019 2861 consulta-

371 2894 454 2948 tio
486 2893 546 2948 in
572 2894 770 2949 medio
798 2911 810 2948 :
845 2894 1043 2950 dicere
1076 2895 1236 2949 enim
1267 2895 1427 2967 quod
1450 2896 1742 2969 ignoravit
1769 2895 1829 2951 id
1860 2894 2021 2967 quod

372 2983 597 3057 genuit,
631 2984 908 3054 impietas
963 2985 1241 3040 maxima.
1283 2984 1328 3020 ⁸⁸
1386 2986 1591 3041 Dicere
1651 2985 1829 3041 etiam
1861 2985 2020 3056 quod

375 3088 512 3129 cum
534 3073 901 3143 temporibus
921 3073 1506 3146 deliberasset,pater
1534 3075 1816 3146 deinceps
1843 3075 2021 3131 effec-

374 3167 470 3217 tus
497 3164 592 3227 sit,
628 3163 895 3234 ejusdem
951 3164 1274 3235 impietatis
1305 3170 1397 3221 est
1425 3182 1438 3220 :
1466 3182 1588 3221 non
1647 3166 1807 3220 enim
1855 3166 2021 3237 prius

372 3253 529 3306 Deus
562 3251 783 3322 absque
814 3251 1020 3308 liberis
1051 3254 1365 3320 exsistens,
1394 3260 1602 3325 postea
1648 3255 1711 3309 in
1756 3260 2020 3325 tempore

372 3344 542 3413 pater
572 3345 662 3395 est
686 3342 967 3396 effectus:
1020 3358 1222 3397 verum
1274 3359 1510 3415 semper
1539 3343 1755 3399 Filium
1804 3342 2019 3411 habet;

375 3447 553 3504 quem
584 3432 936 3504 genuit,non
950 3432 1389 3488 sicuthomines
1418 3437 1707 3505 generant
1724 3433 2022 3500 homines,

380 3522 484 3578 sed
516 3522 669 3577 sicut
697 3521 859 3576 novit
886 3521 1011 3593 ipse
1042 3521 1205 3577 solus
1227 3523 1329 3594 qui
1351 3539 1488 3578 eum
1513 3522 1719 3595 genuit
1738 3527 1875 3578 ante
1897 3538 2022 3577 om-

379 3611 481 3668 nia
510 3610 729 3666 saecula
752 3612 914 3666 Deum
942 3629 1147 3668 verum.

450 3702 547 3755 IX.
580 3700 628 3736 39
653 3702 798 3756 Cum
829 3702 993 3757 enim
1022 3718 1193 3757 verus
1234 3702 1388 3757 Deus
1436 3702 1514 3757 sit
1541 3703 1735 3769 Pater,
1769 3701 2027 3757 similem

379 3790 490 3846 sibi
523 3790 738 3845 Filium
760 3793 1176 3864 genuit,Deum
1204 3794 1565 3848 verum.Non
1591 3792 1744 3848 sicut
1760 3791 2027 3864 magistri

378 3880 704 3952 discipulos
750 3888 1037 3953 generant
1069 3900 1082 3951 ;
1115 3899 1235 3937 non
1269 3881 1772 3952 quemadmodum
1806 3881 2027 3936 Paulus

379 3970 736 4042 quibusdam
792 3972 973 4028 dicit:
1033 3975 1098 4028 In
1132 3973 1350 4030 Christo
1397 3973 1541 4026 enim
1561 3973 1688 4027 Iesu
1701 3988 1807 4041 per
1842 3974 2029 4027 Evan-

378 4062 585 4131 gelium
609 4078 709 4131 ego
738 4078 830 4117 vos
860 4064 1029 4131 genui
1056 4061 1121 4114 9°.
1156 4061 1262 4116 Hic
1315 4062 1498 4128 enim,
1533 4061 1635 4132 qui
1694 4061 2025 4117 secundum

446 4188 493 4224 ⁸³
518 4190 539 4243 l
567 4190 732 4245 Joan.
765 4207 816 4251 v,
845 4194 893 4244 1.
924 4188 970 4224 ⁸⁴
1031 4189 1143 4244 Vid.
1180 4196 1288 4245 cat.
1321 4191 1408 4256 10,
1439 4207 1497 4244 n.
1535 4192 1583 4254 1,
1609 4195 1663 4244 et
1693 4196 1802 4245 cat.
1831 4207 1887 4245 η.
1922 4193 1955 4245 2
1996 4207 2024 4246 e

2138 4226 2160 4246 η.
2197 4188 2247 4223 ⁸⁵
2296 4190 2462 4245 Joan.
2496 4206 2571 4256 1v,
2602 4189 2692 4243 24.
2724 4186 2771 4223 ⁸⁸
2826 4187 2954 4243 Vid.
3004 4204 3028 4244 s

2200 2445 2280 2501 H'.
2314 2444 2407 2514 Μή
2439 2440 2617 2498 τοίνυν
2649 2443 2997 2519 ἀνθρωπίνην
3056 2446 3187 2501 εἶναι
3246 2446 3480 2519 νομίσῃς
3526 2445 3627 2513 τήν
3654 2443 3781 2519 γέν-

2127 2556 2308 2607 νησιν,
2354 2533 2497 2608 μηδὲ
2557 2534 2739 2612 ὥσπερ
2793 2534 3070 2610 ἐγέννησεν
3128 2532 3384 2611 Ἀϐραὰμ
3427 2536 3518 2590 τὸν
3572 2534 3778 2594 Ἰσαάκ.

2129 2619 2384 2700 Ἀϐραὰμ
2410 2624 2512 2700 γὰρ
2542 2623 2636 2679 τὸν
2682 2624 2865 2679 Ἰσαὰκ
2913 2623 3214 2700 ἐγέννησεν·
3266 2624 3395 2680 ἀλλ’
3453 2624 3559 2699 οὐχ
3611 2623 3781 2699 ὅνπερ

2129 2709 2394 2770 ἐϐούλετο
2426 2713 2627 2787 ἐγέννα,
2650 2710 2776 2768 ἀλλ’
2807 2712 3221 2788 ὃνπερ(6)ἂλλος
3254 2712 3560 2789 ἐχαρίζετο.
3592 2717 3704 2769 Τοῦ
3726 2711 3785 2768 δὶ

2129 2807 2263 2859 Θεοῦ
2295 2801 2385 2857 καὶ
2418 2803 2630 2878 Πατρὸς
2681 2807 3004 2878 γεννῶντος,
3049 2802 3169 2859 οὕτε
3215 2803 3408 2879 ἅγνοιά
3457 2802 3598 2859 ἐστιν
3658 2801 3785 2858 οὕτε

2128 2891 2314 2965 σκέψις
2345 2889 2398 2947 έν
2434 2892 2605 2964 μέσῳ.
2664 2891 2733 2946 Τὸ
2789 2893 2891 2967 γὰρ
2946 2890 3136 2962 εἰπεῖν,
3196 2891 3282 2947 ὅτι
3336 2893 3526 2967 ἠγνόει
3569 2892 3634 2947 τὸ
3662 2913 3783 2966 γεν-

2127 2980 2397 3054 νώμενον,
2430 2975 2648 3035 ἀσέϐεια
2681 2979 2929 3055 μεγίστη·
2980 2980 3071 3036 καὶ
3126 2982 3191 3037 τὸ
3249 2981 3443 3052 εἰπεῖν,
3504 2979 3587 3036 ὅτι
3645 2982 3785 3056 χρό-

2127 3091 2242 3133 νοις
2272 3070 2632 3144 σκεψάμενος,
2664 3067 2885 3146 ὕστερον
2939 3074 3123 3146 πατήρ
3181 3070 3410 3144 ἐγένετο,
3467 3077 3567 3140 τῆς
3609 3070 3780 3140 αὐτῆς

2129 3153 2377 3221 ἀσεϐείας
2408 3156 2573 3215 ἐστίν.
2614 3159 2694 3215 Οὐ
2712 3157 2815 3233 γὰρ
2844 3159 3111 3234 πρότερον
3139 3155 3214 3215 ὢν
3246 3160 3275 3214 6
3320 3161 3450 3223 Θεὸς
3483 3162 3562 3234 (7)
3593 3158 3783 3230 ἃπαις,

2133 3247 2354 3324 ὕστερον
2386 3246 2439 3303 έν
2472 3247 2698 3323 χρόνοις
2723 3245 2940 3323 ἐγένετο
2970 3250 3174 3323 πατήρ·
3203 3247 3329 3305 ἀλλ’
3372 3248 3455 3304 ἀεὶ
3515 3246 3633 3324 ἔχει
3688 3249 3780 3304 τὸν

2053 3308 2096 3375 C
2132 3308 2280 3408 I'l6v;
2311 3308 2573 3411 γεννήσας
2605 3308 2774 3392 αὐτὸν.
2809 3333 2919 3410 οὐχ
2970 3335 3048 3400 ὡς
3102 3308 3381 3411 ἂνθρωποι
3437 3308 3781 3413 ἆνθέώπους,

2134 3424 2262 3481 ἀλλ’
2291 3424 2367 3486 ὡς
2398 3423 2559 3487 αὐτὸς
2590 3421 2730 3479 οἶδεν
2768 3425 2935 3498 μόνος
2955 3426 3052 3498 (8),
3081 3426 3110 3480 6
3140 3427 3401 3501 γεννήσας
3456 3425 3616 3481 αὐτὸν
3673 3427 3782 3502 πρὸ

2134 3515 2348 3570 πάντων
2380 3517 2488 3569 τῶν
2520 3512 2736 3602 αἰώνων
2768 3513 2898 3569 Θεὸν
2930 3511 3216 3585 ἀληθινόν.

2208 3704 2283 3760 Θ’.
2315 3703 2444 3767 Θεὸς
2473 3702 2576 3779 γὰρ
2606 3700 2871 3773 ἀληθινὸς
2900 3699 2973 3758 ὢν
3004 3703 3032 3758 ὁ
3090 3703 3302 3779 Πατὴρ,
3363 3704 3553 3776 ὅμοιον
3603 3702 3786 3775 ἑαυτῷ

2138 3793 2323 3869 έγέννα
2350 3792 2443 3847 τὸν
2476 3792 2623 3861 Υἱὸν,
2676 3792 2808 3847 Θεὸν
2860 3791 3145 3863 ἀληθινόν·
3200 3792 3309 3848 οὐχ
3365 3793 3437 3854 ὡς
3466 3787 3788 3846 διδάσκαλοι

2134 3884 2363 3960 γεννῶσι
2421 3878 2691 3952 μαθητὰς,
2746 3880 2858 3955 οὐχ
2914 3880 2988 3942 ὡς
3036 3879 3254 3942 Παῦλός
3314 3877 3445 3958 φησί
3499 3896 3659 3933 τισιν·
3694 3879 3789 3934 Ἐν

2136 3970 2238 4048 γὰρ
2271 3972 2493 4045 Χριστῶ
2525 3970 2709 4038 Ἰησοῦ
2764 3965 2854 4023 διὰ
2899 3968 2997 4024 τοῦ
3082 3967 3422 4045 Εὗαγγελίου
3478 3966 3585 4045 ἐγὼ
3646 3968 3788 4042 ὑμᾶς

2139 4061 2418 4137 ἐγέννησα.
2450 4054 2581 4113 Ὧδε
2638 4057 2733 4131 μὲν
2786 4057 2887 4135 γὰρ
2948 4058 2976 4112 6
3038 4060 3116 4130 μή
3164 4058 3301 4114 κατὰ
3358 4057 3514 4136 φύσιν
3546 4058 3664 4122 υἱὸς
3693 4054 3789 4126 ὢν,

3171 4205 3228 4243 n.
3290 4190 3342 4243 5.
3376 4187 3421 4223 ⁸⁷
3466 4189 3582 4244 Vid.
3643 4191 3788 4245 hom.

446 4205 492 4224 σο
518 4205 539 4243 ι
567 4205 732 4245 Joan.
765 4207 816 4251 γ,
845 4205 893 4244 1.
924 4205 970 4224 θ’
1033 4205 1143 4244 για.
1180 4205 1288 4245 cat.
1321 4205 1408 4256 w,
1439 4207 1497 4244 η.
1535 4205 1583 4254 1,
1609 4205 1663 4244 et
1693 4205 1802 4245 cat.
1831 4207 1887 4245 η.
1922 4205 1955 4245 z
1996 4207 2024 4246 e

378 4264 439 4316 in
467 4262 661 4330 Paral,
689 4278 746 4315 η.
782 4264 835 4329 5,
869 4269 919 4317 et
941 4264 1078 4330 infr.
1105 4277 1162 4316 η.
1200 4262 1283 4315 13.
1316 4259 1362 4296 ⁸⁸
1443 4261 1555 4319 Vid.
1588 4267 1695 4318 cat.
1727 4265 1780 4330 7,
1813 4279 1870 4317 η.
1905 4264 1959 4329 3,
1991 4264 2024 4317 i1

2138 4226 2160 4246 η.
2197 4205 2247 4223 συ
2296 4205 2462 4245 Joan.
2496 4206 2571 4256 1v,
2602 4205 2692 4243 κθ.
2724 4205 2771 4223 συ
2834 4205 2954 4243 για.
3004 4205 3069 4244 su
3113 4231 3126 4242 .
3171 4205 3228 4243 η.
3290 4205 3342 4243 0.
3376 4205 3418 4223 ο·
3468 4205 3582 4244 για.
3643 4205 3788 4245 nom.

2174 4279 2231 4317 η.
2257 4263 2312 4332 4,
2343 4267 2394 4317 et
2422 4267 2529 4318 cat.
2583 4263 2671 4327 15,
2699 4276 2759 4315 n.
2802 4261 2854 4317 6.
2908 4257 2956 4293 39
2981 4205 3109 4316 V125.
3141 4262 3279 4328 infr.
3311 4276 3369 4328 η,
3404 4262 3487 4317 14.
3531 4262 3575 4297 ⁸ο
3604 4263 3630 4315 Ι
3658 4262 3789 4319 Cor.

378 4351 452 4401 ιγ,
490 4336 577 4390 15.

449 4452 526 4533 (1)
559 4454 636 4533 l_Ve
658 4450 717 4533 in
751 4467 984 4533 corpora
1014 4451 1273 4533 opinione
1295 4450 1623 4506 devolvaris.
1674 4450 1810 4533 llaec
1839 4451 1930 4507 vel
1962 4452 2036 4533 ad
2072 4464 2114 4529 ι)

2219 4451 2868 4539 (4)Γεγεννηημενος.βῐῐᾶ
2921 4447 3207 4539 inMCoisl.
3269 4448 3423 4503 Editi
3481 4466 3791 4539 Χθςοηιγε-

380 4523 782 4604 excludendas
834 4521 1398 4604 valentinianorum‘
1443 4522 1884 4604 generationes,
1945 4523 2024 4577 vel

2145 4521 2497 4604 γεννημενο-ν.
2532 4523 2626 4604 Sic
2674 4521 2831 4604 intra
2854 4538 2942 4604 ρξ’
2975 4521 3038 4574 13
3098 4522 3260 4573 τοῦτο
3318 4521 3600 4604 γεννηθεὶς
3650 4521 3790 4604 ἕπερ

377 4596 577 4668 potius
592 4595 662 4650 ad
682 4593 1119 4668 defendendam
1136 4600 1347 4668 contra
1367 4593 1621 4668 Arianos
1637 4594 1850 4668 disinaa
1864 4610 2035 4666 gene-

378 4664 632 4723 rationis
684 4666 1192 4721 veritatem.Arius
1224 4666 1384 4719 enim
1416 4664 1489 4719 ad
1532 4681 1659 4719 eam
1694 4664 2034 4721 detrectan-

380 4740 538 4803 dam,
573 4739 634 4793 in
666 4739 975 4794 verissima
998 4745 1055 4794 et
1087 4735 1375 4810 ineffabili
1397 4736 1525 4792 Filii
1558 4736 2029 4810 nativitate,pas-
2066 4739 2078 4746 ’

380 4812 633 4877 sionem,
664 4812 987 4865 sectionem
1049 4816 1106 4863 et
1162 4809 1445 4864 effluxum
1507 4809 1909 4864 commentus
1943 4813 2033 4865 est

379 4883 578 4953 inquit
600 4883 975 4945 Athanasius,
1011 4881 1115 4937 lib.
1151 4898 1167 4935 ι
1200 4887 1346 4937 cont.
1378 4880 1721 4953 Apollinar.,
1753 4897 1812 4935 n.
1837 4883 1926 4953 21,
1962 4896 2033 4936 ea

380 4971 450 5008 ex
470 4952 909 5008 Catholicorum
943 4953 1241 5009 sententia
1271 4954 1437 5023 sequi
1470 4952 1696 5009 dicens.
1748 4952 1975 5008 Videsis
1998 4968 2032 5008 a

376 5023 551 5081 nobis
582 5031 867 5079 annotata
896 5026 958 5079 in
983 5026 1208 5080 catech.
1242 5027 1295 5091 7,
1328 5040 1386 5078 n.
1422 5028 1474 5080 5.

450 5098 526 5169 (2)
559 5096 732 5169 ’Όταν
758 5094 1009 5169 ἀκούσῃς.
1042 5096 1217 5161 Editi,
1252 5092 1341 5148 ἐὰν
1393 5093 1659 5169 εἰκούσηςἶ
1714 5095 2032 5169 Sequimur

378 5152 548 5224 codd.
581 5166 757 5222 Coisl.
794 5152 986 5222 Ottob.
1024 5170 1164 5233 Boe,
1197 5152 1447 5223 Casaub.
1511 5152 1685 5223 Gr'od.
1717 5152 2027 5223 Ex‘Coisl.

379 5244 439 5294 et
470 5239 644 5314 Grod_.
680 5238 1007 5314 adjecimus
1039 5237 1128 5291 καί
1160 5246 1299 5293 ante
1335 5238 1410 5309 μή
1445 5239 1735 5314 φθαρτήνη
1758 5237 2026 5314 In_codd‘.

379 5315 509 5436 20%
522 5316 579 5402 et
603 5308 849 5365 Casaub.
877 5311 1232 5365 omittuntur
1277 5308 1588 5381 sequentia
1619 5311 1816 5382 verba,
1836 5308 1929 5363 ἳνα
1951 5309 2025 5382 μή

417 5403 473 5436 σε
516 5400 674 5436 ησης.

417 5400 674 5438 σεῡησης.

451 5402 674 5526 is)???
698 5450 857 5526 χρεία
885 5455 1001 5526 τοῖς
1036 5451 1270 5526 σώμασι.
1328 5453 1409 5526 Ex
1458 5454 1628 5508 codd.
1691 5453 1893 5526 C0i_sl.,
1929 5455 2030 5526 Qt-

380 5523 1017 5598 tob.,ARoe,”_Casaub.,
1054 5524 1226 5598 Grod.
1290 5525 1659 5595 scripsimus,
1708 5523 1795 5578 καὶ
1845 5524 2029 5598 χρεία,

378 5600 509 5656 loco
540 5595 599 5677 tit
629 5595 836 5671 γητίντ·
875 5602 932 5650 et
962 5596 1313 5677 sustulimus
1344 5598 1824 5677 praipositionem
1849 5595 1912 5652 ’ἔν
1946 5598 2031 5654 in-

385 5677 478 5729 ter
505 5668 716 5733 τοῖςει
748 5688 963 5741 mgna:
992 5669 1053 5725 in
1085 5668 1392 5739 in‘plCSSiS
1420 5668 1700 5741 positam.

2176 4594 2257 4648 στὶ
2289 4590 2403 4667 νῦν.
2437 4595 2612 4667 Deest
2640 4611 2749 4649 vox
2771 4590 3027 4667 ἀνάρχως
3058 4608 3315 4665 sequens
3332 4590 3408 4647 'in
3439 4590 3791 4665 Coisl.,Roe,

2140 4666 2367 4724 Casaub
2399 4707 2413 4729 ,
2438 4665 2612 4721 Grod.
2875 4665 2881 4667 ⁷

2213 4736 2406 4810 (5)7“0
2461 4736 2660 4810 χρόνος
2702 4733 2955 4810 ,ὕστερον
3012 4732 3332 4810 ἐχαρίσατοἶ
3410 4734 3790 4810 Itahscripsi-

2141 4806 2281 4892 mus
2298 4806 2660 4892 jq‘xtagcgdd.
2686 4806 2889 4892 Coinsll,
2928 4806 3080 4892 Roe,
3124 4806 3411 4892 casaub.“
3432 4807 3622 4892 A‘liter
3652 4806 3790 4892 iero

2142 4876 2372 4964 εᾲᾖῐὶ-ξεῗ
2392 4878 2505 4964 γεᾷ
2518 4879 2746 4964 Χρόνοις
2772 4878 2996 4964 βστερρν
3031 4876 3590 4964 έχαρίσατο.ᾙοάιξῑῐι
3604 4880 3792 4964 modo

2141 4952 2334 5009 Ottob.
2360 4948 2477 5033 nisi
2509 4948 2666 5033 quod
2691 4948 2951 5033 habet,'6'
2972 4948 3225 5033 χρόνοις.
3265 4952 3417 5005 Ante
3452 4948 3794 5033 “ο“ὗκ“έχαρίτ

2141 5043 2293 5091 σατο,
2327 5022 2503 5099 yerba
2528 5022 2560 5076 ὸ
2588 5024 2887 5099 γεννήτωρ,
2921 5022 3236 5095 adjicimus
3267 5038 3337 5077 ex
3361 5022 3535 5080 codd.
3567 5022 3796 5080 Rod'et

2137 5094 2532 5258 fatigavi:pr
2564 5164 2833 5258 Invcodd.
2857 5164 3075 5234 Ottob.,
3103 5165 3225 5220 Roe
3279 5168 3339 5220 et
3382 5165 3629 5221 Casaub.
3660 5165 3792 5223 loco

2139 5237 2612 5329 dvne’pznhab'e’tur
2633 5237 2786 5329 ὅπερ.
2850 5308 2865 5329 1
3076 5307 3102 5329 J
3118 5306 3167 5329 Δ.
3182 5306 3232 5329 Γ

2209 5306 2374 5391 (ηας)
2410 5309 2580 5391 9565.
2644 5306 2995 5391 Articulum.
3033 5306 3374 5391 addidimus
3434 5323 3505 5391 ehx
3552 5310 3672 5391 R_0e
3735 5313 3795 5391 et

2137 5378 2382 5440 Casaub.
2410 5383 2592 5454 Paulo
2624 5387 2759 5454 post
2786 5398 2860 5454 εξ
2886 5379 3020 5454 iisd.
3055 5385 3113 5435 et
3141 5378 3318 5438 Coisl.
3347 5395 3416 5434 ac
3445 5379 3618 5435 Grod.
3644 5380 3778 5436 scri-

2137 5455 2398 5533 ρεξξηιξξ,
2421 5449 2649 5533 ἐγένετρξ
2683 5454 2812 5533 1090
2843 5449 3011 5533 ἐστί...
3094 5521 3105 5533 ⁸

2211 5527 2293 5607 (8)_
2312 5522 2511 5607 Μόνος
2549 5527 2613 5582 Id
2643 5526 2888 5607 verbum
2918 5522 3246 5607 adjecimus
3276 5538 3346 5576 ex
3376 5522 3548 5606 codd.
3584 5522 3789 5607 ςὲοἱει.Ξ

2139 5598 2333 5726 ρᾳὲὶ).
2367 5603 2427 5653 et
2456 5601 2596 5668 Roe,
2628 5604 2694 5653 ut
2722 5597 2876 5653 infra
2919 5595 3173 5652 habetur
3218 5595 3451 5650 numeri
3487 5595 3789 5651 undecimi

2138 5685 2225 5725 ιω
2277 5688 2333 5727 ο.
