4132 6266
294 375 411 439 701

1029 370 1509 434 CATEOHESIS
1549 368 1655 431 XI.
1700 368 1805 428 DE
1846 366 2059 431 FILIO
2098 368 2233 431 DEI
2275 369 2730 446 UNIGENITO,
2776 372 2948 434 ITC.

3589 377 3710 439 702

296 505 387 563 διὰ
440 511 543 575 τῆς
607 501 902 577 μαθητείας
960 502 1077 565 υἱὸς
1133 501 1368 578 ἐγένετο·
1444 500 1555 558 licet
1613 498 1671 556 δὶ
1724 498 1949 577 φυσικὸς

2063 506 2339 559 naturam
2371 503 2529 560 illius
2560 521 2680 559 non
2710 510 2855 571 erat,
2889 521 2995 575 per
3024 504 3403 578 disciplinam
3430 508 3592 566 filius
3622 516 3712 567 est

295 593 682 665 υἱὸς,ἀληθὴς
717 593 855 654 υἱός·
915 592 1019 667 οὐχ
1081 594 1156 655 ὡς
1216 593 1394 665 ὑμεῖς,
1454 593 1507 647 οῖ
1560 589 1951 669 φωτιζόμενοι,

300 689 393 741 νῦν
434 685 643 761 γίνεσθε
700 683 810 737 υἱοὶ
864 683 962 736 τοῦ
1018 686 1174 737 Θεοῦ·
1233 683 1448 757 γίνεσθε
1493 681 1594 757 γὰρ
1648 681 1740 735 καὶ
1793 680 1951 752 ὑμεῖς

300 774 436 830 υἱοί·
461 771 612 830 ἀλλὰ
641 774 780 827 θέσει
814 774 888 846 (1)
944 772 1081 827 κατὰ
1135 773 1324 849 χάριν,
1385 774 1458 834 ὡς
1507 772 1825 848 γέγραπται·
1857 770 1954 821 '0-

294 884 383 920 σοι
480 860 539 918 δὶ
626 858 824 918 ἔλαϐον
890 861 1074 930 αὐεὸν,
1154 858 1353 916 ἔδῶκεν
1440 860 1624 922 αὐτοῖς
1708 855 1949 929 ἐξουσίαν

292 954 458 1010 τέκνα
526 956 666 1008 Θεοῦ
749 948 1018 1026 γενέσθαι,
1100 955 1216 1012 τοῖς
1299 950 1642 1005 πιστεύουσιν
1727 947 1804 1009 είς
1889 945 1953 1001 τὸ

289 1039 473 1117 ὄνομα
501 1043 691 1096 αὐτοῦ·
727 1036 785 1095 οἷ’
820 1038 920 1094 οὐκ
975 1038 1026 1112 ἒξ
1084 1039 1356 1112 αἱμάτων.
1408 1036 1537 1093 οὐδὲ
1585 1037 1646 1092 ἐκ
1705 1035 1950 1110 θελήμα-

286 1154 386 1194 τος
446 1130 667 1205 σαρκὸς,
724 1127 851 1184 οὐδὲ
908 1127 968 1183 ἐκ
1037 1127 1353 1201 θελήματος
1436 1124 1653 1202 ἀνδρὸς,
1712 1123 1837 1181 ἀλλ’
1894 1123 1955 1178 ἐκ

288 1225 428 1279 Θεοῦ
484 1219 876 1296 ἐγεννήθησαν.
953 1217 1059 1274 Καὶ
1143 1219 1310 1290 ἡμεῖς
1370 1216 1466 1290 μὶν
1523 1215 1845 1291 γεννώμεθα
1900 1210 1953 1282 ἐξ

289 1308 492 1372 ὕδατος
521 1309 613 1363 καὶ
643 1307 969 1381 πνεύματος·
1030 1305 1140 1381 οὐχ
1190 1304 1340 1361 οὕτω
1388 1302 1446 1360 δὶ
1494 1304 1752 1381 ἐγεννήθη
1816 1304 1952 1376 Χρι-

291 1400 424 1461 στὸς
454 1397 514 1454 ἐκ
554 1395 788 1473 Πατρός.
846 1396 998 1453 Κατὰ
1051 1396 1145 1451 τὸν
1197 1397 1386 1469 καιρὸν
1440 1395 1544 1470 γὰρ
1596 1397 1695 1450 τοῦ
1756 1391 1954 1469 βαπτί-

284 1508 498 1563 σματος
528 1487 889 1563 προσφωνῶν,
957 1485 1050 1539 καὶ
1108 1482 1307 1561 λέγων,
1369 1483 1542 1546 Οὗτός
1591 1481 1733 1538 ἐστιν
1768 1482 1796 1536 6
1826 1479 1952 1543 Υἱός

287 1598 427 1651 μου,
460 1575 560 1631 οὐκ
590 1576 761 1642 εἶπεν,
792 1571 967 1636 Οὗτος
997 1576 1090 1628 νῦν
1119 1577 1197 1647 (2)
1224 1572 1440 1650 γέγονεν
1468 1570 1592 1635 Υἱός
1642 1592 1770 1646 μου,
1825 1564 1952 1625 ἀλλ’

285 1660 466 1729 Οὗτός
493 1663 637 1720 ἐστιν
671 1665 699 1718 6
730 1662 859 1725 Υἱός
895 1682 1020 1736 μου·
1049 1659 1142 1717 τίνα
1174 1659 1423 1735 δηλώσῃ,
1455 1661 1542 1716 ὃτι
1571 1660 1664 1717 καὶ
1717 1659 1825 1735 πρὸ
1849 1664 1951 1727 τῆς

284 1758 387 1810 τοῦ
416 1751 796 1831 βαπτίσματος
830 1751 1110 1827 ἐνεργείας
1140 1751 1264 1813 Υἱὸς
1295 1753 1381 1821 ἦν·

364 1844 418 1902 Γ.
450 1841 1050 1930 Ἐγέννησενᾼὸνῐῐατὴρ
1077 1841 1170 1895 τὸν
1200 1840 1350 1930 Υἱὸν,
1382 1839 1492 1915 οὐχ
1520 1840 1596 1930 ὡς
1645 1837 1697 1930 ἐν
1741 1836 1951 1930 ἀνθρῶ-
1983 1862 2031 1930 Β

286 1954 418 1997 ποις
443 1936 601 2008 γεννᾷ
630 1934 757 1995 νοῦς
782 1927 969 2004 λόγον.
1002 1930 1065 1987 Ὁ
1127 1931 1220 2003 μὲν
1260 1929 1361 2005 γὰρ
1405 1932 1532 1993 νοῦς
1574 1927 1626 1983 ἐν
1675 1929 1811 2001 ἡμῖν
1867 1924 1953 1980 ἰν-

292 2020 598 2083 υπόστατός
628 2020 791 2075 ἐστιν·
847 2020 875 2072 6
908 2016 967 2074 δὲ
1014 2017 1198 2093 λόγος,
1254 2017 1517 2087 λαληθεὶς
1563 2018 1651 2073 καὶ
1695 2015 1771 2078 είς
1823 2017 1954 2091 ἀέρα

296 2107 581 2185 διαχυθεὶς
605 2104 939 2164 ἀπόλλυται.
968 2107 1162 2179 Ἡμεῖς
1194 2103 1252 2162 δὲ
1300 2103 1525 2179 οἴδαμεν
1573 2105 1668 2160 τὸν
1716 2104 1948 2180 Χριστὸν

293 2200 617 2275 γεννηθέντα
646 2197 812 2274 λόγον
846 2195 908 2251 οὗ
939 2196 1303 2273 προφορικὸν,
1351 2194 1499 2251 ἀλλὰ
1547 2193 1715 2270 λόγον
1757 2194 1945 2250 ἑνυπό-

295 2308 488 2343 στατον
518 2289 608 2343 καὶ
644 2289 818 2356 ζῶντα
847 2287 944 2360 (3)·
976 2285 1041 2340 οὗ
1072 2284 1284 2358 χείλεσι
1332 2282 1643 2352 λαληθὲντα
1689 2282 1781 2338 καὶ
1832 2280 1952 2338 δια-

291 2376 549 2452 χυθὲντα,
590 2374 720 2431 ἀλλ’
775 2374 835 2430 ἐκ
892 2375 1102 2448 Πατρὸς
1161 2371 1356 2437 ἀϊδίως
1403 2374 1494 2429 καὶ
1547 2373 1947 2451 ἀνεκφράστως,

295 2465 385 2521 καὶ
447 2465 501 2521 ἰν
559 2464 852 2520 ὑποστάσει
906 2462 1245 2538 γεννηθέντα.
1308 2464 1395 2519 Ἐν
1456 2462 1604 2539 ἀρχῇ
1660 2461 1763 2536 γὰρ
1821 2460 1888 2531 ἦν
1923 2462 1951 2516 6

288 2554 490 2630 Λόγος,
548 2554 636 2610 καὶ
669 2555 696 2608 6
750 2552 929 2627 Λόγος
988 2554 1055 2621 ἦν
1115 2552 1254 2626 πρὸς
1313 2553 1407 2606 τὸν
1459 2551 1614 2620 Θεὸν,
1670 2550 1766 2606 καὶ
1822 2551 1951 2612 θεὸς

292 2642 365 2712 ἦν
400 2645 430 2697 6
462 2643 635 2719 Λόγος
675 2640 726 2697 ἐν
786 2640 929 2713 δεξιᾷ
984 2642 1369 2715 καθεζόμενος.
1426 2641 1603 2716 Λόγος
1656 2643 1797 2695 νοῶν
1852 2644 1951 2695 τοῦ

306 2734 521 2808 Πατρὸς
550 2733 613 2788 τὸ
646 2731 925 2806 βούλημα,
979 2731 1067 2785 καὶ
1132 2727 1483 2804 δημιουργῶν
1532 2730 1601 2785 τὰ
1649 2731 1823 2785 πάντα
1870 2727 1952 2802 τῷ

299 2821 509 2877 ἐκείνου
566 2821 808 2894 νεύματι·
859 2820 1034 2897 Λόγος
1092 2820 1122 2875 6
1177 2814 1414 2882 καταϐὰς
1469 2819 1561 2875 καὶ
1645 2814 1866 2882 ἀναϐάς·
1923 2820 1951 2875 6

297 2910 401 2987 γὰρ
434 2911 775 2988 προφορικὸς
808 2912 907 2985 (4),
951 2907 1297 2983 λαλούμενος
1355 2909 1416 2964 οὐ
1472 2904 1782 2965 καταϐαίνει
1827 2906 1953 2964 οὐδὲ

294 2992 590 3053 ἀναϐαίνει·
652 2997 826 3073 Λόγος
913 2994 1123 3066 λαλῶν,
1180 2996 1269 3051 καὶ
1331 2993 1528 3073 λέγων·
1609 2999 1680 3052 "A
1738 2995 1953 3072 ἑώρακα

287 3087 434 3157 παρὰ
460 3085 540 3160 τῷ
588 3086 759 3163 Ηατρί
821 3107 948 3160 μου,
1002 3090 1170 3141 ναῦτα
1227 3084 1407 3144 λαλῶ.
1468 3086 1653 3162 Λόγος
1707 3084 1952 3158 ἐξουσια-

291 3179 495 3248 στιχὸς,
525 3176 619 3233 καὶ
673 3176 982 3253 βασιλεύων
1035 3180 1145 3232 τῶν
1200 3175 1438 3233 πάντων·
1497 3178 1672 3233 πάντα
1724 3179 1826 3253 γὰρ
1872 3182 1951 3251 τῷ

294 3269 407 3340 Υἱῷ
434 3265 823 3345 παραδέδωκεν
854 3268 884 3322 6
918 3267 1131 3342 Πατὴρ.

364 3447 475 3505 ΙΛ“.
511 3448 804 3521 Ἐγὲννησε
832 3444 1009 3502 τοίνυν
1060 3443 1221 3500 αὐτὸν
1255 3445 1284 3501 6
1312 3447 1502 3520 Πατήρ
1551 3448 1651 3519 (5),
1703 3445 1809 3523 οὐχ
1861 3444 1950 3502 οδ-

355 3616 401 3655 ⁰¹
433 3619 600 3673 Joan.
633 3635 671 3683 ι,
705 3619 794 3688 12,
825 3617 913 3673 l3.
1017 3617 1063 3652 "
1089 3617 1254 3671 Joan.
1296 3631 1385 3685 ιιι,
1416 3618 1468 3672 5.

1568 3614 1617 3650 93
1653 3615 1781 3672 Vid.
1813 3624 1924 3673 cat.
1949 3620 2005 3683 3,
2035 3633 2098 3674 n.
2151 3617 2237 3672 14.
2316 3615 2363 3652 ⁹⁴
2394 3617 2596 3672 Matth.
2632 3633 2717 3684 ιιι,
2770 3617 2871 3683 17;
2922 3634 3059 3685 xvn,
3111 3621 3163 3675 5.

2058 591 2283 660 factus;
2307 594 2433 650 illic
2452 611 2588 649 vero
2620 593 2910 650 naturalis
2940 596 3089 652 I53
3122 596 3301 665 ﬁlius,
3325 616 3495 653 verus
3528 600 3708 659 filius.

2059 682 2186 737 Non
2217 683 2371 738 sicut
2399 700 2520 753 vos,
2553 701 2586 738 ο
2616 682 3020 747 illuminondi,
3055 701 3215 739 nunc
3246 686 3352 740 filii
3385 688 3488 741 Dei
3520 689 3708 744 efﬁci-

2058 770 2206 825 mini
2234 789 2363 838 ;vos
2386 773 2546 827 enim
2570 773 2748 827 etiam
2772 772 2881 827 ﬁlii
2905 772 3234 840 efﬁcimini,
3260 775 3363 829 sed
3387 775 3707 847 adoptione

2058 876 2165 932 per
2184 862 2455 934 gratiam,
2491 862 2643 917 sicut
2668 862 2955 933 scriptum
2978 868 3095 917 est:
3129 886 3157 913 «
3183 864 3481 935 Quotquot
3509 873 3708 923 autem

2063 971 2085 999 ι
2120 955 2477 1022 receperunt
2505 967 2662 1019 eum,
2713 951 2879 1006 dedit
2907 952 2992 1005 eis
3022 956 3375 1023 potestatem
3417 954 3573 1010 ﬁlios
3604 957 3708 1012 Dei

2061 1059 2089 1089 α
2112 1038 2242 1093 ﬁeri
2264 1056 2278 1106 ;
2303 1039 2397 1095 his
2420 1040 2521 1111 qui
2546 1040 2798 1095 credunt
2815 1041 2878 1094 in
2899 1056 3120 1095 nomen
3148 1042 3297 1113 ejus.
3331 1044 3439 1108 Qui
3470 1060 3593 1099 non
3639 1062 3710 1100 ex

2061 1148 2089 1179 ι(
2112 1128 2523 1200 sanguinibus,
2547 1144 2741 1200 neque
2765 1146 2836 1184 ex
2855 1129 3158 1186 voluntate
3177 1133 3395 1200 carnis,
3420 1149 3614 1204 neque
3642 1150 3713 1190 ex

2064 1237 2085 1265 ι
2108 1216 2410 1273 voluntate
2433 1217 2563 1286 viri,
2585 1218 2687 1272 sed
2711 1234 2779 1272 ex
2800 1219 2918 1273 Deo
2941 1219 3065 1274 nati
3084 1224 3225 1273 sunt
3238 1218 3283 1255 91
3309 1223 3437 1275 ».Et
3455 1237 3563 1277 nos
3587 1222 3715 1293 qui-

2058 1303 2195 1360 dem
2220 1306 2525 1362 nascimur
2554 1324 2625 1362 ex
2655 1322 2810 1378 aqua
2836 1313 2895 1361 et
2920 1306 3229 1378 spiritu”;
3258 1325 3379 1364 non
3401 1316 3599 1366 autem
3631 1311 3714 1367 ita

2056 1398 2234 1449 natus
2256 1399 2346 1450 est
2371 1395 2639 1450 Christus
2655 1411 2726 1450 ex
2746 1399 2917 1451 Patre
2940 1394 3005 1449 ⁸³.
3022 1397 3286 1467 Namque
3304 1398 3365 1451 in
3386 1397 3714 1469 baptisma-

2057 1482 2133 1537 tis
2157 1487 2425 1555 tempore
2448 1483 2784 1540 inclamans
2810 1489 2870 1538 et
2889 1484 3185 1540 aiens:Hic
3198 1492 3275 1540 est
3296 1486 3470 1543 Filius
3484 1504 3635 1544 meus
3647 1488 3711 1557 9‘;

2057 1587 2179 1627 non
2204 1572 2373 1642 dixit,
2408 1573 2512 1629 Hic
2532 1590 2692 1628 nunc
2711 1573 2902 1629 factus
2927 1578 3018 1629 est
3038 1574 3221 1629 Filius
3247 1591 3416 1630 meus
3440 1593 3453 1643 ;
3485 1593 3711 1646 verum,

2056 1661 2160 1717 Hic
2190 1667 2271 1716 est
2292 1663 2467 1717 Filius
2490 1677 2660 1729 meus,
2691 1667 2755 1717 ut
2785 1661 3119 1717 declararet
3153 1662 3312 1733 quod
3364 1663 3542 1719 etiam
3574 1671 3711 1720 ante

2057 1750 2436 1823 baptismatis
2464 1750 2850 1807 efﬁcientiam
2873 1751 3056 1807 Filius
3088 1757 3233 1809 erat.

2131 1842 2200 1896 X.
2233 1838 2280 1876 θ’
2310 1840 2526 1896 Genuit
2555 1842 2730 1896 Pater
2758 1841 2994 1905 Filium,
3029 1858 3151 1896 non
3182 1840 3335 1896 sicut
3361 1841 3425 1897 in
3453 1842 3714 1898 homini-

2061 1930 2172 1985 bus
2203 1946 2374 1985 mens
2403 1935 2648 2002 generat
2680 1929 2922 1984 verbum
2951 1930 3045 2000 (6).
3078 1932 3145 1985 In
3166 1930 3337 1986 nobis
3359 1932 3519 1987 enim
3546 1948 3715 1988 mens

2063 2018 2396 2075 subsistens
2419 2018 2661 2090 quidem
2680 2023 2803 2075 est:
2828 2020 3071 2075 verbum
3092 2037 3228 2075 vero
3259 2022 3636 2078 enuntiatum
3658 2027 3720 2078 et

2061 2109 2128 2164 in
2161 2125 2301 2165 aera
2330 2109 2612 2165 diﬂ‘usum
2645 2108 3008 2181 disperditur
3033 2127 3047 2177 ;
3077 2127 3184 2166 nos
3210 2117 3410 2167 autem
3441 2113 3715 2169 novimus

2062 2200 2361 2255 Christum
2393 2203 2601 2254 natum
2646 2216 2776 2254 esse
2834 2198 3098 2268 verbum,
3156 2216 3276 2255 non
3323 2202 3713 2273 prolatitium,

2062 2288 2169 2344 sed
2191 2287 2446 2343 Verbum
2471 2287 2803 2343 subsistens
2828 2293 2885 2342 et
2913 2287 3142 2356 vivens;
3170 2305 3290 2344 non
3314 2290 3487 2345 labiis
3516 2290 3716 2362 prola-

2060 2381 2187 2432 tum
2212 2380 2271 2432 et
2288 2376 2592 2442 diffusum,
2628 2376 2731 2432 sed
2749 2393 2817 2431 ex
2840 2379 3011 2432 Patre
3030 2378 3393 2449 sempiterno
3417 2384 3476 2434 et
3505 2379 3714 2434 ineffa-

2059 2467 2282 2537 biliter,
2314 2473 2375 2523 et
2398 2467 2459 2521 in
2481 2467 2672 2523 solida
2700 2467 3003 2539 hypostasi
3035 2470 3321 2541 genitum.
3348 2492 3377 2519 «
3400 2470 3464 2525 In
3488 2470 3715 2543 princi—

2066 2578 2087 2607 ι
2121 2557 2217 2627 pio
2252 2556 2412 2612 enim
2462 2560 2591 2612 erat
2646 2556 2925 2623 Verbum,
2978 2562 3036 2612 et
3078 2558 3331 2613 Verbum
3382 2563 3508 2614 erat
3558 2559 3714 2631 apud

2059 2666 2091 2697 ι(
2123 2646 2330 2716 Deum,
2363 2650 2423 2701 et
2450 2646 2605 2701 Deus
2636 2650 2763 2701 erat
2793 2645 3049 2701 Verbum
3076 2646 3226 2702 illud
3256 2648 3346 2719 κζ»
3382 2648 3444 2703 in
3476 2648 3718 2704 dextera

2062 2735 2277 2791 sedens
2296 2733 2363 2790 9".
2397 2734 2653 2791 Verbum
2685 2736 3028 2809 intelligens
3060 2737 3248 2792 Patris
3271 2738 3720 2807 voluntatem,et

2061 2826 2191 2898 ejus
2222 2830 2379 2882 nutu
2405 2827 2607 2882 omnia
2635 2827 2910 2894 moliens,
2946 2828 3199 2884 Verbum
3230 2829 3387 2899 quod
3410 2829 3719 2885 descendit

2062 2919 2122 2971 et
2150 2914 2422 2971 ascendit
2449 2916 2535 2985 9°;
2565 2915 2809 2971 verbum
2843 2916 3003 2971 enim
3035 2917 3403 2987 prolatitium
3453 2917 3595 2973 dum
3627 2918 3716 2973 lo-

2063 3003 2299 3075 quendo
2341 3004 2661 3076 profertur,
2718 3021 2840 3059 non
2900 3004 3212 3060 descendit
3263 3023 3373 3062 nec
3426 3005 3714 3062 ascendit.

2062 3092 2319 3149 Verbum
2349 3093 2507 3163 quod
2536 3093 2802 3165 loquitur
2830 3098 2888 3150 et
2930 3093 3108 3149 dicit:
3156 3116 3180 3146 α
3216 3097 3354 3160 Quas
3399 3095 3513 3151 vidi
3556 3095 3715 3168 apud

2066 3200 2096 3231 «
2127 3183 2363 3237 Patrem
2398 3197 2622 3247 meum,
2655 3181 2783 3235 haac
2814 3180 3021 3253 loquot
3049 3182 3093 3217 σθ
3124 3202 3175 3238 ››.
3212 3183 3466 3239 Verbum
3513 3189 3712 3255 potes—

2064 3275 2184 3327 tate
2217 3270 2484 3342 plenum,
2519 3274 2575 3324 et
2605 3270 2667 3324 in
2698 3270 2901 3325 omnia
2930 3287 3177 3344 regnum
3212 3288 3493 3329 exercens
3516 3272 3721 3330 omnia

2071 3360 2231 3417 enim
2261 3359 2408 3415 Filio
2442 3358 2686 3415 tradidit
2714 3361 2889 3415 Pater
2920 3363 2960 3413 ¹.

2134 3450 2230 3504 XI.
2265 3448 2481 3503 Genuit
2505 3448 2684 3521 igitur
2703 3448 2899 3519 ipsum
2924 3450 3121 3520 Pator,
3153 3466 3275 3506 non
3299 3451 3382 3506 ita
3402 3456 3468 3506 ut
3494 3450 3714 3522 aliquis

3267 3618 3315 3655 ’5
3341 3621 3467 3676 Vid.
3513 3627 3620 3677 cat.
3653 3624 3708 3682 4.

288 3705 349 3745 n.
381 3691 434 3744 8.
511 3689 560 3725 ’³⁸
613 3690 782 3745 Joan.
816 3705 857 3757 ι,
890 3692 942 3746 1.
1020 3688 1063 3724 ³⁷
1092 3688 1249 3743 Psal.
1280 3704 1390 3757 uix,
1426 3691 1477 3742 1.
1555 3688 1599 3723 ⁸⁸
1628 3689 1844 3760 Ephes.
1877 3707 1951 3759 1v,

2060 3730 2072 3745 .
2151 3689 2195 3724 θ’
2220 3690 2386 3744 Joan.
2419 3705 2540 3756 vui,
2573 3689 2661 3743 38.
2744 3690 2760 3724 ί
2792 3690 2961 3745 Joan.
2997 3707 3120 3757 xm,
3152 3694 3206 3759 3,
3229 3696 3287 3746 et
3312 3693 3513 3748 Matth.
3538 3696 3709 3762 11,27.

359 3847 435 3911 (1)
468 3840 642 3895 θέσει.
694 3841 761 3894 In
824 3838 1019 3895 Ottob.
1074 3839 1292 3911 legitur
1349 3835 1592 3908 θελήσει,
1638 3841 1942 3910 voluntate,

291 3914 452 3988 quod
483 3912 727 3988 quidem
756 3928 878 3966 non
908 3911 1243 3988 male_cum
1291 3912 1797 3988 consequentibus
1847 3930 1943 3988 co-

288 3984 672 4042 haeretIVide
705 4000 836 4055 sup.
870 3999 1037 4038 num.
1070 3985 1124 4046 4,
1157 3988 1217 4037 et
1264 3989 1376 4038 cat.
1428 3987 1481 4051 7,
1527 4000 1692 4039 num.
1743 3985 1798 4038 7.
1851 3984 1944 4040 Sic

287 4057 544 4130 Cyrillus
566 4054 892 4130 Alexandr,
915 4055 1206 4130 Thesauri-
1235 4060 1443 4130 assert.
1498 4059 1584 4119 15,
1608 4071 1780 4130 φας.-
1818 4057 1940 4111 164.

283 4123 365 4186 TE
397 4128 494 4201 μὶν
524 4125 796 4201 κτίσᾼματα
830 4124 979 4201 λόγῳ
1027 4124 1118 4178 καὶ
1181 4123 1445 4201 βουλῄσει
1500 4123 1655 4201 Θεοῐῖ
1692 4123 1940 4201 κάλεῖται

281 4197 417 4278 πρὸς
449 4198 743 4260 υἱοθεσίαν·
780 4219 808 4247 κ
842 4197 1139 4252 creaturae
1163 4197 1443 4268 equidem
1463 4198 1639 4253 verbo
1662 4204 1720 4253 et
1744 4200 1946 4255 volun-

285 4298 311 4325 “
343 4281 463 4327 tate
496 4272 600 4327 Dei
633 4270 707 4326 ad
732 4269 1115 4327 adeptionem
1146 4274 1450 4323 vocantur-

285 4298 311 4325 ι(
343 4281 463 4328 tate
496 4281 600 4327 Dei
633 4281 707 4326 ad
732 4281 1115 4328 adeptionem
1146 4281 1450 4323 vocantur-

343 4281 463 4332 tate
496 4281 600 4327 Dei
633 4281 707 4326 ad
732 4281 1115 4340 adoptionem
1146 4281 1450 4323 vocantur-

359 4348 437 4419 (2)
458 4341 640 4419 ρῧτος
672 4343 785 4419 νῦν.
822 4336 1159 4419 Loco-0610c
1204 4340 1534 4419 habebatur
1687 4341 1940 4419 impres—

290 4412 391 4486 sis,
417 4412 536 4470 ὀῦν·
572 4414 731 4486 quod
767 4412 1136 4486 correximus
1166 4428 1237 4467 ex
1268 4412 1438 4467 codd.
1491 4412 1667 4467 Coisl.
1723 4412 1941 4481 Ottob,,

287 4492 428 4558 Roe,
460 4485 736 4564 Casaubq
770 4485 979 4564 Grod.__
1066 4554 1081 4564 _
1295 4553 1307 4564 ι
1338 4555 1354 4564 _
1384 4556 1395 4564 _
1537 4554 1553 4564 _
1576 4553 1616 4564 υ
1645 4553 1681 4564 υ

356 4553 436 4625 (3ξ
466 4557 563 4612 Καὶ
598 4561 789 4625 ζῶντα.
816 4554 1187 4612 Ραιιίοιιιειιιι
1216 4553 1307 4607 καί
1338 4555 1435 4610 hic
1482 4553 1823 4609 addidimus
1872 4570 1942 4609 ex

286 4634 459 4689 codd.
491 4634 633 4697 Roe,
665 4629 915 4684 Casaub.
970 4633 1028 4681 et
1081 4627 1254 4681 Grod.
1314 4628 1496 4681 Voces
1551 4626 1797 4697 pariter,
1854 4625 1947 4678 καὶ

284 4695 647 4783 διαχυθέντα,
682 4718 755 4755 ex
771 4700 923 4783 liisd.
962 4699 1227 4783 itemque
1258 4715 1327 4783 ex
1351 4698 1525 4783 Coisl.
1552 4695 1838 4783 e't‘qttob.

355 4768 436 4850 (ἲ)
470 4771 837 4850 Προ-φο-ρωιός.
864 4773 946 4826 Ex
974 4773 1094 4826 Roe
1152 4774 1211 4823 et
1238 4769 1510 4850 ‘Casaub.
1562 4768 1747 4850 .Editi,
1807 4786 1948 4850 ¹τερο-

281 4840 382 4924 φορ
408 4840 542 4906 ικῶξ
575 4840 942 4914 καλούμενος,
976 4858 1107 4913 qum
1135 4841 1314 4922 verba
1342 4841 1763 4896 inconcinnam
1791 4840 1946 4923 ejus-

284 4921 421 4970 dem
456 4919 544 4970 rei
573 4916 994 4970 renetitionem
1031 4918 1362 4968 continent.
1388 4916 1535 4968 Ante
1569 4909 1747 4970 λαλῶ.
1780 4911 1951 4967 addi-

284 4921 421 4976 dem
456 4921 544 4974 rei
573 4921 994 4989 repetitionem
1031 4921 1362 4968 continent.
1388 4921 1535 4968 Ante
1569 4921 1747 4981 λαλῶ,
1780 4921 1946 4967 addi-

285 4993 484 5047 dimus
506 4993 678 5043 ταῦτα
698 5004 769 5042 ex
790 4986 1005 5041 iisdem
1030 4984 1201 5040 codd.
1227 4989 1286 5038 et
1309 4984 1483 5040 Grod.
1506 5002 1519 5053 ;
1541 4984 1709 5039 deest
1746 4989 1946 5039 tamen

285 5066 346 5120 in
377 5061 715 5133 Evangelio,

355 5136 431 5199 (5‘;
462 5125 769 5199 ὈἸΙατήμ
805 5130 966 5184 Hanc
995 5142 1199 5181 vocem
1249 5125 1587 5182 addidimus
1641 5142 1712 5181 ex
1768 5125 1943 5181 Grod.

355 5146 431 5199 (5)
463 5146 524 5188 ‘U
561 5146 708 5199 ιιατη
757 5172 769 5184 .
806 5146 966 5184 uano
995 5146 1199 5181 vocem
1249 5146 1587 5182 audiuimus
1641 5146 1712 5181 ex
1768 5146 1937 5181 ιιι-σα.

285 5212 344 5263 et
375 5204 547 5262 codd.
582 5146 759 5259 Coisl.
796 5206 854 5255 et
882 5199 1074 5255 Ottob.
1110 5214 1361 5268 quorum
1394 5203 1592 5270 tamen
1625 5199 1687 5252 in
1714 5204 1937 5270 postre-

281 5296 381 5335 mo
414 5276 584 5331 deest
613 5272 921 5336 articulus,
951 5275 1013 5340 et
1045 5267 1229 5338 Πατήρ
1262 5275 1397 5340 post
1453 5267 1624 5340 οὕτως
1677 5267 1939 5340 ponitur.

278 5350 555 5413 Inferius,
589 5352 727 5402 ante
757 5341 867 5413 οὐχ
896 5339 1092 5412 οὕτως,
1124 5339 1465 5397 addidimus
1496 5339 1578 5394 ὅτι
1613 5339 1694 5396 οἱ
1740 5340 1940 5407 Coisl.,

278 5424 424 5483 Roe,
455 5418 710 5474 Casaub.
745 5421 806 5471 et
830 5413 1011 5469 'Grod.

355 5496 433 5557 (6)
466 5494 585 5546 Non
610 5492 751 5545 sicut
783 5490 843 5542 in
874 5484 1183 5557 hominibus
1205 5499 1360 5557 Amenrs
1398 5490 1645 5557 generat,
1666 5487 1791 5557 etc.
1845 5483 1943 5538 Lo-

283 5555 488 5637 quitur
511 5563 582 5617 de
600 5560 779 5637 ve_rb_o
804 5555 1217 5637 noniqteriori
1246 5562 1305 5610 et
1326 5556 1387 5610 in
1420 5556 1548 5637 ipso
1580 5555 1782 5637 animo
1813 5571 1943 5637 m_a-

281 5622 489 5702 dente,
521 5628 897 5704 quoquruaci
929 5622 1242 5704 ἐνδιάθετον.
1257 5622 1499 5704 vocant;
1526 5628 1629 5704 sed
1661 5627 1734 5682 de
1761 5625 1938 5680 verbo

280 5698 558 5769 exterius
580 5702 834 5777 prolato,
868 5699 1042 5771 cujus
1086 5698 1247 5755 verbi
1296 5698 1752 5770 productionem
1801 5713 1936 5753 cum

2055 3840 2261 3912 interni
2285 3839 2459 3895 Verbi
2484 3840 2866 3912 generatione
2899 3857 3244 3912 comparare
3276 3843 3472 3898 solent
3499 3845 3705 3900 Patres

2052 3911 2328 3985 plurimis
2360 3912 2431 3985 de
2462 3911 2677 3979 causis,
2713 3929 2861 3985 quas
2890 3911 3087 3968 vide’a
3110 3914 3390 3985 Dionysio
3448 3914 3702 3971 Alexan-

2053 3982 2225 4038 drino
2257 3983 2580 4056 explicatas
2624 3984 2780 4054 apud
2838 3984 3077 4049 Athan.,
3131 3985 3203 4038 De
3259 3982 3394 4040 sent.
3456 3988 3703 4056 Dionys.,

2053 4071 2215 4109 num.
2248 4056 2337 4123 23,
2372 4062 2430 4110 et
2451 4055 2522 4111 ab
2562 4056 2886 4110 Athanasio
2946 4055 3076 4126 ipso
3129 4062 3276 4111 orat.
3310 4061 3362 4122 2,
3396 4074 3561 4112 num.
3606 4055 3703 4114 ’35.

2052 4126 2341 4180 Craterum
2375 4144 2444 4182 ea
2472 4127 2918 4184 comparatione
2949 4127 3119 4182 multi
3145 4128 3287 4182 olim
3320 4128 3392 4183 ad
3426 4130 3704 4184 minuen-

2052 4196 2187 4253 dam
2211 4197 2398 4252 divini
2419 4197 2587 4253 Verbi
2614 4196 2985 4270 hypostasim
3019 4206 3077 4254 et
3105 4199 3448 4255 distinctam
3472 4217 3504 4255 a
3533 4203 3704 4256 Patre

2053 4269 2460 4324 exsistentiam
2483 4269 2651 4324 abusi
2675 4275 2830 4324 sunt.
2869 4271 3023 4334 Quos
3055 4271 3182 4327 sine
3203 4271 3382 4326 dubio
3401 4272 3576 4327 isthic
3608 4289 3704 4328 ca-

2053 4342 2230 4414 stigat
2261 4341 2535 4414 Cyrillus.
2587 4342 2651 4395 In
2686 4341 2893 4413 primis
2925 4341 3130 4409 Ebion,
3184 4344 3285 4414 qui
3338 4361 3408 4398 ex
3458 4344 3705 4409 Hilario,

2051 4412 2156 4479 lib,
2192 4429 2231 4467 ιι
2261 4413 2332 4466 De
2365 4414 2539 4478 Trin,
2582 4412 2741 4467 num.
2786 4415 2838 4475 4,
2876 4414 3088 4468 Filium
3121 4412 3355 4470 dicebat
3382 4431 3575 4470 sonum
3605 4431 3705 4470 vo-

2053 4486 2129 4539 cis
2159 4484 2381 4539 elatum.
2417 4485 2691 4553 Praxeas,
2724 4484 2881 4555 apud
2913 4485 3179 4553 Tertull.,
3212 4486 3315 4540 lib.
3350 4488 3556 4541 Contra
3572 4489 3707 4541 Pra-

2051 4571 2219 4623 xean,
2244 4572 2371 4626 cap.
2398 4559 2449 4621 7,
2480 4556 2848 4623 Sermonem,
2868 4556 2928 4610 id
2953 4563 3043 4611 est
3072 4557 3348 4626 Verbum,
3372 4559 3524 4613 nihil
3542 4557 3705 4613 aliud

2060 4626 2308 4709 docebat
2347 4634 2741 4709 essepraétcr
2794 4644 2977 4709 uocem
3032 4634 3350 4709 etnsonugn.
3388 4629 3707 4709 ‘Sabellius

2058 4698 2239 4753 etiam
2270 4698 2352 4753 ita
2383 4698 2675 4753 sentiebat
2702 4716 2769 4752 ex
2814 4699 3127 4769 Epiphanii
3170 4700 3452 4768 .Indiculo,
3486 4718 3543 4770 p.
3580 4702 3706 4770 398,

2055 4785 2221 4826 num.
2248 4772 2335 4837 16,
2368 4776 2427 4824 et
2457 4770 2675 4825 Paulus
2694 4770 3126 4825 Samosatensis
3148 4787 3219 4825 ex
3235 4772 3469 4841 Epiph.,
3488 4770 3705 4828 haeres.

2054 4857 2179 4910 va,
2209 4858 2372 4895 num.
2410 4845 2459 4896 1.
2504 4842 2662 4896 idem
2708 4858 2875 4895 error
2938 4841 3050 4895 fuit
3102 4842 3359 4903 Photini,
3410 4844 3602 4898 eidem
3650 4848 3711 4899 et

2056 4912 2330 4968 Marcello
2356 4914 2667 4983 Ancyrano
2680 4912 2751 4965 ab
2771 4912 3168 4967 Orientalibus
3181 4914 3257 4967 im
3267 4919 3523 4983 putatus.
3547 4917 3705 4970 Prai-

2056 4931 2330 4968 marceuo
2356 4931 2751 4983 ancyranoan
2771 4931 3257 4967 urientaunusnm
3307 4931 3523 4969 utatus.
3547 4931 3705 4970 Prai-

2056 4988 2219 5057 terea
2242 4984 2572 5057 hicrespici
2596 4989 2797 5054 putem
2830 4984 3099 5057 Arianos,
3134 4985 3233 5054 qui
3258 4931 3476 5057 guplex
3496 4987 3557 5041 in
3587 4989 3706 5042 Deo

2054 5054 2299 5109 verbum
2330 5055 2785 5127 distinguentes,
2817 5054 2979 5127 aliud
3010 5056 3315 5127 proprium
3339 5054 3406 5113 ac
3434 5059 3707 5114 naturale

2054 5127 2245 5181 Patris
2278 5126 2535 5180 Verbum
2565 5126 2625 5179 in
2658 5143 2772 5196 quo
2816 5126 3029 5180 Filium
3084 5126 3308 5196 fecerit,
3356 5129 3517 5185 aliud
3570 5147 3705 5185 vero

2055 5202 2318 5274 creatum
2338 5198 2496 5268 quod
2511 5198 2637 5274 sola
2648 5197 3003 5274 cogitatione
3016 5198 3257 5254 verbum
3273 5202 3556 5272 appellari
3575 5220 3707 5274 pos-

2054 5287 2118 5326 se
2140 5268 2597 5345 dicebant_,apud
2614 5270 2802 5345 Athan
2816 5313 2826 5324 .
2840 5268 3708 5345 .orat.n,num.37,-quzerebant

2055 5359 2124 5397 ex
2140 5340 2477 5405 Catholicis,
2490 5364 2514 5388 ‹‹
2529 5341 2636 5405 Qui
2658 5340 2782 5395 fieri
2805 5347 3081 5411 possetut
3094 5343 3276 5399 Filius
3294 5340 3450 5400 esset
3466 5346 3707 5400 verbum

2052 5435 2081 5464 «
2102 5413 2458 5494 vel‘verbum
2481 5412 2675 5494 imago
2704 5412 2840 5494 Dei:
2866 5428 3003 5467 nam
3028 5414 3340 5494 hominum
3364 5418 3607 5494 verbum
3640 5434 3711 5471 ex

2054 5508 2081 5537 ι(
2103 5484 2350 5558 syllabis
2371 5483 3096 5558 compositumJoquentis
3114 5488 3475 5543 voluntatem
3495 5489 3714 5543 solum-

2052 5581 2079 5608 ι(
2105 5555 2282 5614 modo
2298 5555 2874 5627 indicat.posteaque
2892 5556 3183 5613 desinitct
3204 5561 3539 5615 evanescit»
3564 5559 3706 5612 Ibid.

2050 5646 2218 5687 num.
2252 5631 2339 5683 34.
2380 5627 2605 5693 Quibus
2666 5628 2986 5698 respondet
3036 5631 3394 5685 Athanasius
3443 5629 3622 5684 divini
3654 5632 3714 5680 et

2048 5701 2299 5758 humani
2331 5699 2490 5755 verbi
2520 5699 2920 5756 differentiam
2950 5700 3078 5756 fuse
3111 5701 3468 5756 edisserens.
