4132 6266
381 347 502 407 ’703

1441 333 1505 395 S.
1552 331 1864 400 CYBILLI
1909 330 2319 399 HIEBOSOL.
2366 335 2731 400 ARCHIEP.

3678 331 3813 392 τοι

384 480 540 534 inter
567 470 846 528 homines
872 468 1259 535 intellexerit,
1301 466 1405 523 sed
1435 471 1499 522 ut
1522 466 1685 522 novit
1713 467 1839 540 ipse
1870 466 2033 523 solus

2150 485 2252 529 τως
2283 468 2360 530 ὡς
2391 468 2451 523 ἂν
2481 489 2565 530 τις
2594 469 2840 539 νοήσειεν
2872 464 3191 540 ἀνθρώπων,
3224 463 3357 521 ἀλλ’
3388 464 3464 526 ὡς
3512 460 3652 519 οἶδεν
3700 465 3806 518 αὑ-

378 567 474 639 (1).
509 566 637 619 Νοιι
695 561 857 616 enim
915 557 1421 631 quemadmodum
1472 557 1745 629 genuerit
1802 557 2036 612 edicere

378 654 776 729 pollicemur:
820 655 1051 705 tantum
1084 648 1240 719 quod
1273 664 1393 702 non
1443 648 1525 702 ita
1572 647 1844 720 genuerit
1882 648 2038 703 afﬁr-

380 762 634 802 mamus.
670 744 870 812 Neque
903 756 1012 795 nos
1046 739 1331 793 duntaxat
1359 737 1489 791 Filii
1523 754 1595 792 ex
1623 738 1792 791 Patre
1824 736 2033 791 nativi-

383 842 567 891 tatem
617 834 982 905 ignoramus,
1042 828 1147 883 sed
1206 832 1267 882 et
1322 827 1517 881 omnis
1574 830 1854 898 generata
1909 828 2037 897 [seu

384 925 607 995 creata]
640 927 872 977 natura.
906 922 1129 974 Enarra
1159 916 1315 974 154
1371 922 1537 972 terrae
1584 916 1683 987 (2),
1716 918 1763 970 si
1795 916 1899 969 tibi
1948 916 2032 970 di-

380 1018 532 1073 xerit
562 1016 582 1049 ²
604 1014 631 1069 ?
661 1018 720 1068 at
750 1012 929 1065 etiam
963 1009 1010 1064 si
1044 1008 1247 1063 omnia
1276 1024 1407 1078 quia
1440 1022 1618 1078 super
1648 1012 1863 1061 terram
1900 1010 2039 1062 sunt

386 1108 770 1179 percontatus
800 1100 1003 1165 fueris,
1061 1097 1257 1152 dicere
1313 1113 1434 1151 non
1484 1101 1781 1168 poterunt.
1839 1096 2036 1151 Tellus

384 1210 646 1266 namque
677 1189 901 1263 proprii
934 1188 1023 1243 sui
1057 1186 1219 1259 ﬁguli
1252 1191 1310 1242 et
1368 1187 1591 1241 ﬁctoris
1639 1186 2033 1241 substantiam

384 1287 618 1342 edicere
653 1298 773 1337 non
807 1279 979 1334 valet.
1012 1279 1211 1347 Neque
1270 1280 1502 1330 tantum
1555 1275 1733 1330 tellus
1781 1274 2038 1346 ignorat,

381 1374 487 1430 sed
518 1387 715 1443 neque
746 1368 836 1424 sol
866 1367 1062 1433 novit;
1095 1371 1308 1436 quarta
1337 1364 1497 1419 enim
1531 1364 1626 1419 die
1660 1364 1750 1418 sol
1802 1368 2037 1419 creatus

387 1473 495 1532 est,
531 1478 662 1534 quae
696 1458 885 1513 tribus
911 1461 1047 1512 ante
1078 1456 1273 1527 ipsum
1304 1454 1459 1510 facta
1490 1458 1628 1509 sunt
1674 1453 1885 1509 diebus
1913 1470 2036 1510 non

387 1565 772 1626 cognoscens.
806 1547 913 1612 Qui
946 1562 1080 1600 vero
1113 1544 1302 1599 tribus
1332 1548 1469 1600 ante
1501 1560 1563 1598 se
1625 1543 1835 1599 diebus
1881 1543 2037 1599 facta

384 1658 507 1698 non
528 1638 709 1706 novit,
732 1637 929 1708 ipsum
956 1650 1096 1690 sane
1142 1634 1484 1688 effectorem
1514 1632 1746 1688 edicere
1777 1649 1896 1687 non
1929 1649 2036 1705 po-

381 1731 535 1787 terit.
574 1727 639 1782 Id
672 1726 887 1782 cmlum
918 1740 1042 1779 non
1073 1722 1445 1778 enuntiabit:
1481 1721 1553 1777 ab
1584 1722 1816 1777 Christo
1850 1721 2034 1794 enim,

2136 557 2231 621 τὸς
2264 556 2450 630 μόνος.
2481 557 2559 615 Οὐ
2588 558 2689 633 γὰρ
2729 557 2813 627 τὸ,
2869 561 2988 621 πῶς
3044 554 3343 632 ἐγέννησεν,
3402 553 3570 608 εἰπεῖν
3634 553 3804 627 ἐπαγ-

2137 646 2473 723 γελλόμεθα’
2507 648 2654 705 ἀλλὰ
2684 649 2766 721 τὸ,
2799 647 2908 723 οὐχ
2937 646 3129 719 οὕτως,
3165 640 3640 717 διαϐεϐαιούμεθα.
3694 644 3805 700 Καὶ

2141 739 2252 814 οὐχ
2280 742 2444 811 ἡμεῖς
2476 740 2780 814 ἀγνοοῦμεν
2817 737 2979 810 μόνον
3011 737 3111 804 τὴν
3159 734 3219 791 ἐκ
3270 735 3479 808 [Ιατρὸς
3520 738 3618 788 τοῦ
3666 734 3804 788 Υἱοῦ

2137 827 2413 901 γέννησιν,
2446 825 2593 882 ἄλλᾶ
2621 827 2709 882 καὶ
2768 831 2913 883 πᾶσα
2969 825 3201 901 γεννητή
3261 823 3438 899 φύσις.
3498 820 3801 897 Ἐκὸιήγη-

2140 935 2225 970 σαι
2255 919 2327 992 γῇ
2359 918 2458 989 (4),
2490 914 2578 971 ἐάν
2609 936 2692 971 σοι
2752 914 2972 993 φράσῃ;
3030 914 3119 969 καὶ
3181 912 3267 967 ἐὰν
3324 912 3571 987 ἑξετάσῃς
3624 911 3804 966 πάντα

2137 1005 2204 1059 τὰ
2233 1002 2363 1060 ὂντα
2392 1005 2480 1059 ἐπὶ
2508 1012 2611 1074 τῆς
2640 1011 2767 1082 γῆς,
2825 1005 2887 1059 οὐ
2938 1002 3223 1075 δυνήσεται
3275 1002 3465 1057 εἰπεῖν.
3496 1003 3560 1058 Ἥ
3590 1003 3691 1075 γὰρ
3725 1008 3798 1074 γῆ

2138 1098 2235 1149 τοῦ
2275 1094 2478 1150 οἰκείου
2534 1090 2817 1167 κεραμέως
2877 1095 2967 1148 καὶ
3024 1090 3270 1147 πλάστου
3327 1092 3426 1159 τὴν
3499 1089 3798 1145 ὑπόστασιν

2140 1184 2319 1260 λέγειν
2355 1185 2420 1239 οὗ
2453 1181 2691 1240 δύναται.
2724 1183 2801 1241 Οὐ
2838 1183 3003 1257 μόνον
3065 1180 3122 1236 δὲ
3159 1188 3230 1256 γῆ
3291 1179 3388 1235 οὐκ
3438 1176 3604 1248 οἶδεν,
3668 1177 3801 1235 ἀλλ’

2140 1273 2266 1331 οὐδὲ
2296 1275 2477 1345 ἥλιος·
2511 1277 2740 1352 τετάρτῃ
2785 1277 2887 1352 γὰρ
2948 1272 3132 1350 ἡμέρᾳ
3159 1275 3187 1328 6
3218 1270 3383 1342 ἣλιος
3433 1270 3673 1341 ἐκτίσθη,
3735 1270 3807 1326 τὰ

2141 1367 2195 1419 ἐν
2224 1369 2343 1427 ταῖς
2374 1365 2479 1437 πρὸ
2538 1365 2707 1420 αὐτοῦ
2762 1364 2909 1440 τρισὶ
2967 1366 3043 1433 μὴ
3105 1363 3409 1437 γινώσκων·
3445 1361 3472 1415 6
3509 1356 3567 1414 δὲ
3620 1360 3688 1415 τὰ
3746 1359 3799 1414 ἐν

2138 1454 2314 1530 τρισὶν
2342 1455 2602 1528 ἡμέραις,
2632 1460 2754 1517 ταῖς
2784 1454 2890 1525 πρὸ
2924 1452 3110 1521 αὐτοῦ,
3144 1453 3220 1525 μή
3281 1448 3461 1521 εἰδὼς,
3510 1449 3668 1504 αὐτὸν
3702 1448 3801 1504 τὸν

2140 1544 2379 1615 ποιητὴν
2438 1541 2664 1617 ἐξειπεῖν
2725 1542 2788 1598 οὐ
2849 1540 3154 1613 δυνήσεται.
3214 1539 3453 1615 Οὐρανὸς
3511 1542 3671 1593 τοῦτο
3734 1540 3801 1594 οὗ

2141 1630 2481 1707 διηγήσεται·
2533 1631 2758 1706 νεύματι
2812 1631 2915 1708 γὰρ
2968 1630 3180 1705 Πατρὸς
3241 1629 3345 1685 ὑπὸ
3398 1631 3497 1684 τοῦ
3559 1632 3802 1702 Χριστοῦ

2138 1720 2230 1776 καὶ
2262 1722 2290 1775 6
2322 1719 2548 1795 οὐρανὸς
2581 1721 2655 1783 ὡς
2686 1720 2891 1782 καπνὸς
2940 1718 3264 1795 ἐστερεώθη.
3317 1714 3460 1775 Οὐδὲ
3486 1717 3538 1771 οἱ
3568 1715 3804 1789 οὐρανοὶ

382 1819 576 1876 Patris
605 1821 758 1871 nutu
789 1813 1002 1870 cmlum
1034 1828 1271 1884 quoque
1304 1816 1586 1882 tanquam
1642 1811 1843 1866 fumus
1892 1826 2035 1865 con-

2150 1813 2246 1865 τῶν
2281 1809 2522 1884 οὐρανῶν
2554 1807 2939 1885 διηγήσονται,
2973 1805 3099 1863 οὐδὲ
3126 1807 3197 1862 τὰ
3224 1804 3389 1861 ὕδατα
3425 1807 3495 1861 τὰ
3541 1805 3798 1878 ὖπεράνω

383 1907 714 1965 stabilitum
746 1909 836 1959 est
853 1902 895 1956 ³.
930 1905 1044 1958 Nec
1069 1901 1203 1958 0031i
1235 1901 1545 1968 cmlorum,
1575 1915 1685 1954 nec
1709 1915 1879 1971 aqum
1900 1915 2033 1970 quas

386 2013 567 2069 super
596 1994 772 2051 caelos
804 1998 943 2048 sunt
970 1991 1013 2060 ⁴,
1049 1992 1161 2046 hoc
1187 1990 1614 2045 enarraverint.
1649 1988 1800 2054 Quid
1856 1988 2037 2061 igitur

386 2087 554 2144 doles
587 2091 641 2140 te
671 2082 923 2149 nescire,
956 2098 989 2137 ο
1012 2081 1210 2145 homo,
1243 2078 1403 2151 quod
1451 2079 1562 2150 ipsi
1618 2094 1854 2149 quoque
1904 2077 2034 2133 caeli

384 2173 710 2249 ignorant?
738 2174 853 2227 Nec
883 2170 1013 2227 ειεΙί
1045 2169 1240 2225 solum
1280 2184 1410 2223 eam
1453 2167 1899 2241 generationem
1928 2184 2028 2223 ne-

385 2265 602 2334 sciunt,
637 2262 740 2319 sed
799 2265 857 2316 et
911 2261 1188 2315 universa
1234 2257 1501 2331 angelica
1546 2262 1776 2313 natura.
1811 2257 1869 2311 Si
1901 2257 2036 2328 quis

386 2354 700 2420 enim,esto
714 2350 852 2406 utid
864 2348 1147 2421 possibile
1167 2348 1261 2417 sit,
1291 2348 1353 2402 in
1374 2348 1636 2420 primum
1658 2346 1873 2403 caslum
1894 2363 2036 2401 con-

385 2441 680 2499 scendens
710 2441 808 2509 (3),
844 2443 903 2492 et
931 2437 1276 2510 angelorum
1306 2436 1484 2508 hujus
1540 2436 1655 2492 loci
1703 2435 2036 2491 incolarum

386 2535 707 2602 conspecta
738 2527 1014 2594 statione,
1047 2525 1338 2581 accedens
1388 2525 1839 2598 interrogaverit
1886 2542 2033 2598 quo-

384 2620 560 2679 modo
593 2619 748 2673 Deus
776 2631 949 2671 suum
981 2613 1194 2668 Filium
1248 2614 1538 2685 genuerit,
1588 2613 2039 2687 respondebunt

385 2707 702 2765 fortassis:
734 2705 756 2740 ⁶
784 2704 1085 2760 Habemus
1115 2702 1389 2775 superius
1438 2702 1698 2774 majores
1749 2707 1808 2757 et
1850 2702 2037 2758 subli-

2141 1903 2249 1955 τῶν
2289 1898 2532 1973 οὐρανῶν
2585 1901 2748 1954 τοῦτο
2808 1895 3152 1973 διηγήσεται.
3210 1894 3276 1953 Τί
3332 1894 3513 1951 τοίνυν
3568 1893 3803 1968 ἀθυμεῖς

2142 1988 2379 2063 ἀγνοῶν,
2411 1983 2685 2061 ἄνθρωπε,
2720 1984 2853 2062 ὅπερ
2886 1987 3146 2059 ἀγνοοῦσι
3198 1984 3288 2040 καὶ
3335 1983 3387 2039 οἱ
3418 1983 3642 2059 οὐρανοί
3670 2003 3684 2053 ;
3715 1984 3797 2041 Οὐ

2147 2075 2312 2151 μόνον
2342 2072 2400 2131 δὲ
2429 2076 2482 2130 οἱ
2512 2075 2733 2149 οὐρανοὶ
2764 2075 2865 2144 τὴν
2897 2073 3151 2149 γέννησιν
3183 2073 3493 2149 ἀγνοοῦσιν,
3526 2071 3675 2128 ἀλλὰ
3702 2072 3798 2128 καὶ

2143 2169 2286 2221 πᾶσα
2313 2163 2574 2242 ἀγγελική
2609 2162 2787 2239 φύσις.
2846 2163 2911 2220 Εἰ
2967 2162 3069 2239 γάρ
3115 2183 3199 2225 τις
3258 2160 3416 2237 (εἴγε
3444 2163 3510 2232 ἦν
3545 2160 3800 2236 δυνατὸν)

2143 2248 2345 2317 ἀναϐὰς
2376 2253 2456 2316 εἷς
2489 2258 2702 2329 πρῶτον
2753 2251 3004 2328 οὐρανὸν,
3060 2252 3151 2307 καὶ
3208 2256 3318 2307 τῶν
3377 2251 3487 2307 ἐκεῖ
3541 2251 3799 2326 ἀγγέλων

2142 2344 2476 2415 κατανοήσας
2530 2344 2632 2413 τὴν
2687 2341 3028 2411 κατάστασιν,
3084 2339 3407 2416 προσελθὼν
3479 2339 3797 2416 ἐρωτήσειε,

2143 2438 2261 2496 πῶς
2295 2434 2325 2488 6
2350 2434 2479 2495 Θεὸς
2507 2432 2761 2508 ἐγέννησε
2793 2434 2886 2487 τὸν
2948 2431 3139 2487 ἑαυτοῦ
3188 2430 3331 2500 Υἱὸν,
3384 2428 3593 2505 ἐροῦσιν
3643 2426 3799 2494 ἴσωςο

2142 2525 2391 2599 Ἐχομεν
2451 2522 2583 2598 ὑπὲρ
2640 2525 2789 2596 ἡμᾶς
2847 2520 3098 2596 μείζονας
3156 2520 3485 2593 ἀνωτὲρους,
3555 2517 3799 2583 ἐκείνους

2145 2610 2444 2689 ἐρώτησον.
2478 2606 2739 2682 Ἀνάϐηθι
2778 2610 2918 2688 πρὸς
2949 2608 3195 2685 δεύτερον
3227 2607 3799 2686 οὐρανὸν,καὶτρίτον⁶

2146 2704 2373 2781 φθάσον,
2406 2700 2452 2757 εἳ
2484 2699 2638 2775 δύνῃ,
2694 2701 2831 2777 πρὸς
2882 2699 3108 2777 θρόνους
3165 2698 3256 2754 καὶ
3312 2698 3640 2776 κυριότητας
3698 2701 3798 2773 (5),

455 2832 477 2867 ³
506 2830 634 2886 Job.
659 2845 758 2896 ιιι,
787 2830 840 2883 8.
919 2829 939 2864 ³
971 2829 1083 2884 Isa.
1114 2844 1192 2895 ιι,
1223 2831 1276 2882 6.
1354 2828 1377 2863 ι
1400 2828 1557 2884 Psal.
1582 2843 1814 2899 cnvm,
1844 2829 1899 2885 4.
1985 2828 2111 2888 Vid.
2148 2836 2256 2886 cat.
2289 2832 2344 2899 6,
2375 2845 2437 2888 n.
2465 2831 2536 2898 6;
2566 2835 2621 2883 et
2647 2833 2754 2884 cat.
2787 2830 2842 2896 7,
2873 2842 2935 2883 n.
2971 2830 3058 2882 11.

462 2956 543 3025 (1)
579 2956 647 3027 Ut
672 2955 827 3027 novit
855 2952 974 3023 ipse
1001 2952 1164 3009 solus.
1224 2952 1345 3009 Soli
1391 2953 1509 3027 l_)_eo
1561 2957 1773 3027 notum
1823 2952 2035 3009 divina
2066 2960 2110 3027 ο
2147 2954 2232 3027 ait
2260 2953 2543 3026 Spiritum
2574 2956 2845 3027 sanctum
2877 2951 3145 3027 omnium
3166 2967 3370 3027 rerum
3389 2950 3625 3027 ratione
3644 2967 3801 3024 prm-

386 3025 787 3099 generationis
813 3040 1116 3095 arcanum,
1149 3041 1223 3099 ne
1256 3025 1483 3099 angelis
1505 3025 1748 3099 quidem
1795 3042 2036 3099 perspe-

389 3096 552 3154 ctum
581 3113 701 3152 uno
731 3113 975 3168 prorsus
1005 3113 1109 3152 ore
1137 3096 1359 3152 docent
1388 3098 1591 3152 Patres
1616 3113 1628 3151 :
1682 3096 1813 3152 sive
1830 3096 2039 3153 adver-

388 3186 527 3241 sum
551 3168 993 3241 Valentinianos
1025 3168 1358 3241 divinarum
1395 3168 1846 3241 generationum
1877 3168 2038 3225 arbi-

388 3240 639 3296 trarium
663 3245 722 3312 et
739 3240 1179 3310 phantasticum
1199 3240 1471 3296 ordinem
1494 3240 2038 3312 docentes,sibique

392 3312 500 3367 sub
532 3311 786 3383 superbo
818 3312 1227 3366 Gnosticorum
1285 3313 1528 3366 nomine
1576 3310 1915 3367 abditarum
1940 3310 2037 3367 re-

388 3400 523 3438 rum
555 3382 865 3437 scientiam
910 3383 1298 3450 vindicantes,
1353 3384 1438 3437 uti
1486 3385 1768 3447 Irenmus,
1820 3384 1926 3438 lib.
1975 3400 2036 3451 ιι,

393 3472 522 3525 cap.
552 3457 645 3527 28,
669 3472 728 3508 n.
751 3454 1136 3527 6:70rigenes,
1160 3454 1301 3509 lib.i
1353 3455 1429 3509 De
1454 3454 1774 3525 principiis,
1820 3472 1961 3527 cap.
1984 3458 2036 3523 7,

393 3526 703 3591 Eusebius,
766 3525 868 3581 lib.
902 3525 1260 3594 v'Demonst.,
1310 3542 1439 3597 cap.
1474 3530 1523 3592 1,
1556 3542 1685 3598 pag.
1743 3529 1867 3595 216,
1893 3525 2040 3583 *σίνε

395 3603 658 3653 adversus
688 3598 944 3665 Arianos,
981 3599 1080 3668 qui
1121 3598 1379 3654 divinam
1429 3602 1489 3652 et
1531 3603 1817 3653 aiternam
1867 3598 2040 3653 Verbi

394 3670 1120 3743 generationemtutiirem
1149 3686 1392 3740 prorsus
1415 3670 1828 3743 incredibilem
1852 3675 1910 3724 et
1927 3670 2038 3725 im-

392 3741 753 3813 possibilem,
774 3742 1122 3796 auferebam
1150 3758 1162 3795 ε
1197 3757 1385 3811 eoque
1415 3742 1591 3795 modo
1633 3741 1845 3797 Filium
1877 3759 2041 3797 crea-

393 3812 541 3867 toris
562 3812 1156 3937 czeteriSJirzncellere
1178 3819 1238 3867 et
1257 3812 1631 3883 unigenitum
1654 3813 1769 3867 dici
1792 3813 2039 3869 arbitra-

397 3885 635 3937 bantur.
671 3902 785 3937 auo
885 3885 1009 3937 inse
1065 3885 1227 3937 solus
1257 3900 1293 3937 a
1322 3888 1489 3937 Patre
1540 3884 1818 3937 conditus
1864 3890 2039 3937 esset.

397 3885 635 3951 bantur,
671 3884 827 3954 quod
885 3885 1009 3955 ipse
1065 3885 1227 3939 solus
1257 3900 1293 3938 a
1322 3888 1489 3939 Patre
1540 3884 1818 3939 conditus
1864 3890 2040 3955 esset,

389 3963 603 4012 caatera
631 3972 768 4010 vero
794 3973 829 4010 a
859 3957 1025 4011 Filio.
1062 3956 1201 4010 Vide
1242 3955 1481 4021 Athan.,
1516 3957 1585 4009 De
1614 3956 1841 4011 decretis
1870 3957 2041 4011 Nico:-

389 4028 505 4094 nis,
575 4044 738 4081 num.
774 4030 805 4081 9
839 4032 897 4081 et
929 4043 1119 4098 seqq.,
1167 4032 1314 4081 orat.
1337 4043 1369 4098 ι
1398 4032 1574 4098 contr.
1629 4029 1842 4095 Arian.,
1882 4044 1940 4081 n.
1974 4031 2043 4082 22

394 4105 453 4155 et
480 4101 567 4167 26,
603 4104 749 4153 orat.
802 4102 854 4158 2.
888 4097 1053 4153 num.
1101 4100 1206 4165 36;
1258 4097 1464 4167 Hilam,
1515 4097 1618 4154 lib.
1665 4115 1703 4153 ιι
1734 4100 1809 4153 De
1858 4100 2041 4168 Trin.,

393 4187 558 4226 num.
589 4174 640 4233 9,
664 4177 775 4225 etc.
812 4170 914 4224 Hic
936 4170 1188 4224 Arianos
1219 4169 1431 4240 respici
1464 4170 1716 4225 suadent
1745 4171 1924 4226 verba
1952 4188 2042 4226 se-

390 4243 650 4323 quentia.
679 4258 845 4323 num:
886 4244 982 4323 l2._
1002 4241 1216 4323 quibus
1240 4241 1594 4323 temerarios
1653 4241 2042 4323 illos.di-vinaa

2149 3023 2428 3093 ditarum,
2470 3024 2818 3097 angelorum
2846 3023 3212 3097 videlicetet
3239 3023 3575 3097 hominum,
3626 3040 3800 3097 sanc-

2145 3067 2500 3169 tificatorem
2534 3066 2699 3169 ἐμβα,
2713 3098 2822 3169 τῶν
2854 3093 3103 3169 ἁπάντων
3134 3092 3397 3169 λογικῶν,
3428 3094 3519 3149 καὶ
3532 3066 3794 3169 ’ἀγγέλων

2144 3167 2235 3223 καὶ
2264 3167 2563 3242 ἀνθρώπων
2594 3164 2736 3221 ἐστὶν
2787 3165 3123 3242 ἀγιαστικόν.
3149 3240 3162 3242 _
3183 3164 3353 3242 Quod
3384 3164 3799 3242 'conferIAcum

2146 3187 2235 3223 και
2264 3187 2563 3242 ανθρωπων
2594 3187 2736 3221 εστιν
2787 3187 3123 3295 αιὲιαστικον.
3183 3187 3353 3233 υαοα
3409 3187 3614 3224 comet
3661 3187 3799 3223 cum

2146 3246 2259 3298 cat.
2296 3243 2382 3310 l6,
2414 3256 2580 3297 num.
2613 3243 2683 3294 22
2712 3244 2772 3295 et
2798 3243 2833 3295 2
2876 3281 2888 3294 .
2916 3241 3116 3311 Neque
3148 3240 3246 3295 hic
3302 3244 3499 3309 terra),
3549 3238 3693 3295 solis
3740 3243 3801 3295 et

2146 3314 2429 3369 cmlorum
2459 3311 2702 3367 nomine
2734 3311 2977 3384 angelos
3007 3327 3227 3384 earum,
3242 3327 3444 3366 rerum
3464 3382 3478 3384 _
3502 3312 3799 3384 guberna-

2146 3385 2293 3440 tioni
2325 3384 2677 3456 praepositos
2706 3382 3006 3456 intelligit,
3029 3399 3166 3439 cum
3197 3383 3269 3438 de
3310 3382 3540 3455 angelis
3590 3389 3797 3455 postea

2147 3455 2459 3529 speciatim
2481 3455 2656 3510 dicat.

2219 3530 2294 3599 (3)
2315 3529 2642 3599 Inprimum
2688 3526 2903 3599 calum,
2951 3526 3197 3599 etc.llic
3247 3530 3454 3599 etrcat.
3501 3526 3578 3594 36,
3612 3526 3799 3599 n.723,

2148 3597 2474 3683 angelosin.
2483 3598 2732 3683 diversis
2745 3597 3089 3683 ccelisquasi
3103 3597 3454 3683 “domiciliis,
3470 3598 3803 3683 sec‘undum

2149 3668 2439 3744 cujusque
2461 3671 2702 3744 illorum
2726 3668 2957 3724 ordinis
2990 3669 3416 3744 perfectionem
3447 3685 3515 3724 ac
3545 3668 3805 3744 dignita-

2150 3740 2269 3799 tefn
2290 3740 2465 3798 locat.
2494 3743 2676 3796 Variae
2700 3758 2942 3813 prorsus
2965 3740 3024 3795 et
3044 3742 3284 3796 incertae
3317 3743 3561 3813 Patrum,
3574 3740 3652 3813 de
3684 3757 3803 3795 an-

2149 3815 2416 3885 gelorum
2435 3811 3075 3885 domicilioOpiniones
3098 3829 3246 3883 quas
3266 3813 3483 3885 referre
3506 3811 3659 3865 nihil
3693 3829 3806 3867 ne-

2150 3884 2314 3942 Cesse
2346 3891 2453 3941 est.
2486 3889 2559 3939 At
2578 3884 2781 3955 Cyrilli
2814 3884 3110 3940 sententia
3139 3884 3543 3955 nobilissimos
3574 3885 3805 3951 Patres,

2151 3954 2672 4029 etantiquissimOS
2684 3962 2956 4011 auctores
2969 3961 3296 4012 assertores
3308 3954 3579 4029 babetJn
3594 3955 3806 4027 primis

2154 4027 2394 4085 sanctus
2418 4028 2675 4099 [gnatius
2700 4033 2942 4099 martyr,
2974 4030 3143 4099 Epist.
3171 4029 3244 4099 ad
3276 4027 3803 4099 Trallianos,_num.

2153 4104 2213 4173 ξε
2238 4095 2542 4173 Δυνάμενος
2560 4102 2704 4173 νοεῖν
2721 4097 2789 4152 τὰ
2807 4095 3121 4173 ἐτὲουράνια,
3144 4097 3233 4173 καὶ
3255 4097 3350 4173 τᾶς
3371 4095 3806 4173 τοποθεσίαςλτᾶς

2153 4120 2213 4155 οξ
2238 4120 2378 4153 Δυνα
2427 4120 2542 4160 ενος
2560 4120 2704 4153 νοειν
2721 4120 2789 4152 τα
2807 4120 3121 4173 επουρανια,
3144 4120 3233 4152 και
3255 4120 3350 4159 τας
3371 4120 3689 4161 τοποθεσιας
3707 4120 3805 4159 τας

2152 4120 2460 4246 ἀγγελικςς,
2490 4169 2584 4246 καὶ,
2624 4169 2721 4233 τὰς
2778 4170 3056 4246 συστάσεις
3112 4169 3215 4246 τὰς
3252 4168 3615 4246 ἀρχοντιριάςξ
3628 4244 3636 4246 _
3670 4171 3805 4246 Cum

2146 4242 2351 4313 pbssim
2405 4243 2715 4313 intelligere
2756 4243 3014 4309 coelestia,
3050 4242 3373 4312 angelorum
3401 4243 3550 4297 sedes
3579 4243 3807 4297 diversis

387 4312 1204 4398 generationis.inquisitores
1236 4312 1299 4367 in
1332 4313 1698 4398 impietatem
1739 4312 2043 4396 religionis
2076 4335 2119 4398 υ
2146 4312 2212 4371 in
2243 4316 2375 4370 locis
2401 4319 2563 4397 ﬁxas.
2600 4312 3021 4398 'et_prineipum.
3042 4316 3325 4398 stationes,
3358 4313 3807 4398 Drigenis‘nota

389 4383 670 4457 opinione
696 4384 812 4457 labi
837 4383 919 4439 ait
944 4401 957 4438 :
983 4383 1505 4457 Arianosgenimin
1528 4383 1915 4457 subsequenti
1949 4402 2039 4441 ar-

388 4455 838 4530 gumentatione
872 4473 1037 4511 num.
1076 4457 1160 4530 l3_,
1202 4455 1473 4530 pluribus
1531 4457 1689 4530 notis
1730 4455 2045 4528 designat;

387 4526 589 4600 aitque
618 4545 783 4583 num.
830 4532 915 4600 17,
950 4545 1072 4593 eos,
1108 4526 1249 4580 dum
1282 4529 1517 4582 Patrem
1536 4528 1830 4600 honorare
1850 4526 1913 4584 se
1935 4530 2047 4584 ﬁn-

387 4599 552 4673 gunt,
589 4600 801 4654 Filium
834 4599 893 4654 in
926 4606 1608 4673 creaturaeum‘censum
1638 4599 1920 4673 relegare.

460 4674 533 4741 (2)
566 4675 783 4727 Enarra
829 4678 1015 4737 terrae,
1047 4678 1155 4725 etc.
1195 4670 1297 4725 Hic
1319 4669 1389 4725 de
1416 4676 1595 4737 terra,
1627 4669 1793 4738 sole;
1825 4678 1885 4727 et
1912 4672 2044 4727 cmli

392 4745 559 4816 quasi
583 4744 860 4798 animatis
879 4743 1361 4816 rebusloquitur.
1393 4744 1604 4816 Notum
1636 4742 2041 4816 hancopinio-

388 4813 528 4872 nem
560 4816 632 4869 ab
665 4816 913 4886 Origene
941 4814 1266 4887 profectam
1298 4813 1517 4887 multas
1544 4832 1578 4887 e
1607 4813 1900 4870 veteribus
1928 4833 2042 4887 pa-

388 4888 579 4942 tribus
611 4885 934 4941 assertores
953 4885 1055 4941 vel
1086 4887 1346 4943 fautores
1378 4885 1676 4951 habuisse,
1720 4888 1804 4941 uti
1839 4885 2038 4942 Hiero-

388 4973 657 5031 nymum,
700 4956 1099 5031 Ambrosium.
1153 4958 1503 5031 Synesium;
1555 4973 1733 5031 quam
1782 4958 2043 5015 Isidorus

390 5028 692 5102 Pelusiota
711 5028 814 5102 lib.
840 5046 912 5096 ιν,
939 5031 1127 5100 ep.58,
1146 5028 1255 5085 nec
1276 5028 1719 5100 approbandam
1745 5046 1855 5085 nec
1877 5048 2042 5102 pror-

390 5099 916 5184 sus‘rejiciendam
957 5099 1262 5184 judicavit.
1454 5102 1549 5184 hic
1578 5099 1932 5184 "figuratam,
1987 5106 2046 5157 et

389 5176 699 5245 poetarum
731 5173 1147 5245 consuetudini
1182 5172 1438 5245 similem
1460 5172 1667 5245 Cyrilli
1690 5174 1927 5229 dicendi
1950 5191 2043 5229 ra-

392 5243 617 5316 tionem
659 5243 1225 5316 contineriomnino
1260 5244 1403 5297 mihi
1456 5243 1819 5315 persuadeo;
1871 5247 2042 5316 cujus

389 5314 764 5369 occasionem
800 5313 911 5383 ipsi
944 5314 1107 5369 dedit
1137 5315 1425 5385 allegatus
1459 5313 1593 5371 lobi
1645 5317 1831 5384 locus,
1866 5313 2039 5373 etfa-

390 5385 642 5441 miliaris
675 5385 1112 5454 Scripturarum
1140 5403 1302 5441 usus.
1338 5387 1481 5441 Cum
1528 5388 1687 5443 enim
1738 5395 2041 5445 creaturas

392 5474 601 5512 omnes
642 5457 701 5510 in
735 5457 1055 5512 rationales
1085 5464 1144 5512 et
1199 5458 1428 5513 ratione
1468 5458 1781 5515 destitutas
1826 5461 2041 5516 distin-

387 5533 545 5602 guat.
579 5528 845 5602 priorum
876 5529 1119 5583 nomine
1159 5546 1465 5602 nunquam
1494 5531 1642 5587 alios
1692 5539 1906 5602 praeter
1934 5549 2043 5589 an-

387 5599 549 5675 gelos
578 5599 781 5675 homin
878 5616 971 5671 [ne
1002 5601 1471 5671 comprehendit.
1510 5603 1647 5658 Vide
1692 5599 1916 5660 catech.
1949 5607 2040 5674 23,

389 5674 555 5731 num.
588 5677 638 5730 6.
675 5674 839 5729 Idem
893 5677 1003 5728 cat.
1038 5675 1091 5745 4,
1124 5689 1286 5729 num.
1353 5676 1439 5745 16,
1488 5680 1550 5729 et
1595 5679 1709 5731 cat.
1761 5677 1848 5746 17,
1889 5692 1950 5732 n.
1983 5678 2037 5747 2,

2153 4393 2245 4442 est
2274 4388 2589 4456 sententia,
2622 4385 2725 4441 lib.
2760 4404 2795 4441 ιι
2826 4389 2903 4442 De
2929 4385 3195 4457 princip,
3229 4402 3357 4457 cap.
3394 4385 3484 4453 12,
3533 4391 3591 4440 et
3637 4385 3802 4441 hum.

2158 4462 2224 4512 27
2258 4460 2315 4513 in
2345 4460 2625 4514 Numeros.
2654 4459 2802 4513 Item
2853 4457 3110 4512 auctoris
3158 4456 3667 4511 Clementinarum
3698 4459 3807 4512 ho-

2159 4530 2284 4585 mil.
2316 4531 2474 4586 hom.
2511 4533 2565 4599 8,
2597 4547 2657 4586 n.
2696 4533 2790 4596 1‘2;
2824 4529 3103 4592 Hilarius,
3134 4528 3196 4583 in
3222 4530 3368 4599 psal.
3402 4546 3603 4597 cxxxv,
3628 4545 3689 4584 n.
3717 4532 3806 4594 10,

2157 4602 2366 4657 eadem
2389 4601 2460 4656 de
2482 4602 2643 4657 caalis
2666 4606 2724 4655 et
2746 4601 2974 4669 angelis
2995 4599 3174 4655 habet
3192 4599 3378 4655 ferme
3402 4618 3534 4671 qua)
3553 4600 3808 4671 Cyrillus

2156 4679 2393 4740 noster;
2420 4675 2594 4745 ,Greg.
2623 4674 2815 4743 Nyss.,
2847 4678 2996 4745 orat.
3033 4674 3089 4726 in
3136 4671 3483 4745 Ascension.,
3542 4677 3686 4745 tom.
3735 4672 3807 4740 II,

2153 4763 2211 4818 p.
2243 4747 2369 4813 443,
2399 4743 2710 4818 distinguit
2733 4744 2973 4818 angelos
3028 4743 3339 4818 perigaaes,
3391 4760 3497 4798 seu
3543 4744 3809 4818 vicinum

2153 4763 2211 4818 p.
2243 4760 2369 4813 Md,
2399 4760 2710 4817 aisunguit
2733 4760 2973 4817 angelos
3028 4760 3339 4869 perigaaos,
3391 4760 3497 4798 seu
3546 4760 3809 4798 Vicinum

2153 4824 2326 4873 terrai
2360 4815 2574 4871 caelum
2608 4816 2959 4879 incolentes,
2991 4832 3024 4870 a
3097 4816 3324 4887 angelis
3355 4815 3767 4887 superioribus
3796 4831 3809 4869 :

2155 4894 2213 4944 et
2233 4904 2440 4943 omnes
2464 4888 2585 4943 fere
2609 4889 2813 4944 Patres
2858 4887 3067 4943 eodem
3097 4886 3273 4941 medo
3300 4886 3682 4944 interpretari
3713 4903 3809 4942 so-

2153 4960 2281 5015 lent
2308 4958 2664 5015 versiculum
2711 4963 2742 5013 7
2799 4959 3013 5030 psalmi
3072 4975 3228 5030 XXIII,
3288 4958 3811 5030 Attollitegportas,

2147 5033 2450 5113 principes,
2480 5038 2730 5113 ves_tras.,
2764 5028 2875 5113 etc.
2912 5028 3242 5113 de_engelis
3300 5028 3686 5113 inferioribus
3738 5029 3815 5113 ad

2155 5101 2491 5174 superiores
2522 5102 2939 5159 clamantibus.
2992 5101 3132 5155 Vide
3181 5101 3489 5174 Ambros"
3549 5104 3628 5174 in,
3660 5101 3809 5171 psal.

2153 5172 2385 5241 nimii,
2417 5191 2571 5246 vers.
2609 5177 2694 5239 17,
2718 5175 3146 5246 Chrysostom.,
3179 5173 3340 5227 hom.
3373 5177 3405 5228 6
3437 5176 3495 5246 in
3527 5172 3807 5246 Hebraeos.

2223 5250 2300 5317 (4)
2333 5242 2691 5319 Ἐκδιήγησαι
2719 5243 2813 5319 γῇ.
2836 5242 3013 5319 ξιοοο
3044 5245 3258 5299 horum
3291 5261 3362 5299 ex
3406 5244 3555 5319 Jobo
3601 5245 3812 5319 verbo-

2150 5313 2290 5391 rum
2316 5313 2568 5374 habetur
2588 5313 2660 5391 in
2700 5313 2925 5391 Coi_sl.:
2986 5319 3137 5391 nam;
3194 5316 3430 5389 γεννητή
3489 5315 3649 5391 φύσις
3709 5313 3811 5368 οὐκ

2151 5387 2915 5465 ἐκδιηγήσεταιλῆξκφράσιιο
2977 5390 3162 5445 Omnis
3209 5387 3395 5444 creata
3435 5387 3646 5443 natura
3693 5404 3808 5442 non

2150 5462 2456 5530 cnam-abit,
2486 5462 2571 5517 vel
2600 5462 2872 5518 edisSeret.

2221 5537 2300 5606 (5)
2344 5529 2485 5607 ,Καὶ-
2515 5530 3272 5607 κυριότηταςηΡειιῐῇοιιΙαιιι
3334 5529 3423 5607 καί
3477 5530 3806 5607 adjecimus

2153 5603 2424 5662 ex‘codd.
2456 5603 2658 5667 Coisl..
2690 5609 2832 5671 Roe,
2864 5603 3113 5661 Casaub.
3145 5608 3206 5660 et
3234 5603 3432 5668 Grod.,
3477 5603 3575 5659 hic
3605 5609 3808 5659 tamen

2151 5678 2371 5733 omittit
2398 5676 2643 5749 θρόνους.
