4124 6260
326 327 453 389 ’105

1073 322 1555 389 CATECHESIS
1599 326 1702 390 XI.
1747 330 1852 392 DE
1894 328 2106 395 FILIO
2149 327 2280 393 DEI
2324 327 2782 404 UNIGENITO,
2827 330 3000 391 E'l‘C.

3629 334 3751 396 706

329 455 510 533 ἀρχάς
544 477 603 511 τε
634 455 722 512 καὶ
753 452 1018 529 ἔξουσίας·
1049 452 1148 513 κᾶν
1175 458 1314 533 πρὸς
1340 453 1575 521 ἐκείνους
1633 455 1690 513 δέ
1736 479 1820 521 τις
1853 461 1978 538 eod-

2102 462 2321 518 miores
2352 462 2545 530 nobis,
2578 461 2716 518 illos
2745 467 3116 534 percontare.
3145 464 3401 537 Assurge
3445 463 3505 519 iu
3540 482 3752 521 secun-

329 567 493 619 σειεν,
554 547 686 620 ὅπερ
745 543 1029 617 ἀδύνατον,
1082 547 1323 602 κάκεῖνοι
1404 550 1832 624 παραιτήσονται
1886 551 1987 619 τήν

327 634 611 711 διήγησιν·
646 632 774 690 οὐδὲ
804 635 906 710 γὰρ
938 638 1015 708 (1)
1049 632 1251 693 οἷ’δασι.

2097 552 2240 608 dum
2264 557 2322 607 et
2352 553 2593 608 tertium
2634 553 2849 608 ccelum
2895 569 2908 606 :
2967 553 3256 625 pertinge,
3306 552 3355 607 si
3404 559 3591 625 potes,
3670 554 3746 609 ad

2094 643 2344 698 thronos
2376 647 2434 697 et
2461 642 2922 705 dominationes,
2968 641 3338 713 principatus
3397 660 3631 715 quoque
3685 647 3745 699 et

323 732 655 799 potestates
683 727 725 781 ⁸.
760 729 842 781 Ac
863 727 911 781 si
944 727 1079 798 quis
1118 729 1319 794 etiam,
1348 727 1506 800 quod
1538 730 1908 802 impossibile
1941 737 2049 797 est,
2081 730 2156 788 ad
2214 731 2351 786 illos
2382 748 2569 803 usque
2629 731 2983 804 pervenerit,
3016 731 3128 802 ipsi
3174 747 3412 802 quoque
3443 733 3621 803 hujus
3651 733 3739 788 rei

325 818 805 873 enuntiationem
834 818 1220 873 detrectaturi
1245 823 1387 874 sunt
1414 838 1429 888 ;
1455 836 1648 892 neque
1682 821 1843 877 enim
1871 821 2242 894 exploratum
2275 822 2516 878 habent.

399 911 498 961 IB‘.
536 905 637 961 Καὶ
697 904 806 980 ἐγὼ
852 905 1166 978 τεθαύματα
1222 905 1303 960 ἀεὶ
1360 911 1469 961 τῶν
1527 908 1830 985 τολμηρῶν
1887 911 1986 979 τὴν

331 996 885 1074 φιλοπραγμοσύνην,
916 1000 1024 1052 τῶν
1055 995 1145 1052 διὰ
1173 1005 1272 1068 τῆς
1298 1000 1672 1073 νομιζομένης
1704 995 1988 1064 εὐλαϐείας

331 1085 407 1148 εἷς
435 1080 682 1140 ἀσέϐειαν
716 1085 1141 1143 ἐκπτιπτόντων.
1204 1086 1440 1162 Θρόνους
1488 1088 1591 1164 γὰρ
1648 1089 1739 1143 καὶ
1795 1091 1987 1164 κυριό-

331 1193 519 1245 τητας,
551 1175 618 1230 τὰ
638 1176 883 1250 Χριστοῦ
914 1177 1223 1248 ποιήματα,
1254 1175 1345 1231 καὶ
1378 1176 1552 1252 ἀρχὰς
1612 1177 1704 1232 καὶ
1744 1176 1990 1248 ἐξουσίας

325 1263 673 1338 ἀγνοοῦντες,
724 1263 885 1319 αὐτὸν
945 1267 1021 1338 (2)
1073 1264 1167 1321 τὸν
1221 1267 1466 1336 Ποιητήν
1514 1264 1986 1343 φιλοπραγμονεῖν

326 1352 725 1429 ἐπιχειροῦσιν.
758 1353 899 1411 Εἰπέ
961 1375 1055 1427 μοι
1112 1359 1355 1429 πρῶτον,
1411 1356 1457 1410 ὦ
1500 1354 1906 1430 τολμηρότατε,
1938 1355 1992 1411 τί

328 1439 572 1519 διαφέρει
607 1444 799 1519 θρόνος
830 1443 1178 1519 κυριότητος,
1210 1445 1300 1500 καὶ
1358 1445 1482 1500 τότε
1536 1444 1987 1523 πολυπραγμόνει

328 1533 397 1587 τὰ
427 1533 567 1587 κατᾶ
600 1534 860 1608 Χριστόν.
898 1532 1031 1588 Εἰπέ
1065 1555 1158 1608 μοι
1189 1533 1243 1589 τί
1275 1534 1369 1608 μέν
1395 1532 1535 1590 ἐστιν
1587 1534 1759 1610 ἀρχὴ,
1817 1537 1870 1591 τί
1932 1533 1990 1590 δὲ

330 1620 562 1694 ἐξουσία,
594 1621 651 1678 τί
681 1620 739 1677 δὲ
770 1619 1021 1696 δύναμις,
1069 1625 1122 1678 τί
1185 1620 1243 1679 δὲ
1299 1627 1377 1694 (3)
1435 1621 1688 1701 ἅγγελος·
1720 1623 1810 1680 καὶ
1865 1624 1990 1680 τότε

327 1711 421 1765 τὸν
474 1712 720 1783 Ποιητὴν
777 1712 1260 1788 πολυπραγμόνει·
1320 1712 1494 1769 πάντα
1547 1713 1649 1790 γὰρ
1700 1712 1772 1768 δι’
1819 1715 1988 1770 αὐτοῦ

332 1798 566 1875 ἐγένετο.
605 1801 768 1857 Ἀλλ’
798 1801 860 1857 οὗ
910 1800 1087 1868 θέλεις
1147 1801 1420 1877 ἐρωτῆσαι
1474 1803 1696 1878 θρόνους
1728 1804 1763 1872 ἢ
1804 1798 1987 1879 κυρίὸ-

329 1892 579 1963 τγ,τας,ἢ
615 1890 676 1945 οὐ
727 1889 971 1947 δύνασαι.
1033 1891 1101 1948 Τί
1158 1891 1299 1947 ἐστιν
1354 1887 1535 1968 ἕτερον
1595 1896 1861 1969 γινῶσκον
1917 1893 1985 1948 τὰ

331 1981 476 2056 βάθη
512 1985 608 2036 τοῦ
640 1987 797 2051 Θεοῦ,
830 1982 875 2038 εἴ
911 1984 986 2057 μὴ
1024 1984 1191 2057 μόνον
1220 1984 1283 2039 τὸ
1324 1988 1539 2058 Πνεῦμα
1594 1985 1658 2039 τὸ
1690 1985 1864 2061 ἅγιον,
1920 1984 1983 2040 τὸ

325 2067 579 2140 λαλῆσαν
610 2071 706 2134 τὰς
740 2071 887 2136 θείας
916 2074 1168 2150 Γραφάςς
1203 2071 1329 2129 ἀλλ’
1362 2071 1476 2128 οὐδ’
1508 2072 1638 2128 αὐτὸ
1668 2073 1732 2129 τὸ
1762 2077 1985 2147 Πνεῦμα

324 2161 388 2214 τὸ
412 2160 595 2235 ἅγιον,
628 2161 752 2233 τιερὶ
782 2168 884 2231 τῆς
910 2162 970 2217 ἐκ
1000 2163 1211 2239 Πατρὸς
1265 2166 1362 2218 τοῦ
1408 2164 1538 2218 Υἱοῦ
1566 2165 1869 2238 γεννήσεως
1928 2160 1980 2218 ἔν

325 2254 447 2313 ταῖς
477 2254 714 2327 Γραφαῖς
738 2248 1006 2321 έλόίλησεν
1170 2250 1233 2309 Τί
1264 2250 1445 2307 τοίνυν
1473 2251 1980 2328 πολυπραγμονεῖς,

328 2338 362 2391 ἅ
392 2335 535 2419 μηδὲ
562 2339 627 2394 τὸ
660 2343 881 2412 Πνεῦμα
907 2341 969 2396 τὸ
992 2340 1148 2417 ἅγιον
1175 2335 1407 2417 ἔργαψεν
1460 2341 1513 2396 ἐν
1543 2346 1664 2406 ταῖς
1692 2346 1931 2419 Γραφαῖς
1965 2361 1979 2412 ;

330 2427 454 2481 ὃτὰ
481 2428 836 2505 γεγραμμένα
871 2431 947 2504 μὴ
1005 2431 1310 2506 γινώσκῶν,
1369 2430 1437 2486 τὰ
1495 2431 1571 2505 μὴ
1629 2432 1983 2507 γεγραμμένα

324 2515 811 2593 πολυπραγμονεῖς
840 2538 856 2589 ;
888 2517 1086 2576 Πολλὰ
1105 2520 1395 2592 ζητήματά
1422 2518 1562 2574 ἐστιν
1590 2519 1641 2575 ἐν
1669 2525 1791 2585 ταῖς
1818 2519 1983 2583 Θείαις

328 2611 589 2682 Γραφαῖς·
622 2608 684 2661 τὸ
713 2609 1088 2682 γεγραμμένον
1148 2608 1209 2664 οὔ
1266 2606 1785 2684 καταλαμϐάνομεν,
1836 2609 1889 2664 τί
1918 2607 1983 2665 τὰ

337 2694 419 2765 μὴ
507 2697 878 2771 γεγραμμένον
967 2703 1547 2775 πολυπραγμονοῦμεν
1609 2725 1624 2768 ς
1709 2698 1985 2775 Αῧταρκες

332 2783 474 2854 ἡμῖν
507 2786 584 2856 (5)
611 2782 832 2854 εἰδέναι,
865 2788 947 2841 ὅτι
1004 2787 1133 2849 Θεὸς
1162 2786 1440 2863 ἐγέννησεν
1474 2787 1597 2843 Υἱὸν
1655 2783 1750 2843 ἕνα
1791 2788 1979 2862 μόνον.

2168 913 2290 968 XII.
2314 913 2506 983 Atque
2537 928 2643 985 ego
2680 928 2917 984 semper
2948 911 3277 967 admiratus
3327 926 3458 965 sum
3490 915 3745 967 temera—

2098 1001 2325 1055 riorum
2355 1001 2597 1056 illorum
2629 1001 3057 1068 curiositatem,
3092 1002 3191 1072 qui
3244 1016 3349 1071 per
3403 1000 3748 1071 opinionem

2098 1090 2407 1163 religionis
2438 1092 2500 1145 in
2531 1091 2902 1162 impietatem
2952 1090 3418 1161 praecipitantur.
3481 1090 3749 1146 Thronos

2100 1179 2258 1234 enim
2292 1186 2350 1234 et
2381 1179 2841 1246 dominationes,
2880 1196 3011 1249 quae
3050 1179 3269 1233 Christi
3326 1179 3538 1234 effecta
3585 1183 3744 1245 sunt,

2099 1269 2469 1340 principatus
2500 1274 2560 1323 et
2587 1273 2910 1341 potestates
2963 1269 3367 1339 incompertos
3406 1268 3694 1323 habentes
3727 1285 3741 1335 ;

2098 1358 2294 1429 ipsum
2320 1359 2657 1414 Creatorem
2687 1358 2979 1415 curiosius
3036 1357 3340 1429 inquirere
3394 1357 3747 1430 aggrediun-

2099 1451 2215 1503 tur.
2271 1447 2460 1503 Dicito
2515 1447 2660 1503 mihi
2716 1448 2998 1520 primum,
3059 1463 3092 1501 ο
3140 1447 3556 1514 audacissime,
3603 1446 3747 1518 quid

2098 1535 2378 1591 thronum
2406 1537 2562 1592 inter
2582 1536 3167 1607 dominationemque
3198 1536 3435 1591 intersit
3461 1554 3476 1602 ;
3502 1541 3747 1607 tumque

2099 1642 2169 1682 ea
2190 1643 2320 1697 qua;
2352 1627 2649 1682 Christum
2688 1628 3042 1699 contingunt
3097 1626 3332 1697 inquire
3367 1642 3380 1679 :
3429 1626 3524 1681 dic
3574 1626 3744 1694 mihi,

2099 1715 2242 1786 quid
2274 1717 2351 1771 sit
2379 1717 2772 1788 principatus,
2830 1716 2973 1787 quid
3029 1721 3312 1787 potestas,
3340 1714 3481 1786 quid
3538 1715 3742 1783 virtus,

2099 1805 2243 1875 quid
2274 1806 2556 1879 angelus;
2590 1811 2648 1861 et
2679 1811 2802 1861 tum
2833 1805 3213 1861 Conditorem
3246 1804 3539 1860 curiosius
3568 1803 3742 1859 inda-

2094 1899 2227 1966 gato
2251 1911 2262 1948 :
2296 1897 2484 1950 omnia
2509 1895 2671 1950 enim
2695 1912 2799 1966 per
2825 1897 3002 1965 ipsum
3031 1898 3181 1963 facta
3201 1901 3330 1949 sunt
3357 1892 3400 1948 ⁷.
3435 1894 3613 1964 Atqui
3644 1892 3740 1947 in-

2094 1986 2393 2058 terrogare
2416 2002 2537 2040 non
2557 1985 2644 2041 vis
2673 1985 2920 2039 thronos
2951 1984 3478 2049 dominationesve,
3513 1985 3615 2038 aut
3636 1999 3741 2054 po-

2092 2071 2210 2128 tius
2241 2091 2362 2130 non
2393 2081 2583 2147 potes.
2616 2075 2841 2146 Ecquid
2871 2074 3032 2129 aliud
3078 2079 3172 2140 est.
3210 2073 3369 2144 quod
3426 2078 3743 2145 cognoscat

2092 2164 2388 2236 profunda
2418 2166 2540 2233 Dei,
2572 2165 2689 2221 nisi
2721 2165 2883 2221 solus
2916 2165 3166 2236 Spiritus
3198 2168 3439 2219 sanctus
3467 2162 3493 2197 3
3521 2163 3622 2234 qui
3653 2161 3742 2217 di-

2091 2254 2258 2309 vinas
2290 2254 2623 2327 Scripturas
2655 2255 2926 2310 elocutus
2982 2259 3073 2309 est
3100 2252 3122 2287 9
3152 2252 3180 2308 ?
3235 2256 3308 2307 At
3362 2268 3557 2324 neque
3616 2251 3744 2322 ipse

2093 2343 2343 2415 Spiritus
2377 2349 2617 2400 sanctus
2647 2344 2720 2399 de
2750 2343 2881 2398 Filii
2913 2342 3299 2416 generatione
3331 2359 3401 2397 ex
3454 2343 3626 2397 Patre
3680 2341 3743 2397 in

2093 2432 2410 2505 Scripturis
2442 2439 2532 2489 est
2549 2432 2964 2498 locutus.Quid
2984 2433 3164 2505 igitur
3185 2448 3431 2504 operose
3461 2430 3740 2502 inquiris,

2093 2539 2224 2593 quas
2255 2539 2449 2595 neque
2492 2522 2745 2595 Spiritus
2804 2528 3045 2578 sanctus
3098 2522 3161 2576 in
3208 2520 3358 2579 I55
3420 2520 3741 2591 Scripturis

2094 2613 2398 2668 exaravit?
2417 2613 2524 2678 Qui
2557 2629 2626 2668 ea
2657 2629 2788 2684 qua)
2820 2612 3041 2684 scripta
3089 2616 3229 2666 sunt
3256 2627 3377 2666 non
3408 2610 3585 2680 nosti,
3618 2625 3741 2664 non

2093 2701 2314 2773 scripta
2345 2700 2766 2773 percontaris?
2794 2700 2987 2756 Multae
3021 2706 3160 2756 sunt
3215 2701 3276 2754 in
3325 2699 3538 2754 divinis
3586 2698 3739 2754 Scri-

2096 2791 2289 2862 pturis
2312 2790 2673 2860 quaestiones
2699 2807 2713 2844 :
2737 2790 2896 2860 quod
2919 2789 3205 2860 scriptum
3228 2793 3318 2843 est
3341 2805 3461 2842 non
3478 2803 3747 2858 compre-

324 2871 648 2930 hendimus
681 2892 694 2944 ;
719 2876 862 2949 quid
894 2876 965 2933 de
998 2895 1064 2933 eo
1088 2877 1247 2950 quod
1279 2879 1567 2951 scriptum
1594 2895 1718 2934 non
1748 2884 1840 2935 est
1863 2878 2119 2935 animum
2148 2878 2510 2952 fatigamus?
2539 2878 2770 2934 Sufficit
2792 2877 2965 2933 nobis
2998 2877 3169 2946 scire,
3201 2877 3359 2948 quod
3382 2878 3535 2931 Deus
3556 2892 3744 2931 unum

330 2962 525 3018 solum
552 2964 768 3021 Filium
794 2967 1020 3039 genuit.

400 3051 499 3110 Il".
560 3053 656 3120 Μή
735 3052 1104 3130 ἐπαισχυνθῇς
1164 3055 1514 3132 ὁμολογῆσαι
1566 3055 1666 3126 τὴν
1734 3054 1975 3130 ἄγνοιαν,

2168 3057 2312 3112 XIII.
2348 3059 2475 3113 Non
2509 3061 2564 3113 te
2595 3056 2816 3129 pudeat
2837 3056 3231 3130 ignorantiam
3252 3054 3744 3125 confiteri,un-

326 3136 518 3209 ἐπειδὴ
557 3141 692 3214 μετά
721 3139 969 3217 ἀγγέλων
1000 3145 1233 3219 ἀγνοεῖς.
1267 3145 1329 3202 Ὁ
1385 3147 1648 3221 γεννήσας
1703 3142 1817 3200 οἶδε
1876 3143 1980 3218 μό·-

331 3248 425 3291 νος
455 3230 545 3284 τὸν
601 3231 946 3305 γεννηθέντα⁸
1006 3232 1096 3288 καὶ
1154 3235 1182 3287 6
1241 3232 1293 3305 ἐξ
1349 3234 1515 3289 αὐτοῦ
1593 3234 1985 3309 γεγεννημένος

330 3314 446 3373 οἶδε
476 3319 568 3374 τὸν
598 3321 955 3394 γεννήσαντα.
1014 3323 1076 3380 Ὀ
1135 3324 1398 3399 γεννήσας
1457 3320 1568 3379 οἶδε
1623 3323 1676 3378 τί
1705 3322 1979 3399 ἑγέννησν

334 3405 517 3462 καὶτὸ
546 3414 773 3483 Ηνεῦμα
805 3413 885 3485 (6)
926 3410 991 3466 τὸ
1048 3410 1203 3487 ἆγιον
1260 3416 1359 3467 τοῦ
1416 3416 1550 3468 Θεοῦ
1611 3418 1875 3489 μαρτυρεῖ
1931 3411 1983 3468 ἐν

332 3503 451 3560 ταῖς
499 3505 758 3579 Γραφαῖς,
829 3505 912 3560 ὅτι
971 3504 1099 3567 Θεὸς
1154 3505 1184 3560 6
1237 3505 1519 3579 γεννηθεὶς
1568 3503 1828 3580 ἄναρχος.
1886 3504 1984 3568 Τίς

333 3587 434 3663 γὰρ
483 3585 623 3664 ἔγνω
682 3592 984 3668 ἀνθρώπων
1043 3594 1109 3648 τὰ
1158 3598 1256 3649 τοῦ
1327 3595 1635 3665 ἀνθρώπου,
1696 3593 1741 3648 εἴ
1794 3594 1870 3667 μὴ
1921 3593 1982 3648 τὸ

328 3683 542 3753 πνεῦμα
587 3685 685 3735 τοῦ
744 3681 1031 3754 ἀνθρώπου
1086 3683 1150 3738 τὸ
1209 3681 1262 3738 έν
1317 3682 1466 3755 αὐτῷ
1513 3702 1526 3752 ;
1588 3681 1747 3740 Οὕτω
1809 3681 1867 3738 δὲ
1915 3682 1984 3737 τὰ

329 3773 427 3823 τοῦ
452 3773 588 3824 Θεοῦ
619 3767 800 3831 οὐδεὶς
824 3766 987 3845 ἔγνω,
1022 3770 1068 3825 εἶ
1130 3773 1205 3844 μὴ
1264 3771 1327 3826 τὸ
1387 3774 1608 3844 Πνεῦμα
1663 3775 1763 3826 τοῦ
1822 3775 1977 3829 Θεοῦ.

324 3858 528 3933 Ὠσπερ
585 3861 687 3935 γὰρ
740 3860 767 3913 6
815 3860 1005 3934 Πατὴρ
1063 3855 1182 3936 ἔχει
1243 3861 1388 3930 ζωὴν
1465 3862 1518 3915 iv
1579 3861 1775 3933 ἑαυτῷ,
1836 3859 1979 3915 οὕτω

322 3947 410 4001 καὶ
443 3952 520 4020 τῷ
549 3948 661 4019 ἴἼῷ
690 3944 858 4003 ἔδωκε
914 3951 1060 4019 ζωὴν
1118 3946 1264 4024 ἔχειν
1324 3948 1377 4005 ἐν
1439 3950 1632 4022 ἑαυτῷ·
1690 3948 1803 4021 καὶ,
1865 3949 1978 4006 Ἲνα

325 4036 517 4100 πάντες
594 4042 799 4111 τιμῶσι
845 4038 936 4093 τὸν
993 4039 1141 4109 Υἱὸν,
1235 4039 1415 4101 καθὼς
1475 4043 1681 4112 τιμῶσι
1736 4039 1827 4094 τὸν
1870 4044 1974 4094 Πα-

322 4121 468 4198 τέραο
528 4127 641 4196 καὶ,
686 4132 891 4203 ’Ὠσπερ
956 4128 984 4182 6
1042 4129 1229 4203 Πατὴρ
1315 4127 1407 4192 οὕς
1487 4126 1635 4193 θέλει
1691 4133 1971 4198 ζωοποιεῖ,

2089 3147 2409 3219 doquidem
2440 3146 2548 3203 tibi
2607 3164 2743 3203 cum
2791 3147 3016 3220 angelis
3069 3145 3403 3202 communis
3431 3145 3526 3200 sit.
3559 3142 3605 3178 ¹⁰
3629 3142 3742 3209 Qui

2093 3237 2316 3310 genuit,
2341 3236 2503 3292 solus
2535 3237 2698 3292 novit
2727 3252 2864 3292 eum
2886 3253 3065 3308 quem
3095 3235 3302 3307 genuit
3332 3252 3347 3302 ;
3394 3239 3455 3289 et
3511 3233 3613 3305 qui
3665 3231 3738 3287 ab

2099 3326 2227 3397 ipso
2260 3326 2493 3399 genitus
2525 3331 2634 3396 est,
2667 3325 2831 3381 novit
2857 3327 3222 3398 genitorem:
3264 3324 3365 3394 qui
3391 3323 3613 3393 genuit,
3638 3337 3745 3376 no-

2097 3415 2179 3469 vit
2207 3415 2350 3486 quid
2381 3416 2671 3488 genuerit.
2705 3417 2776 3470 Et
2802 3420 3044 3471 sanctus
3084 3414 3188 3469 Dei
3219 3413 3472 3486 Spiritus
3501 3412 3563 3467 in
3597 3410 3744 3466 Scri-

2096 3505 2290 3575 pturis
2319 3509 2588 3560 testatur.
2619 3505 2804 3560 Deum
2828 3520 2958 3559 esse
2989 3520 3125 3559 eum
3156 3502 3256 3574 qui
3279 3503 3513 3575 genitus
3541 3501 3618 3556 sit
3644 3498 3746 3555 ab-

2096 3609 2242 3664 sque
2272 3594 2496 3649 initio.¢
2521 3594 2662 3660 Quis
2693 3593 2848 3649 enim
2877 3593 3188 3647 hominum
3212 3592 3375 3647 novit
3396 3608 3526 3663 qua;
3548 3588 3744 3645 homi-

2095 3705 2122 3732 ‹‹
2146 3682 2241 3737 nis
2264 3687 2404 3737 sunt
2418 3683 2533 3737 nisi
2556 3682 2801 3753 spiritus
2820 3681 3081 3736 hominis
3108 3681 3209 3751 qui
3254 3680 3316 3735 in
3341 3681 3470 3751 ipso
3494 3677 3629 3735 est?
3649 3677 3741 3731 Sic

2096 3794 2120 3826 α
2145 3790 2281 3829 vero
2305 3790 2374 3830 ea
2395 3791 2526 3845 quae
2576 3774 2679 3829 Dei
2716 3778 2874 3835 sunt.
2908 3790 3083 3828 nemo
3128 3773 3294 3827 novit
3338 3771 3455 3825 nisi
3485 3769 3736 3840 Spiritus

2093 3884 2121 3911 «
2147 3862 2249 3917 Dei
2282 3862 2348 3916 ¹¹.
2370 3863 2531 3918 Sicut
2550 3862 2709 3918 enim
2729 3864 2900 3918 Pater
2920 3861 3100 3916 habet
3114 3861 3289 3915 vitam
3312 3860 3372 3913 in
3388 3857 3732 3926 semetipso,

2090 3973 2118 4001 α
2145 3951 2228 4007 sic
2241 3957 2441 4008 autem
2455 3952 2602 4008 Filio
2626 3952 2789 4007 dedit
2808 3952 2985 4006 vitam
3012 3949 3229 4006 habere
3245 3949 3305 4003 in
3321 3946 3641 4016 semetipso
3665 3943 3735 3997 1³.

2092 4062 2115 4092 a
2138 4043 2207 4097 Et
2221 4059 2238 4096 :
2253 4042 2326 4098 Ut
2354 4059 2561 4098 omnes
2578 4043 2874 4097 honorent
2901 4039 3298 4105 Filium,sicut
3316 4037 3614 4091 honorant
3628 4035 3737 4088 Pa-

2094 4152 2123 4182 «
2148 4136 2298 4187 trem
2317 4132 2378 4187 ³⁸.
2410 4136 2484 4188 Ει
2505 4149 2523 4186 :
2543 4132 2705 4187 Sicut
2736 4132 2909 4186 Pater
2940 4146 3089 4201 quos
3119 4128 3243 4184 vult
3259 4127 3530 4194 vivificat,
3557 4124 3642 4180 sic
3674 4127 3734 4178 et

389 4296 413 4331 ⁸
443 4297 666 4369 Coloss.
699 4314 738 4365 ι,
778 4300 859 4353 16.
890 4298 911 4333 ⁷
934 4297 1098 4353 Joan.
1130 4313 1169 4369 ι,
1203 4299 1255 4352 3.
1287 4297 1308 4332 ⁸
1338 4299 1363 4352 Ι
1393 4297 1522 4353 Cor.
1550 4301 1712 4368 2,10.
1745 4298 1767 4334 ⁸
1794 4299 1845 4353 ΙΙ
1873 4299 1978 4354 Pet

2095 4341 2099 4361 ,
2130 4298 2219 4355 2i.
2253 4297 2301 4333 ί⁰
2326 4299 2453 4355 Vid.
2488 4304 2595 4355 cat.
2628 4299 2683 4367 6,
2731 4315 2788 4354 η.
2817 4302 2869 4353 5.
2896 4296 2939 4333 ιι
2971 4298 2996 4351 Ι
3026 4298 3154 4353 Cor.
3179 4313 3238 4367 ιι,
3274 4299 3360 4351 11.
3399 4294 3445 4330 ιε
3470 4295 3638 4350 Joan.
3672 4310 3726 4362 v,

316 4371 405 4424 26.
442 4368 488 4406 ⁸³
516 4370 658 4426 ibid.
684 4370 771 4426 23.

392 4540 470 4611 (1)
499 4536 641 4596 Οὐδὲ
670 4537 794 4614 γάρ.
820 4540 971 4596 Loco
1004 4535 1089 4608 οὐ,
1123 4534 1649 4666 θοι-ἰὲεὶωυερύὃέ,
1681 4555 1753 4595 ex
1768 4538 1970 4608 Coisl.,

392 4611 546 4666 .tob..
576 4614 718 4666 Roe.
753 4611 1002 4666 Casaub.
1037 4618 1097 4666 et
1125 4613 1236 4666 Gro
1286 4654 1299 4666 .

2095 4539 2190 4595 ius
2219 4539 2322 4595 ille
2352 4540 2415 4595 in
2443 4539 2661 4609 verbis,
2694 4537 2795 4593 οὐκ
2826 4534 2970 4613 ᾔδει,
3005 4544 3064 4595 et
3111 4535 3210 4592 οὐκ
3234 4531 3369 4594 ἔδει.

2151 4612 2223 4666 (5)
2252 4611 2439 4666 Ἡμῖν.
2472 4614 2559 4666 Ita
2588 4629 2697 4666 nos
2732 4628 2802 4666 ex
2831 4611 3003 4666 codd.
3039 4610 3214 4666 Coisl.
3250 4615 3307 4665 et
3339 4611 3369 4665 G

325 4611 546 4678 Ottob.,
576 4611 718 4679 Roe,
747 4611 1002 4668 'Casaub.
1037 4618 1097 4667 et
1125 4613 1236 4668 Gro

392 4686 466 4756 (2)
526 4681 726 4756 Αὐτόν.
783 4686 871 4740 ita
913 4683 1084 4740 codd.
1136 4682 1389 4756 praafati,
1447 4681 1648 4739 Ottob.
1702 4687 1967 4754 excepto.

323 4754 499 4823 Editi,
531 4755 737 4810 αὐτῶν.

393 4829 463 4895 (3)
494 4825 555 4880 Τί
588 4823 665 4883 δέ.
699 4828 847 4883 Loco
873 4824 956 4886 τίς
1005 4825 1164 4897 quod
1220 4826 1283 4882 in
1338 4825 1648 4897 impressis
1694 4824 1969 4893 habetur,

318 4915 390 4969 ex
411 4898 582 4953 codd.
617 4898 819 4963 Coisl.,
854 4900 993 4959 Roe.
1015 4897 1263 4954 Casaub.
1297 4905 1355 4953 et
1380 4897 1553 4953 Grod.
1590 4898 1969 4969 reposuimus

315 4968 391 5037 τί,
425 4977 490 5026 ut
514 4977 846 5026 servaretur
877 4970 1085 5025 eadem
1127 4969 1588 5040 constructionis
1621 4968 1802 5040 ratio,
1835 4987 1966 5040 qua)

317 5042 379 5097 in
404 5041 811 5116 superioribus
842 5042 1056 5116 verbis,
1084 5039 1137 5094 τί
1170 5041 1264 5112 μὲν
1296 5041 1471 5116 ἀρχὴ,
1507 5039 1560 5094 τί
1617 5037 1674 5094 δὲ
1730 5037 1965 5116 ἐξουσίᾳ,

319 5120 427 5184 etc.
465 5110 604 5169 Vide
636 5114 899 5184 similem
924 5181 931 5184 ἑ
952 5114 1148 5168 locum
1172 5110 1308 5168 cat.
1335 5110 1343 5116 ’
1369 5110 1423 5180 6⁷,
1455 5129 1619 5169 num.
1674 5116 1727 5183 2,
1768 5110 1839 5165 ’τί
1868 5110 1961 5184 μέν

318 5182 429 5262 ἔστι
448 5185 772 5262 sessim.
798 5181 962 5262 15%.
989 5191 1101 5240 θιο-

386 5244 1204 5344 (4)’’,ΕξάλησένκΗυῖοἰνει-ὺρ
1236 5254 1614 5344 subiungitur
1670 5254 1755 5344 ip9
1789 5253 1961 5344 codd;

314 5320 523 5418 fio-eet
552 5320 800 5418 gasaub‘.
833 5329 958 5417 haec
980 5328 1252 5418 phrasis;
1287 5320 1412 5415 Οὖχ
1439 5320 1522 5418 ὅτι
1555 5325 1657 5416 οιξκ
1686 5320 1962 5418 ᾔδειβελκ

313 5396 395 5453 ὅτι
429 5398 525 5455 οὐκ
551 5397 681 5467 ἔδει,
715 5398 805 5454 διὰ
832 5400 894 5454 τὸ
930 5396 1005 5472 μῆ
1063 5403 1266 5473 χωρεῖν
1312 5396 1441 5473 τοῦς
1495 5396 1963 5473 ἀκούονταςχΝοη

310 5473 458 5541 quod
485 5476 740 5539 nesciret,
772 5474 865 5527 sed
896 5469 1043 5542 quod
1068 5469 1184 5527 non
1214 5472 1521 5542 expediret,
1575 5487 1698 5542 cum
1727 5469 1960 5542 audien-

311 5539 513 5627 ζεετιοιι
546 5550 821 5627 caperent.
855 5539 1050 5626 Facile
1078 5539 1391 5627 acquiesco
1442 5542 1505 5627 in
1556 5540 1783 5627 judicio
1828 5539 1957 5627 Mil-

2151 4612 2223 4681 (5)
2252 4611 2439 4682 Ἡμῖν.
2472 4614 2559 4668 Ita
2588 4607 2697 4668 nos
2732 4628 2802 4668 ex
2831 4607 3003 4667 codd.
3039 4610 3214 4666 Coisl.
3250 4615 3307 4665 et
3339 4607 3512 4665 Grod.
3571 4624 3721 4662 vers.

2078 4683 2255 4751 Editi,
2292 4682 2443 4753 ὑμῖν,
2475 4685 2646 4739 vobis.

2149 4757 2224 4825 (6)
2282 4750 2388 4809 Καὶ
2427 4750 2505 4809 ’τὸ
2568 4756 2804 4825 Ηνεῦμα,
2847 4760 2959 4810 etc.
3012 4753 3230 4808 Horum
3261 4823 3273 4825 γ
3302 4752 3615 4825 verborum
3661 4750 3724 4825 in

2078 4819 2297 4917 locum,
2319 4826 2537 4917 legitpr
2566 4827 2628 4882 in
2661 4819 2861 4911 Coisl.,
2895 4829 3035 4917 Bos,
3068 4823 3317 4917 Casaub.
3343 4829 3412 4917 get
3430 4819 3724 4917 GrodAKlai

2077 4895 2131 4948 αἱ
2190 4892 2410 4970 Γραφαῗ
2459 4892 2955 4970 διαμαρτυροῦσιν,’
3002 4896 3086 4951 ὅτι
3144 4894 3273 4954 Θεὸς
3337 4895 3365 4948 6
3422 4892 3722 4967 γεννηθείς·

2074 4970 2148 5022 Et
2177 4969 2482 5039 scriptura:
2514 4969 2788 5026 testantzir
2818 4973 2985 5024 Deum
3036 4985 3144 5025 esse
3199 4970 3297 5038 qui
3353 4970 3568 5038 genitus
3625 4972 3722 5039 est.

2076 5041 2186 5114 Pro
2217 5036 2455 5114 ἄναρχος
2490 5040 2618 5114 lego
2639 5041 2923 5114 raivaipqu'
2955 5042 3061 5114 sed
3084 5056 3155 5097 ea.
3199 5036 3307 5095 vox
3358 5036 3721 5114 prmtermit~

2073 5110 2457 5167 titurin‘cod.
2496 5110 2671 5167 =36isl.
2708 5110 3090 5168 In'Crodecii
3146 5129 3280 5167 vero
3337 5110 3607 5167 versione
3667 5115 3724 5162 nt

2074 5180 2243 5236 codd.
2279 5184 2397 5237 Roe
2420 5190 2478 5239 et
2505 5183 2753 5257 Casaub.
2787 5200 2909 5239 non
2939 5202 3048 5239 vox
3076 5183 3326 5257 ἄναρχος
3349 5184 3565 5257 solum,
3619 5180 3722 5236 sed

2074 5259 2132 5307 et
2153 5269 2409 5325 sequens
2442 5255 2707 5325 Apostoli
2752 5256 3156 5310 testimonium
3182 5255 3578 5310 desideratur
3613 5270 3625 5306 :
3654 5268 3721 5305 ac

2071 5323 2267 5399 verba,
2301 5323 2615 5399 ὥσπεργᾷρ
2645 5326 2672 5379 6
2704 5328 2912 5399 Πατήρ,
2946 5332 3055 5382 etc.
3094 5332 3556 5399 _con_nectuntur
3585 5339 3719 5377 cum

2071 5394 2502 5470 superioribus,
2530 5394 2771 5458 ὅτιθεὸς
2805 5398 2832 5451 6
2861 5394 3157 5470 γεννηθείς.
3218 5397 3287 5470 Et
3342 5410 3721 5470 revera_pro:

2111 5462 2383 5550 ositionis
2399 5462 2579 5550 hujus
2594 5462 3023 5550 probatio'sunt
3043 5487 3055 5535 ;
3074 5468 3538 5550 interiectusque
3554 5462 3717 5550 Pauli

2092 5555 2234 5595 ocus
2284 5541 2401 5595 vim
2459 5536 2747 5597 orationis
2805 5547 2865 5598 et
2912 5541 3127 5597 seriem
3175 5536 3406 5594 videtur
3476 5536 3714 5591 abrum-

309 5612 465 5698 lesii,
487 5610 626 5698 haec
655 5616 717 5698 in
740 5615 1006 5698 margine
1030 5632 1135 5697 pro
1168 5610 1718 5698 interpretamento
1765 5610 1960 5698 posita
2065 5626 2229 5681 pere.

308 5685 452 5743 inde
484 5688 545 5743 in
579 5692 805 5743 textum
833 5683 1517 5758 irrepsisse,quod'satis
1546 5683 1959 5742 conﬁrmatlu-
