4124 6260
433 304 553 365 707

1494 295 1558 354 Β.
1603 289 1922 354 GYBILLI
1965 279 2382 347 HIEROSOL.
2427 281 2785 347 ARCHIEP.

3735 289 3859 353 708

438 460 467 489 ‹‹
490 437 671 493 Filius
693 452 842 507 quos
872 434 999 491 vult
1017 433 1273 489 viviﬁcat
1290 430 1356 489 1‘.
1372 452 1400 482 ››
1419 431 1621 501 Neque
1650 441 1945 501 generans
1958 423 2071 480 ulla

2194 413 2338 471 οὕτω
2366 415 2512 471 καὶὸ
2543 416 2666 479 Υἱὸς
2696 415 2789 480 οὕς
2829 415 2978 474 θέλει
3037 422 3317 488 ζωοποιεῖ.
3379 416 3512 476 Οὔτε
3568 421 3597 475 6
3656 422 3860 496 γεννή-

434 543 498 582 re
520 526 864 582 deminutus
886 530 976 581 est
999 526 1090 597 (1),
1124 540 1318 595 neque
1331 522 1499 578 deest
1518 520 1717 593 genito
1740 517 2088 589 quidquam.

434 616 593 686 (Novi
628 631 696 671 ea
734 632 829 670 me
861 631 1019 687 smpe
1049 614 1269 670 dixisse
1298 612 1341 649 ί⁸
1370 628 1382 665 :
1442 625 1646 666 verum
1695 606 1901 663 eadem
1932 620 2089 675 smpe

431 710 642 760 vestrm
675 703 1015 760 securitatis
1047 703 1233 776 gratia
1261 700 1515 773 repetita
1540 698 1738 766 sunt.)
1787 697 1989 765 Neque
2038 693 2088 748 is

432 794 535 867 qui
567 794 774 867 genuit
802 800 1032 866 patrem
1069 792 1268 855 habet,
1293 806 1488 860 neque
1522 788 1572 842 is
1604 785 1705 857 qui
1734 783 1969 858 genitus
2000 786 2091 837 est

429 881 677 937 fratrem
712 899 725 937 :
754 899 864 937 nec
896 882 1132 954 genitor
1150 884 1414 935 mutatus
1444 877 1508 932 iu
1540 876 1731 931 filium
1764 877 1854 928 est
1870 871 2088 943 (2),nec

430 972 667 1043 genitus
691 971 933 1026 effectus
967 974 1059 1024 est
1076 974 1263 1040 pater.
1297 969 1379 1021 Ex
1407 983 1527 1022 uno
1559 965 1683 1020 solo
1716 965 2085 1027 Patre,unus

430 1060 776 1132 unigenitus
800 1058 1004 1114 Filius.
1036 1060 1152 1113 Nec
1182 1057 1297 1112 duo
1329 1054 1602 1127 ingeniti,
1651 1068 1763 1107 nec
1792 1047 2083 1121 unigeniti

435 1148 813 1215 duo;verum
845 1164 1001 1203 unus
1050 1152 1141 1202 est
1192 1148 1366 1200 Pater
1421 1142 1721 1216 ingenitus
1762 1138 2082 1213 (ingenitus

432 1254 692 1309 namque
725 1243 815 1292 est
845 1237 947 1308 qui
977 1241 1204 1308 patrem
1262 1251 1382 1289 non
1432 1232 1631 1301 habet)
1657 1247 1670 1298 ;
1696 1235 1755 1285 et
1807 1244 1964 1284 unus
1994 1229 2085 1281 est

429 1327 636 1397 Filius,
667 1331 959 1382 mternum
989 1341 1059 1380 ex
1090 1327 1261 1379 Patre
1291 1323 1526 1396 genitus
1556 1338 1569 1377 :
1610 1337 1731 1377 non
1759 1320 1821 1375 in
1853 1324 2079 1389 tempo-

427 1416 595 1472 ribus
625 1416 882 1489 genitus,
915 1413 1018 1470 sed
1069 1419 1204 1469 ante
1259 1411 1477 1468 smcula
1521 1411 1758 1483 genitus
1794 1426 1808 1465 :
1856 1423 1977 1463 non
2009 1423 2081 1462 ex

425 1505 697 1577 profectu
727 1509 962 1570 auctus,
987 1503 1093 1558 sed
1112 1502 1223 1557 hoc
1245 1502 1443 1574 ipsum
1472 1500 1708 1573 genitus
1736 1496 1896 1570 quod
1918 1511 2080 1551 nunc

494 1600 534 1648 t.

425 1611 637 1736 e31ml.
672 1679 987 1735 Credimus
1018 1680 1199 1751 igitur
1217 1680 1277 1733 in
1306 1678 1513 1733 Filium
1564 1675 1667 1731 Dei
1708 1678 2075 1745 unigenitum,

2196 525 2291 566 σας
2322 504 2609 578 ἐζημιώθη
2641 527 2717 577 τι,
2753 505 2875 562 οὕτε
2926 506 3101 563 λείπει
3129 529 3181 563 τι
3233 512 3314 580 τῷ
3370 510 3688 583 γεννηθέντι
3716 508 3859 584 (οἶδα

2196 592 2469 657 πολλάκις
2491 599 2658 649 ταῦτα
2689 594 2944 671 εἰρηκὼς,
2979 594 3126 652 ἀλλὰ
3154 594 3428 662 πολλάκις
3481 601 3651 653 ταῦτα
3705 599 3858 673 εἴρη-

2192 703 2281 738 ται
2332 684 2461 757 ὑπὲρ
2510 691 2611 754 τῆς
2673 685 2825 758 ὑμῶν
2900 686 3239 761 ἀσφαλείας)·
3329 685 3452 743 οὔτε
3507 689 3536 743 6
3588 691 3859 764 γεννήσας

2194 767 2312 846 ἔχει
2345 770 2569 849 πατέρα,
2602 772 2731 830 οὔτε
2761 776 2789 829 6
2821 775 3097 851 γεννηθεὶς
3147 772 3379 854 ἀδελφὸν
3439 774 3579 852 ἔχει’
3643 776 3775 833 οὔτε
3827 781 3855 835 6

2190 865 2455 937 γεννήσας
2487 865 2565 926 εἷς
2596 866 2712 920 υἱὸν
2761 862 3103 938 μετεϐλήθη,
3151 864 3277 922 οὕτε
3331 869 3358 921 6
3417 868 3702 943 γεννηθεὶς
3750 891 3853 926 πα-

2189 952 2293 1023 τὴρ
2326 951 2559 1027 ἐγένετο.
2597 955 2680 1027 Ἐξ
2728 955 2845 1017 ἑνὸς
2900 955 3072 1029 μόνου
3127 957 3365 1031 Ηατρὸς,
3420 959 3497 1020 εἷς
3543 962 3856 1033 μονογενὴς

2195 1040 2334 1104 Υἱός.
2368 1037 2509 1098 Οὔτε
2539 1038 2635 1096 δύο
2669 1044 2977 1119 ἀγέννητοι,
3011 1040 3134 1099 οὔτε
3192 1040 3287 1098 δύο
3349 1052 3690 1120 μονογενεῖς·
3727 1047 3854 1104 ἀλλ’

2190 1129 2267 1190 εἷς
2309 1126 2424 1184 ἐστι
2476 1133 2665 1206 Πατὴρ
2727 1133 3022 1208 ἀγὲννητος
3070 1134 3381 1208 (ἀγὲννητος
3438 1136 3540 1210 γάρ
3628 1135 3775 1191 ἐστιν
3825 1137 3851 1192 ὁ

2186 1217 2393 1291 πατέρα
2454 1220 2530 1292 μή
2589 1218 2777 1295 ἔχων)·
2836 1221 2927 1276 καὶ
2987 1223 3065 1284 εἷς
3122 1221 3263 1277 ἐστιν
3324 1221 3471 1295 Υἳὸς,
3532 1221 3737 1288 ἀϊδίως
3796 1224 3854 1282 ἐκ

2190 1305 2401 1383 Ηατρός
2431 1308 2843 1386 γεγεννημένος·
2879 1309 2940 1366 οὗ
2977 1312 3203 1386 χρόνοις
3248 1310 3670 1388 γεγεννημένος,
3706 1313 3851 1371 ἀλλὰ

2184 1396 2293 1466 πρὸ
2344 1394 2558 1452 αἰώνων
2615 1397 2919 1474 γεννηθείςο
2965 1398 3065 1454 οὐκ
3111 1397 3171 1454 ἐκ
3226 1407 3514 1476 προκοπῆς
3565 1402 3851 1475 αὐξηθεὶς,

2185 1482 2333 1540 ἀλλὰ
2358 1488 2521 1541 τοῦτο
2558 1487 2825 1562 γεννηθεὶς
2849 1487 2980 1562 ὅπερ
3015 1486 3128 1544 ἐστὶ
3160 1492 3272 1545 νῦν.

2255 1665 2355 1722 ΙΔ“.
2390 1664 2727 1741 Πιστεύομεν
2747 1667 2818 1741 (5)
2859 1667 3040 1724 τοίνυν
3091 1667 3166 1731 εἷς
3216 1668 3310 1724 τὸν
3369 1670 3495 1726 Υὶὸν
3546 1674 3650 1726 τοῦ
3715 1676 3849 1728 Θεοῦ

421 1786 493 1825 ea:
511 1771 678 1825 Patre
700 1771 945 1839 genitum
977 1770 1148 1823 Deum
1176 1784 1365 1823 verum
1390 1768 1488 1838 (3).
1525 1767 1710 1821 Verus
1735 1766 1893 1820 enim
1919 1766 2071 1821 Deus

2185 1752 2273 1808 τὸν
2353 1762 2648 1830 μονογενῆ,
2727 1757 2819 1812 τὸν
2911 1758 2971 1813 ἐκ
3051 1757 3150 1813 τοῦ
3229 1760 3440 1835 Πατρὸς
3512 1762 3847 1836 γεννηθέντα

425 1876 545 1914 non
576 1864 820 1931 generat
846 1858 1251 1925 falsum,sicut
1275 1856 1500 1911 dictum
1522 1864 1633 1910 est.
1660 1856 1702 1890 ¹⁶
1722 1857 1839 1910 Nec
1868 1871 2072 1910 secum

423 1948 788 2013 deliberans,
820 1953 1027 2020 postea
1047 1947 1253 2020 genuit
1285 1962 1298 2000 :
1331 1962 1535 2000 verum
1580 1945 1944 2016 sempiterno
1972 1960 2070 2016 ge-

422 2038 772 2105 neravit;et
824 2036 1202 2093 sermonibus
1250 2034 1827 2107 cogitationibusque
1858 2033 2076 2089 nostris

420 2126 609 2181 multo
633 2126 905 2193 celerius,
938 2131 1005 2180 ut
1035 2141 1177 2181 sane
1208 2128 1681 2180 consentaneum
1713 2126 1822 2191 est,
1836 2138 2078 2195 genere»

418 2214 517 2269 vit.
554 2212 600 2249 ¹⁷
630 2216 744 2269 Nos
793 2230 1053 2285 namque
1103 2229 1239 2268 cum
1298 2212 1361 2266 in
1424 2216 1690 2283 tempore
1735 2211 2074 2281 loquamur,

420 2309 660 2374 tempus
691 2303 1096 2358 insumimus:
1148 2302 1304 2358 156
1358 2317 1498 2356 cum
1549 2305 1747 2356 autem
1777 2299 1848 2355 de
1880 2299 2078 2354 divina

427 2396 716 2463 potestate
735 2408 929 2447 sermo
953 2396 1062 2458 est,
1095 2390 1380 2462 temporis
1402 2406 1610 2461 expers
1634 2395 1723 2444 est
1750 2390 2075 2462 generatio.

427 2482 499 2535 Et
529 2480 684 2536 sicut
712 2495 980 2552 persmpe
1013 2478 1236 2533 dictum
1282 2478 1395 2532 fuit
1447 2476 1514 2546 ‘3,
1569 2494 1948 2549 nequaquam
2007 2493 2077 2532 ex

427 2586 549 2624 non
581 2575 719 2624 ente
751 2569 824 2624 ad
857 2585 985 2624 esse
1009 2568 1223 2623 Filium
1238 2566 1795 2638 transduxit,neque
1816 2584 1951 2622 eum
1974 2566 2076 2637 qui

427 2672 550 2711 non
585 2662 713 2711 erat
740 2656 805 2709 in
864 2654 1244 2726 adoptionem
1277 2652 1556 2708 adscivit:
1593 2670 1795 2708 verum
1817 2659 2075 2708 aeternus

424 2744 716 2800 exsistens
743 2745 937 2811 Pater,
966 2748 1256 2796 mternum
1278 2742 1487 2814 genuit
1515 2746 1575 2796 et
1593 2740 2077 2796 inenarrabiliter

421 2848 608 2889 unum
678 2833 873 2887 solum
933 2830 1170 2901 Filium,
1231 2831 1331 2902 qui
1384 2830 1627 2886 fratrem
1683 2846 1807 2886 non
1837 2829 2073 2888 habeat.

426 2924 627 2993 Neque
686 2921 801 2976 duo
858 2925 999 2975 sunt
1050 2920 1347 2991 principia
1396 2919 1469 2989 (4)
1516 2918 1668 2975 :sed
1727 2924 1903 2990 caput
1941 2919 2074 2973 Filii

422 3012 599 3067 Pater
620 3008 683 3078 ‘9,
720 3024 906 3065 unum
940 3012 1031 3064 est
1056 3008 1438 3080 principium.
1470 3009 1643 3063 Pater
1665 3008 1824 3063 enim
1859 3007 2073 3063 Filium

2183 1844 2310 1899 Θεὸν
2345 1842 2630 1914 ἀληθινόν.
2655 1846 2718 1903 Ὁ
2739 1847 2844 1920 γὰρ
2876 1845 3094 1919 ἀληθὴς
3143 1852 3274 1911 Θεάς
3316 1847 3377 1903 οὗ
3428 1853 3589 1924 γεννᾷ
3644 1849 3844 1926 ψευδῆ,

2182 1933 2365 1996 καθὼς
2394 1933 2630 2008 εἳρηται.
2663 1933 2807 1992 Οὐδὲ
2834 1939 3197 2013 σκεψάμενος,
3252 1938 3471 2013 ὕστερον
3528 1936 3841 2016 ἐγέννησενο

2185 2020 2313 2077 ἀλλ’
2341 2019 2533 2085 ἀϊδίως
2564 2022 2933 2099 ἐγέννησε,καὶ
2950 2027 3095 2082 πολὺ
3119 2024 3333 2101 μᾶλλον
3353 2027 3548 2084 τάχιον
3569 2035 3684 2085 τῶν
3704 2033 3843 2105 ἠμε-

2183 2109 2354 2184 τέρων
2388 2110 2649 2187 ῥημάτων
2678 2112 2713 2183 ἢ
2773 2115 3091 2189 νοημάτων,
3143 2113 3446 2192 ἐγέννησεν.
3495 2118 3693 2191 Ἡμεῖς
3748 2120 3841 2195 μὲν

2183 2198 2285 2273 γὰρ
2318 2198 2369 2253 ἐν
2430 2199 2658 2275 χρόνοις
2715 2199 3009 2266 λαλοῦντες
3062 2204 3267 2279 χρόνον
3319 2205 3712 2280 ἀναλίσκομεν·
3754 2208 3840 2264 ἐπὶ

2186 2284 2245 2342 δὲ
2274 2295 2375 2358 τῆς
2425 2289 2572 2353 θείας
2631 2287 2935 2365 δυνάμεως,
2995 2293 3232 2369 ἄχρονος
3282 2297 3318 2365 ἡ
3403 2297 3682 2372 γέννησις.
3745 2296 3842 2353 Καὶ

2183 2378 2366 2443 καθὼς
2389 2376 2600 2456 εἷ’ρηται
2632 2381 2929 2454 πολλάκις,
2963 2382 3062 2439 οὐκ
3092 2384 3150 2439 ἐκ
3178 2389 3275 2440 τοῦ
3310 2387 3387 2459 μὴ
3440 2384 3599 2450 ὂντος
3654 2387 3732 2451 εἷς
3775 2389 3838 2444 τὸ

2189 2470 2326 2523 εἶναι
2356 2469 2448 2524 τὸν
2480 2470 2601 2525 Υἱὸν
2635 2474 2971 2548 παρήγαγεν,
3004 2469 3129 2529 οὐδὲ
3155 2474 3248 2529 τὸν
3280 2476 3357 2548 μὴ
3386 2472 3511 2531 ὅντα
3543 2479 3620 2539 εἱς
3664 2479 3838 2544 υἱοθε-

2185 2557 2299 2613 σίαν
2332 2560 2535 2636 ἢγαγεν
2560 2558 2687 2616 ἀλλ’
2720 2559 2894 2622 ἀίδιος
2925 2558 2998 2616 ὥν
3028 2564 3055 2618 ὁ
3117 2565 3324 2635 Πατήρ,
3357 2562 3550 2628 ἀϊδίως
3583 2562 3838 2643 ἐγέννησε

2183 2647 2272 2703 καὶ
2303 2649 2680 2726 ἀνεκφράοτως
2712 2651 2837 2706 Υὶὸν
2868 2648 2961 2707 ἕνα
2995 2653 3186 2725 μόνον,
3214 2650 3449 2732 ἀδελφὸν
3484 2655 3582 2711 οὐκ
3608 2652 3825 2731 ἔχοντα.

2184 2733 2322 2794 Οὔτε
2353 2735 2447 2793 δύο
2480 2736 2613 2794 εἰσὶν
2641 2738 2832 2815 ἀρχαί·
2864 2738 3012 2796 ἀλλὰ
3040 2740 3254 2816 κεφαλή
3299 2748 3397 2798 τοῦ
3456 2745 3579 2798 Υἱοῦ
3635 2745 3662 2798 ὁ
3714 2748 3830 2802 Πα-

2180 2827 2307 2901 τήρ,
2344 2825 2441 2898 μία
2494 2829 2529 2897 ἡ
2585 2828 2756 2903 ἀρχή.
2818 2830 3002 2904 [Ιατήρ
3058 2831 3161 2906 γὰρ
3212 2832 3337 2886 Υἱὸν
3394 2831 3637 2909 ἐγέννησε
3692 2832 3826 2888 Θεὸν

2183 2915 2464 2986 ἀληθινὸν,
2500 2916 2865 2991 Ἐμμανουήλ
2896 2922 3458 2996 προσαγορευόμενον·
3519 2922 3546 2977 6
3602 2919 3660 2977 δὶ
3688 2922 3826 2995 Ἑμ-

2185 3005 2435 3079 μανουήλ
2470 3008 2585 3080 μεθ’
2618 3009 2778 3081 ἡμῶν
2812 3009 2841 3063 6
2872 3009 3002 3071 Θεὸς
3034 3008 3411 3084 ἑρμηνεύεται.

489 3137 535 3175 ¹⁴
565 3139 729 3193 Joan.
762 3154 815 3200 ν,
846 3139 934 3190 21.
970 3134 1017 3171 ¹⁵
1044 3135 1210 3210 Supr.
1242 3151 1302 3210 n._
1334 3138 1514 3210 7,cat.
1543 3138 1696 3210 ’ἴληἐ
1727 3136 1780 3201 5,
1805 3137 2071 3210 cat._10,1

2191 3175 2202 3187 .
2239 3133 2285 3171 ιδ
2304 3136 2517 3206 Sup.n.
2551 3138 2603 3191 9.
2631 3134 2678 3176 1⁷
2704 3138 2830 3194 Vid.
2858 3152 3059 3209 sup.n.
3094 3141 3146 3195 3.
3182 3137 3230 3175 ‘3
3246 3140 3451 3210 Supra,
3479 3157 3537 3196 η.
3573 3143 3629 3209 8,
3658 3148 3831 3198 etcat.

418 3212 471 3279 3,
494 3226 552 3265 n.
591 3211 692 3275 14;
725 3214 832 3263 cat.
867 3212 920 3271 7,
950 3224 1008 3263 η.
1041 3209 1072 3260 5
1100 3204 1246 3274 {cat
1278 3208 1335 3273 4,
1366 3223 1424 3260 η.
1451 3208 1504 3259 7.
1537 3204 1629 3259 ¹⁹Ι
1659 3206 1785 3260 Cor.
1820 3222 1900 3272 χι,
1926 3208 1977 3260 3.

487 3325 566 3396 (1)
597 3327 778 3393 Neque
825 3337 1092 3396 generans
1141 3322 1261 3376 ulla
1314 3337 1376 3396 re
1431 3322 1743 3396 deminutus
1799 3326 1895 3387 est,
1955 3324 2067 3377 etc.
2100 3323 2143 3391 C

418 3392 559 3452 Hmc’
582 3392 787 3450 notare
820 3392 1036 3465 Cyrillo
1068 3393 1470 3465 necessarium
1518 3393 1631 3447 fuit
1653 3392 1726 3447 ad
1757 3408 2071 3465 occurren-

419 3469 560 3523 dum
587 3468 941 3522 Arianorum
968 3464 1214 3529 cavillis,
1248 3465 1347 3535 qui
1389 3466 1575 3519 Deum
1609 3465 1739 3519 sine
1788 3464 2065 3519 deminu-

416 3541 578 3594 tione
592 3539 682 3593 sui
703 3554 987 3610 generare
1019 3552 1190 3610 posse
1208 3552 1397 3610 negan
1408 3542 1494 3610 tes
1502 3535 1921 3610 generationis
1937 3535 2067 3610 loco

418 3608 781 3667 creationem
807 3608 1187 3669 inducebant,
1211 3625 1284 3661 ne
1306 3609 1460 3663 Deus
1481 3608 1555 3661 iis
1581 3624 1710 3678 qum
1730 3608 1911 3661 habet
1941 3608 2030 3678 pri
2046 3634 2064 3646 -

417 3688 686 3749 varetur;
719 3680 877 3735 unde
908 3685 966 3735 et
994 3678 1207 3734 Filium
1234 3681 1405 3751 Patre
1439 3686 1496 3733 et
1521 3686 1784 3749 tempore
1808 3684 1865 3733 et
1881 3678 2070 3751 gloria

417 3755 605 3810 multo
620 3753 959 3808 inferiorem
975 3751 1232 3806 aiebant.
1248 3750 1470 3805 Videsis
1487 3750 1838 3821 blaspheme
1861 3750 2067 3805 eorum

419 3826 595 3882 verba
613 3825 769 3896 apud
797 3825 1034 3889 Athan.,
1068 3825 1139 3878 De
1168 3823 1408 3893 synodis.
1440 3839 1605 3877 num.
1638 3824 1725 3887 16,
1784 3826 1844 3877 et
1871 3827 2019 3877 orat.
2051 3839 2067 3878 ι

418 3904 562 3953 cont.
595 3899 812 3963 Arium,
844 3913 1008 3950 num.
1053 3897 1103 3948 6.

485 3970 565 4038 (2)
590 3971 694 4024 Nec
724 3961 942 4037 genitor
974 3965 1240 4038 iniﬁlium
1292 3969 1538 4018 mutatus
1596 3970 1692 4038 est.
1753 3961 1817 4017 Id
1859 3969 2068 4027 contra

415 4035 781 4095 Sabellianos
815 4046 872 4093 et
895 4036 1393 4107 Patripassianos,
1419 4052 1567 4106 quos
1598 4035 1812 4089 iterum
1861 4051 2067 4106 aggre-

415 4111 575 4166 ditur
596 4112 769 4172 infra,
807 4126 971 4164 num.
1011 4112 1092 4161 17.
1120 4110 1192 4161 At
1224 4113 1511 4177 prmterca
1536 4122 1846 4161 occurrere
1878 4107 2069 4176 potuit

417 4184 770 4238 Arianorum
803 4179 1258 4247 calumnim,qua
1288 4178 1639 4233 catholicam
1666 4178 1844 4232 ﬁdem
1864 4178 2064 4232 Sabel-

416 4255 577 4310 lismi
607 4253 855 4309 crimine
884 4250 1274 4315 infatuabant,
1310 4255 1373 4303 ut
1402 4250 1595 4304 facere
1630 4249 1862 4303 videtur
1891 4250 2065 4304 Arius

412 4327 477 4380 in
503 4329 603 4395 Ep.
639 4326 711 4380 ad
744 4323 1127 4395 Alexandrum
1159 4320 1543 4395 ᾼιθιῑιαηᾴνὶηη
1606 4321 1762 4391 apud
1820 4321 2062 4395 Athan,

416 4400 488 4452 De
516 4391 693 4467 Synod
723 4439 736 4463 ,
761 4411 924 4449 num.
954 4396 1037 4446 16.
1089 4392 1307 4467 Saltem
1370 4391 1778 4467 hoctempore
1811 4392 2066 4467 consub-

414 4462 1087 4525 stantialisdefensores
1110 4462 1328 4534 passim
1353 4462 1423 4516 ab
1479 4463 1714 4517 Arianis
1765 4465 1933 4533 quasi
1960 4464 2065 4518 Sa-

418 4540 664 4595 belliani
697 4533 1178 4594 traducebantur.
1206 4533 1372 4598 Quod
1395 4534 1637 4605 subjicit
1659 4535 1911 4604 Cyrillus
1943 4551 2064 4589 non

417 4628 546 4667 esse
578 4612 726 4666 duos
749 4609 1045 4680 ingenitos
1077 4607 1193 4667 hic,
1236 4621 1345 4659 nec
1396 4604 1516 4680 duo
1560 4606 1854 4680 principia
1883 4606 2060 4680 infra,

416 4700 579 4738 num.
610 4684 695 4748 14,
729 4681 787 4736 id
818 4677 1124 4735 catholicm
1157 4677 1467 4733 sententim
1502 4677 1758 4748 imputat
1798 4677 1970 4732 Arius
2000 4677 2063 4732 in

416 4756 590 4810 modo
623 4755 799 4809 citata
830 4752 903 4806 ad
933 4749 1336 4805 Alexandrum
1359 4748 1695 4820 epistola,et
1715 4748 1843 4815 ejus
1866 4765 2069 4803 exem-

416 4827 513 4897 plo
547 4826 749 4880 Ariani
790 4822 947 4895 apud
983 4822 1220 4887 Athan.,
1257 4826 1403 4875 orat.
1440 4838 1475 4887 I,
1500 4837 1561 4874 n.
1609 4820 1699 4888 22,
1733 4821 1822 4887 30,
1885 4823 1945 4874 31
2008 4824 2068 4875 et

417 4902 564 4952 orat.
598 4915 671 4961 1v,
696 4913 756 4950 n.
785 4899 807 4949 1
837 4901 894 4948 et
922 4909 1256 4964 seqq.,cum
1289 4908 1501 4964 capere
1524 4908 1643 4946 non
1660 4898 2068 4964 possentquo-

418 4967 593 5022 modo
625 4967 808 5020 Filius
859 4963 1119 5019 mternus
1169 4970 1345 5030 esset,
1398 4963 1445 5017 si
1497 4979 1531 5018 a
1568 4965 1737 5019 Patre
1775 4963 2064 5035 originem

418 5038 704 5093 hauriret.
757 5037 817 5090 in
872 5039 1100 5090 Constit.
1158 5035 1474 5105 apostolicis
1522 5035 1789 5090 referens
1859 5040 2066 5090 auctor

415 5109 760 5165 summatim
800 5124 1008 5161 omnes
1037 5107 1404 5162 diversorum
1459 5106 1871 5162 hmreticorum
1905 5122 2064 5161 erro-

417 5198 534 5243 res,
560 5179 766 5234 nitlib.
801 5196 873 5245 v1,
911 5195 961 5232 c.
1000 5181 1086 5243 10,
1128 5180 1276 5233 alios
1336 5194 1407 5231 ex
1460 5178 1581 5232 illis
1626 5178 1907 5233 inducere
1946 5184 2065 5232 tres

414 5251 693 5324 principii
728 5244 997 5324 expertes
1021 5249 1216 5324 ;__ali_os
1238 5266 1373 5324 vero
1403 5247 1549 5324 duos
1583 5250 1899 5324 ingenitas,
1925 5249 1977 5300 οἱ
2009 5244 2066 5324 δε

411 5316 555 5396 τρεῖς
580 5316 874 5396 ἀνάρχούς,
899 5320 970 5396 ὀἱ
1024 5316 1081 5372 δὲ
1141 5318 1234 5396 δύο
1269 5316 1667 5396 -ᾁγεννήτουςῘ
1700 5323 1963 5396 Primum
1993 5320 2066 5396 ad

417 5391 810 5459 Marcionitas,
862 5391 1112 5463 alterum
1141 5392 1215 5447 ad
1268 5391 1621 5446 Manichmos
1670 5393 1967 5463 pertinere
1990 5393 2067 5446 vi-

418 5469 609 5524 detur.
641 5462 1039 5546 Interpolator
1072 5464 1509 5586 lgnatianaru'm
1544 5462 2061 5547 epistolarumﬁp.

418 5541 488 5586 mi
537 5539 858 5586 Trallmnos.
893 5549 1059 5586 num.
1134 5575 1146 5586 .
1178 5533 1249 5586 de
1282 5535 1575 5586 veteribus
1607 5536 1901 5586 hmreticns
1919 5552 2061 5586 δοτι-

415 5541 488 5595 ad
537 5533 858 5597 Trallianos,
893 5549 1059 5588 num.
1094 5533 1146 5597 6,
1178 5533 1249 5588 de
1282 5533 1901 5591 veteribus’hmreticis
1919 5535 2067 5590 scri-

416 5610 546 5666 bit:
607 5610 707 5665 Τὸν
743 5606 888 5680 Θεὸν-
920 5604 1193 5678 ἄγνωστον
1252 5603 1621 5680 εἰσηγοῦνται,
1692 5607 1784 5660 τὸν
1830 5605 2060 5680 Χριστὸν

413 5680 700 5751 ἀγέννητον
757 5675 1069 5750 νομίζοὺσι⁶
1140 5681 1315 5732 Deum
1365 5675 1711 5751 ineognitum
1743 5675 2062 5751 ﬁndi-tcum,

413 5704 445 5736 α
483 5704 700 5751 εννητον
757 5704 1041 5750 νομιςυυσι
1059 5704 1068 5707 ⁷
1140 5704 1315 5732 νωπι
1365 5704 1711 5746 ῑηυυυιιιιιιηι
1772 5704 2062 5745 ιηαιιιῑιιηι,

411 5704 690 5812 Cia-istum
714 5751 1030 5824 ingenitum
1048 5750 1373 5822 opinantur.
1405 5749 1481 5806 At
1500 5748 1563 5804 id
1582 5764 1705 5804 non
1725 5748 1799 5805 de
1846 5749 2063 5805 iisdem

2183 3323 2409 3400 dictum
2438 3328 2643 3400 putem
2677 3344 2690 3393 ;
2724 3325 2828 3382 sed
2848 3325 3013 3398 prius
3058 3326 3129 3381 de
3162 3327 3476 3398 Gnosticis,
3528 3329 3831 3400 posterius

2182 3396 2254 3450 de
2285 3394 2658 3451 Sabellianis.

2244 3467 2318 3537 (3)
2342 3469 2510 3522 Deum
2529 3485 2734 3524 verum.
2770 3470 2880 3524 Eas
2912 3486 3083 3525 voces
3132 3470 3195 3525 in
3252 3470 3421 3526 nullo
3451 3476 3721 3527 veterum
3754 3472 3825 3527 il-

2192 3537 2299 3613 ius
2313 3539 2616 3613 temporis
2633 3540 3065 3613 Symbolorum,
3084 3543 3132 3596 si
3166 3541 3468 3597 Nicmnum
3495 3545 3821 3613 exceperis,

2172 3609 2398 3680 positas
2429 3609 2699 3685 reperio:
2731 3628 2799 3667 ac
2828 3612 3001 3667 facile
3032 3614 3269 3668 credam
3302 3614 3362 3669 in
3396 3609 3820 3685 HierosolymiL

2172 3686 2379 3735 tanum
2407 3698 2476 3736 ex
2513 3683 2745 3738 Nicmno
2777 3686 3121 3740 accessisse.
3186 3686 3283 3739 Hm
3315 3692 3513 3741 autem
3558 3683 3817 3740 inductm

2173 3758 2416 3824 propter
2444 3753 2672 3826 Arium,
2704 3755 2806 3826 qui
2837 3755 2991 3826 apud
3022 3757 3258 3823 Athan,
3318 3764 3466 3813 orat.
3500 3776 3538 3823 ι,
3572 3773 3737 3812 num.
3761 3760 3816 3825 6,

2173 3840 2302 3895 pag.
2336 3825 2594 3889 410,ait«
2616 3825 3023 3882 Verbum’non
3055 3845 3184 3883 esse
3204 3829 3388 3883 Deum
3422 3846 3623 3884 verum
3651 3845 3823 3884 :nam

2176 3896 2454 3967 «tametsi
2478 3895 2696 3951 dicitur
2710 3899 3015 3961 Deus,non
3033 3905 3231 3954 tamen
3246 3917 3447 3955 verum
3470 3917 3600 3955 esse
3615 3902 3819 3967 Deum;

2174 3966 2330 4020 «sed
2374 3969 2831 4041 participatione
2859 3971 3081 4041 gratim,
3132 3972 3637 4041 quemadmodum
3671 3966 3820 4027 alios

2177 4060 2198 4087 ‹‹
2225 4039 2656 4111 omnes,ipsum
2680 4039 2914 4111 quoque
2948 4039 3189 4098 nomine
3211 4043 3499 4098 duntaxat
3518 4045 3705 4099 Deum
3736 4044 3821 4098 di-

2172 4110 2296 4183 nei,
2332 4131 2360 4159 ››
2393 4110 2852 4179 Αώαῐιειεὶύεβὲ
2871 4115 3087 4183 synod.,
3119 4131 3285 4169 num.
3322 4119 3409 4181 17,
3433 4114 3617 4170 refert
3641 4118 3821 4170 Euse—

2169 4181 2332 4257 bium
2368 4183 2790 4257 Cmsariensem
2823 4181 3179 4254 in'epistola
3226 4185 3299 4240 ad
3358 4187 3818 4257 Euphrationem

2172 4252 2440 4327 Balanem
2463 4254 2808 4327 episcopum
2831 4252 3033 4327 aperte
3050 4258 3245 4312 dicere
3261 4274 3381 4312 non
3405 4252 3655 4313 veritum
3671 4274 3818 4325 esse,

2169 4323 2614 4401 quodAChriStus
2642 4323 2761 4401 non
2786 4323 3056 4401 sit'verus
3080 4330 3653 4401 Deus.Exstathujus
3675 4323 3823 4399 epis-

2169 4395 2304 4470 to_l_m
2327 4395 2720 4467 fragmentum
2736 4398 2796 4453 in
2810 4400 3050 4454 concilii
3074 4395 3811 4470 Niemni,actione'5,p.3_66.

2169 4467 2330 4539 Alias
2354 4470 2859 4539 consequentibus
2884 4472 3076 4525 verbis
3093 4472 3438 4527 eorumdem
3464 4467 3814 4527 Arianorum

2167 4538 2508 4620 impietates
2534 4538 2755 4620 refellit
2784 4541 3059 4620 Cyrillus,
3078 4542 3155 4620 _de
3188 4542 3616 4620 deliberatione
3639 4558 3816 4614 gene-

2168 4612 2463 4687 rationem
2483 4612 2855 4687 praecedente
2881 4630 2892 4669 :
2920 4631 3038 4685 qua
3062 4613 3133 4669 de
3148 4631 3210 4668 re
3224 4615 3408 4670 videri
3428 4612 3819 4687 possuntqum

2099 4694 2145 4759 D
2178 4681 2327 4736 dixit
2357 4699 2487 4759 sup.
2522 4700 2686 4759 num.
2722 4686 2775 4759 8A,
2811 4689 2868 4738 et
2912 4681 3025 4740 cat.
3060 4689 3112 4752 7,
3173 4702 3337 4759 num.
3373 4681 3447 4741 5.-
3487 4688 3568 4741 De
3600 4681 3729 4741 ﬁlid
3758 4701 3822 4739 ex

2178 4754 2701 4828 non_exstantibus
2738 4755 2892 4810 facto
2926 4774 2939 4812 :
2970 4773 3149 4828 quam
3179 4757 3549 4828 impietatem
3595 4761 3826 4813 revocat

2178 4825 2260 4901 ad,
2283 4824 2451 4901 illam
2484 4825 2879 4901 defectionem
2911 4843 2947 4883 a
2977 4824 3093 4901 ﬁde
3124 4824 3491 4901 Antichristo
3545 4829 3821 4901 prmviam

2177 4900 2288 4950 cat.
2319 4898 2401 4961 i5,
2429 4911 2596 4950 num.
2630 4900 2662 4951 9
2698 4914 2710 4954 :
2744 4898 2880 4953 vide
2940 4905 2999 4954 et
3046 4900 3220 4962 infra,
3256 4918 3422 4955 num.
3460 4898 3563 4957 17(
3583 4902 3666 4956 De
3705 4900 3824 4955 ﬁlio

2175 4984 2280 5039 per
2301 4965 2681 5037 adoptionem
2711 4985 2724 5023 :
2750 4970 2821 5024 de
2856 4987 2972 5041 quo
3003 4971 3134 5025 vide
3166 4977 3279 5029 cat.
3307 4976 3357 5041 7,
3410 4988 3580 5027 num.
3636 4975 3721 5036 10,
3769 4976 3825 5025 et

2176 5055 2379 5109 supra,
2412 5055 2471 5092 n.
2504 5042 2557 5107 2,
2581 5042 2615 5093 4
2649 5046 2705 5095 et
2727 5044 2780 5096 9.

2245 5111 2538 5187 (tl‘Neque
2558 5112 2821 5187 (tunsum
2840 5116 3148 5187 principia.
3211 5114 3437 5187 Duplex
3475 5115 3635 5170 vocis
3674 5111 3818 5187 ἀρχή

2177 5181 2533 5256 significatio
2565 5182 2810 5239 dubium
2841 5181 2983 5239 facit
3011 5181 3154 5239 num
3186 5181 3534 5241 vertendum
3569 5181 3820 5256 sitprin-

2176 5255 2427 5323 cipatus:
2452 5254 2611 5310 hunc
2638 5257 2797 5311 enim
2825 5274 3067 5312 sensum
3104 5258 3354 5314 suadere
3386 5259 3618 5314 videtur
3656 5254 3820 5313 sum-

2246 5467 2324 5542 (5)
2388 5465 2778 5542 Πιστεύομενη
2833 5468 3171 5542 Legendum
3236 5469 3580 5542 πιστεύωμεν
3652 5471 3823 5542 juxta

2176 5538 2546 5613 Grodeciurm.
2580 5543 2674 5613 At
2728 5541 2886 5597 idem
2917 5538 3053 5613 post
3094 5542 3222 5596 Θεὸν
3281 5538 3537 5611 ἀληθινόν
3573 5538 3715 5613 legit
3764 5538 3823 5593 ἑκ

2174 5613 2307 5686 Θεοῦ
2339 5607 2624 5686 ἀληθινοῦ,
2658 5630 2790 5684 qum
2820 5607 2940 5668 non
2975 5619 3113 5686 sunt
3158 5607 3421 5686 Symboli
3480 5607 3820 5684 Hierosoly—

2174 5683 2407 5754 mitani,
2426 5688 2506 5754 Aut
2530 5683 2693 5754 patet
2739 5691 2865 5740 tum
2924 5702 2994 5740 ex
3024 5683 3210 5741 titulo
3229 5688 3458 5745 catech.
3501 5693 3629 5742 tum
3659 5702 3730 5741 ex
3757 5683 3818 5740 η.

2172 5754 2264 5821 21,
2286 5752 2389 5808 ubi
2419 5752 2639 5811 iterum
2668 5755 2782 5812 iste
2811 5756 3098 5813 recitatur
3123 5758 3430 5816 articulus'
