4124 6260
400 296 518 357 Ι’111

1456 287 1521 349 S.
1569 284 1884 351 GYRILLI
1928 282 2343 356 HIEROSOL.
2390 296 2752 362 ARCHIEP.

3701 300 3815 363 712

395 429 565 503 regni
585 422 1036 499 prmrogativam
1060 440 1073 478 :
1096 438 1219 479 non
1232 422 1394 479 enim
1406 421 1470 477 in
1490 422 1609 479 alia
1626 427 1836 497 regnat
1854 424 2035 489 Pater,

2163 445 2340 498 νησεν.
2370 432 2490 505 Ἕν,
2520 430 2610 488 διὰ
2638 434 2701 489 τὸ
2730 430 2867 489 κατὰ
2903 434 3006 503 τὴν
3068 430 3369 508 βασιλείαν·
3427 432 3491 488 οὗ
3549 432 3650 508 γὰρ
3711 430 3813 489 ἄλ-

396 522 458 575 in
486 518 601 574 alia
629 532 767 571 vero
800 515 1004 583 Filius,
1065 513 1380 569 Absalonis
1436 514 1628 569 instar
1680 530 1743 570 se
1798 515 2052 569 eﬂ‘erens

396 606 677 664 adversus
706 605 975 659 Patrem:
1005 618 1206 657 verum
1240 602 1301 656 in
1334 618 1465 672 quaa
1504 607 1712 674 regnat
1762 603 1958 668 Pater,
1990 602 2051 655 in

399 695 608 751 eadem
653 697 863 766 regnat
891 697 949 745 et
969 691 1173 746 Filius.
1212 692 1408 758 Unum,
1440 689 1600 761 quod
1626 689 1794 744 nulla
1824 689 1902 744 sit
1930 688 2053 743 dis-

400 782 680 839 sonantia
710 786 814 837 aut
845 780 1180 851 separatio:
1209 777 1255 815 3‘
1289 796 1408 834 non
1463 779 1627 833 enim
1674 778 1807 833 alim
1860 776 2051 832 Patris

398 873 754 938 voluntates,
786 870 917 926 alia:
950 869 1104 925 Filii.
1143 871 1340 936 Unum,
1391 868 1550 939 quod
1599 884 1721 922 non
1769 866 1888 922 alia
1931 867 2054 921 sint

399 961 615 1017 Christi
673 959 932 1031 opificia,
987 963 1047 1012 et
1101 958 1292 1013 Patris
1350 957 1467 1012 alia
1502 954 1550 991 ³³
1576 973 1696 1011 una
1748 960 1840 1011 est
1890 956 2051 1011 enim

397 1051 668 1107 omnium
699 1047 1130 1115 architectatio,
1164 1064 1299 1102 cum
1324 1049 1500 1101 Pater
1531 1062 1637 1117 per
1665 1045 1876 1100 Filium
1909 1046 2051 1100 effe-

394 1141 573 1196 cerit:
599 1163 627 1190 «
656 1139 947 1205 Quoniam
970 1138 1096 1208 ipse
1116 1137 1284 1204 dixit,
1309 1142 1368 1191 et
1387 1136 1542 1191 facta
1564 1140 1734 1201 sunt;
1758 1135 1883 1205 ipse
1906 1152 2052 1206 prm-

400 1247 422 1277 ι
457 1228 634 1300 cepit,
668 1232 727 1282 et
757 1231 955 1283 creata
988 1231 1128 1281 sunt
1148 1247 1198 1294 »,
1222 1225 1421 1295 inquit
1444 1224 1944 1296 Psalmographus
1963 1224 2008 1258 ³³
2033 1241 2046 1278 :

394 1317 497 1389 qui
531 1316 693 1372 enim
740 1315 902 1383 dicit,
946 1313 1212 1370 audienti
1263 1313 1445 1381 dicit;
1499 1318 1558 1367 et
1603 1313 1705 1383 qui
1757 1312 2047 1385 praacipit,

396 1405 577 1462 simul
603 1405 883 1477 prasenti
913 1403 1201 1476 praacipit-

465 1495 637 1549 XVII.
671 1495 826 1549 Deus
874 1494 1052 1563 igitur
1105 1508 1278 1547 verus
1326 1497 1416 1547 est
1456 1490 1660 1558 Filius,
1712 1491 1940 1547 habens
1986 1490 2048 1547 in

396 1586 597 1657 seipso
630 1587 887 1653 Patrem,
918 1600 1041 1639 non
1072 1584 1135 1638 in
1167 1585 1402 1639 Patrem
1456 1587 1720 1638 mutatus
1774 1581 1888 1653 (1):
1937 1596 2048 1636 nec

392 1675 553 1730 enim
584 1675 758 1728 Pater
786 1673 1091 1728 hominem
1141 1671 1355 1738 induit,
1391 1671 1495 1727 sed
1548 1671 1765 1726 Filius:
1814 1670 2048 1725 dicatur

2162 515 2273 574 λων
2310 520 2583 596 βασιλεύει
2614 525 2828 598 Πατὴρ,
2861 520 3048 578 ἄλλων
3083 520 3140 577 δὲ
3170 523 3318 592 Υἱὸς,
3349 523 3490 578 κατὰ
3516 521 3609 577 τὸν
3629 517 3816 576 Ἀϐεσ-

2162 607 2342 663 σαλὼν
2376 610 2637 687 ἀνταίρων
2665 617 2746 685 τῷ
2771 613 2960 683 Πατρί“
3000 610 3125 667 ἀλλ’
3184 613 3259 666 ὧν
3320 608 3596 686 βασιλεύει
3631 611 3659 665 6
3692 617 3809 665 Πα-

2158 697 2283 772 τήρ,
2316 700 2523 754 τούτων
2554 699 2830 775 βασιλεύνι
2879 700 2970 755 καὶ
3001 702 3029 755 6
3060 701 3205 764 Υἱός.
3256 702 3373 771 Ἓν,
3424 697 3514 754 διὰ
3539 700 3604 755 τὸ
3638 696 3809 772 μηδε-

2163 784 2289 857 μίαν
2324 787 2458 843 εἶναι
2487 786 2783 867 διαφωνίαν
2815 787 2853 859 ἤ
2886 786 3180 845 διάστασιν·
3216 789 3276 843 οὐ
3335 790 3440 863 γὰρ
3493 785 3639 844 ἄλλα
3681 789 3811 863 βου-

2160 871 2383 948 λήματα
2416 877 2649 950 Πατρὸς,
2680 875 2828 933 ἄλλα
2861 874 2917 933 δὲ
2946 879 3097 933 Υἱοῦ.
3134 879 3250 945 Ἐν,
3290 874 3381 932 διὰ
3432 877 3495 932 τὸ
3547 878 3624 949 μή
3672 879 3807 932 εἷνᾶι

2159 960 2303 1018 ἄλλα
2360 965 2596 1033 Χριστοῦ
2675 963 3165 1043 δημιογργήματα,
3223 966 3313 1020 καὶ
3371 963 3517 1020 ἄλλα
3575 965 3806 1039 Πατρός·

2161 1049 2258 1122 μία
2288 1054 2389 1126 γὰρ
2421 1055 2456 1123 ἡ
2486 1053 2704 1110 πάντων
2764 1052 3124 1130 δημιουργία,
3174 1059 3272 1109 τοῦ
3318 1054 3528 1130 Πατρὸς
3581 1050 3672 1121 διᾷ
3711 1057 3808 1108 τοῦ

2157 1139 2290 1195 Τὶοὖ
2347 1142 2737 1212 πεποιηκότοςο
2797 1144 2916 1197 Ὅτι
2973 1142 3134 1204 αὐτὸς
3190 1142 3326 1210 εἶπε,
3383 1142 3471 1196 καὶ
3549 1141 3811 1216 ἐγενήθη-

2159 1247 2274 1282 σαν’
2361 1229 2520 1292 αὐτὸς
2597 1228 2923 1302 ἐνετείλατο,
2979 1231 3068 1286 καὶ
3128 1229 3470 1302 ἐκτίσθησαν,
3557 1230 3722 1305 φησὶν
3780 1230 3808 1285 6

2159 1315 2498 1391 Ψαλμῳδός.
2528 1320 2589 1376 Ὁ
2620 1320 2724 1395 γὰρ
2756 1318 2958 1395 λέγων,
3007 1319 3156 1395 λέγει
3207 1324 3286 1392 τῷ
3333 1318 3602 1374 ἀχούοννι·
3658 1319 3751 1375 καὶ
3781 1320 3809 1375 6

2157 1404 2572 1480 ἐντελλόμενος,
2603 1408 2913 1465 ἐντέλλεται
2943 1414 3024 1481 τῷ
3054 1408 3390 1484 συμπαρόντι

2229 1497 2326 1552 ΙΖ’.
2360 1497 2490 1559 Θεὸς
2513 1496 2692 1553 τοίνυν
2727 1495 2992 1567 ἀληθινὸς
3032 1497 3178 1571 Υἱὸς,
3228 1492 3373 1572 ἔχων
3407 1497 3458 1552 έν
3492 1498 3668 1569 ἑαυτῷ
3717 1497 3805 1553 τὸν

2157 1586 2392 1661 Πατέρα,
2425 1586 2523 1642 οὐκ
2553 1587 2629 1650 εἷς
2669 1588 2881 1663 Πατέρα
2915 1583 3299 1660 μεταϐληθείς·
3362 1586 3423 1642 οὗ
3468 1588 3572 1663 γὰρ
3622 1588 3808 1663 Πατὴρ

2154 1672 2589 1749 ἐνηνθρώπησεν,
2621 1674 2769 1730 ἀλλὰ
2816 1676 2964 1738 Υἱόςο
3021 1675 3268 1754 λεγέφθω
3326 1676 3429 1750 γὰρ
3486 1676 3808 1742 ἐλευθερίως

394 1763 553 1818 enim
594 1762 783 1818 libere
808 1763 1043 1818 veritas.
1078 1764 1205 1817 Non
1231 1764 1406 1817 Pater
1441 1777 1653 1833 passus
1683 1765 1774 1815 est
1802 1776 1908 1830 pro
1939 1776 2035 1814 no-

2155 1765 2190 1833 ἡ
2224 1761 2475 1852 ᾄλήθεια.
2510 1765 2588 1822 Οὐ
2622 1767 2806 1841 Πατὴρ
2838 1764 3029 1830 ἔπαθεν
3065 1767 3198 1840 ὑπὲρ
3229 1768 3417 1838 ἡμῶν,
3447 1765 3594 1821 ἀλλὰ
3620 1766 3805 1841 Πατήρ

392 1853 520 1918 bis;
545 1852 647 1907 sed
668 1852 838 1908 Pater
867 1851 1032 1907 misit
1061 1868 1197 1907 eum
1224 1852 1324 1921 qui
1356 1867 1461 1922 pro
1492 1848 1665 1905 nobis
1693 1865 1904 1920 passus
1934 1853 2043 1903 est.

394 1945 511 1998 Nec
528 1958 782 2013 usquam
803 1942 953 1997 illud
975 1941 1245 1998 dicamus
1271 1957 1283 1996 :
1319 1943 1476 2005 Erat,
1510 1939 1747 2011 quando
1770 1955 1890 1994 non
1921 1942 2049 1994 erat

397 2033 629 2088 Filius:
670 2033 717 2067 ⁸⁴
772 2049 966 2103 neque
1026 2032 1596 2104 filio-paterniiatem
1652 2030 2043 2101 recipiamus:

393 2138 598 2177 verum
629 2122 791 2194 regia
818 2121 912 2177 via
940 2121 1288 2178 incedamus
1318 2138 1330 2174 :
1363 2137 1438 2175 ne
1468 2119 1839 2175 declinemus
1872 2118 1946 2174 ad
1968 2118 2045 2172 si-

390 2211 642 2267 nistram
672 2210 764 2265 vel
792 2210 866 2266 ad
906 2210 1211 2266 dexteram
1240 2211 1306 2267 ³⁸.
1366 2211 1566 2280 Neque
1618 2208 1765 2263 Filio
1815 2206 2046 2263 deferre

392 2299 683 2355 honorem
713 2298 848 2366 rati,
895 2298 1127 2354 Patrem
1185 2315 1321 2355 eum
1347 2313 1804 2369 .nuncupemus,
1850 2310 2045 2366 neque

394 2388 537 2445 dum
570 2393 798 2444 Patrem
828 2388 1122 2444 honorare
1164 2388 1543 2444 arbitramur.
1595 2386 1811 2442 Filium
1863 2400 2045 2441 unam

394 2494 464 2534 ex
494 2477 673 2534 rebus
704 2476 961 2533 conditis
992 2477 1385 2549 suspicemur.
1420 2479 1635 2533 Verum
1667 2492 1822 2531 unus
1878 2474 2046 2530 Pater

392 2583 500 2639 per
527 2583 713 2622 unum
739 2566 955 2621 Filium
1000 2566 1301 2635 adoretur,
1361 2582 1555 2637 neque
1598 2564 1895 2620 dividatur
1940 2562 2046 2617 ad-

393 2661 607 2716 oratio.
646 2660 809 2715 Unus
842 2660 1025 2715 Filius
1054 2660 1432 2731 praadicetur,
1464 2664 1601 2714 ante
1628 2658 1847 2714 saecula
1875 2673 1910 2712 a
1941 2655 2042 2711 de-

392 2754 523 2804 xtra
548 2748 738 2804 Patris
795 2748 1046 2805 sedens:
1079 2749 1125 2793 ³ο
1181 2748 1283 2820 qui
1340 2748 1452 2803 hoc
1512 2748 1729 2819 ipsum,
1788 2751 1855 2801 ut
1905 2761 2040 2800 cum

390 2843 557 2894 Patre
588 2838 811 2907 sedeat,
846 2855 966 2893 non
997 2838 1059 2893 in
1107 2837 1477 2909 temporibus
1528 2842 1664 2908 post
1700 2835 2040 2908 passionem

388 2944 456 2982 ex
486 2927 755 2999 profectu
784 2928 1035 2999 accepit,
1070 2928 1175 2983 sed
1206 2927 1571 2998 sempiterno
1594 2925 1793 2981 habet.

422 3017 624 3073 XVIII.
643 3038 672 3066 «
692 3016 800 3081 Qui
822 3016 969 3073 vidit
992 3015 1227 3082 Filium,
1258 3016 1404 3072 vidit
1422 3021 1658 3073 Patrem
1676 3015 1721 3050 ³⁸⁸
1746 3031 1759 3069 :
1784 3036 1805 3065 ι
1832 3014 1895 3070 in
1913 3031 2038 3070 om-

460 3141 504 3176 “
540 3142 669 3196 Vid.
703 3148 812 3198 cat.
848 3146 935 3211 15,
966 3158 1026 3198 n.
1059 3145 1147 3197 25.
1225 3139 1273 3177 ³³
1319 3141 1447 3197 Vid.
1499 3144 1607 3210 inf.
1656 3158 1717 3196 n.
1765 3141 1831 3194 21
1882 3146 1935 3195 et
1980 3156 2092 3210 seq.

2160 1851 2442 1908 ἀπέστειλε
2465 1855 2556 1908 τὸν
2591 1854 2724 1929 ὑπὲρ
2755 1856 2916 1927 ἡμῶν
2977 1859 3050 1925 (3)
3094 1854 3352 1918 παθόντα.
3412 1856 3565 1925 Μήτε
3620 1852 3804 1932 λέφω-

2161 1945 2257 2014 μέν
2285 1962 2417 1997 ποτε
2444 1948 2529 2008 το,
2562 1945 2684 2014 Ἢν,
2716 1942 2807 1998 ὅτε
2846 1944 2946 1998 οὐκ
2995 1943 3062 2011 ἦν
3097 1944 3126 1998 6
3155 1942 3301 2005 Υἱόςο
3361 1945 3501 2016 μήτε
3550 1944 3802 1998 υἱοπατο·

2158 2031 2275 2105 ρίαν
2303 2030 2738 2105 καταδεξώμεθα·
2774 2030 2901 2088 ἀλλ’
2962 2030 3073 2105 ὁδῷ
3116 2031 3378 2106 βασιλικῇ
3427 2035 3804 2109 πορευθῶμεν,

2161 2120 2238 2193 μὴ
2288 2118 2625 2194 έκκλίνωμεν
2685 2123 2826 2194 μήτε
2875 2122 3148 2197 ἀριστερᾷ,
3210 2124 3351 2193 μήτε
3407 2120 3572 2194 δεξιᾷ.
3627 2125 3804 2194 Μήτε,

2157 2207 2247 2264 διὰ
2275 2209 2337 2264 τὸ
2365 2210 2609 2284 νομίζειν
2634 2210 2799 2284 τιμᾷν
2820 2211 2913 2267 τὸν
2945 2212 3093 2281 Υἱὸν,
3128 2210 3340 2287 Πατέρα
3393 2212 3557 2267 αὐτὸν
3606 2212 3808 2287 ἀναγο-

2155 2297 2454 2372 ρεύσωμεν.
2492 2300 2653 2372 μήτε,
2686 2297 2776 2354 διὰ
2829 2300 2893 2355 τὸ
2936 2304 3102 2373 τιμᾷν
3136 2301 3229 2355 τὸν
3283 2302 3498 2376 Πατέρα
3539 2301 3807 2374 νομίζειν,

2152 2385 2208 2443 ἕν
2236 2407 2288 2441 τι
2317 2392 2425 2443 τῶν
2475 2385 2988 2462 δημιουργημάτων
3041 2391 3134 2445 τὸν
3184 2388 3308 2445 Υἱὸν
3358 2390 3805 2465 ὑποπτεόσωμεν·

2159 2474 2318 2533 Ἀλλ’
2376 2476 2450 2539 εἷς
2501 2478 2693 2552 Πατὴρ
2750 2474 2819 2531 δι’
2871 2477 2991 2541 ἐνὸς
3045 2478 3175 2533 Υἱοῦ
3231 2477 3662 2554 προσκυνείσθω,
3719 2479 3807 2532 καὶ

2155 2565 2232 2636 μὴ
2269 2564 2572 2641 μεριζέσοω
2604 2566 2639 2635 ἠ
2671 2566 3060 2641 προσκύνησιςο
3121 2567 3197 2629 εἷς
3255 2568 3379 2630 Υἱὸς
3429 2565 3801 2643 καταγγελλὲ-

2153 2665 2287 2724 σθω,
2318 2654 2427 2726 πρὸ
2456 2658 2561 2709 τῶν
2597 2654 2810 2710 αἰώνων
2868 2654 2921 2709 έν
2982 2652 3130 2727 δεξιᾷ
3173 2660 3273 2711 τοῦ
3316 2657 3528 2731 Πατρὸς
3586 2657 3805 2727 καθεζό-

2155 2765 2341 2818 μενος,
2370 2745 2433 2800 τὸ
2468 2745 2885 2821 συγκαθέζεσθαι
2946 2745 3013 2800 οὐ
3060 2745 3284 2821 χρόνοις
3340 2749 3474 2821 μετὰ
3520 2749 3582 2802 τὸ
3625 2749 3797 2811 πάθος

2150 2829 2335 2889 λαϐὼν
2370 2832 2429 2888 ἐκ
2457 2841 2763 2906 ποοκοπῆς,
2792 2832 2919 2891 ἀλλ’
2947 2832 3137 2898 αϊδίως
3163 2834 3511 2910 κεκτημένος.

2221 3013 2330 3070 III'.
2360 3012 2423 3070 Ὁ
2480 3012 2735 3086 ἑωρακὼς
2788 3012 2883 3069 τόν
2940 3015 3089 3072 Υἱὸν.
3148 3014 3356 3089 ἑώρακε
3411 3014 3502 3070 τὸν
3560 3012 3801 3090 Πατέρα.

2196 3140 2243 3175 ³³
2293 3138 2449 3212 Psal.
2500 3156 2724 3212 eximi,
2773 3142 2827 3195 5.
2921 3139 2970 3174 ³⁵
3003 3140 3133 3198 Via.
3189 3156 3310 3212 sup.
3366 3158 3427 3197 n.
3481 3143 3548 3197 14
3600 3148 3655 3197 et
3689 3148 3795 3198 cat.

394 3214 480 3280 15,
512 3229 572 3267 n.
606 3216 659 3268 9.
737 3212 785 3248 ⁸⁵
815 3209 986 3268 Num.
1019 3231 1115 3276 xx,
1151 3217 1237 3269 1'7.
1312 3213 1358 3249 ³⁸
1394 3213 1518 3268 Vid.
1552 3209 1660 3269 eat.
1692 3214 1747 3279 4,
1779 3228 1840 3266 n.
1870 3215 1901 3264 7
1930 3218 1982 3266 et
2012 3227 2035 3266 c

2156 3213 2242 3278 14,
2275 3227 2335 3266 n.
2367 3211 2458 3266 26.
2533 3209 2581 3245 ³⁷
2610 3213 2776 3268 Joan.
2809 3228 2922 3279 xiv,
2954 3214 3007 3268 9.

391 3353 521 3423 esse
551 3336 881 3423 aiebant,ut
909 3336 1166 3423 vidimus
1197 3342 1339 3420 nota
1367 3340 1419 3405 3,
1452 3352 1582 3423 pag.
1618 3340 1741 3403 155,
1793 3351 2042 3423 regnum
2069 3335 2113 3403 C
2150 3334 2850 3423 t‘t'adu‘cti,napudnl.lilar.,
2881 3336 3090 3411 fragm.
3123 3339 3177 3405 3,
3199 3354 3268 3420 ιιι.
3300 3338 3387 3392 23.
3414 3338 3567 3423 Dum
3598 3342 3797 3423 autem

388 3407 536 3463 Filio
567 3413 809 3481 propter
836 3408 1156 3481 voluntatis
1186 3410 1316 3480 ejus
1340 3407 1692 3481 profectum,
1726 3407 1888 3481 post:
1907 3423 2043 3461 cru-

387 3494 517 3552 cem
532 3478 824 3552 mercedis
845 3480 974 3535 loco
994 3478 1315 3546 datum,'vel
1333 3478 1764 3552 ampliﬁcatum
1780 3478 2037 3552 aiebant;

388 3556 447 3606 et
476 3550 641 3605 Pauli
674 3552 1103 3608 Samosatensis
1164 3550 1473 3608 sententia:
1521 3551 1733 3606 saltem
1778 3551 2037 3621 suspecti

389 3627 563 3677 erant
590 3639 660 3677 ex
690 3624 1028 3684 Athanasio.
1063 3629 1209 3679 orat.
1247 3628 1297 3685 1,
1323 3640 1487 3678 num.
1521 3625 1587 3677 37
1620 3628 1679 3677 et
1709 3624 1798 3685 38,
1829 3622 2038 3677 volun-

392 3698 572 3748 tatem
613 3694 742 3749 Filii
800 3695 1150 3751 mutabilem
1208 3694 1619 3757 admittebant,
1675 3710 1747 3748 ex
1804 3693 2034 3761 eodem,

388 3782 555 3820 num.
588 3768 674 3821 35.
710 3769 853 3823 Item
887 3768 1066 3823 aliam
1125 3767 1315 3822 Patris
1373 3772 1431 3821 et
1483 3766 1615 3821 Filii
1671 3765 2036 3820 voluntatem

389 3853 519 3892 esse
550 3838 984 3894 concludebant
1026 3856 1094 3893 ex
1140 3838 1375 3893 verbis:
1432 3840 1549 3893 Non
1595 3854 1717 3893 mea
1759 3838 2034 3903 voluntas,

382 3910 477 3964 sed
506 3916 603 3981 tua
628 3913 748 3977 ﬁat,
783 3910 938 3981 apud
972 3911 1203 3981 Epiph.,
1260 3910 1473 3981 baares.
1525 3926 1673 3981 L_xlx,
1706 3925 1889 3981 gnum.
1943 3910 2031 3981 58.

382 3928 475 3964 sea
506 3928 603 3963 tua
628 3928 748 3977 nat,
783 3928 938 3981 apua
973 3928 1013 3965 ιδ
1058 3928 1203 3979 1pn.,
1260 3928 1471 3964 naares.
1525 3928 1673 3974 inx,
1724 3928 1889 3963 num.
1943 3928 2031 3962 οδ.

379 3980 643 4035 Tandem
676 3989 979 4038 creaturas
1011 3928 1369 4039 dividebant,
1404 3979 1567 4036 aliud
1618 3979 1860 4051 quidem
1898 3978 2035 4051 ropi-

378 4052 580 4108 ﬁcium
609 4052 790 4121 Patri,
811 4054 929 4108 alia
953 4068 1086 4107 vero
1109 4053 1254 4107 Filio
1278 4050 1795 4122 tribuentes,apud
1813 4050 2031 4122 Athan.

367 4130 515 4179 orat.
550 4126 604 4210 2',
638 4118 801 4213 num:
830 4128 926 4211 2E5:
962 4122 1338 4213 Atatpoﬁc't'tz‘z
1366 4123 1639 4213 utiquam
1667 4118 1763 4209 {cui
1789 4121 1889 4213 sic:
1924 4118 2031 4207 6n:

371 4192 681 4266 μιουργίαν,
714 4194 891 4249 καὶτὸ
929 4194 1023 4266 μὶν
1059 4188 1157 4248 τόὖ
1211 4194 1425 4267 Πατρὸς
1475 4188 1658 4266 ἔργον,
1705 4193 1774 4247 τὰ
1823 4188 1879 4275 δὲ
1924 4188 2028 4246 τοῦ

364 4265 496 4340 ﬁeri
525 4261 766 4340 διὸᾀασιν
790 4265 1091 4340 ἔργα,(11]ηι
1116 4282 1331 4338 nempe
1350 4267 1461 4322 soli
1486 4267 2026 4340 Patricreatgonem

366 4338 522 4404 Filii,
556 4338 703 4393 Filio
736 4336 1086 4393 caa'terarum
1118 4336 1319 4393 rerum
1345 4338 1711 4393 creationem
1743 4336 1985 4392 dabant.

440 4410 518 4480 (1)
551 4411 669 4464 Non
700 4412 758 4464 in
788 4412 1012 4466 Patrem
1036 4416 1295 4465 mutatus.
1331 4411 1487 4465 Duas
1519 4410 1581 4464 in
1612 4410 1722 4463 hoc
1752 4407 1885 4463 loco
1918 4426 2027 4480 0p-

371 4480 596 4551 positas
627 4482 885 4537 haereses
940 4481 1413 4536 Sabellianorum
1447 4486 1506 4535 et
1532 4480 1887 4536 Arianorum
1914 4496 2023 4552 age

441 4552 656 4607 editur.
689 4555 846 4618 Quos
886 4553 1073 4608 Latini
1125 4552 1620 4623 Patripassianos,
1678 4552 1791 4623 hos
1838 4551 2022 4606 Graaici

411 4623 742 4679 abellianos
772 4624 1071 4691 dicebant,
1106 4629 1171 4679 ut
1198 4622 1506 4680 deelarant
1536 4622 1866 4678 Orientales
1897 4623 2025 4693 epi-

2152 3406 2407 3481 erillus
2424 3406 2677 3481 Sabellii
2709 3406 3000 3481 errorem,
3027 3409 3267 3481 nonnisi
3292 3424 3428 3464 cum
3457 3410 3570 3465 hac
3586 3411 3801 3481 praafa-

2148 3477 2332 3551 tione,
2364 3479 2595 3535 Dicatur
2622 3482 2767 3535 enim
2799 3480 2964 3535 libere
2984 3477 3217 3548 veritas,
3250 3481 3418 3551 quasi
3472 3477 3633 3537 viros
3680 3481 3796 3537 for-

2146 3550 2421 3633 mi‘daret,
2482 3567 2822 3633 oppugnare
2880 3552 3219 3633 aggreditur
3241 3550 3285 3607 εί
3315 3568 3465 3633 ιιοι]⁸
3485 3558 3606 3633 tam
3637 3553 3795 3633 ipsos

2147 3620 2540 3693 Sabellianos,
2562 3620 2671 3693 qui
2689 3620 3021 3693 nunquam,
3049 3623 3269 3678 nedum
3294 3624 3404 3679 sub
3426 3620 3792 3692 Constantio,

2144 3691 2555 3765 formidabiles
2578 3691 2876 3757 exstitere,
2909 3695 3189 3765 respicit;
3219 3712 3398 3765 quam
3430 3700 3615 3750 tectos
3646 3701 3703 3749 et
3732 3691 3793 3750 in

2143 3763 2406 3837 Ecclesia
2427 3765 2681 3837 latentes
2699 3763 3070 3821 Sabellianos
3093 3766 3165 3820 de
3187 3763 3403 3837 quibus
3420 3767 3564 3822 dicit
3582 3769 3792 3836 cat.15,

2141 3850 2202 3890 n.
2223 3838 2273 3889 9.
2295 3836 2451 3909 Quos
2464 3854 2583 3909 non
2599 3836 2931 3909 existimem
2953 3837 3101 3892 alios
3133 3854 3263 3893 esse
3280 3838 3351 3892 ab
3376 3838 3517 3909 ipsis
3538 3837 3793 3893 consub-

2142 3907 2437 3980 stantialis
2461 3908 2893 3980 defensoribus,
2917 3909 3018 3980 qui
3046 3910 3157 3964 hoc
3186 3907 3440 3965 crimine
3463 3911 3684 3980 passim
3711 3910 3797 3964 in-

2137 3977 2518 4034 famabantur
2546 3979 2618 4034 ab
2647 3979 2906 4047 Arianis,
2935 3977 3037 4035 —ex
3085 3980 3343 4041 Socrate,
3394 3977 3496 4035 lib.
3558 3999 3575 4035 1
3625 3983 3792 4048 Hist.,

2138 4065 2266 4131 cap.
2297 4051 2384 4103 24.
2420 4051 2539 4131 Hoc
2573 4056 2840 4131 tempore
2874 4050 3141 4131 nondum
3172 4052 3410 4131 @yrillo
3448 4057 3590 4106 satis
3633 4058 3788 4107 notaa

2135 4122 2491 4176 Arianorum
2526 4122 2584 4176 in
2617 4122 3009 4177 Athanasium
3028 4122 3289 4179 fraudes.
3313 4123 3567 4179 Arianos
3588 4131 3789 4179 autem

2135 4198 2343 4274 postea
2359 4198 2559 4274 .notat,
2594 4193 2698 4274 sed
2726 4209 2932 4250 eorum
2964 4194 3195 4250 nomini
3223 4195 3439 4274 parcit.
3464 4197 3536 4249 At
3561 4195 3788 4274 nemini

2134 4264 2677 4337 incognitaaimpiaa
2710 4282 2917 4321 eorum
2974 4283 3164 4334 voces,
3215 4264 3351 4321 Erat
3397 4268 3622 4336 quando
3674 4282 3785 4321 non

2132 4336 2442 4408 etatem”
2476 4336 2670 4392 honor
2697 4337 2770 4391 ab
2803 4338 2948 4408 ipsis
2978 4337 3135 4393 Patri
3157 4337 3338 4408 impie
3358 4337 3617 4408 habitus,
3641 4337 3782 4393 dum

2134 4405 2318 4479 Filius
2347 4406 2422 4462 ad
2453 4405 2859 4479 creaturarum
2890 4408 3163 4464 ordinem
3184 4405 3540 4479 deprimitur
3563 4425 3576 4464 :
3600 4405 3782 4463 divisa

2134 4476 2322 4552 Patris
2351 4484 2412 4552 et
2441 4478 2572 4533 Filii
2624 4480 2834 4552 gloria,
2885 4486 2944 4535 et
2983 4476 3423 4552 consequenter
3472 4480 3774 4552 adoratio:

2133 4548 2456 4604 dissimiles
2490 4548 2684 4621 quoad
2718 4548 3038 4607 essentiam
3092 4557 3151 4606 et
3186 4548 3525 4607 secundum
3583 4551 3785 4606 omnia

2131 4624 2305 4676 Pater
2323 4626 2383 4676 et
2409 4621 2611 4677 Filius.
2645 4624 2783 4687 Quae
2842 4624 3045 4679 omnia
3086 4621 3383 4679 habentur
3433 4623 3495 4678 in
3540 4623 3782 4679 vocibus

371 4696 531 4767 scopi
566 4696 723 4766 apud
752 4697 993 4762 Athan.,
1050 4696 1126 4750 De
1181 4697 1398 4766 synod.,
1448 4711 1510 4749 n.
1562 4692 1807 4767 26_.ised
1835 4691 2021 4767 apud
2048 4692 2098 4757 D
2127 4691 2253 4767 Arii
2284 4692 2357 4748 ab
2383 4692 2719 4767 Alexandro
2751 4693 3153 4767 Alexandrino
3178 4695 3381 4750 relatis
3413 4694 3475 4749 in
3498 4696 3783 4767 epist.en-

370 4764 619 4839 Latinos
632 4769 780 4823 Patri
788 4767 1048 4839 passiani
1074 4764 1246 4822 erant
1261 4765 1643 4837 Praxeas,qui
1656 4764 2020 4839 Tertulliano

371 4844 518 4893 teste
538 4838 691 4893 libro
723 4836 932 4895 contra
960 4840 1179 4910 ipsum,
1212 4856 1340 4910 cap.
1374 4842 1422 4906 1,
1455 4836 1676 4894 Patrem
1706 4836 1978 4910 cruciﬁvit
1997 4855 2020 4902 ,-

372 4910 771 4982 liermogenes
802 4917 950 4965 teste
982 4907 1152 4982 Aug,
1184 4907 1395 4982 haeres.
1428 4926 1519 4964 xu
1545 4926 1560 4976 ;
1592 4907 1749 4982 apud
1790 4909 2021 4982 Graecos

371 4979 616 5054 Noetus,
645 4981 715 5054 de
747 4999 862 5051 quo
921 4979 1160 5036 sanctus
1192 4981 1561 5054 Hippolytus,
1616 4979 1767 5054 libro
1793 4981 2021 5054 _C_on(ra

371 5052 597 5107 hereses
628 5051 907 5107 adversus
932 5055 1177 5109 Noetum
1204 5051 1395 5108 solum
1413 5051 1599 5117 edito,
1626 5057 1683 5106 et
1702 5051 2017 5121 Epiphan.,

373 5122 583 5177 haeresi
614 5138 719 5185 LVI,
754 5140 810 5177 n.
848 5128 898 5185 1,
932 5123 1147 5180 deinde
1183 5125 1491 5187 Sabellius,
1534 5123 1634 5193 qui
1688 5129 1908 5183 tamen,
1955 5127 2022 5177 ut

372 5194 455 5249 ait
484 5193 686 5262 Hilar.,
721 5194 824 5249 lib.
860 5200 876 5248 ι
908 5196 984 5248 De
1013 5198 1191 5259 Trin.,
1224 5213 1282 5251 n.
1320 5197 1405 5261 11,
1437 5198 1695 5250 unionem
1743 5194 2020 5249 dividebat

370 5268 427 5319 in
467 5267 712 5333 Virgine,
731 5271 853 5320 tum
879 5265 1109 5321 Patrem
1134 5272 1191 5321 et
1211 5268 1425 5321 Filium
1447 5265 1792 5321 nominibus
1808 5265 2019 5320 saltem

369 5337 763 5406 distinguens,
794 5354 929 5392 cum
962 5338 1307 5393 incarnatus
1339 5343 1429 5392 est
1457 5338 1657 5392 Filius.
1703 5336 1844 5391 Vide
1881 5336 2016 5404 Hil.,

369 5408 474 5463 lib.
509 5424 526 5461 1
560 5409 632 5463 De
666 5411 839 5471 Trin.,
874 5424 933 5462 n.
970 5409 1055 5475 l6,
1090 5414 1148 5463 et
1194 5411 1267 5464 De
1302 5411 1544 5478 synodis,
1591 5426 1650 5463 n.
1684 5410 1752 5461 45
1782 5425 1794 5471 ;
1840 5413 2017 5478 atque

369 5479 601 5551 Epiph.,
634 5479 847 5535 haeresi
877 5495 1015 5547 Lxu,
1050 5496 1108 5534 n.
1151 5483 1199 5535 1.
1258 5479 1497 5536 Sabellii
1549 5496 1723 5551 porro
1774 5479 2017 5535 hmresis

370 5550 647 5623 Marcello
691 5554 1003 5623 Ancyrano
1052 5551 1351 5623 imputata
1394 5557 1484 5607 est
1524 5550 1596 5607 ab
1636 5551 1927 5623 Eusebio:
1961 5557 2019 5623 et

369 5622 655 5680 Catholici
688 5622 832 5680 dum
856 5622 1197 5679 Marcellum
1229 5623 1597 5694 defendunt,_
1612 5622 1784 5694 quasi
1815 5622 2016 5694 Sabel-

366 5695 514 5754 liani
537 5696 756 5753 erroris
780 5696 1127 5753 defensores
1146 5712 1183 5753 a
1197 5695 1456 5754 concilio
1470 5692 2016 5766 Philippopolimno

2131 4763 2278 4834 cycl.
2305 4780 2365 4820 n.
2398 4766 2468 4830 2;
2502 4764 2574 4820 ab
2605 4765 2947 4833 Athanasio,
2977 4768 3055 4821 De
3097 4767 3339 4836 synodis,
3388 4763 3553 4821 num’.
3610 4770 3676 4822 15
3726 4771 3783 4821 et

2136 4837 2221 4901 16,
2254 4840 2312 4889 et
2340 4840 2486 4890 orat.
2522 4852 2538 4889 ι
2568 4842 2715 4890 cont.
2748 4838 2973 4905 Ariam,
3007 4854 3173 4905 num,
3206 4841 3237 4892 5
3270 4843 3329 4893 et
3358 4839 3409 4891 6.

2203 4908 2397 4977 (2)Τῷ
2429 4904 2790 4977 συμπαρόντι.
2841 4904 3017 4963 Coisl.
3077 4904 3216 4977 ﬂore,
3271 4907 3545 4975 Cosaub.,
3607 4908 3778 4963 Grod.

2134 4975 2483 5050 simpliciter
2502 4975 2590 5047 τῷ
2621 4975 2868 5050 παρόντι.
2906 4979 3029 5034 Lin.
3064 4975 3360 5050 squante
3395 4977 3520 5037 Υἱός
3576 4996 3778 5035 neces-

2134 5048 2367 5121 sarium
2386 5054 2495 5121 art.
2515 5048 2893 5121 prazfiximus
2924 5068 2993 5106 ex
3020 5048 3194 5106 Coisl.
3229 5058 3288 5105 et
3316 5050 3563 5121 Casaub.

2203 5120 2278 5189 (3)
2310 5118 2410 5174 Τὸν
2442 5118 2571 5191 ὓπέρ
2620 5123 2803 5193 ἡμῶν.
2857 5123 3057 5182 C0isl.,
3108 5125 3192 5175 εόν
3247 5121 3367 5175 Υἱὸν
3421 5119 3586 5175 αὐτοῦ
3648 5121 3777 5191 ὑπὲρ

2129 5188 2233 5259 ἡμ.
2266 5201 2373 5253 me
2393 5232 2420 5264 ν,
2452 5188 2834 5264 Ιπὶιίιιηιέιιιιτῃ
2853 5197 2951 5263 qui
2974 5211 3081 5264 pro
3102 5196 3256 5249 nobis
3272 5210 3465 5264 passus
3481 5188 3777 5249 est.Verba

2131 5263 2443 5332 sequentia
2479 5264 2604 5331 Ἦν,
2637 5262 2725 5319 ὅτε
2759 5262 2993 5333 οὐκίῆνξ
3030 5266 3197 5321 codd.
3247 5262 3387 5331 Roe,
3440 5266 3686 5320 Casaub.
3722 5270 3779 5320 et

2132 5333 2304 5390 Grod.
2341 5335 2423 5390 ita
2451 5336 2739 5392 referunt.
2771 5340 2868 5390 Ἦν
2915 5356 3068 5392 ποτε.
3124 5337 3212 5391 ὅτε
3260 5335 3358 5389 οὐκ
3404 5334 3494 5392 ἦν.
3555 5338 3774 5392 Eodem

2130 5405 2306 5481 modo
2338 5408 2676 5481 referuntur
2704 5379 2979 5463 aconcil.
3012 5380 3134 5464 Nic.
3159 5408 3310 5481 apud
3336 5380 3575 5474 Atl‘ian.,
3596 5408 3776 5479 Ep.ad

2126 5477 2368 5550 Jouian..
2401 5496 2460 5534 η.
2494 5480 2545 5546 3,
2580 5480 2652 5535 ab
2681 5480 2893 5535 Athan.
2953 5482 3054 5550 Ep.
3100 5481 3175 5536 ad
3196 5477 3446 5550 QEgypti
3492 5486 3542 5534 et
3590 5477 3773 5550 Libyae

2127 5547 2627 5677 gigggppshhim
2651 5568 2665 5619 ;
2690 5550 2763 5607 ab
2795 5547 3128 5609 Alexandro
3160 5547 3584 5623 Alexandrino,
3600 5547 3770 5624 epist.

2126 5635 2380 5693 encyc1.,
2411 5638 2472 5676 η.
2502 5635 2556 5677 2.
