4124 6260
326 348 448 408 713

1068 343 1549 407 GATECHESIS
1591 340 1695 404 XI.
1743 339 1845 400 DE
1887 333 2097 398 FILIO
2142 336 2272 398 DEI
2316 340 2774 419 UNIGENI’I‘O,
2820 344 2994 406 ETC.

3626 352 3745 412 ’714

316 477 550 548 ’Όμοιος
571 476 672 551 γὰρ
731 475 782 530 ἂν
841 495 1000 530 πασιν
1059 477 1087 529 6
1139 476 1263 536 Υἳὸς
1317 478 1399 547 τῷ
1446 468 1812 549 γεγεννηκότι·
1850 468 1964 538 ζωή

2084 470 2261 526 uibus
2297 471 2457 526 enim
2486 472 2738 544 genitori
2782 473 2989 529 similis
3047 479 3138 529 est
3179 475 3446 544 Filius”;
3497 479 3616 535 vita
3665 496 3739 536 ex

319 564 378 619 ἑκ
424 569 573 634 ζωῆς
627 563 928 640 γεννηθεὶς,
982 563 1070 619 καὶ
1139 568 1252 640 φῶς
1278 563 1337 618 ἐκ
1394 563 1595 640 φωτὸς,
1652 558 1882 630 δύναμις
1913 557 1972 612 ἐκ

319 651 626 727 δυναμεως,
712 652 840 715 Θεὸς
899 653 959 708 ἐκ
1016 657 1178 710 Θεοῦ.
1240 653 1342 710 Καὶ
1401 650 1812 727 ἆπαράλλακτοι
1869 655 1970 717 τῆς

318 741 576 813 θεότητος
656 744 708 797 οἱ
769 742 1114 818 χαρακτῆρες
1171 741 1302 796 εἰσιν
1359 741 1410 796 ἐν
1467 744 1545 811 τῷ
1596 740 1732 812 Υἳῳ·
1796 737 1887 793 καὶ
1940 738 1968 791 ὁ

313 830 669 902 καταξιωθεὶς
728 829 860 886 ἰδεῖν
923 832 1048 885 Υἳοῦ
1107 830 1373 900 θεότητα,
1429 824 1646 906 ἔρχεται
1705 827 1781 889 είς
1838 825 1971 881 ἀπό-

319 921 509 976 λαυσιν
570 924 669 974 τοῦ
724 921 1136 994 γεγεννηκότος.
1196 920 1307 974 Οὐκ
1362 919 1492 992 ἐμὸς
1525 919 1552 972 6
1585 917 1775 994 λόγος,
1826 914 1971 970 ἀλλὰ

311 1013 408 1064 τοῦ
468 1013 795 1084 μονογενοῦς
845 1010 993 1063 Υὶοῦ’
1064 1013 1338 1066 Τοσοῦτον
1401 1009 1601 1083 χρόνον
1667 1007 1784 1079 μεθ’
1816 1005 1968 1076 ὑμῶν

313 1097 450 1169 εἶμι,
511 1099 600 1152 καὶ
662 1097 762 1152 οὐκ
817 1093 1057 1172 ἔγνωκάς
1116 1119 1204 1171 με,
1274 1096 1567 1165 Φίλιππε;
1626 1096 1653 1149 6
1711 1095 1965 1170 ἑωρακὼς

310 1185 430 1259 ἐμὲ,
481 1187 689 1261 ἑώρακε
742 1188 834 1241 τόν
895 1189 1124 1261 Πατέρα.
1175 1185 1284 1242 Καὶ
1338 1183 1430 1240 ’ἱνα
1486 1184 1621 1240 εἷ’πω
1679 1184 1962 1257 συντομώ-

308 1295 488 1351 τερον,
526 1277 667 1348 μήτε
720 1277 1075 1350 χωρίζωμεν⁹
1134 1277 1274 1348 μήτε
1331 1275 1665 1352 συναλοιφὴν
1721 1271 1966 1349 ἐργαζώ-

314 1366 470 1437 μεθα·
531 1365 620 1419 καὶ
682 1366 821 1437 μήτε
878 1364 1176 1440 ἀλλότριόν
1248 1385 1382 1419 ποτε
1462 1368 1559 1419 τοῦ
1619 1363 1828 1438 Πατρὸς
1889 1366 1964 1436 (1)

313 1451 467 1527 εἴπῃς
506 1453 600 1508 τὸν
655 1454 802 1524 Υἱὸν,
868 1456 1005 1526 μήτε
1061 1452 1320 1528 καταδὲξῃ
1373 1453 1500 1515 τοὺς
1556 1453 1838 1526 λέγοντας,
1870 1453 1961 1506 τὸν

311 1545 522 1614 Πατὲρα
549 1543 682 1597 ποτὲ
727 1543 819 1615 μὶν
878 1543 1108 1616 Πατέρα,
1166 1543 1300 1598 ποτὲ
1330 1541 1387 1597 δὲ
1445 1542 1566 1597 Υἱὸν
1601 1543 1756 1596 εῖναι·
1793 1539 1962 1596 ἀλλό-

307 1653 434 1706 τρια
463 1631 564 1708 γὰρ
621 1632 709 1686 καὶ
771 1628 934 1700 ἀσεϐῆ
990 1636 1176 1702 ταῦτα,
1235 1631 1321 1686 καὶ
1382 1631 1481 1686 οὐκ
1541 1629 1865 1699 Ἐκκλησίας
1896 1629 1963 1682 τὰ

310 1719 640 1796 διδάγματα’
674 1718 802 1776 ἀλλ’
833 1721 861 1776 6
896 1722 1101 1796 Πατὴρ,
1156 1724 1420 1796 γεννήσας
1475 1721 1566 1776 τὸν
1609 1721 1749 1788 (ἱὸν,
1781 1717 1962 1791 ἔμεινε

2081 561 2214 615 vitm
2242 559 2496 631 genitus,
2532 565 2590 615 et
2618 561 2823 616 lumen
2857 578 2924 615 ex
2957 561 3206 629 lumine,
3257 565 3443 620 virtus
3497 583 3569 620 ex
3621 567 3737 622 vir-

2084 655 2227 717 tute,
2261 649 2415 702 Deus
2447 665 2518 702 ex
2549 650 2666 703 Deo
2693 665 2705 703 :
2741 654 2798 703 et
2837 650 3004 705 nulla
3033 651 3096 704 in
3128 668 3192 705 re
3223 651 3566 709 differentes
3593 660 3736 710 sunt

2082 738 2318 792 deitatis
2349 739 2722 792 characteres
2773 739 2833 792 in
2866 739 3033 806 Filio,
3085 741 3305 810 quique
3358 741 3730 800 divinitatem

2081 827 2210 882 Filii
2243 827 2440 882 videre
2474 826 2688 898 dignus
2719 833 2810 882 est
2839 827 3096 891 habitus,
3130 829 3287 884 idem
3307 831 3381 885 ad
3414 832 3734 890 fruendum

2079 916 2411 988 genitorem
2443 920 2675 970 evectus
2708 920 2817 969 est.
2865 918 2990 970 Non
3041 933 3210 972 meus
3259 918 3354 973 hic
3402 936 3595 976 sermo
3623 929 3733 991 est,

2080 1005 2184 1061 sed
2215 1006 2506 1078 unigeniti
2539 1005 2668 1059 Filii
2699 1021 2711 1058 :
2751 1007 2926 1059 Tanto
2944 1012 3183 1076 tempore
3212 1009 3487 1063 vobiscum
3519 1027 3658 1080 sum,
3683 1018 3735 1066 et

2077 1110 2190 1148 non
2220 1096 2522 1162 cognovisti
2545 1110 2650 1160 me,
2683 1094 2941 1164 Philippe
2961 1097 2990 1147 ?
3019 1098 3116 1164 qui
3144 1097 3282 1151 vidit
3311 1115 3415 1166 me,
3446 1099 3588 1153 vidit
3622 1103 3730 1155 Pa-

2080 1190 2218 1238 trem
2240 1185 2304 1238 30.
2350 1186 2540 1252 Atque
2567 1180 2614 1216 ⁴⁰
2641 1187 2706 1236 ut
2749 1183 3232 1254 compendiosius
3286 1185 3502 1255 dicam,
3535 1205 3730 1260 neque

2077 1287 2421 1342 separemus
2453 1287 2647 1341 neque
2701 1271 3115 1327 confusionem
3145 1273 3434 1330 faciamus
3468 1293 3481 1332 :
3532 1293 3730 1348 neque

2074 1360 2338 1416 alienum
2372 1376 2636 1431 unquam
2663 1378 2697 1415 a
2729 1362 2900 1416 Patre
2938 1361 3150 1417 Filium
3210 1363 3430 1418 dixeris
3467 1382 3478 1418 :
3535 1383 3730 1438 neque

2072 1449 2206 1504 illos
2239 1449 2551 1504 admiseris
2585 1449 2687 1519 qui
2719 1449 2943 1517 dicunt,
2996 1452 3230 1505 Patrem
3263 1453 3586 1523 aliquando
3620 1457 3732 1511 Pa-

2073 1544 2225 1594 trem
2260 1555 2409 1606 esse,
2440 1543 2498 1593 et
2540 1537 2864 1609 aliquando
2919 1539 3172 1595 Filium:
3223 1542 3421 1597 aliena
3480 1545 3640 1600 enim
3671 1551 3732 1600 et

2073 1629 2255 1699 impia
2305 1633 2443 1682 sunt
2477 1627 2623 1694 haec,
2680 1645 2802 1683 non
2855 1629 3132 1684 Ecclesia)
3187 1630 3583 1700 documenta;
3619 1635 3724 1690 sed

2073 1719 2113 1772 ‘I
2129 1717 2225 1772 58
2259 1719 2432 1772 Pater
2454 1717 2652 1788 genito
2675 1716 2820 1771 Filio
2849 1719 3138 1772 remansit
3159 1720 3354 1788 Pater,
3379 1727 3436 1775 et
3457 1739 3577 1775 non
3599 1739 3727 1778 mu-

309 1812 520 1886 Ηατὴρ,
550 1810 641 1865 καὶ
702 1810 805 1864 οὐκ
859 1807 1190 1880 ἠλλοίωται.
1249 1810 1452 1887 Σοφίαν
1507 1808 1806 1886 ἐγέννησεν,
1835 1806 1961 1862 ἀλλ’

2081 1811 2227 1862 Latus
2259 1811 2384 1861 est:
2419 1805 2781 1876 Sapientiam
2808 1804 2850 1840 ⁴¹
2906 1807 3128 1879 genuit,
3171 1825 3373 1862 verum
3424 1827 3546 1864 non
3600 1811 3726 1882 ipse

305 1899 405 1955 οὐκ
462 1900 622 1960 αὐτὸς
685 1897 886 1974 ἅσορος
954 1898 1183 1976 ἐγένετο⁹
1247 1899 1337 1955 καὶ
1391 1897 1617 1972 δύναμιν
1667 1899 1954 1973 γεννήσας,

304 1989 403 2044 οὐκ
431 1984 714 2059 ἠσθένησε·
757 1988 884 2044 Θεὸν
935 1990 1196 2064 γεννήσας
1257 1989 1356 2044 οὑκ
1414 1987 1572 2050 αὐτὸς
1629 1994 1730 2057 τῆς
1764 1986 1956 2056 θεότη-

302 2100 395 2141 τος
427 2077 692 2154 ἐστερήθη
726 2081 822 2150 (2)‘
851 2077 941 2132 καὶ
975 2077 1098 2132 οὕτε
1137 2100 1188 2133 τι
1223 2077 1382 2140 αὐτὸς
1417 2077 1666 2133 ἀπώλεσε
1701 2075 1956 2150 μειωθεὶς

304 2170 339 2239 ἢ
375 2167 730 2238 ἆλλοιωθεὶς,
763 2165 890 2222 οὕτε
919 2169 946 2222 ὁ
977 2168 1250 2241 γεννηθεὶς
1273 2163 1388 2242 ἔχει
1412 2189 1464 2221 τι
1497 2165 1706 2222 λεῖπον.
1733 2164 1958 2228 Τέλειος

304 2258 332 2311 ὁ
364 2260 628 2332 γεννήσας
676 2254 885 2311 τέλειον
945 2257 1007 2310 τὸ
1063 2257 1337 2330 γεννηθὲν·
1399 2257 1528 2318 Θεὸς
1588 2256 1616 2310 ὁ
1669 2257 1957 2335 γεννήσας,

310 2347 502 2408 Θεὸςὸ
541 2345 842 2421 γεννηθείς’
905 2345 1036 2408 Θεὸς
1096 2346 1190 2418 μὲν
1242 2349 1350 2399 τῶν
1411 2345 1650 2400 πάντωνο
1710 2345 1839 2399 Θεὸν
1901 2341 1958 2398 δὲ

307 2435 542 2504 ἑαυτοῦ,
597 2434 690 2490 τὸν
745 2437 961 2508 Ηατὲρα
1013 2433 1469 2509 ἐπιγραφόμενος.
1505 2433 1582 2491 Οὐ
1637 2433 1742 2508 γὰρ
1802 2431 1953 2488 ἐπαι-

311 2523 571 2598 σχύνεται
619 2522 824 2591 λὲγων·
875 2517 1180 2578 Ἀναϐαίνω
1237 2533 1374 2598 πρὸς
1422 2524 1516 2578 τὸν
1580 2523 1794 2598 Πατέρα
1853 2545 1957 2596 μου

311 2613 403 2666 καὶ
465 2613 676 2688 Πατέρα
733 2613 882 2686 ὑμῶν
959 2613 1078 2686 (3),
1136 2612 1223 2666 καὶ
1286 2611 1413 2666 Θεόν
1479 2632 1582 2686 μου
1619 2656 1632 2681 ,
1688 2611 1778 2666 καὶ
1827 2613 1957 2668 Θεὸν

320 2701 500 2772 ὑμων.

383 2789 484 2845 ΙΘ“.
514 2785 671 2844 Ἀλλ’
695 2786 787 2844 ’ίνα
833 2791 908 2863 μή
943 2788 1196 2864 νομίσῃς,
1230 2789 1312 2844 ὅτι
1346 2789 1556 2862 ὁμοίως
1587 2794 1684 2844 τοῦ
1715 2790 1841 2845 Υἱοῦ
1871 2789 1960 2845 καὶ

309 2881 420 2934 τῶν
481 2878 794 2952 κτισμάτων
843 2877 953 2934 ἐστὶ
1009 2880 1217 2954 Ηατήρ,
1284 2877 1686 2935 ὑποδιέστειλεν
1741 2878 1792 2934 ἐν
1842 2880 1960 2941 τὸῖς

313 2967 461 3040 ἑξῆς.
522 2970 599 3026 Οὐ
653 2970 755 3045 γὰρ
817 2971 960 3026 εἶπεν
1022 2966 1326 3028 Ἀναϐαίνω
1402 2970 1538 3046 πρὸς
1597 2971 1687 3026 τὸν
1750 2971 1964 3047 Πατέρα

312 3055 616 3131 ἡμῶν,⁹ίνα
651 3059 725 3132 μὴ
788 3059 1047 3113 κοινωνία
1098 3059 1314 3134 γένηται
1370 3064 1477 3114 τῶν
1530 3061 1855 3133 ποιημάτων
1890 3063 1960 3131 (4)

313 3148 448 3221 πρὸς
480 3147 571 3201 τὸν
623 3149 934 3222 Μονογενῆ·
970 3145 1134 3217 ἀλλὰ,
1194 3149 1403 3224 Πατὲρα
1465 3169 1570 3221 μου
1621 3148 1710 3203 καὶ
1755 3150 1964 3223 Πατέρα

320 3239 497 3310 ὑμῶν,
553 3239 719 3295 εἶπεν·
779 3237 966 3302 ἄλλως
1023 3239 1159 3312 ἐμοῦ
1215 3239 1351 3294 κατὰ
1408 3239 1586 3318 φύσιν,
1645 3241 1735 3296 καὶ
1774 3237 1962 3302 ἄλλως

317 3330 471 3404 ὑμῶν
511 3330 648 3404 κατῗᾶ
702 3328 1014 3404 θὲσινξ-καὶ
1062 3328 1261 3404 -πάλιψ
1290 3330 1459 3404 ,πρὸς
1512 3331 1602 3385 τὸν
1665 3329 1793 3404 Θεᾴν
1856 3351 1960 3404 μου

315 3399 405 3456 καί
436 3401 564 3456 Θεὸν
601 3403 774 3474 ὑμῶν·
819 3400 1004 3464 ἄλλως
1057 3401 1214 3474 ἐμοῦ,
1272 3399 1368 3463 ὡς’
1406 3402 1532 3456 Υἳοῦ
1588 3402 1815 3477 γνησίου
1857 3399 1960 3458 ⁷καὶ

319 3493 671 3565 μονογενοῦς,
728 3489 822 3545 καὶ
868 3488 1056 3551 ἄλλως
1090 3490 1266 3562 ὑμῶν,
1300 3491 1375 3552 ὡς
1425 3487 1959 3567 δημιουργημάτων.

313 3579 444 3641 Θεὸς
473 3578 650 3634 τοίνυν
676 3577 937 3646 ἀληθινός
979 3577 1121 3633 ἐστιν
1150 3581 1178 3632 6
1209 3579 1333 3642 Υἱὸς
1355 3583 1452 3634 τοῦ
1483 3583 1637 3650 Θεοῦ,
1670 3580 1776 3651 πρὸ
1828 3581 1964 3634 πάν-

310 3687 417 3723 των
460 3673 568 3722 τῶν
632 3666 841 3723 αἰώνων
900 3665 1312 3742 ἀνεκδιηγήτως
1362 3669 1659 3741 γεννηθείς·
1693 3667 1964 3731 πολλάκις

309 3756 410 3832 γὰρ
442 3754 588 3829 λέγω
619 3756 680 3810 τὸ
721 3755 850 3811 αὐτὸ
909 3757 1044 3831 πρὸς
1109 3757 1271 3829 ὑμᾶς,
1326 3754 1415 3810 ’ίνα
1469 3757 1749 3830 ὲντυπωθῇ
1812 3758 1963 3829 ὑμῶν

307 3849 476 3901 τοῦτο
505 3847 576 3916 τῇ
607 3842 840 3915 διανοίᾳ.
876 3843 978 3902 Καὶ
1010 3846 1094 3900 δτι
1129 3846 1222 3918 μὲν
1256 3845 1283 3898 6
1315 3847 1444 3908 Θεὸς
1473 3846 1594 3901 Υἱὸν
1629 3844 1769 3922 ἔχει,
1800 3850 1962 3900 τοῦτο

2071 1891 2364 1962 sapientia
2394 1889 2713 1944 destitutus
2767 1895 2856 1944 est
2885 1907 2897 1943 :
2951 1895 3009 1946 et
3054 1891 3332 1947 virtutem
3359 1891 3406 1927 ⁴²
3432 1909 3724 1966 generans

2067 1997 2190 2034 non
2220 1979 2495 2033 inﬁrmus
2527 1977 2727 2033 evasit.
2757 1979 2938 2033 Deum
2969 1995 3261 2050 generans
3292 1997 3402 2036 nec
3435 1982 3560 2052 ipse
3593 1983 3722 2038 dei-

2070 2074 2188 2125 tate
2222 2068 2510 2140 spoliatus
2543 2066 2673 2133 fuit,
2711 2083 2818 2121 nec
2851 2067 3176 2139 quidquam
3217 2069 3343 2140 ipse
3388 2070 3724 2142 deperdidit

2067 2159 2422 2214 imminutus
2454 2157 2544 2211 vel
2595 2162 2856 2213 mutatus
2887 2176 2900 2224 ;
2935 2175 3044 2214 nec
3075 2158 3176 2214 ille
3208 2161 3310 2230 qui
3341 2163 3575 2232 genitus
3609 2170 3718 2231 est,

2068 2247 2332 2303 defectus
2346 2246 2671 2318 quidquam
2695 2246 2905 2302 habet:
2938 2247 3235 2318 perfectus
3263 2255 3352 2304 est
3369 2251 3469 2321 qui
3487 2252 3717 2338 genuit,

2067 2337 2396 2408 perfectum
2427 2335 2584 2406 quod
2613 2335 2879 2408 genitum
2911 2341 3018 2391 est.
3045 2338 3197 2392 Deus
3220 2344 3308 2392 est
3337 2340 3436 2410 qui
3467 2342 3674 2412 genuit
3703 2335 3716 2396 Ξ

2068 2425 2222 2478 Deus
2255 2423 2354 2493 qui
2377 2422 2610 2494 genitus
2633 2427 2756 2488 est;
2781 2423 3048 2478 omnium
3072 2424 3314 2494 quidem
3335 2427 3507 2494 Deus,
3532 2429 3718 2483 Deum

2066 2518 2271 2568 tamen
2299 2527 2494 2579 suum,
2527 2512 2763 2566 Patrem
2783 2511 3089 2568 ascribens
3113 2530 3126 2578 ;
3151 2530 3270 2569 non
3293 2515 3454 2570 enim
3486 2522 3722 2573 veretur

2069 2601 2268 2656 dicere
2303 2616 2316 2655 :
2350 2600 2598 2656 Ascendo
2657 2601 2730 2654 ad
2787 2602 3009 2656 Patrem
3043 2619 3238 2670 meum,
3286 2610 3337 2658 et
3381 2609 3600 2660 Patrem
3629 2622 3722 2661 ve-

2069 2699 2261 2759 strum,
2297 2697 2348 2746 et
2379 2692 2546 2745 Deum
2575 2707 2776 2759 meum,
2799 2697 2850 2746 et
2881 2693 3048 2747 Deum
3075 2700 3312 2748 vestrum
3342 2693 3406 2748 ‘3.

2144 2782 2288 2836 XIX.
2322 2780 2368 2814 “
2396 2780 2508 2834 Sed
2538 2784 2603 2834 ut
2631 2797 2706 2835 ne
2738 2780 3062 2848 existimes,
3093 2781 3263 2837 illum
3295 2783 3502 2838 eodem
3542 2785 3719 2842 modo

2073 2871 2203 2925 Filii
2237 2875 2295 2924 et
2324 2874 2734 2924 creaturarum
2775 2886 2902 2925 esse
2932 2872 3187 2938 Patrem,
3222 2872 3492 2927 distinxit
3533 2874 3596 2928 in
3628 2892 3722 2929 se-

2076 2959 2416 3031 quentibus.
2450 2960 2575 3012 Non
2626 2957 2786 3012 enim
2837 2958 2986 3013 dixit
3017 2976 3030 3013 :
3083 2960 3354 3016 Ascendo
3379 2962 3454 3022 ad
3485 2964 3720 3018 Patrem

2075 3053 2367 3113 nostrum,
2395 3063 2468 3102 ne
2501 3052 2909 3102 creaturarum
2938 3065 3072 3103 cum
3100 3050 3406 3122 unigenito
3452 3069 3723 3107 commu-

2076 3137 2232 3192 nitas
2254 3135 2674 3190 induceretur:
2709 3135 2814 3191 sed
2845 3138 3064 3192 Patrem
3094 3155 3269 3194 meum
3292 3147 3342 3194 et
3361 3142 3585 3196 Patrem
3615 3158 3726 3197 ves-

1994 3200 2038 3267 C
2076 3233 2244 3292 trum,
2277 3224 2394 3292 ait;
2445 3224 2620 3279 aliter
2677 3242 2898 3295 meum,
2960 3229 3289 3284 secundum
3337 3235 3635 3299 naturam,
3667 3237 3727 3286 et

2071 3313 2246 3370 aliter
2272 3317 2555 3381 vestrum,
2586 3314 2916 3370 secundum
2947 3316 3351 3388 adoptionem.
3379 3320 3720 3391 Iterumque

2071 3404 2144 3459 ad
2174 3405 2338 3458 Deum
2394 3420 2592 3470 meum,
2625 3411 2678 3458 et
2728 3406 2898 3459 Deum
2944 3414 3222 3472 vestrum;
3274 3408 3448 3463 aliter
3499 3426 3723 3479 meum,

2074 3498 2356 3563 tanquam
2386 3492 2653 3564 germani
2685 3499 2743 3547 et
2790 3494 3080 3564 unigeniti
3139 3496 3270 3565 ﬁlii,
3301 3503 3360 3553 et
3388 3498 3561 3553 aliter
3590 3515 3721 3554 ves-

2073 3585 2252 3648 trum,
2315 3586 2597 3651 tanquam
2655 3580 3052 3651 opiﬁciorum.
3114 3585 3270 3640 Deus
3336 3586 3515 3659 igitur
3553 3604 3725 3644 verus

2078 3675 2168 3725 est
2196 3669 2378 3723 Filius
2410 3669 2535 3734 Dei,
2567 3672 2705 3722 ante
2733 3669 2936 3724 omnia
2976 3672 3196 3727 saecula
3244 3675 3730 3732 inenarrabiliter

2075 3759 2339 3831 genitus:
2375 3772 2531 3828 saepe
2562 3757 2723 3810 enim
2763 3756 2923 3812 idem
2955 3758 3119 3814 vobis
3163 3761 3488 3833 ingemino,
3522 3769 3587 3818 ut
3616 3766 3729 3819 hoc

2074 3846 2261 3902 menti
2286 3850 2492 3901 vestra;
2509 3845 2968 3916 imprimatur“.
2994 3848 3062 3902 Et
3081 3850 3239 3918 quod
3253 3851 3494 3921 quidem
3514 3853 3729 3908 Filium

384 3963 429 3998 ³⁸
469 3964 576 4036 Vid
604 3971 719 4036 cat.
744 3967 797 4033 4,
832 3981 888 4018 n.
921 3964 955 4015 7
985 3969 1036 4018 et
1056 3979 1177 4034 sup.
1213 3981 1270 4018 n.
1298 3966 1351 4036 4.
1411 3963 1461 3998 39
1488 3966 1655 4020 Joan.
1689 3981 1798 4033 XIV,
1833 3968 1884 4020 9.
1935 3965 1967 3999 “

2081 3965 2125 4018 id
2156 3971 2264 4018 eat.
2295 3966 2347 4030 4,
2372 3980 2443 4036 n.
2466 3966 2497 4016 7
2526 3978 2648 4032 sup.
2683 3979 2742 4017 n.
2780 3965 2843 4017 16
2869 3979 2882 4030 ;
2905 3964 3018 4018 vid.
3043 3972 3150 4020 cat.
3175 3967 3263 4036 16,
3287 3984 3346 4023 n.
3379 3970 3432 4021 4.
3466 3967 3508 4003 ⁴¹
3544 3970 3564 4024 Ι
3594 3973 3724 4026 Cor.

315 4055 355 4105 1,
385 4036 476 4088 24.
526 4035 572 4068 ‘9
604 4035 748 4090 ibid.
807 4037 852 4070 "
880 4036 1044 4090 Joan.
1078 4053 1172 4103 xx,
1208 4037 1293 4090 17.
1325 4035 1373 4070 ⁴⁴
1409 4038 1537 4092 Vid.
1570 4043 1678 4092 cat.
1714 4041 1765 4106 7,
1800 4054 1857 4092 n.
1893 4039 1944 4092 7.

2083 4036 2121 4090 (Ζ
2142 4052 2263 4106 sup.
2300 4035 2476 4089 n.11.

391 4161 472 4232 (1)
506 4163 611 4211 Τοῦ
645 4159 871 4232 Πατρός.
907 4161 1040 4214 Haec
1061 4159 1238 4232 verba
1268 4160 1675 4231 supplevimus
1698 4177 1767 4215 ex
1787 4161 1962 4232 codd.

321 4231 523 4292 Coisl.,
559 4230 775 4299 Ottob.,
807 4234 946 4294 Roe,
1006 4230 1252 4286 Casaub.
1307 4230 1478 4286 Grod.
1541 4234 1688 4287 Loco
1716 4231 1844 4293 τοὺς
1877 4231 1966 4286 λέ-

321 4322 538 4376 γοντας.
572 4302 753 4376 iidem
794 4308 1036 4376 excepto
1067 4303 1259 4376 O_ttob.
1287 4303 1533 4376 habent,
1564 4306 1660 4376 τοῦ
1691 4302 1967 4376 λὲγοντος.

395 4378 470 4447 (2)
514 4375 834 4447 ‘Eat_e_piﬁe~r,.
895 4374 958 4447 In
993 4374 1148 4447 gcod.
1198 4374 1375 4447 Coisl.
1411 4381 1544 4445 post
1565 4373 1858 4447 ἐστερήθη,
1886 4377 1969 4430 ita

320 4446 564 4520 legitur:
598 4443 721 4498 οὕτε
775 4464 828 4498 τι
885 4443 1047 4505 αὐτὸς
1103 4449 1204 4512 τῆς
1252 4443 1510 4513 θεότητος
1562 4443 1967 4520 ἐστερήθηίέκαὶ

320 4517 444 4571 οὕτε
471 4537 542 4571 τι.

395 4590 468 4711 φ)
498 4588 698 4657 Ὑμῶν.
733 4591 797 4642 In
830 4589 962 4651 hoc,
1014 4594 1071 4643 et
1116 4605 1250 4642 mox
1300 4588 1572 4658 sequenti
1629 4588 1780 4658 loco,
1811 4595 1968 4644 recte

395 4678 401 4710 ι
433 4659 611 4711 Iesius
643 4661 980 4711 emendavit
1001 4660 1323 4711 imoressos
1345 4660 1444 4711 aui
1471 4659 1761 4711 ferebant-
1781 4661 1968 4711 ἡμῶν.

319 4659 611 4714 Millesius
643 4661 980 4715 emendavit
1001 4660 1323 4730 impressos
1345 4660 1444 4730 qui
1471 4659 1762 4728 ferebant,
1781 4661 1968 4729 ἡμῶν.

324 4730 813 4786 Emendationem
847 4732 1087 4787 ﬁrmant
1109 4747 1316 4785 omnes
1343 4731 1471 4786 cod.
1489 4747 1632 4786 mss.
1661 4738 1720 4786 et
1746 4749 1979 4802 compa-

322 4803 474 4875 ratio
498 4803 609 4875 loci
644 4803 914 4875 paralleli
932 4809 1060 4875 cat.
1097 4806 1148 4868 7,
1182 4821 1240 4857 n.
1275 4807 1324 4858 7.
1363 4809 1510 4857 Ante
1543 4807 1659 4863 τοῖς
1691 4802 1840 4872 ἑξῆς,
1876 4821 1977 4874 po-

327 4874 556 4928 suimus
586 4872 739 4929 ἐν-ΘΧ
797 4874 967 4929 codd.
1023 4877 1162 4936 Roe.
1203 4875 1451 4930 Casaub.
1487 4881 1546 4928 et
1577 4875 1748 4931 Grod.
1782 4878 1847 4930 In
1877 4872 1979 4931 Ot-

328 4945 448 4999 tob.
485 4952 595 5007 est.
613 4945 798 5005 αὐτοῖς
814 4944 958 5016 ἑξῆς.
986 4947 1166 4999 Porro
1190 4946 1315 5000 haac
1329 4945 1979 5016 Cyrillianimadversio

327 5017 389 5071 in
414 5017 592 5088 verba
621 5018 858 5080 Christi,
894 5017 1051 5088 quod
1084 5033 1204 5070 non
1227 5017 1444 5071 dixerit
1463 5020 1681 5072 Patrem
1711 5027 1980 5085 nostrum,

327 5095 382 5142 et
415 5086 585 5142 Deum
613 5097 881 5150 nostrum.
913 5086 1018 5142 sed
1053 5088 1386 5158 utrobique.
1421 5105 1597 5143 meum
1627 5096 1677 5143 et
1706 5098 1979 5145 vestrum:

329 5175 466 5232 raro
487 5161 787 5214 invenitur
803 5161 959 5231 apud
987 5161 1218 5214 Graecos
1244 5177 1256 5224 ;
1282 5160 1436 5230 apud
1457 5161 1691 5214 Latinos
1707 5162 1985 5232 frequen-

332 5230 469 5286 tius.
493 5233 647 5286 lnter
667 5230 920 5298 Grchs,
947 5233 1342 5285 Damascenus
1357 5231 1557 5301 Cyrilli
1573 5232 1769 5286 locum
1793 5230 1985 5286 imita-

334 5309 428 5356 tus
458 5303 689 5357 videtur
720 5304 824 5357 lib.
861 5320 910 5356 ιν
944 5305 1017 5357 De
1046 5303 1152 5370 ﬁde
1181 5304 1423 5362 orthod-.
1457 5319 1584 5373 cap.
1619 5305 1672 5368 8,
1706 5320 1840 5358 cum
1876 5304 1985 5359 hoc

330 5373 698 5446 discrimine,
730 5374 887 5444 quod
910 5374 1086 5429 verba
1110 5375 1272 5428 Deum
1296 5391 1489 5440 meum,
1518 5381 1583 5446 ut
1603 5391 1811 5430 omnes
1835 5392 1984 5446 pene

329 5445 433 5516 qui
468 5447 623 5500 hunc
647 5447 844 5501 locum
870 5446 1239 5500 edisseruere
1272 5448 1493 5508 Patres,
1523 5445 1592 5499 de
1617 5445 1986 5502 humanitate

324 5515 544 5572 Christi
577 5517 734 5573 dicta
765 5518 943 5583 velit;
991 5533 1124 5570 cum
1181 5517 1436 5587 Cyrillus
1464 5517 1640 5571 etiam
1675 5519 1748 5572 ad
1801 5519 1987 5573 subli-

325 5588 577 5643 miorem
611 5596 889 5644 naturam
947 5589 1184 5642 referat.
1227 5596 1310 5642 Ita
1345 5595 1544 5642 autem
1575 5589 1721 5642 dicit
1752 5592 1986 5644 Patrem

329 5659 462 5714 Filii
489 5661 578 5715 sui
611 5662 795 5716 Deum
827 5677 976 5728 esse,
1003 5666 1068 5714 ut
1096 5660 1265 5714 nulla
1295 5659 1587 5714 divinitati
1619 5663 1750 5732 ejus
1781 5662 1884 5716 ﬁat
1907 5662 1990 5716 in-

662 5791 925 5851 PATnoL.
971 5790 1086 5848 Gn.
1131 5787 1400 5848 XXXIII.

2070 4160 2254 4231 juria,
2309 4159 2503 4228 sitque
2534 4159 2882 4213 acreaturis
2935 4161 3208 4217 universa
3261 4181 3323 4218 re
3374 4170 3637 4220 secretus
3669 4171 3729 4222 et

2077 4238 2310 4304 tantum
2332 4232 2486 4284 Deus
2517 4235 3010 4304 verasquantum
3061 4233 3248 4304 ipsius
3279 4237 3470 4292 Pater.
3504 4237 3724 4292 Eodem

2079 4303 2149 4357 de
2173 4302 2347 4356 modo
2361 4305 2606 4375 sanctus
2630 4301 2907 4375 Hilarius,
2935 4303 3032 4356 lib.
3063 4301 3123 4357 x1
3145 4307 3220 4360 De
3253 4309 3404 4362 Trin.
3435 4325 3494 4363 Π.
3523 4313 3610 4375 11,
3630 4311 3736 4364 Pa-

2078 4381 2229 4429 trem
2261 4373 2490 4427 ratione
2521 4373 2925 4443 generationis
2977 4376 3160 4430 Deum
3215 4378 3345 4431 Filii
3397 4373 3620 4433 dictum
3653 4381 3737 4435 ait

2079 4448 2237 4500 hunc
2268 4446 2462 4520 ipsum
2495 4443 2692 4520 locum
2726 4445 3114 4515 expendendo
3145 4465 3157 4500 ε
3195 4449 3398 4520 sicque
3433 4452 3738 4506 concludit

2080 4535 2138 4572 n.
2166 4520 2262 4571 I2:
2293 4514 2320 4565 ξι
2347 4517 2480 4570 Ηωο
2512 4515 2591 4569 ita
2621 4514 3028 4572 demonstrata
3079 4524 3240 4586 sunt,
3272 4514 3336 4574 u't
3358 4528 3416 4575 et
3457 4523 3736 4578 nativitas

2081 4612 2108 4640 «
2135 4590 2318 4643 Deum
2343 4586 2782 4659 substitutionis
2806 4604 2926 4641 sum
2949 4589 3352 4659 conﬁteretur,
3377 4599 3435 4647 et
3458 4594 3735 4649 substitu-

2087 4661 2209 4714 «tio
2225 4658 3035 4734 naturzeconscientiarnnon
3051 4666 3300 4734 taceret:
3317 4658 3606 4734 proﬁtens
3620 4666 3732 4720 sibi

2087 4755 2114 4781 (ι
2142 4734 2378 4786 Patrem
2429 4731 2615 4805 Deum
2665 4730 2819 4805 Deus
2837 4731 3030 4805 Filius
3061 4732 3202 4787 dum
3234 4730 3392 4790 exeo
3427 4737 3730 4805 nascitur;

2089 4827 2115 4854 «
2147 4810 2426 4857 caeterum
2457 4800 2530 4855 ad
2563 4800 2620 4854 id
2653 4801 2809 4870 quod
2836 4802 2986 4857 Deus
3018 4810 3130 4866 est,
3163 4811 3350 4860 totum
3376 4807 3602 4863 habens
3632 4800 3738 4863 na-

2096 4894 2118 4923 α
2144 4874 2335 4929 turale
2367 4872 2524 4942 quod
2558 4873 2709 4928 Deus
2736 4889 2748 4938 ;
2783 4877 2840 4926 et
2872 4873 2974 4926 lib.
3010 4892 3084 4935 iv.
3110 4892 3168 4929 ιι.
3205 4879 3269 4930 53
3297 4895 3310 4942 ;
3340 4879 3561 4934 Idcirco
3587 4881 3739 4935 Deus

2094 4968 2121 4997 «
2155 4947 2283 5015 ejus
2315 4950 2423 5009 est,
2458 4943 2618 5013 quia,
2651 4959 2723 4996 ex
2755 4960 2824 4997 eo
2858 4951 3034 4999 natus
3066 4946 3128 5000 in
3161 4947 3347 5003 Deum
3378 4956 3488 5004 est.

2164 5018 2240 5086 (4)
2263 5017 2382 5070 Τῶν
2403 5015 2772 5092 ιποιημαξτων,
2806 5021 2935 5092 _etc.
2972 5017 3034 5092 In
3067 5019 3244 5088 Coisl,
3280 5021 3364 5075 sic
3391 5039 3402 5076 :
3434 5026 3542 5076 τῶν
3577 5042 3744 5092 ποιη-

2096 5083 2572 5163 μάτων-πρὸςτὸν
2613 5085 2858 5163 Ποιητὴν
2915 5087 3028 5163 καὶ.
3063 5083 3366 5163 Μονογενῆ.
3402 5100 3466 5148 In
3515 5097 3633 5149 Itoe
3690 5083 3748 5150 ἐι

2093 5156 2602 5235 Casaub.;fu‘sius,
2655 5159 2764 5235 τῷν
2817 5159 3144 5235 ποιημάτων
3178 5156 3438 5235 πρὸςτὸν
3473 5165 3742 5234 ΙΙοιητήν,

2092 5229 2182 5282 καὶ
2207 5231 2314 5282 τῶν
2349 5223 2564 5279 δούλων
2617 5226 2753 5297 πρὸς
2806 5228 2896 5281 τὸν
2933 5223 3242 5304 Μονογενῆ,
3276 5257 3302 5284 ‹‹
3337 5223 3748 5293 creaturarum

2096 5304 2620 5381 gcumfreatore,
2682 5304 2740 5352 et
2798 5318 3102 5381 servorum
3157 5323 3291 5381 cum
3350 5310 3678 5381 unigenito.
3713 5328 3746 5381 7»

2095 5376 2271 5428 Recte
2305 5369 2564 5424 Milesius
2597 5385 2668 5422 ex
2713 5369 2884 5427 codd.
2919 5375 3036 5427 Roe
3097 5381 3154 5430 et
3209 5369 3753 5434 Casaubvrestituit

2097 5444 2275 5541 ἑμξῦν,
2305 5446 2442 5531 post
2469 5439 2558 5492 καὶ
2612 5439 2824 5521 Πατέρα
2877 5449 3394 5541 sequensnPaulo
3421 5459 3574 5541 post,
3599 5456 3751 5541 Lante

2095 5511 2283 5573 ἄλλως
2312 5511 2494 5582 ὑμῶν,
2549 5511 2858 5585 posuimus
2913 5511 3002 5566 καί
3058 5534 3128 5572 ex
3173 5519 3375 5585 Coisl,,
3409 5511 3654 5577 Casaub.
3692 5525 3755 5573 ut

2096 5587 2349 5662 habetur
2380 5585 2440 5637 in
2480 5583 2762 5662 _membro
2815 5594 3107 5656 sequente
3155 5590 3242 5642 καὶ
3278 5583 3467 5655 ἄλλως
3499 5592 3648 5662 ὑμων
3681 5590 3756 5649 ὡς

2099 5657 2164 5728 δη
2177 5675 2411 5730 μιουργη
2423 5649 2629 5726 μάτων.

3392 5795 3470 5851 23
