4124 6260
288 365 408 426 ’71⁸7

1030 361 1515 429 CANECHESIS
1558 363 1659 427 xv.
1705 349 1819 427 ml
1851 351 2058 428 mmo
2100 361 2236 429 DEI
2280 363 2736 444 UNIGENITO,
2787 373 2962 436 ETG.

283 519 376 554 σκε
407 499 500 553 τὸν
535 484 766 572 Πατέρα.
823 497 1008 574 ’Δρχὴ
1062 501 1167 575 γὰρ
1223 500 1357 554 Υἱοῦ
1415 498 1676 576 ἄχρονος,
1737 501 1927 555 ἀκατά-

2053 503 2272 574 cipium
2305 507 2592 578 temporis
2617 523 2848 580 expers,
2880 509 3510 584 Patrem.Principium
3531 530 3701 571 nam-

290 587 529 658 ληπ-τος,
557 584 816 662 ἄναρχος,
847 588 873 642 6
908 589 1116 662 Πατήρ·
1179 590 1331 664 πηγή
1379 587 1476 643 τοῦ
1531 597 1634 658 τῆς
1667 586 1946 644 δικαιοσύ-

287 699 390 746 νης
418 681 692 748 ποταμοῦ,
722 681 820 731 τοῦ
851 683 1213 751 Μονογενοῦς,
1263 680 1290 732 6
1350 681 1559 748 Πατὴρ,
1619 681 1647 734 6
1689 681 1946 755 γεννήσας

288 767 453 821 αὐτὸν
486 767 668 829 καθὼς
703 763 841 820 οἶδεν
889 767 1046 829 αὐτὸς
1089 767 1273 839 μόνος.
1337 768 1439 824 Καὶ
1490 767 1664 830 θέλεις
1719 773 1942 842 γνῶναι,

287 856 371 909 ’ὁτι
403 855 495 910 καὶ
529 854 752 916 αἰώνιός
783 855 892 909 ἐστι
931 853 1187 930 βασιλεὺς
1232 856 1258 908 6
1289 856 1486 930 Κύριος
1527 859 1685 929 ἡμῶν
1718 859 1795 929 (1)
1832 857 1943 928 Ἰηο

282 950 415 1006 σοῦς
450 945 690 1018 Χριστός
727 964 740 1013 ;
775 943 937 999 ἄκουε
960 944 1123 999 πάλιν
1159 945 1324 999 αὐτοῦ
1356 943 1636 1020 λὲγοντος·
1694 944 1944 1021 Ἀϐραὰμ

507 1034 521 1051 ι
636 1035 649 1052 τ
715 1037 740 1048 ν
1069 1035 1079 1052 Ι
1289 1033 1310 1052 Π
1434 1032 1486 1056 ἸΝ
1623 1035 1636 1054 \
1820 1032 1842 1055 J

292 1035 319 1087 6
378 1040 566 1108 Πατηρ
632 1054 781 1104 υμων
840 1030 1239 1106 ἠγαλλιασατο,
1299 1055 1377 1087 ινα
1439 1051 1522 1108 ιοῃ
1575 1055 1675 1102 την
1733 1037 1943 1108 ἥμεραν

279 1124 379 1191 τήν
441 1123 605 1196 ἐμήν’
672 1123 761 1176 καὶ
821 1121 951 1192 εἶδε,
1037 1123 1123 1177 καὶ
1189 1120 1386 1196 ἐχάρη.
1473 1124 1620 1192 Εἶτα,
1681 1121 1940 1198 σκληρῶς

283 1216 446 1266 τοῦτο
478 1208 920 1283 καταδεξαμένων
953 1215 1059 1265 τῶν
1105 1209 1400 1280 Ἰουδαίων,
1457 1212 1520 1266 τὸ
1577 1211 1805 1274 ἐκείνοις
1862 1207 1939 1267 ἔτι

287 1299 659 1376 σκληρότερον
745 1297 911 1376 λέγει·
999 1298 1128 1374 Πρίν
1191 1295 1439 1374 Ἀϐραὰμ
1497 1303 1765 1375 γενέσθαι,
1833 1300 1938 1377 ἐγώ

281 1389 417 1462 εἰμι·
482 1396 573 1444 καί
621 1387 790 1444 πάλιν
846 1391 984 1464 πρὸς
1040 1389 1132 1444 τὸν
1193 1389 1399 1462 Πατέρα
1452 1390 1626 1466 λέγει*
1697 1390 1795 1445 Καὶ
1847 1395 1934 1444 νῦν

284 1477 506 1551 δόξασόν
565 1500 630 1550 με
686 1477 772 1549 σὺ,
834 1479 1032 1552 Ηάτερ›
1092 1480 1241 1553 ποιρά
1293 1483 1519 1551 σεαυτῷ»
1591 1483 1659 1545 τῆ
1716 1477 1841 1555 δόξῃ
1901 1481 1939 1551 ᾗ

280 1567 452 1633 εἶχον,
515 1567 620 1641 πρὸ
681 1571 780 1621 τοῦ
835 1567 927 1622 τὸν
983 1568 1188 1640 κόσμον
1241 1568 1398 1635 εἶναι,
1472 1568 1617 1644 παρᾶ
1674 1568 1780 1623 σοί’
1841 1590 1937 1623 σα-

279 1658 392 1730 φῶς
419 1654 524 1728 γὰρ
557 1651 794 1727 ε’ἒρηκεν,
829 1653 914 1708 ὅτι
949 1655 1080 1728 Πρὶν
1113 1655 1207 1709 τὸν
1242 1655 1450 1728 κόσμον
1495 1657 1762 1732 γενέσθαι,
1823 1654 1933 1731 ἐγὼ

278 1745 431 1819 εἶχον
462 1745 562 1812 τήν
596 1746 740 1818 παρὰ
772 1743 854 1798 σοὶ
888 1741 1065 1815 δόξαν.
1129 1745 1230 1802 Καὶ
1285 1744 1475 1815 πάλιν,
1533 1747 1655 1804 Ὀτι
1710 1747 1933 1822 ἠγάπη-

2052 610 2190 666 que,
2243 596 2372 650 Filii
2435 599 2719 669 temporis
2765 600 3057 669 nescium,
3110 601 3700 674 incomprehensum,

2050 683 2344 755 principio
2405 702 2634 753 carens,
2680 689 2853 742 Pater
2891 694 2982 743 est
3014 705 3027 742 :
3060 689 3192 744 fons
3231 691 3497 747 fluminis
3520 694 3699 764 justi-

2051 772 2148 826 tias
2179 771 2246 835 ‘9,
2273 774 2571 845 Unigeniti
2601 776 2908 843 nimirum,
2944 778 3137 843 Pater,
3157 779 3258 849 qui
3293 780 3487 849 ipsum
3518 799 3694 852 gene-

2050 863 2198 917 ravit
2220 863 2373 917 sicut
2401 864 2563 918 novit
2585 865 2712 935 ipse
2746 864 2932 920 solus.
2958 866 3056 921 Vis
3078 872 3276 922 autem
3310 885 3506 936 nosse,
3540 873 3696 940 quod

2050 952 2228 1006 etiam
2253 958 2511 1008 aeternus
2543 971 2645 1008 rex
2677 959 2766 1008 est
2813 955 3098 1010 Dominus
3117 961 3320 1012 noster
3338 958 3508 1012 Jesus
3529 959 3696 1013 Chri-

2049 1046 2174 1095 stus
2193 1041 2426 1113 ‘Iipsum
2446 1059 2651 1097 rursus
2669 1042 2805 1098 audi
2822 1043 3122 1099 dicentem
3143 1061 3156 1099 :
3178 1068 3198 1092 α
3223 1045 3520 1101 Abraham
3533 1053 3701 1118 pater

2052 1149 2078 1180 α
2096 1136 2287 1186 vester
2308 1131 2621 1186 exsultavit
2641 1138 2706 1186 ut
2733 1132 2955 1187 videret
2983 1133 3140 1187 diem
3172 1150 3372 1188 meum
3398 1151 3410 1188 :
3435 1140 3493 1189 et
3533 1135 3696 1203 vidit,

2045 1241 2071 1268 α
2103 1221 2409 1291 etgavisus
2432 1225 2522 1274 est
2541 1219 2604 1276 ⁵ο.
2641 1241 2667 1269 ››
2692 1221 3089 1286 Deinde,cum
3114 1222 3172 1277 id
3191 1221 3338 1277 dure
3364 1223 3700 1294 acciperent

2044 1308 2483 1379 Judaei,aliquid
2499 1309 2644 1380 ipsis
2666 1310 2860 1364 adhuc
2873 1310 3078 1365 durius
3101 1311 3246 1366 dicit
3266 1328 3278 1364 :
3295 1334 3322 1361 ‹‹
3340 1313 3695 1382 Priusquam

2047 1396 2382 1452 «Abraham
2402 1397 2701 1470 ﬂeret,ego
2727 1414 2861 1452 sum
2877 1397 2982 1450 δι.»
3005 1401 3344 1471 lterumque
3366 1400 3438 1455 ad
3459 1402 3694 1456 Patrem

2044 1487 2240 1550 dicit,«
2267 1489 2336 1540 Et
2364 1503 2523 1542 nunc
2555 1487 2821 1558 glorifica
2842 1504 2935 1542 me
2969 1489 3251 1555 tu,Pater,
3285 1490 3442 1560 apud
3469 1495 3690 1546 temet-

2044 1575 2309 1646 «ipsum,
2326 1576 2514 1646 gloria
2535 1593 2712 1646 quam
2730 1575 2932 1644 habui,
2965 1582 3287 1648 antequam
3308 1579 3566 1633 mundus
3596 1596 3690 1634 es-

2046 1687 2067 1713 α
2096 1665 2366 1736 set,apud
2384 1670 2441 1720 te
2453 1665 2557 1720 ⁸³.»
2573 1665 2774 1720 Palam
2808 1666 2966 1720 enim
2992 1666 3103 1720 hoc
3126 1666 3274 1720 dixit
3299 1682 3312 1720 :
3335 1665 3689 1736 Priusquam

2040 1753 2299 1808 mundus
2323 1755 2512 1823 ﬁeret,
2573 1770 2677 1826 ego
2724 1752 3016 1808 habebam
3047 1754 3203 1825 apud
3230 1759 3286 1809 te
3315 1754 3587 1827 gloriam.
3621 1757 3692 1811 Et

279 1833 374 1897 σάς
409 1855 474 1906 με
505 1836 612 1905 πρὸ
642 1828 958 1904 καταϐολῆς
981 1836 1216 1908 κόσμου,
1268 1835 1466 1911 λέγων,
1501 1841 1683 1915 σαφῶς
1743 1858 1927 1914 φησιν,

2039 1861 2247 1900 rursus
2269 1845 2467 1901 aiens:
2508 1869 2527 1894 ι
2563 1846 2711 1910 Quia
2740 1845 3001 1901 dilexisti
3025 1862 3119 1900 me
3151 1852 3288 1901 ante
3311 1847 3688 1902 constitutio-

274 1925 355 1979 δτι
388 1921 568 1979 ἀΐδιον
597 1921 716 1999 ’ἐχω
744 1927 852 1994 τὴν
882 1925 1027 1998 παρᾶ
1057 1925 1141 1980 σοὶ
1173 1923 1346 1997 δόξαν.

347 2103 477 2159 ΚᾹ“.
513 2101 861 2176 Πιστεῦωμεν
915 2106 988 2177 (2)
1043 2103 1226 2158 τοίνυν
1287 2103 1364 2169 εἷς
1433 2106 1527 2160 ἓνα
1573 2105 1772 2181 Κύριον
1812 2107 1927 2176 ’1η-

273 2195 400 2246 σοῦν
488 2191 744 2267 Χριστὸν,
802 2191 898 2246 τὸν
946 2192 1071 2246 Υἱὸν
1152 2197 1253 2248 τοῦ
1313 2198 1446 2248 Θεοῦ
1499 2196 1589 2249 τὸν
1636 2196 1922 2270 μονογενῆ

275 2281 365 2335 τὸν
454 2279 514 2334 ἐκ
595 2285 690 2336 τοῦ
776 2281 987 2356 Πατρὸς
1087 2283 1405 2358 γεννηθέντα
1463 2285 1589 2339 Θεὸν
1667 2283 1923 2354 ἀληθινὸν

274 2371 382 2444 πρὸ
440 2372 657 2425 πάντων
713 2375 822 2424 τῶν
895 2370 1132 2426 αἰώνων·
1193 2369 1261 2427 δι’
1314 2373 1375 2428 οὗ
1452 2373 1519 2429 τὰ
1575 2375 1750 2429 πάντα
1806 2373 1924 2448 ἐγέ-

268 2479 410 2514 νετο’
447 2457 553 2514 εἷ’τε
584 2461 686 2533 γὰρ
741 2459 950 2535 θρόνοι,
1013 2457 1120 2516 εἴτε
1175 2463 1518 2537 κυριότητες,
1569 2461 1674 2518 εἶ’τε
1731 2463 1925 2538 ἀρχαὶ,

271 2549 380 2604 εἶτε
413 2549 671 2619 ἐξουσίαι,
702 2550 768 2604 τὰ
795 2549 967 2605 πάντα
1013 2547 1083 2604 δι’
1140 2549 1304 2606 αὐτοῦ
1362 2551 1591 2623 ἐγένετο,
1624 2553 1710 2607 καὶ
1765 2550 1922 2606 οὐδὲν

272 2642 385 2692 τῶν
431 2641 707 2710 γεννητῶν
768 2639 1098 2714 ὑπεξῂρηται
1145 2647 1245 2708 τῆς
1297 2640 1535 2710 ἐξουσίας
1593 2639 1774 2695 αὐτοῦ.
1823 2647 1924 2695 Φι-

285 2726 512 2800 μούσθω
543 2733 681 2782 πᾶσα
711 2727 935 2806 αἵρεσις,
959 2728 1252 2808 διαφόρους
1298 2732 1530 2802 ποιητὰς
1572 2731 1658 2787 καὶ
1716 2753 1926 2806 κοσμο-

275 2815 476 2880 ποιοὺς
500 2816 802 2892 εἷ’σάγουσα·
833 2820 1120 2893 φιμοῦσθω
1154 2819 1555 2898 βλασφημοῦσα
1577 2821 1804 2897 γλῶσσα
1830 2819 1922 2876 τὸν

275 2908 512 2984 Χριστὸν
541 2909 633 2962 τὸν
666 2909 788 2962 Υἲὸν
821 2915 918 2964 τοὺ⁹
945 2914 1097 2964 Θεοῦ’
1159 2912 1547 2986 φιμούσοωσαν
1581 2915 1632 2966 οὶ
1677 2911 1927 2986 λέγοντες

273 2998 365 3052 τὸν
393 2997 550 3066 ἣλιον
584 2999 716 3053 εἶναι
746 2999 837 3053 τὸν
872 2999 1121 3072 Χριστόν·
1157 2999 1322 3068 ἡλῖου
1345 3009 1446 3076 γάρ
1482 3000 1591 3055 ἐστι
1653 2997 1926 3074 δημιουρ-

274 3087 390 3162 γὸς,
425 3085 533 3162 οὐχ
564 3088 591 3141 6
612 3085 767 3158 ἣλιος
790 3089 816 3143 6
850 3087 1194 3164 φαινόμενος.
1229 3089 1624 3162 Φιμούσθωσαν
1660 3089 1712 3144 οἱ
1743 3084 1929 3164 λὲγον-

275 3197 363 3238 τος
398 3175 648 3252 ἃγγὲλων
680 3174 1087 3253 δημιούργημα
1112 3176 1204 3233 τὸν
1235 3179 1464 3252 κόσμον,
1499 3181 1550 3234 οἳ
1581 3179 1642 3235 τὸ
1672 3183 1768 3234 τοῦ
1802 3179 1919 3234 Μο-

279 3269 527 3338 νογενοῦς
560 3264 773 3338 ἀξίωμα
802 3268 1172 3342 παραρπάζειν
1237 3265 1592 3342 βουλόμενοι.
1647 3266 1769 3323 Ε’ίτε
1815 3267 1920 3343 γὰρ

278 3353 443 3428 ὁρατᾶ
473 3355 582 3409 εἳτε
612 3355 835 3430 ἀόρατα,
891 3355 998 3410 εἳτε
1057 3356 1239 3429 θρόνοι
1298 3355 1404 3412 εἴτε
1443 3356 1783 3430 κυριότητες,
1817 3355 1922 3412 ετῖτε

274 3461 324 3494 τι
385 3441 813 3514 ὀνομαζόμενον,
873 3443 1048 3498 πάντα
1103 3441 1190 3498 διὰ
1243 3448 1339 3498 τοῦ
1398 3446 1628 3519 Χριστοῦ
1680 3444 1918 3520 ἐγένετο.

277 3531 584 3587 Βιασιλεόει
616 3537 726 3588 τῶν
759 3534 847 3588 ὑπ’
877 3533 1042 3588 αὐτοῦ
1070 3534 1601 3607 πεποιημένωι,οὖκ
1622 3535 1915 3609 ἀλλοτρίαν

270 3621 664 3697 αῗχμαλωσίαν
696 3623 960 3697 ἁρπάσας,
993 3621 1139 3680 ἀλλὰ
1196 3622 1350 3680 ῒδίων
1404 3623 1914 3700 δημιουργημάτων

277 3711 606 3788 βασιλεύων,
637 3715 816 3778 καθὼς
849 3714 876 3768 6
934 3713 1321 3789 εὖαγγελιστής
1380 3716 1597 3790 εἳρηκεν
1630 3716 1912 3786 Ἰωάννηςο

2037 1957 2064 1984 ‹‹
2100 1951 2239 1990 nem
2264 1935 2474 1990 mundi
2494 1934 2599 2002 5',»
2630 1934 2943 1990 manifeste
2974 1935 3156 1990 dicit:
3182 1940 3466 1990 aeternam
3498 1936 3686 1993 habeo

2035 2024 2193 2095 apud
2225 2030 2280 2079 te
2310 2024 2583 2097 gloriam.

2105 2113 2235 2169 XXI.
2254 2114 2576 2169 Credamus
2607 2113 2786 2185 igitur
2803 2134 2829 2166 ι
2849 2113 2909 2167 in
2932 2129 3118 2168 unum
3143 2114 3461 2169 Dominum
3483 2116 3682 2172 Jesum

2031 2202 2712 2265 «Christum,FiliumDei
2725 2203 3231 2274 unigenitum;qui
3245 2205 3491 2258 exPatre
3505 2210 3682 2260 natus

2034 2313 2061 2342 ‹‹
2076 2298 2166 2347 est
2183 2293 2334 2347 Deus
2347 2309 2516 2347 verus
2529 2297 2665 2347 ante
2679 2292 2881 2348 omnia
2898 2292 3145 2348 saecula:
3165 2309 3271 2364 per
3281 2309 3459 2363 quem
3472 2293 3675 2350 omnia

2033 2402 2058 2435 ι
2073 2381 2229 2436 facta
2241 2381 2455 2436 sunt“.
2473 2403 2501 2430 ››
2515 2381 2643 2434 Sive
2660 2381 2820 2435 enim
2843 2381 3063 2447 throni,
3080 2380 3202 2436 sive
3215 2381 3672 2449 dominationes,

2030 2471 2148 2526 sive
2171 2470 2560 2542 principatus,
2596 2470 2713 2525 sive
2731 2475 3078 2541 potestates,
3110 2471 3312 2525 omnia
3332 2487 3438 2541 per
3481 2471 3676 2542 ipsum

2028 2561 2183 2616 facta
2205 2565 2343 2615 sunt
2363 2559 2430 2628 ⁸⁵,
2454 2565 2512 2614 et
2531 2559 2699 2615 nulla
2719 2564 3132 2632 generatarum
3149 2575 3348 2614 rerum
3363 2559 3491 2629 ejus
3514 2565 3680 2630 pote-

2031 2651 2165 2706 stati
2191 2650 2492 2705 subtracta
2548 2654 2654 2704 est.
2690 2649 3071 2704 Obmutescat
3099 2649 3294 2703 omnis
3325 2649 3569 2704 haeresis
3591 2649 3684 2703 di-

2027 2739 2502 2795 versosfactores
2537 2740 2611 2808 (3)
2667 2743 2726 2793 et
2783 2738 2990 2793 mundi
3045 2743 3316 2793 auctores
3367 2738 3680 2794 inducens.

2031 2829 2453 2900 Compescatur
2484 2826 2686 2900 lingua
2715 2827 3011 2882 Christum
3045 2827 3144 2882 Dei
3169 2827 3382 2881 Filium
3399 2827 3678 2898 blasphe-

2033 2917 2168 2971 miis
2201 2918 2555 2983 verberans;
2588 2916 3000 2971 obmutescant
3031 2916 3133 2986 qui
3171 2917 3245 2987 (4)
3301 2916 3488 2971 solem
3547 2932 3676 2971 esse

2031 3007 2331 3061 Christum
2363 3006 2571 3060 dicunt
2603 3025 2616 3071 ;
2649 3005 2793 3060 solis
2825 3005 2984 3060 enim
3016 3010 3108 3060 est
3163 3005 3395 3071 artifex,
3437 3022 3558 3059 non
3591 3005 3680 3060 sol

2033 3095 2141 3151 iste
2177 3096 2553 3166 conspicuus.
2585 3094 3017 3162 Conticescant,
3052 3094 3152 3165 qui
3192 3095 3482 3149 mundum
3511 3095 3681 3149 aiunt

2035 3185 2381 3257 angelorum
2404 3184 2748 3255 opiﬁcium:
2780 3184 3060 3254 quilﬂﬂ
3109 3183 3406 3255 Unigeniti
3455 3200 3678 3254 praero-

2034 3274 2284 3346 gativam
2329 3273 2604 3328 invadere
2634 3272 2862 3326 volunt.
2918 3272 3044 3327 Sive
3077 3271 3239 3327 enim
3268 3271 3528 3326 visibilia
3558 3272 3676 3326 sive

2030 3362 2373 3432 invisibilia,
2409 3363 2526 3418 sive
2577 3361 2778 3416 throni
2830 3360 2950 3416 sive
2976 3361 3414 3416 dominationes
3452 3359 3521 3428 ⁵⁸,
3555 3361 3674 3415 sive

2031 3452 2322 3524 quidquid
2346 3469 2563 3507 nomen
2594 3451 2776 3507 habet
2798 3449 3076 3519 57,0mnia
3093 3466 3198 3521 per
3218 3449 3682 3506 Christumfacta

2030 3548 2190 3598 sunt.
2226 3545 2451 3614 Regnat
2478 3541 2662 3596 Filius
2691 3541 2754 3595 in
2786 3556 2881 3594 res
2913 3556 2947 3594 a
2973 3556 3034 3594 se
3065 3538 3249 3594 factas
3275 3556 3288 3594 :
3334 3556 3452 3594 non
3486 3539 3683 3595 aliena

2029 3631 2222 3703 spolia
2251 3629 2512 3700 rapiens,
2541 3629 2646 3684 sed
2667 3628 2908 3700 propria
2933 3627 2994 3681 in
3025 3643 3208 3699 opera
3236 3644 3485 3700 regnum
3511 3645 3681 3684 exer-

2027 3734 2190 3786 cens,
2221 3717 2376 3772 sicut
2414 3716 2773 3788 evangelista
2817 3717 3074 3771 Joannes
3104 3715 3252 3770 dixit
3286 3718 3521 3772 :Omnia
3571 3732 3677 3787 per

341 3841 388 3874 ⁸⁸
418 3841 572 3894 Psal.
606 3857 730 3906 va,
762 3845 813 3895 5.
844 3840 892 3876 ⁵ο
918 3842 1085 3898 Joan.
1119 3845 1348 3909 “11,56.
1381 3842 1425 3878 ⁵¹
1460 3842 1602 3900 ibid.
1636 3845 1722 3898 58.
1756 3842 1927 3898 5310a

2038 3859 2156 3910 rvn,
2190 3844 2242 3896 5.
2273 3842 2319 3877 ⁸³
2377 3840 2519 3896 ibid.
2570 3843 2658 3895 24.
2715 3839 2761 3875 ⁸4
2813 3843 2980 3897 Joan.
3009 3857 3050 3907 ι,
3083 3842 3135 3898 3.
3168 3841 3212 3874 ⁸⁵
3260 3841 3483 3896 Coloss.
3517 3856 3558 3907 ι,
3593 3842 3680 3897 16.

270 3909 319 3946 ιδ
350 3911 494 3967 ibid.
529 3913 570 3946 "
602 3913 814 3984 Ephes.
848 3930 886 3980 ι,
919 3916 1006 3966 21.

275 4037 602 4112 excludunt
622 4037 693 4092 ab
725 4039 1092 4094 humanitate
1123 4040 1336 4095 Christi
1367 4040 1775 4096 adorationem
1808 4041 1920 4112 ipsi

278 4111 571 4182 debitam.
591 4127 725 4165 cum
787 4116 898 4165 cat.
937 4113 1022 4173 12,
1056 4128 1113 4166 ιι.
1168 4113 1257 4176 33,
1289 4113 1523 4168 adorari
1552 4113 1761 4182 jubeat
1788 4111 1921 4167 eum

277 4183 379 4253 qui
413 4200 482 4236 ex
516 4181 749 4252 Virgine
779 4187 952 4236 natus
985 4188 1074 4236 est
1113 4187 1210 4247 ;et
1233 4189 1356 4238 tum
1387 4190 1499 4240 cat.
1533 4181 1586 4253 4,
1618 4203 1677 4240 n.
1712 4187 1765 4252 3,
1799 4192 1924 4239 tum

273 4260 389 4309 cat.
427 4257 511 4318 13,
547 4254 765 4324 εωρὶιιε
795 4254 1148 4308 cruciﬁxum
1180 4270 1213 4308 a
1244 4260 1366 4309 toto
1398 4256 1539 4310 orbe
1571 4257 1802 4312 adorari
1819 4257 1924 4311 ob-

274 4331 468 4380 servet
503 4343 514 4378 :
549 4330 780 4379 tantum
805 4326 864 4379 in
895 4325 1128 4380 Christo
1161 4324 1594 4382 humanitatem
1647 4327 1834 4382 solam
1867 4332 1927 4383 et

276 4397 496 4470 nudam
534 4397 1058 4470 respiciprohibet
1086 4396 1364 4470 Cyrillus,
1414 4400 1923 4470 attentionemque

275 4469 573 4542 potiorem
605 4468 678 4522 ad
710 4468 768 4521 id
799 4469 1049 4542 quodin
1107 4469 1339 4542 Christo
1399 4471 1764 4542 praecipuum
1815 4468 1924 4534 est,

277 4488 573 4540 pouorem
605 4488 678 4522 au
710 4488 768 4521 ia
799 4488 956 4538 quoa
989 4488 1049 4522 in
1107 4488 1339 4523 [.nristo
1440 4488 1764 4542 raecipuum
1815 4488 1924 4534 est,

277 4547 337 4594 et
368 4539 525 4594 unde
559 4544 680 4594 tota
740 4556 922 4594 sacras
974 4540 1328 4594 humanitati
1387 4488 1666 4609 dignitas,
1719 4542 1926 4596 haberi

275 4611 568 4690 praecipit.
599 4611 664 4666 ld
678 4627 807 4690 cum
823 4628 931 4690 per
961 4628 1021 4666 se
1053 4617 1367 4690 patet,tum
1395 4630 1463 4668 ex
1485 4613 1928 4690 comparatione

2032 4038 2282 4094 dicendo
2309 4056 2323 4105 ;
2348 4055 2495 4110 quos
2521 4037 2696 4094 variis
2726 4037 2873 4093 locis
2902 4037 3123 4110 refellit
3147 4053 3160 4091 :
3194 4036 3312 4110 sive
3336 4035 3626 4110 mundum
3645 4054 3681 4094 a

2031 4110 2302 4182 pluribus
2341 4108 2668 4182 conditum,
2695 4110 2786 4182 vel
2817 4109 2995 4182 simul
3027 4109 3431 4182 operantibus,
3464 4108 3552 4162 vel
3585 4108 3675 4163 di-

2033 4180 2229 4237 versas
2261 4188 2456 4254 partes
2483 4181 2894 4244 candentibus,
2920 4180 3272 4254 affirmando
3301 4198 3312 4246 ;
3338 4197 3476 4254 nam
3501 4196 3568 4234 ea
3581 4197 3678 4254 ve-g

2037 4260 2228 4308 terum
2262 4251 2672 4308 Gnosticorum
2693 4253 2988 4307 sententia
3005 4252 3134 4307 fuit.
3165 4251 3431 4306 Secundo
3453 4268 3550 4304 eos
3574 4253 3676 4322 qui

2035 4325 2332 4380 Christum
2358 4325 2456 4379 Dei
2482 4324 2695 4378 Filium
2727 4323 3223 4395 blasphemabant
3254 4340 3384 4377 :eos
3413 4323 3676 4394 intelligo

2037 4397 2133 4468 qui
2169 4397 2257 4451 vel
2288 4397 2582 4450 Christum
2614 4395 2910 4466 negabant
2931 4395 3212 4450 creatoris
3260 4395 3437 4468 hujus
3472 4395 3677 4468 mundi

2034 4466 2268 4534 Filium,
2328 4469 2643 4538 ipsumque
2700 4472 3372 4538 creatorem,utomnes
3395 4466 3676 4530 Gnostici,

2036 4541 2315 4603 Marcion,
2356 4537 2496 4605 etc.,
2530 4537 2755 4594 catech.
2787 4543 2837 4600 7,
2873 4556 2929 4592 ιι.
2963 4541 3015 4602 6,
3076 4537 3165 4591 vel
3198 4538 3296 4607 qui
3337 4553 3469 4591 eum
3495 4538 3678 4606 justis

2035 4611 2376 4666 hominibus
2407 4611 2697 4682 aequalem
2730 4611 2968 4665 aiebant
2987 4614 3098 4664 cat.
3130 4612 3182 4674 7,
3215 4626 3274 4662 ιι.
3308 4613 3362 4676 7,
3387 4609 3478 4682 vel
3503 4609 3681 4682 Maria

275 4680 570 4738 similium
601 4680 1072 4752 sententiarum;
1091 4690 1156 4738 ut
1184 4689 1296 4739 cat.
1333 4687 1385 4751 3,
1419 4703 1476 4740 ιι.
1513 4687 1564 4740 3.
1599 4680 1710 4740 cat.
1741 4689 1824 4753 l7,
1859 4701 1917 4739 ιι.
1954 4687 1999 4750 D
2033 4683 2431 4753 antiquiorem
2479 4680 2932 4737 dnticiabantur
2984 4686 3096 4753 cat.
3153 4683 3236 4745 12,
3270 4697 3330 4734 ιι.
3377 4681 3410 4733 3
3445 4697 3457 4744 ;
3492 4680 3581 4734 vel
3613 4681 3676 4737 in

277 4757 372 4816 35,
407 4758 518 4807 cat.
553 4756 638 4818 22,
671 4771 729 4808 ιι.
763 4757 815 4808 6.

351 4826 429 4897 ll}
464 4821 655 4894 Κύριος
696 4826 876 4894 ἡμῶν.
939 4826 1316 4896 Scripsimus,
1374 4827 1559 4897 ἡμῶν,
1619 4844 1689 4882 ex
1747 4827 1915 4882 codd.

274 4895 470 4952 Ottob.
507 4903 563 4952 et
592 4897 858 4970 Grodecii
881 4895 1170 4960 versione,
1205 4899 1332 4968 ipso
1361 4895 1540 4955 sensu
1557 4899 1916 4970 postulante.

348 4970 424 5034 (2)
458 4966 820 5037 Πιστεύωμεν.
883 4970 963 5024 Ita
1021 4966 1366 5040 scripsimus
1423 4988 1495 5026 ex
1545 4966 1694 5026 vers.
1747 4971 1922 5026 Grod.

280 5040 434 5094 Editi
466 5057 674 5094 omnes
705 5046 764 5094 et
795 5057 936 5095 mss.
996 5039 1342 5110 πιστεύομεν,
1395 5043 1681 5098 credimus.
1745 5043 1924 5097 Paulo

275 5118 431 5183 post,
467 5111 597 5166 loco
631 5111 757 5164 Θεὸν
787 5111 1067 5178 ἀληθινόν,
1104 5113 1266 5167 Deum
1299 5130 1502 5180 verum,
1565 5113 1816 5168 habetur
1863 5114 1924 5167 in

276 5183 450 5239 codd.
485 5183 686 5246 Coisl.,
716 5185 856 5248 Roe,
889 5183 1160 5248 Casaub,
1210 5183 1330 5235 Υἱὸν
1387 5183 1671 5251 ἀληθινόν,
1731 5185 1925 5239 Filium

273 5271 490 5310 verum.
522 5258 595 5309 Αι
627 5255 786 5325 prior
815 5255 988 5310 lectio
1017 5261 1141 5310 tum
1171 5273 1239 5310 ex
1296 5256 1466 5310 titulo
1525 5257 1924 5318 catecheseos,

278 5335 406 5381 tum
437 5343 505 5380 ex
535 5343 700 5381 num.
736 5328 820 5382 14.
873 5327 969 5381 ubi
1023 5327 1131 5382 iste
1181 5326 1435 5382 refertur
1481 5328 1740 5398 Symboli
1793 5327 1930 5382 arti-

275 5398 470 5462 culus,
501 5405 557 5452 et
593 5404 712 5452 toto
747 5398 1128 5454 catecheseos
1160 5416 1335 5469 scopo
1371 5406 1429 5454 et
1470 5400 1762 5467 instituto,
1796 5415 1930 5454 vera

277 5469 725 5540 comprobatur.

349 5543 429 5612 (3)
462 5542 711 5596 Diversos
740 5544 1000 5608 factores,
1035 5545 1143 5596 etc.
1182 5543 1392 5598 Multas
1425 5543 1682 5598 haereses
1715 5544 1773 5598 in
1818 5542 1930 5596 hoc

268 5614 406 5668 loco
429 5618 616 5667 notat.
650 5613 915 5668 Primum
938 5630 1042 5667 eos
1064 5615 1164 5683 qui
1197 5615 1462 5670 diversos
1486 5614 1691 5669 mundi
1729 5620 1931 5670 aucto-

266 5703 364 5740 res
400 5683 811 5757 inducebant:
845 5685 963 5739 sive
997 5684 1178 5739 alium
1215 5686 1480 5757 corporis
1511 5691 1570 5740 et
1590 5687 1772 5740 alium
1807 5691 1932 5740 ant-

267 5774 407 5826 mae,
441 5756 631 5812 alium
662 5755 813 5812 lucis
837 5755 1342 5830 tenebrarumque
1365 5757 1550 5814 alium
1571 5758 1934 5813 conditorem

2031 4752 2435 4809 creaturarum
2469 4771 2786 4809 numerum
2821 4752 3162 4825 relegabant
3189 4757 3290 4825 aut
3319 4757 3525 4825 contra
3543 4767 3677 4825 cum

2033 4828 2204 4880 Patre
2236 4826 2699 4890 confundebant,
2724 4831 2835 4881 cat.
2864 4823 3032 4892 ll,‘n.
3069 4827 3153 4877 17.
3179 4823 3370 4876 Tertio
3395 4823 3677 4894 quiChri-

2034 4903 2190 4952 stum
2224 4898 2410 4952 solem
2434 4898 2612 4952 istum
2644 4897 2919 4952 aiebant:
2953 4896 3050 4952 isti
3083 4901 3220 4949 sunt
3270 4894 3572 4949 Manichaei
3606 4910 3677 4949 ex

2036 4974 2147 5023 cat.
2183 4973 2235 5036 6,
2269 4987 2326 5023 ιι.
2359 4971 2444 5034 13,
2469 4975 2528 5023 et
2556 4974 2651 5024 cat
2696 4970 2783 5035 15,
2816 4986 2874 5023 ιι.
2913 4971 2962 5022 3.
3000 4970 3216 5033 Quarto
3275 4983 3375 5020 eos
3420 4967 3520 5036 qui
3577 4983 3675 5020 an-

2035 5041 2196 5113 gelos
2229 5039 2803 5113 mundiconditores
2834 5040 3192 5113 statuebant.
3218 5038 3678 5113 Ita_Simon4Ma_-

2035 5109 2207 5179 gnus,
2245 5111 2548 5178 Basilides,
2606 5112 2898 5176 Nicolaus,
2927 5110 3270 5174 Menander,
3308 5109 3675 5175 Borboriani,

2036 5182 2372 5245 Cerinthus,
2407 5183 2780 5249 Saturninus,
2816 5183 3304 5252 apostolici,teste
3338 5181 3677 5246 Ammonio,

2038 5254 2237 5310 Caten.
2274 5256 2326 5307 in
2349 5255 2508 5325 Joun.
2543 5271 2670 5325 cap.
2706 5271 2745 5314 ι,
2781 5255 2810 5307 3
2838 5271 2850 5307 :
2885 5256 2962 5308 De
2994 5255 3230 5308 Simone
3264 5253 3430 5323 Mago
3453 5260 3682 5307 certum

2041 5342 2108 5379 ex
2143 5328 2388 5390 lrenazo,
2422 5324 2524 5380 lib.
2558 5343 2595 5392 ι,
2629 5342 2756 5392 cap.
2790 5327 2878 5389 23,
2913 5343 2972 5380 ιι,
3006 5329 3077 5388 2;
3122 5326 3199 5378 De
3232 5325 3550 5378 Menandro
3613 5338 3684 5376 ex

2041 5396 2272 5456 eodem.
2296 5395 2460 5460 ibid.,
2497 5413 2556 5452 ιι.
2592 5399 2622 5449 5
2651 5417 2664 5465 ;
2690 5394 2762 5450 de
2810 5396 3149 5461 Saturnino,
3184 5394 3350 5460 ibid.,
3413 5413 3538 5466 cap.
3591 5395 3683 5459 24,

2040 5485 2100 5522 ιι.
2139 5471 2157 5520 1
2199 5487 2212 5534 ;
2246 5468 2317 5522 de
2378 5467 2655 5527 Basilide.
2718 5467 2885 5529 ibid.,
2947 5484 3006 5522 ιι.
3041 5470 3071 5520 8
3105 5471 3163 5520 et
3192 5468 3225 5520 4
3258 5483 3270 5532 ;
3313 5467 3686 5538 Carpocrate,

2041 5556 2168 5610 cap.
2203 5543 2292 5608 25,
2322 5556 2381 5593 ιι.
2415 5541 2437 5594 1
2470 5539 2808 5606 ;Cerintho,
2843 5555 2971 5610 cap.
2996 5543 3152 5605 26,n.
3191 5542 3209 5590 1
3243 5556 3256 5603 ;
3290 5544 3348 5591 et
3372 5535 3690 5606 eiEpiph.,

2041 5612 2252 5666 haeres.
2284 5627 2478 5676 xxvm,
2514 5628 2572 5668 ιι.
2604 5615 2668 5677 1;
2701 5611 2908 5665 omitto
2950 5611 3118 5666 alios.

2115 5684 2190 5754 (4)
2224 5683 2552 5754 Μιιιιίοιιωὶ,
2587 5700 2657 5738 ex
2681 5688 2793 5740 cat.
2828 5686 2914 5750 15,
2944 5701 3002 5737 ιι.
3036 5685 3088 5736 3.

3587 381 3706 442 ἠε
3791 465 3798 470 υ
