4132 6266
338 395 458 455 725

1188 388 1667 459 CATECHESIS
1712 392 1847 461 xu.
1894 384 1999 463 DE
2040 402 2379 467 CHRISTO
2418 374 2907 467 INCARNATO.

3639 392 3760 467 1‘26

1529 801 2255 904 ΚΑΤΗΧΗΣΙΣ
2343 809 2494 903 IB’

1775 1003 2281 1065 ΦΘΤΙΖΟΜΕΝΩΝ
2290 1047 2302 1060 .

328 1183 416 1239 Ἐν
471 1181 877 1257 Ἱεροσολύμοις
943 1180 1348 1258 σχεδιασθιῖσα,
1437 1184 1513 1247 εἷς
1587 1185 1675 1253 τὸ,
1762 1186 2119 1261 Σαρκωθὲντα
2202 1187 2282 1258 (1)
2361 1185 2453 1242 καὶ
2532 1187 3078 1261 ἐνανθρωπήσανταν
3125 1184 3218 1243 καί
3290 1186 3602 1262 ἂνάγνωσις
3687 1188 3746 1245 ἐν

394 1270 492 1326 τοῖ’)
543 1270 786 1328 Ἡσαΐου·
842 1272 943 1329 Καὶ
994 1272 1292 1347 προσέθετο
1369 1275 1570 1350 Κύριος
1656 1272 1897 1345 λαλῆσαι
1980 1278 2060 1348 τῷ
2145 1274 2344 1351 Ἀχάζ,
2427 1274 2626 1350 λέγων’
2715 1276 2939 1346 Αἴτησαι
3026 1280 3235 1348 σεαυτῷ
3313 1281 3566 1349 σημεῖον
3658 1263 3750 1332 καὶ

394 1359 540 1430 ἑξῆς·
598 1358 737 1418 Ἰδοὺ
790 1364 825 1431 ἡ
883 1362 1147 1434 παρθένος
1206 1361 1259 1417 ἐν
1316 1363 1506 1439 γαστρὶ
1593 1361 1850 1437 λήψεται.
1936 1365 2028 1419 καὶ
2104 1365 2311 1436 τὲξεται
2392 1365 2532 1434 υἱὸν,
2619 1365 2708 1420 καὶ
2789 1363 3086 1421 καλὲσουσι
3170 1364 3233 1419 τὸ
3314 1359 3494 1437 ὄνομα
3576 1363 3733 1421 αὐτοὶ

325 1437 711 1519 Ἐμμανουήλ,
743 1449 833 1505 καὶ
862 1449 931 1506 τὰ
953 1448 1103 1521 ἑξῆς.

935 1760 1628 1857 CATECHESIS
1680 1766 1843 1851 XII
1888 1764 2978 1854 ILLUMINANDORUM
3029 1753 3123 1851 ‘2’.

314 1913 468 1968 188
500 1913 926 1986 Hierosolymis
955 1931 1026 1971 ex
1058 1919 1323 1987 tempore
1354 1916 1759 1988 pronuntiata,
1792 1917 1856 1972 in
1879 1915 2028 1971 illud
2052 1932 2065 1970 :
2101 1939 2122 1966 α
2146 1917 2255 1982 Qui
2278 1917 2622 1977 incarnatus
2649 1921 2709 1972 et
2728 1916 3152 1973 inhumanatus
3177 1921 3287 1973 est.
3315 1939 3337 1966 ι
3368 1919 3439 1972 Et
3457 1917 3633 1974 lectio
3662 1934 3733 1974 ex

386 2004 567 2058 Isaia:
601 2025 629 2053 ‹‹
650 2005 721 2059 Et
743 2004 962 2075 adjecit
992 2005 1279 2061 Dominus
1300 2005 1465 2077 loqui
1495 2005 1571 2061 ad
1600 2007 1810 2074 Achaz,
1843 2006 2083 2061 dicens:
2115 2008 2257 2062 Pete
2293 2007 2397 2061 tibi
2429 2006 2542 2078 ipsi
2571 2007 2805 2078 signum
2831 2025 2845 2073 ;
2874 2028 2901 2056 ››
2934 2012 2993 2062 et
3022 2006 3207 2063 infra:
3233 2029 3261 2057 «
3296 2008 3442 2063 Ecce
3472 2007 3631 2081 virgo
3664 2007 3727 2063 in

382 2114 410 2141 «
445 2098 611 2148 utero
637 2093 908 2165 accipiet,
940 2099 999 2150 et
1026 2094 1219 2165 pariet
1251 2094 1461 2164 ﬁlium,
1497 2099 1556 2150 et
1583 2095 1877 2152 vocabunt
1905 2111 2129 2152 nomen
2161 2096 2290 2168 ejus
2331 2097 2688 2152 Emmanuel
2711 2096 2757 2131 τί
2782 2114 2795 2163 ;
2829 2117 2858 2147 »
2893 2101 2954 2151 et
2982 2112 3114 2167 quae
3147 2101 3501 2167 sequuntur.

383 2372 461 2429 A'.
521 2369 766 2446 Ἀγνιίας
817 2369 1111 2447 σύντροφοι
1168 2371 1260 2426 καὶ
1348 2373 1706 2450 σωφροσύνης
1790 2373 1954 2445 μαθη-

2150 2376 2192 2431 Ι.
2226 2374 2507 2429 Puritatis
2549 2373 2779 2429 alumni
2835 2373 2912 2445 (4)
2966 2378 3024 2430 et
3079 2374 3368 2430 castitatis
3422 2373 3729 2447 discipuli,

309 2461 422 2529 ταὶ,
454 2460 547 2515 τὸν
606 2459 666 2515 ὲκ
724 2459 1000 2532 Παρθένου
1052 2463 1127 2534 (3)
1183 2462 1499 2536 γεννηθέντα
1555 2463 1707 2528 Θεὸν,
1766 2460 1974 2539 ἆγνείας

316 2555 537 2623 μεστοῖς
568 2549 811 2624 χείλεσιν
843 2551 1263 2624 ἆνυμνήσωμεν·
1299 2553 1369 2610 Οἱ
1426 2556 1524 2606 τοῦ
1578 2557 1785 2623 νοητοῦ
1841 2574 1972 2628 προ-

315 2635 485 2694 ϐάτου
535 2643 641 2693 τῶν
700 2644 869 2713 κρεῶν
933 2635 1257 2713 μεταλαϐεῖν
1316 2641 1757 2714 καταξιούμενοι,
1807 2663 1968 2721 κεφα-

314 2726 424 2799 λήν
481 2729 614 2799 μετὰ
667 2732 774 2782 τῶν
828 2726 1013 2784 ποδῶν
1080 2724 1496 2803 μεταλάϐωμεν·
1566 2731 1813 2808 κεφαλῆς
1875 2732 1966 2804 μὲν

306 2826 413 2888 τῆς
470 2819 724 2890 θεότητος
782 2821 1109 2894 νοουμένης,
1170 2818 1356 2875 ποδῶν
1414 2817 1471 2876 δὲ
1525 2828 1626 2891 τῆς
1680 2821 1966 2897 ἀνθρωπό-

305 2929 474 2978 τητος
542 2905 1058 2983 ἐκλαμϐανομένης.
1148 2911 1216 2969 Ol.
1287 2915 1395 2966 τῶν
1481 2912 1648 2988 ἁγίων
1726 2911 1964 2989 Εὐαγγε-

308 2996 445 3053 λίων
497 2997 783 3071 ἀκροαταὶ,
848 3000 1072 3075 Ἰωάννῃ
1141 3004 1221 3072 τῷ
1296 2999 1555 3077 Θεολόγῳ
1632 2998 1963 3074 πιισθῶμεψ

304 3087 364 3142 ⁸0
392 3088 494 3163 γὰρ
545 3087 738 3156 εἰπὼν,
798 3089 887 3145 Ἐν
946 3089 1095 3164 ἀρχῇ
1155 3089 1224 3158 ἦν
1281 3090 1308 3143 ὁ
1369 3091 1566 3165 Λόγος,
1620 3091 1709 3145 καὶ
1765 3091 1793 3145 ὁ
1853 3091 1963 3147 Λό-

302 3197 399 3250 γος
451 3178 517 3245 ἦν
578 3178 715 3247 πρὸς
755 3179 850 3234 τὸν
924 3180 1079 3245 Θεὸν,
1164 3180 1256 3234 καὶ
1341 3181 1472 3242 Θεὸς
1550 3180 1617 3250 ἧν
1674 3182 1703 3236 ὁ
1761 3180 1957 3256 Λόγος⁶

303 3263 545 3340 ἐπήγαγε
638 3265 834 3342 λέγων,
944 3268 1047 3323 Καὶ
1131 3268 1160 3322 ὁ
1246 3269 1428 3344 Λόγος
1512 3270 1641 3345 σὰρξ
1727 3269 1958 3345 ἐγένετο.

2083 2465 2269 2520 Deum
2292 2481 2359 2518 ex
2379 2464 2614 2536 Virgine
2637 2470 2842 2518 natum
2867 2464 3063 2535 plenis
3085 2464 3355 2520 castitate
3373 2462 3547 2519 labiis
3578 2464 3732 2520 cele-

2080 2553 2323 2608 bremus
2350 2553 2457 2617 Qui
2482 2550 2908 2608 intellectualis
2924 2553 3047 2607 ovis
3069 2553 3143 2624 (ὅ)
3170 2552 3452 2608 carnibus
3473 2553 3626 2609 vesci
3650 2553 3735 2607 di-

2080 2643 2177 2716 gni
2195 2644 2693 2714 habemur,caput
2704 2643 2881 2698 simul
2895 2660 3032 2699 cum
3052 2643 3303 2715 pedibus
3317 2658 3620 2698 sumamus
3636 2642 3683 2677 ⁷³
3712 2660 3725 2713 ;

2081 2732 2389 2788 divinitate
2418 2749 2526 2805 per
2554 2737 2750 2804 caput,
2784 2732 3155 2787 humanitate
3197 2748 3334 2787 vero
3389 2748 3497 2802 per
3544 2732 3726 2803 pedes

2078 2824 2402 2880 intellecta.
2437 2823 2545 2888 Qui
2577 2828 2782 2877 sancta
2811 2823 3086 2878 audimus
3134 2821 3467 2893 Evangelia,
3511 2822 3722 2877 Joanni

2076 2912 2368 2985 Theologo
2398 2911 2707 2966 audientes
2739 2912 2926 2966 simus
2953 2928 2966 2965 :
2999 2910 3099 2965 ille
3123 2911 3282 2965 enim
3300 2914 3611 2982 postquam
3634 2910 3722 2965 di-

2075 3002 2198 3057 xit:
2232 3023 2261 3052 ‹‹
2293 3002 2357 3054 In
2388 3000 2683 3071 principio
2717 3005 2843 3054 erat
2874 2998 3151 3059 Verbum.
3185 3003 3245 3053 et
3294 2998 3549 3055 Verbum
3594 3003 3724 3055 erat

2076 3112 2105 3142 ‹‹
2119 3090 2277 3163 apud
2289 3091 2474 3145 Deum
2485 3090 2728 3154 ,etDeus
2743 3094 2869 3143 erat
2880 3087 3135 3143 Verbum
3148 3085 3225 3153 ⁷⁴;
3247 3109 3274 3137 ››
3291 3086 3428 3142 dein
3446 3087 3720 3159 subjecit,

2074 3181 2279 3237 dicens
2296 3194 2309 3234 :
2326 3202 2352 3229 ‹‹
2370 3179 2440 3232 Et
2459 3177 2711 3233 Verbum
2725 3193 2860 3232 caro
2873 3175 3094 3232 factum
3108 3175 3256 3231 est75
3270 3198 3319 3230 ».
3336 3179 3537 3248 Neque
3559 3177 3721 3232 enim

2073 3268 2301 3327 nudum
2332 3267 2639 3323 hominem
2669 3266 2918 3323 adorare
2947 3265 3037 3323 fas
3069 3271 3159 3321 est
3184 3283 3198 3333 ;
3225 3281 3337 3323 nec
3391 3267 3577 3322 Deum
3627 3283 3720 3325 so-

374 3390 422 3427 7‘
447 3393 560 3447 Isa.
592 3409 693 3458 vn,
726 3396 811 3448 10.
890 3394 936 3429 ⁷³
964 3394 1146 3452 Exod.
1178 3412 1279 3462 xu,
1312 3397 1365 3449 9.
1443 3395 1490 3430 π
1516 3396 1682 3452 Joan.
1715 3413 1754 3464 ι,
1789 3400 1839 3453 1.
1915 3394 1954 3428 ’⁷⁵

2064 3394 2140 3450 id.
2174 3397 2262 3458 14,

374 3518 449 3594 (1)
482 3517 856 3594 ξαρκωθξντα.
893 3519 1079 3594 Hujus
1109 3521 1268 3576 vocis
1318 3521 1446 3577 loco
1497 3522 1753 3594 Cyrillus
1802 3523 1960 3594 hunc
1990 3524 2037 3589 B

304 3589 624 3662 articulum
650 3590 917 3662 referens
965 3589 1146 3662 hujus
1202 3597 1319 3662 cat.
1367 3610 1427 3648 ιι.
1485 3589 1572 3659 13⁷,
1619 3594 1847 3659 scribit,
1904 3590 1956 3646 ἐν

307 3659 463 3737 σαρκὶ
495 3660 952 3737 παραγενόμενον.
986 3659 1137 3737 Ante
1186 3661 1379 3737 Ἀχάζ,
1432 3664 1761 3737 adjecimus
1813 3665 1958 3721 arti-

307 3732 509 3802 culum
537 3732 618 3802 τῷ
641 3732 712 3788 ex
742 3732 870 3789 cod.
903 3735 1078 3791 Coisl.
1112 3741 1172 3790 et
1215 3732 1381 3791 sacro
1433 3732 1613 3791 teitu.
1667 3737 1815 3791 Loco
1856 3754 1956 3788 κα-

306 3799 550 3879 λᾴσοοσι,
584 3799 754 3860 codd.
789 3806 961 3879 Coisl.
996 3812 1055 3861 et
1095 3807 1287 3862 Ottob.
1341 3807 1562 3863 habent
1602 3809 1777 3879 utin
1817 3824 1955 3879 pro-

348 3875 542 3950 betico
576 3881 758 3939 textu,
798 3874 1066 3950 καλέσεις,
1126 3879 1382 3950 vocabis;
1432 3884 1493 3934 at
1529 3878 1782 3950 Cyrillus
1817 3874 1956 3950 ipse

304 3945 483 4018 hujus
514 3953 626 4002 cat.
662 3965 720 4003 ιι
754 3952 843 4014 21,
877 3949 1039 4022 legit,
1067 3945 1380 4005 καλὲσουσι.
1415 3951 1553 4016 Quae
1575 3945 1691 4006 'vox
1722 3945 1957 4022 sumpta

304 4033 374 4073 ex
410 4020 609 4075 Matth.
644 4037 682 4078 ι.
717 4022 770 4078 3.
824 4020 982 4077 hunc
1038 4021 1205 4077 Isaias
1262 4022 1460 4078 locum
1505 4022 1820 4078 referente.
1871 4024 1957 4077 Ita

304 4095 516 4166 tamen
534 4091 724 4166 multi
744 4092 940 4166 Patres
969 4091 1185 4165 legere,
1219 4099 1286 4148 ut
1317 4095 1483 4166 Greg.
1518 4095 1686 4165 Nyss.
1735 4094 1797 4149 in
1828 4097 1950 4149 nat.

301 4162 545 4223 Christi.
578 4180 634 4234 p.
670 4164 795 4225 344,
827 4170 936 4219 etc.

374 4234 448 4305 (2)
480 4232 690 4358 liabita
717 4240 807 4290 est
836 4236 1109 4306 sequenti
1169 4234 1264 4291 die
1313 4241 1448 4307 post
1491 4236 1949 4307 prmeedentem,

374 4321 470 4358 im.
550 4349 563 4358 .

300 4320 470 4360 num.
506 4320 563 4360 4.

373 4376 446 4447 (3)
503 4376 601 4428 Τὸν
644 4373 723 4449 Asx
784 4372 1081 4449 Παρθένου.
1162 4375 1640 4449 Αιθῐίοιιὶιιιιιτόν
1720 4377 1951 4449 addidi-

302 4463 434 4521 mus
458 4464 528 4502 ex
552 4447 722 4521 codd.
746 4447 923 4521 Coisl.
950 4452 1111 4521 Reg,
1149 4452 1290 4516 Roe,
1321 4448 1569 4504 Casaub.
1606 4449 1748 4505 Poot
1799 4447 1948 4517 Θεόν,

300 4517 631 4592 additurin
670 4520 846 4592 Coisl.
907 4517 1106 4592 Λόγόν,
1166 4523 1330 4577 Deum
1395 4521 1635 4592 Verbum,
1696 4537 1763 4576 ac
1818 4528 1952 4592 post

297 4586 509 4664 χείλεῖι
542 4591 604 4664 in
632 4591 842 4664 eodem
874 4598 933 4646 et
963 4586 1022 4646 in
1048 4586 1187 4664 Reg.
1221 4592 1518 4664 adjicitur,
1549 4586 1638 4644 καὶ
1698 4586 1942 4659 συνεὶδήο

297 4661 433 4733 σίεως
464 4661 688 4733 ἀγαθῆς,
724 4685 751 4711 ‹‹
775 4663 967 4733 plenis
988 4661 1276 4720 castitatis
1295 4661 1355 4718 et
1374 4663 1544 4718 bonan
1567 4664 1946 4719 conscientias

297 4755 323 4781 ‹‹
354 4731 530 4806 labiis
554 4731 944 4789 celebremus.
969 4757 995 4783 n
1029 4736 1351 4806 Sequentia
1370 4734 1442 4790 de
1474 4735 1817 4791 conﬁtenda
1835 4736 1943 4790 hu-

294 4805 586 4861 manitate
618 4805 795 4860 simul
819 4822 951 4861 cum
972 4805 1279 4863 divinitate
1297 4806 1535 4871 Christi,
1558 4822 1626 4861 ex
1645 4823 1946 4875 compara-

296 4875 455 4929 tione
512 4877 647 4929 ειρηί
700 4878 1016 4929 Daschalis.
1074 4878 1419 4929 transcribit
1449 4878 1502 4929 S.
1537 4878 1701 4929 Nilus
1741 4878 1842 4929 lib.
1879 4895 1939 4929 ιι-

320 4892 455 4930 ione
512 4893 647 4945 agni

296 4947 466 5020 epist.
507 4950 627 5013 187,
659 4947 941 5019 adjuncta
970 4951 1169 5020 phrasi
1203 4968 1271 5006 ex
1301 4956 1413 5005 cat.
1447 4950 1502 5016 4,
1529 4965 1589 5004 ιι.
1619 4953 1671 5006 9.

364 5018 440 5089 (4⁸
473 5017 746 5075 Puritatis
774 5017 1004 5093 alumni.
1042 5021 1133 5076 Sic
1164 5020 1396 5076 reddidi
1424 5037 1653 5093 ivocem
1709 5017 1944 5093 ἁγνείας,

292 5106 433 5159 qum
465 5107 808 5161 quanquam
842 5092 997 5163 apud
1023 5098 1297 5148 auctores
1319 5092 1753 5148 ecclesiasticos
1771 5093 1943 5146 casti-

291 5166 473 5236 tatem
505 5179 768 5236 omnem,
796 5164 913 5236 sive
945 5164 1416 5236 virginumisive
1446 5164 1777 5236 viduoruiii.
1826 5163 1944 5217 sive

290 5234 427 5307 conj
440 5250 619 5306 ugum
636 5234 1119 5307 rsigniﬁcet.apud
1134 5235 1418 5307 Cyrillum
1445 5241 1663 5307 tamen,
1687 5234 1736 5289 si
1762 5252 1943 5307 unum

290 5303 801 5379 locum‘excipias,
835 5303 1192 5379 virginalem
1229 5306 1942 5379 semperncontinenliam

287 5374 561 5458 designat
604 5374 669 5458 lii
692 5378 803 5458 hoc
829 5374 1090 5458 exordio
1119 5374 1378 5450 Cyrillus
1412 5377 1808 5458 tribushujus
1840 5394 1940 5458 pe-

288 5448 440 5522 riodi
470 5449 757 5522 membris
789 5450 902 5505 tria
932 5448 1242 5505 hominum
1274 5466 1493 5522 genera
1520 5448 1666 5503 mihi
1710 5448 1943 5522 videtur

289 5518 536 5602 alloqui.
567 5525 628 5602 in
657 5522 848 5602 primo
878 5518 1515 5602 virginesetcielibes;
1563 5536 1712 5602 quos
1763 5519 1939 5602 etiam

288 5591 349 5646 in
375 5592 492 5647 ﬁne
512 5592 891 5648 catecheseos
912 5591 1187 5649 convenit
1207 5593 1359 5649 sicut
1378 5592 1569 5660 initio,
1587 5591 1648 5647 in
1679 5591 1939 5647 secundo

287 5661 502 5736 fideles
556 5664 880 5734 baptizatos
937 5664 1038 5736 qui
1093 5664 1473 5721 Eucharistiaa
1541 5662 1934 5736 participant;

287 5734 631 5805 Christique
663 5753 769 5807 per
798 5734 1013 5808 agnum
1040 5736 1382 5792 Paschalem
1406 5734 1636 5810 ﬁgurati
1660 5734 1937 5792 carnibus

2067 3520 2488 3585 vescebantur;
2523 3519 2583 3572 in
2616 3519 2790 3573 tertio
2818 3534 3027 3573 omnes
3056 3535 3299 3589 prorsus
3321 3519 3420 3589 qui
3447 3518 3719 3586 aderant,

2067 3592 2393 3664 baptizatos
2416 3590 2890 3664 etbaptizandos.
2919 3590 3285 3664 Gaditigitur
3296 3590 3588 3664 Alhertini
3613 3591 3719 3664 ob-

2059 3661 2244 3735 jectio
2267 3667 2475 3717 contra
2502 3662 2724 3735 realem
2757 3662 3022 3735 corporis
3049 3661 3265 3735 Christi
3295 3661 3714 3735 manducatio-

2065 3732 2204 3790 nem
2234 3735 2373 3789 inde
2401 3733 2604 3805 petita,
2634 3732 2792 3805 quod
2823 3732 3204 3803 baptizandos
3232 3732 3488 3805 Cyrillus
3519 3735 3715 3805 carnis

2067 3806 2282 3861 Christi
2310 3803 2630 3876 participes
2647 3803 2884 3863 efﬁciat.
2914 3819 3163 3874 eamque
3194 3803 3714 3876 manducationem

2065 3874 2383 3933 concludat
2402 3877 2465 3931 in
2488 3874 2603 3931 ﬁde
2624 3876 2950 3930 divinitatis
2970 3880 3029 3930 et
3048 3874 3437 3946 humanitatis
3465 3875 3613 3946 ejus.
3642 3877 3717 3930 At

2064 3950 2253 4021 prime
2278 3949 2339 4003 in
2360 3949 2472 4003 hoc
2502 3948 2770 4021 membro
2802 3947 3124 4021 baptizatos
3143 3945 3496 4021 alloquitur;
3522 3961 3715 4021 quan-

2065 4015 2245 4092 quam
2275 4037 2395 4075 non
2429 4019 2687 4076 difﬁteor
2714 4015 2976 4074 idem—ad
3009 4015 3413 4092 baptizandos
3437 4015 3569 4092 dici
3608 4034 3709 4087 po-

2064 4087 2270 4158 tuisse,
2304 4108 2453 4162 quos
2475 4096 2587 4146 cat.
2624 4095 2672 4156 1,
2698 4106 2755 4144 n.
2788 4094 2836 4162 1.
2870 4110 2889 4136 «
2913 4087 3334 4161 mysteriorum
3357 4087 3713 4162 Christipar-

2064 4164 2273 4234 ticipes
2299 4158 2338 4211 ››“
2357 4163 2533 4229 dicit;
2568 4178 2687 4216 non
2736 4158 3064 4234 quidem're
3088 4167 3139 4215 et
3174 4162 3378 4229 gratia,
3413 4158 3517 4213 sed
3540 4175 3708 4234 poca-

2062 4230 2208 4289 tion'e
2240 4235 2433 4289 solum
2464 4240 2521 4288 et
2549 4238 2710 4288 certa
2736 4230 3214 4304 exspectatione;
3248 4247 3522 4304 quosque
3538 4230 3711 4285 bonis

2061 4305 2340 4377 baptismi
2370 4305 2692 4376 anticipato
2725 4303 2837 4358 frui
2854 4303 3078 4377 passim
3100 4303 3362 4377 inculcat
3407 4303 3469 4355 2°
3492 4303 3708 4377 Quam-

2060 4374 2154 4432 vis
2178 4377 2326 4432 ﬁdes
2367 4378 2427 4431 in
2485 4374 2804 4441 Christum,
2853 4374 3122 4446 quaedam
3167 4374 3415 4445 mystica
3458 4374 3535 4446 sit
3578 4374 3708 4446 ejus

2060 4446 2537 4504 manducationis
2586 4447 2836 4518 species,
2872 4444 2965 4501 _ea
3021 4452 3221 4518 tamen
3280 4462 3401 4518 non
3456 4444 3709 4518 destruit

2058 4520 2281 4576 realem
2311 4523 2438 4589 ejus
2471 4520 2532 4574 in
2563 4515 2933 4573 Eucharistia
2961 4516 3517 4589 manducationem:
3554 4515 3707 4589 nihil

2059 4593 2219 4647 enim
2251 4586 2533 4663 ρι’ὼοίρυί
2564 4606 2744 4663 supra
2773 4590 3249 4663 catechumenos.
3283 4587 3499 4663 quibus
3558 4586 3705 4663 ﬁdes

2056 4663 2118 4718 in
2150 4657 2452 4718 Christum
2478 4657 2898 4733 imperabatur,
2934 4659 3282 4733 habuissent
3304 4657 3552 4733 ﬁdeles;
3579 4657 3706 4728 qui-

2055 4733 2165 4790 bus
2199 4741 2394 4791 tamen
2417 4729 2787 4789 Eucharistia
2816 4738 3098 4802 tanquam
3126 4731 3331 4802 ingens
3358 4729 3701 4802 favor,cate-

2056 4807 2365 4861 chumenis
2398 4822 2516 4860 non
2563 4810 2807 4871 negatus
2858 4801 3049 4858 solum
3100 4801 3213 4857 sed
3251 4806 3310 4855 et
3347 4801 3700 4869 occultatus,

739 4878 1016 4941 aschalis.
1074 4878 1419 4935 transcribit
1449 4878 1502 4931 S.
1536 4878 1701 4933 Nilus
1741 4872 1842 4933 lib.
1879 4895 1939 4949 ιι,
1974 4880 2018 4947 C
2058 4877 2602 4949 commendabatur.
2637 4876 2795 4949 Quin
2818 4875 2936 4949 imo
2971 4874 3073 4929 illa
3102 4890 3209 4944 per
3238 4873 3415 4949 ﬁdem
3446 4872 3698 4949 mandu:

2055 4949 2228 5015 catio,
2274 4948 2556 5019 supponit
2606 4964 2727 5019 pro
2773 4943 3159 5019 fundamento
3215 4944 3436 5019 realem
3487 4943 3703 5019 Christi

2058 5015 2805 5090 participationem[istius
2837 5034 2942 5090 per
2998 5016 3176 5090 ﬁdem
3225 5015 3703 5090 manducationis

2059 5087 2335 5162 ﬁguram;
2369 5096 2428 5145 et
2458 5094 2869 5162 argumentum
2903 5088 3105 5159 Cyrilli
3135 5087 3294 5162 quod
3327 5093 3484 5142 totus
3514 5088 3706 5162 Chris-

2054 5159 2151 5216 tus
2181 5162 2513 5217 credendus
2532 5159 2621 5216 'sit
2642 5160 2782 5231 quia
2806 5165 2960 5214 totus
2981 5159 3396 5231 manducatur,
3423 5159 3707 5231 supponit

2057 5239 2112 5287 et
2143 5250 2359 5305 agnum
2393 5230 2956 5305 paschale’mitotum
2986 5248 3021 5286 a
3049 5230 3287 5305 Iudaeis,
3322 5235 3381 5286 et
3405 5230 3703 5305 Christum

2054 5302 2242 5359 totum
2269 5322 2303 5360 a
2336 5302 2613 5359 ﬁdelibus
2640 5303 2879 5359 realiter
2933 5302 3378 5358 manducatum.
3412 5302 3701 5357 Caeterum

2052 5377 2157 5431 illa
2186 5376 2397 5447 capitis
2418 5383 2478 5430 et
2508 5376 2724 5445 pedum
2766 5374 2900 5447 agni
2930 5374 3225 5446 paschalis
3255 5373 3579 5447 adChristi
3612 5373 3703 5427 di-

2050 5445 2358 5503 vinitatem
2390 5455 2449 5502 et
2469 5445 2901 5502 humanitatem
2926 5445 3417 5513 accommodatio,
3441 5461 3699 5500 commu.

2050 5520 2144 5575 nis
2174 5526 2264 5575 est
2292 5519 2450 5589 apud
2481 5520 2711 5574 Graecos
2735 5525 2793 5573 et
2822 5520 3058 5574 Latinos
3080 5521 3306 5587 Patres,
3326 5522 3464 5573 ante
3488 5522 3546 5572 et
3564 5520 3699 5585 post

2048 5592 2488 5659 Berengarium.

2118 5665 2192 5735 (ὅ)
2220 5658 2435 5719 Christi
2464 5677 2570 5735 per
2598 5676 2814 5735 agnum
2852 5660 3193 5733 paschalem
3221 5658 3477 5731 ﬁgurati.
