4124 6260
372 376 480 436 731

1425 371 1489 431 S.
1537 367 1848 433 CYRILLI
1894 362 2301 431 HIEBOSOL.
2346 369 2712 433 ARCHIEP.

3664 375 3783 432 732

371 510 589 566 habere
620 507 842 580 queat?
871 507 1071 579 Igitur,
1113 506 1161 561 si
1197 505 1411 560 Christi
1460 503 1749 560 adventus
1773 520 2014 560 causam

2133 501 2238 564 τεῒς
2267 508 2367 572 τῆς
2405 505 2645 578 Χριστοῦ
2698 503 2999 579 παρουσίας
3028 503 3091 559 τὸ
3121 502 3319 574 αἴτιον,
3376 501 3652 580 ἀνάδραμε
3694 504 3781 561 ἐπὶ

368 598 643 670 inquiris,
669 614 911 653 recurre
927 595 1002 651 ad
1031 594 1289 667 primum
1306 594 1742 664 Scripturarum
1772 592 2013 649 librum.

368 689 479 744 Sex
505 689 565 743 in
590 687 801 742 diebus
824 685 977 740 Deus
1006 684 1296 739 mundum
1326 682 1467 738 fecit
1491 699 1502 735 :
1530 697 1734 737 verum
1756 681 2015 737 mundus

366 782 610 850 propter
638 776 946 831 hominem
975 779 1082 830 est.
1124 773 1225 828 Sol
1273 771 1774 845 splendidissimis
1822 770 2014 843 fulgo-

366 869 531 923 ribus
563 866 781 922 micat:
816 864 917 919 sed
939 868 1004 919 ut
1034 862 1259 918 homini
1292 861 1505 928 luceat,
1532 861 1774 917 etl'ectus
1805 865 1923 926 est;
1956 864 2016 915 et

365 957 568 1013 omnia
597 953 903 1019 animalia,
926 956 990 1007 ut
1013 951 1187 1006 nobis
1210 950 1468 1005 serviant
1497 950 1818 1006 constituta
1838 954 2010 1017 sunt;

363 1045 564 1101 herbas
595 1050 654 1099 et
682 1042 924 1098 arbores
954 1040 1028 1095 ad
1058 1056 1233 1095 usum
1258 1044 1529 1096 nostrum
1562 1044 1794 1095 creatis.
1827 1040 2011 1106 Bona,

366 1134 608 1207 opiﬁcia
637 1133 840 1189 omnia
861 1132 944 1198 3';
988 1129 1093 1185 sed
1140 1129 1374 1185 nullum
1403 1145 1607 1185 eorum
1661 1128 1853 1202 imago
1886 1128 2010 1197 Dei,

366 1229 583 1297 praeter
602 1221 906 1276 hominem
925 1219 1138 1275 solum.
1164 1218 1261 1273 Sol
1281 1218 1561 1275 mandato
1592 1216 1815 1284 solum;
1835 1217 2011 1271 homo

368 1312 583 1368 divinis
642 1310 916 1366 manibus
949 1309 1291 1364 etl‘ormatus
1348 1307 1475 1362 fuit.
1518 1308 1805 1362 Faciamus
1837 1306 2010 1360 homi-

366 1418 490 1458 nem
517 1401 590 1455 ad
630 1401 927 1469 imaginem
982 1404 1228 1452 nostram
1275 1404 1327 1451 et
1385 1397 1459 1451 ad
1485 1395 1908 1453 similitudinem
1945 1393 2010 1449 ⁸⁸.

365 1491 581 1563 Lignea
610 1487 830 1543 terreni
858 1485 1012 1558 regis
1054 1486 1245 1557 imago
1280 1486 1609 1541 honoratur
1641 1484 1756 1553 (t);
1790 1487 2010 1554 quanto

366 1578 554 1651 magis
586 1574 957 1631 rationabilis
1009 1574 1201 1645 imago
1256 1574 1405 1629 Dei?
1435 1576 1509 1629 At
1546 1573 1870 1628 maximum
1898 1571 2012 1627 hoc

366 1667 740 1740 opiﬁciorum
772 1665 896 1729 Dei,
930 1664 991 1718 in
1041 1664 1316 1735 paradiso
1360 1663 1571 1718 choros
1620 1679 1820 1736 agens,
1870 1660 2009 1716 inde

365 1757 589 1813 diaboli
639 1755 819 1827 ejecit
862 1753 1085 1809 invidia
1129 1752 1197 1809 ⁸⁷.
1231 1753 1559 1809 Plaudebat
1586 1752 1701 1808 sibi
1730 1751 2010 1807 inimicus

2125 589 2189 646 τό
2215 596 2432 667 πρῶτον
2460 597 2568 648 τῶν
2588 597 2815 668 Γραφῶν
2848 587 3089 668 βιϐλίον.
3121 593 3207 648 Ἐν
3242 591 3293 667 ἔξ
3324 593 3561 669 ἡμέραις
3590 592 3780 665 ἐποίη-

2128 700 2215 736 σεν
2237 682 2265 735 6
2287 681 2414 744 Θεὸς
2441 682 2533 737 τὸν
2552 682 2788 754 κόσμον·
2806 679 2936 737 ἀλλ’
2964 682 2992 736 6
3013 681 3219 755 κόσμος
3254 678 3343 736 διὰ
3369 681 3465 737 τὸν
3490 679 3778 757 ἄνθρωπον

2124 767 2324 833 Ἥλιος
2358 770 2452 842 μὶν
2502 772 2606 845 γὰρ
2662 769 3075 845 λαμπροτάταις
3136 773 3211 844 (2)
3269 769 3461 844 αὐγαῖς
3516 769 3781 827 ἀποστίλ-

2126 850 2262 927 ϐων,
2303 857 2449 914 ἀλλᾶ
2478 855 2567 914 διὰ
2594 859 2657 914 τὸ
2688 859 2959 934 ἀνθρώπῳ
2990 858 3189 936 φαίνειν
3224 857 3452 936 ἐγένετο·
3485 859 3575 915 καὶ
3611 862 3781 916 πάντα

2128 945 2271 1003 δὶτᾶ
2300 953 2432 1018 ζῶα,
2479 945 2567 1004 διὰ
2621 951 2683 1005 τὸ
2743 947 3027 1020 δοηλεόειν
3080 952 3216 1024 ἡμῖν
3270 951 3521 1022 κατέστη·
3561 950 3777 1026 βοτάναι

2123 1037 2216 1093 καὶ
2276 1035 2467 1114 δένδρα
2516 1035 2607 1094 διὰ
2658 1039 2760 1108 τήν
2814 1041 3084 1116 ἡμετέραν
3151 1039 3452 1096 ἀπόλαυσιν
3504 1039 3724 1110 ἐκτίσθη
3761 1083 3774 1097 .

2126 1125 2307 1182 Πάντα
2361 1126 2505 1182 καλά
2555 1128 2623 1184 τά
2678 1126 3166 1202 δημιουργήματα,
3227 1127 3372 1183 ἀλλά
3420 1128 3623 1197 τούτω,
3676 1128 3775 1184 οὗ-

2125 1212 2208 1270 δὲν
2242 1214 2402 1270 εἰκὼν
2431 1221 2588 1287 Θεοῦ,
2642 1215 2809 1290 μόνος
2841 1214 2898 1271 δὲ
2929 1217 3236 1292 ἅνθρωπος.
3296 1216 3495 1279 Ἥλιος
3537 1219 3773 1291 προστά-

2119 1325 2287 1380 γματι
2323 1304 2476 1378 μόνῳ
2506 1309 2609 1376 (3),
2670 1305 2959 1381 ἄνθρωπος
2988 1303 3045 1360 δὶ
3075 1306 3234 1382 χερσὶ
3295 1306 3465 1372 θείαις
3503 1306 3773 1377 ἐπλάσθη·

2122 1395 2448 1466 Ποιήσωμεν
2510 1392 2808 1471 ἄνθρωπων
2889 1396 3008 1450 κατ’
3066 1395 3248 1452 εἰκόνα
3329 1397 3600 1470 ἡμετέραν
3687 1398 3774 1452 καὶ

2120 1483 2239 1536 καθ’
2268 1483 2559 1556 ὁμοίωσιν,
2594 1484 2771 1541 Elicth
2833 1483 3023 1556 ξυλίνη
3082 1483 3328 1561 ἐπιγείου
3389 1483 3664 1561 βασιλέως
3694 1507 3775 1541 τι-

2125 1577 2311 1644 μᾶται⁶
2345 1573 2498 1647 πόσῳ
2547 1594 2611 1650 γε
2662 1572 2875 1648 μᾶλλον
2934 1573 3093 1630 εἰκὼν
3155 1573 3349 1650 λογικὴ
3383 1579 3516 1631 Θεοῦ
3605 1574 3780 1634 Ἀλλὰ

2117 1664 2280 1715 τοῦτο
2316 1660 2379 1716 τὸ
2412 1660 2668 1736 μέγιστον
2728 1666 2836 1719 τῶν
2894 1659 3429 1739 δημιουργημάτων,
3486 1662 3541 1721 ἐν
3601 1685 3777 1739 παρα-

2121 1745 2281 1823 δείσῳ
2310 1754 2565 1826 χορεῦον,
2627 1751 2823 1826 φθόνος
2874 1746 3093 1822 ἐξέϐαλε
3147 1748 3486 1816 διαϐολικός.
3518 1754 3775 1829 Ἐπέχαι-

364 1852 660 1921 prostrato
693 1863 760 1901 eo
793 1846 886 1900 cui
918 1844 1210 1899 inviderat
1238 1861 1251 1898 :
1292 1861 1368 1899 an
1404 1849 1466 1899 tu
1513 1844 1869 1916 gaudentem
1900 1859 2007 1897 vo-

2133 1856 2210 1893 »εν
2244 1839 2271 1893 ὁ
2302 1837 2501 1915 ἐχθρὸς
2558 1861 2870 1895 πεπτωκοτι
2921 1844 3001 1913 τῷ
3057 1841 3400 1919 φθονηθέντι“
3463 1843 3565 1915 ἆρα
3614 1838 3772 1897 ἐϐού-

366 1937 583 1992 luisses
613 1935 924 1990 inimicum
945 1949 1297 2004 permanere
1318 1932 1345 1988 ?
1374 1934 1488 1988 Iste
1520 1933 1595 1988 ad
1624 1931 1811 1987 virum
1843 1948 2006 1988 acce-

368 2027 507 2083 dere
528 2030 771 2096 propter
809 2024 1155 2078 ﬁrmitatem
1186 2039 1307 2077 non
1355 2039 1558 2091 ausus,
1591 2021 1664 2077 ad
1695 2022 2011 2078 mulierem

366 2118 453 2174 uti
505 2116 577 2177 ad
623 2114 1075 2171 imbecilliorem
1121 2113 1389 2177 accessit,
1424 2128 1559 2168 cum
1608 2113 1800 2168 adhuc
1854 2114 2013 2187 virgo

369 2207 561 2268 esset;
595 2218 735 2257 nam
792 2205 926 2271 post
983 2216 1221 2255 suume
1279 2198 1553 2270 paradiso
1614 2215 1839 2266 casum,
1873 2205 2015 2257 tunc

369 2291 639 2364 cognovit
666 2290 854 2345 Adam
884 2291 1058 2346 Evam
1091 2304 1333 2345 uxorem
1364 2305 1533 2345 suam
1563 2286 1628 2342 ⁸⁸.

441 2380 531 2433 VI.
573 2377 826 2433 Secundi
870 2377 1148 2432 exstitere
1204 2376 1479 2431 humanas
1528 2375 1832 2449 progeniei
1861 2370 2015 2433 160

370 2482 744 2523 successores
774 2465 916 2520 Cain
946 2470 1005 2520 et
1026 2465 1169 2520 Abel
1198 2482 1211 2519 :
1245 2470 1305 2521 et
1332 2466 1473 2520 Cain
1505 2465 1618 2521 fuit
1646 2466 1874 2537 primus
1908 2466 2016 2521 ho-

369 2556 606 2613 micida.
640 2554 689 2589 89
724 2554 1012 2608 Diluvium
1044 2560 1179 2625 post
1207 2555 1332 2609 haec
1356 2555 1607 2609 effusum
1640 2561 1749 2617 est.
1778 2560 2022 2627 propter

374 2646 829 2717 multiplicatam
858 2644 1169 2699 hominum
1219 2644 1587 2715 pravitatem.
1620 2644 1776 2717 Ignis
1809 2661 1839 2699 e
1871 2645 2017 2701 caelo

374 2736 436 2791 in
463 2736 792 2791 Sodomitas
824 2734 896 2789 ob
920 2750 1126 2789 eorum
1150 2732 1515 2805 impietatem
1539 2733 1837 2805 delapsus.
1865 2736 2021 2790 Deus

373 2814 1257 2887 subsequentibustemporibus
1280 2814 1557 2869 Israelem
1581 2815 1792 2887 elegit;
1817 2832 2019 2871 verum

374 2911 433 2961 et
462 2906 588 2977 ipse
621 2921 859 2976 quoque
901 2920 1211 2976 perversus
1243 2903 1487 2958 effectus
1518 2908 1628 2971 est,
1661 2905 2016 2959 sauciatum-

372 3010 486 3064 que
522 2995 778 3049 electum
809 3010 1014 3066 genus.
1042 2994 1228 3047 Moses
1261 2992 1420 3046 enim
1454 2992 1513 3047 in
1546 2998 1747 3048 monte
1791 2994 2022 3048 astabat

372 3085 525 3151 Deo;
559 3100 626 3139 ac
653 3083 898 3138 vitulum
924 3081 1179 3154 populus
1210 3081 1271 3135 in
1303 3082 1403 3136 Dei
1431 3082 1626 3137 locum
1669 3082 1933 3138 adoravit
1950 3082 2017 3136 9°.

373 3174 490 3228 Sub
522 3174 858 3246 legislatore
892 3174 1087 3243 Moyse
1118 3171 1218 3243 qui
1260 3171 1509 3241 dixerat,
1560 3188 1671 3227 non
1718 3172 2019 3229 mwchabe-

2122 1926 2224 1984 λου
2259 1927 2433 2001 μένειν
2476 1929 2739 2005 χαίροντα
2788 1930 2879 1985 τὸν
2938 1929 3133 2005 ἐχθρόν
3167 1952 3181 2000 ;
3216 1931 3386 1993 Οὗτος
3441 1932 3517 2005 μή
3549 1928 3774 2005 τολμη-

2121 2037 2217 2081 σας
2248 2016 2336 2071 διὰ
2374 2018 2437 2072 τὸ
2493 2019 2723 2093 ἱσχυρὸν
2773 2018 3096 2094 προσελθεῖν
3126 2023 3207 2091 τῷ
3237 2017 3411 2094 ἀνδρὶ,
3460 2019 3774 2093 προσῆλθεν

2123 2106 2199 2169 ὡς
2231 2107 2579 2184 ἀσθενεστέρα
2632 2112 2703 2182 τῇ
2761 2111 2977 2183 γυναικὶ
3032 2102 3110 2163 ἔτι
3166 2108 3417 2185 παρθένῳ
3449 2106 3601 2184 οὔσῃ
3639 2112 3776 2183 μετά

2121 2195 2223 2272 γὰρ
2253 2196 2351 2264 τήν
2404 2196 2720 2252 ἀπόπτωσιν
2768 2195 2828 2252 ἐκ
2864 2194 3221 2273 παραδείσου,
3249 2197 3375 2254 τότε
3429 2196 3566 2275 ἔγνω
3597 2196 3775 2272 Ἀδὰμ

2125 2282 2263 2342 Εὕαν
2295 2286 2393 2355 τήν
2421 2291 2645 2361 γνναῑκα
2672 2284 2858 2343 αὐτοῦ.

2198 2379 2256 2444 ζ’.
2318 2373 2567 2451 Δεύτεροι
2623 2370 2873 2449 γεγόνασι
2948 2371 3201 2450 διάδοχοι
3286 2382 3387 2446 τῆς
3473 2375 3776 2450 ἀνθρώπων

2126 2469 2315 2537 γενεᾶς
2348 2460 2474 2520 Καΐν
2503 2463 2594 2519 καὶ
2640 2459 2823 2522 ’Λϐέὶν
2884 2464 2973 2519 καί
3028 2462 3160 2522 Καΐν
3221 2465 3674 2540 ἀνθρωποκτόνος
3704 2469 3778 2537 (4)

2126 2554 2368 2626 πρῶτος.
2429 2548 2829 2623 Κατακλυσμὸς
2909 2548 3129 2625 ὕστερον
3203 2550 3475 2626 ἐπεχόθη,
3535 2549 3625 2607 διὰ
3679 2553 3775 2622 τὴν

2125 2640 2234 2695 τῶν
2267 2640 2564 2715 ἀνθρώπων
2596 2637 2815 2708 πολλὴν
2855 2639 3143 2715 πονηρίαν·
3176 2644 3281 2714 πῦρ
3337 2640 3619 2714 οὐρανόθεν
3651 2662 3781 2696 κατ-

2127 2728 2295 2797 ῆλθεν
2356 2727 2444 2783 ἐπὶ
2497 2726 2845 2801 Σοδομιτῶν,
2878 2727 2968 2784 διὰ
2994 2730 3093 2798 τὴν
3144 2729 3506 2804 παρανομίαν.
3568 2728 3773 2800 Ἐξελέ-

2130 2817 2254 2889 ξατο
2291 2816 2423 2890 μετά
2453 2818 2690 2894 χρόνους
2720 2818 2748 2872 6
2779 2818 2908 2881 Θεὸς
2940 2818 3032 2873 τὸν
3066 2817 3309 2893 Ἰσραὴλ·
3336 2817 3479 2874 ἀλλά
3499 2820 3582 2873 καὶ
3616 2819 3772 2879 οὗτος

2130 2904 2443 2985 διεττθάφη,
2500 2908 2591 2963 καὶ
2648 2905 3047 2983 ὲτραυματίσθη
3078 2907 3142 2963 τὸ
3174 2904 3333 2983 γένος
3386 2908 3444 2962 τὸ
3498 2905 3766 2963 ἐκλεκτόν.

2128 3002 2333 3065 Μωσῆς
2365 2996 2468 3071 γὰρ
2500 2995 2550 3051 ἐν
2584 2992 2698 3072 ὄρει
2721 3002 2837 3070 Θεῷ
2866 3000 3217 3071 παρειστήκει
3240 3001 3342 3070 (5),
3367 2998 3454 3053 καὶ
3489 2997 3605 3051 ἀντὶ
3636 2998 3767 3050 Θεοῦ

2134 3086 2345 3161 μόσχος
2376 3087 2477 3141 ὑπὸ
2499 3090 2594 3141 τοῦ
2621 3085 2756 3142 λαοῦ
2784 3092 3187 3163 προσεκυνεῖτο.
3217 3086 3337 3142 Ἐπὶ
3358 3091 3457 3142 τοῦ
3478 3086 3775 3160 νομοθέτου

2128 3173 2369 3237 Μωσέως
2401 3179 2497 3229 τοῦ
2520 3174 2786 3238 εἰπόντος.
2811 3177 2903 3245 Μὴ
2934 3178 3251 3251 μοιχεύσῃςο
3284 3174 3419 3248 ἀνὴρ
3444 3175 3520 3236 εἰς
3550 3173 3776 3248 κᾶμινον

372 3265 449 3317 ris
469 3261 511 3295 ⁹ί
538 3279 551 3327 ;
576 3263 663 3315 vir
687 3262 749 3315 in
774 3262 1026 3332 lupanar
1048 3261 1348 3333 ingressus
1371 3260 1615 3315 scortari
1639 3277 1819 3315 ausus
1841 3266 1931 3316 est
1950 3258 2015 3318 π.

2133 3264 2386 3329 εἰσελθὼν
2414 3263 2820 3320 ἀκολασταίνειν
2840 3242 2965 3320 ἐτνόλ
2977 3242 3509 3338 μησεν.¹³Δπεστάλη
3519 3242 3783 3337 σαν-προ·

373 3350 530 3405 Missi
563 3356 702 3405 sunt
728 3355 864 3421 post
912 3351 1149 3420 Moysen
1196 3350 1499 3421 prophetas
1544 3351 1825 3406 Israelem
1857 3367 2015 3406 cura-

2133 3355 2292 3425 φῆται
2352 3353 2486 3426 μετὰ
2533 3355 2730 3409 Μωσέα
2786 3356 3108 3429 θεραπεῦσαι
3180 3355 3270 3408 τὸν
3318 3350 3564 3426 Ἰσραήλ·
3653 3350 3783 3408 ἀλλ’

369 3441 510 3497 turi.
545 3443 618 3495 At
638 3440 749 3511 ipsi
782 3439 1139 3495 medicinam
1171 3440 1506 3509 afferentes,
1532 3441 1725 3496 morbi
1757 3442 1808 3495 vi
1842 3459 2015 3514 supe-

2133 3443 2465 3517 ίατρεόοντες
2519 3442 2904 3511 ἀπεκλαίοντο,
2963 3444 3039 3515 μή
3098 3437 3510 3517 περιγινόμενοι
3553 3446 3651 3496 τοῦ
3677 3440 3784 3495 πά-

368 3531 484 3586 rati
529 3530 958 3601 deplorabant;
1020 3534 1085 3584 ut
1142 3529 1383 3601 quidam
1434 3547 1503 3585 ex
1562 3531 1706 3602 ipsis
1754 3532 2015 3588 diceret:

2133 3543 2279 3601 θους,
2310 3531 2385 3596 ὡς
2415 3529 2595 3607 λέγειν
2647 3531 2820 3587 αὐτῶν
2872 3552 3014 3588 τινα·
3072 3532 3143 3590 Οἵ
3193 3554 3289 3604 μοι
3351 3532 3434 3586 ὅτι
3494 3529 3787 3586 ἀπόλωλεν

371 3624 476 3677 Hei
506 3621 667 3685 mihi,
715 3623 849 3691 quia
900 3620 1075 3691 periit
1125 3623 1255 3691 pius
1308 3622 1375 3676 de
1429 3628 1599 3687 terra,
1632 3629 1685 3676 et
1728 3624 1826 3693 qui
1881 3629 2015 3678 recte

2133 3617 2371 3691 εὐλαϐὴς
2409 3621 2515 3677 ἀπὸ
2567 3625 2667 3691 τῆς
2716 3629 2843 3698 γῆς,
2900 3622 2990 3678 καὶ
3048 3623 3075 3677 ὁ
3132 3624 3411 3696 κατορθῶν
3474 3621 3524 3674 ἐν
3573 3620 3781 3693 ἀνθρώ-

369 3712 546 3779 faciat
573 3712 718 3765 inter
738 3709 981 3765 homines
1003 3710 1188 3766 nullus
1219 3717 1295 3766 est
1322 3709 1370 3745 ⁹³
1395 3728 1408 3778 ;
1444 3716 1503 3766 et
1526 3727 1732 3767 rursus
1761 3728 1774 3767 :
1828 3714 2015 3769 Omnes

2133 3733 2260 3775 ποις
2312 3712 2425 3788 οὐχ
2503 3709 2759 3788 ὑπᾶρχεν
2842 3711 2933 3767 καὶ
3015 3709 3204 3765 πάλιν·
3292 3708 3499 3771 Πάντες
3575 3706 3781 3780 ἐξέκλι-

442 3833 489 3867 ⁸⁵
520 3834 662 3889 Gen.
698 3851 737 3902 ι,
767 3835 854 3889 3t.
912 3835 965 3907 ’97
992 3836 1133 3890 Gen.
1168 3851 1205 3899 ι,
1233 3836 1320 3889 26.
1381 3833 1428 3869 ⁸⁷
1477 3834 1608 3907 Sap.
1663 3854 1721 3904 ιι,
1752 3839 1840 3891 24.
1898 3835 1950 3872 ⁸⁸
1979 3839 2015 3893 G

2181 3854 2252 3905 1v,
2290 3841 2338 3893 1.
2392 3837 2441 3874 ⁸ο
2475 3838 2582 3894 Vid
2638 3845 2747 3894 cat.
2802 3840 2853 3905 2,
2916 3852 2976 3892 n.
3009 3839 3061 3890 7.
3112 3835 3159 3871 ⁸ο
3188 3835 3370 3891 Exod.
3430 3851 3604 3902 xxxii,
3639 3838 3690 3903 1,
3725 3836 3778 3890 4.

371 3906 415 3943 ⁹¹
450 3907 627 3961 Exod.
662 3924 755 3974 xx,
792 3908 877 3961 13.
926 3905 976 3940 ⁹²
1008 3909 1176 3961 Num.
1210 3923 1338 3975 xxv,
1367 3907 1419 3961 6.
1474 3905 1522 3942 9’
1549 3905 1718 3963 Mich.
1753 3925 1850 3979 vn,
1882 3912 1935 3966 2.

445 4040 751 4121 (t)_Lignea
781 4042 1004 4122 terreni.
1057 4045 1206 4122 etc.’
1236 4040 1559 4122 Imaginem
1613 4041 1716 4122 Dei
1732 4057 1923 4122 quam
1953 4041 2017 4096 in

375 4112 616 4183 homine
648 4112 914 4183 agnoscit
939 4117 1164 4174 auctor,
1192 4112 1253 4165 in
1284 4112 1485 4166 anima
1513 4112 1750 4183 reponit
1778 4114 1870 4167 his
1900 4128 2022 4167 ver-

376 4182 467 4237 bis
500 4190 610 4238 cat.
645 4182 789 4249 4,7n.
850 4185 950 4238 48:
1008 4184 1272 4255 Animam
1329 4184 1492 4255 habes
1537 4182 1727 4239 libera?
1766 4191 2018 4255 potesta-

377 4258 466 4319 tis,
512 4270 645 4325 opus
706 4255 805 4325 Dei
846 4254 1349 4325 praeclarissimum,
1405 4254 1479 4308 ad
1530 4254 1825 4323 imaginem
1866 4258 2020 4311 illius

375 4326 475 4398 qui
531 4324 852 4398 eamufecit.
904 4324 1227 4398 Imaginem
1260 4341 1396 4379 vero
1441 4332 1551 4380 cat.
1612 4329 1696 4393 14,
1732 4344 1789 4380 n.
1827 4330 1913 4392 10,
1945 4327 2017 4382 ab

375 4396 768 4452 similitudine
795 4396 1105 4468 distinguit
1126 4396 1326 4468 :ihanc
1351 4398 1508 4451 enim
1545 4404 1783 4468 peccato
1817 4399 1901 4453 ait
1920 4398 2017 4453 ob-

2133 4042 2290 4113 apud
2350 4041 2691 4107 Eusebium,
2751 4040 2958 4113 lib.rvn
3010 4042 3177 4113 Hist,
3211 4041 3459 4113 cap.gl8g.
3494 4039 3781 4113 Eusebius

2132 4111 2259 4183 ipse
2291 4115 2694 4183 apostolorum
2727 4112 2883 4167 Petri
2918 4118 2976 4167 et
3005 4111 3193 4170 Pauli.
3227 4111 3563 4181 Christique
3596 4112 3781 4182 ipsius

2129 4184 2318 4255 pictas
2350 4186 2638 4256 imagines
2669 4185 2741 4239 ad
2776 4199 2943 4239 suam
2976 4199 3165 4256 usque
3200 4183 3547 4256 memoriam
3585 4199 3780 4237 serva-

2130 4254 2239 4315 tas.
2271 4257 2333 4311 in
2358 4254 2575 4312 tabulis
2604 4256 2819 4311 vidisse
2851 4270 2913 4310 se
2935 4254 3116 4309 refert
3142 4254 3496 4309 eodemloco
3520 4271 3533 4322 ;
3572 4260 3630 4309 et
3645 4255 3775 4309 Hie-

2128 4327 2447 4399 rosolymis
2503 4334 2863 4384 asservatam
2933 4342 3353 4399 summaicum
3402 4327 3777 4399 veneratione

2130 4397 2318 4454 sancti
2344 4400 2521 4455 Jacob
2553 4399 2897 4455 cathedram
2942 4397 3131 4453 docet.
3191 4398 3555 4468 Epiphanius
3588 4398 3775 4451 velum

377 4476 672 4524 scuratam
707 4475 763 4521 et
802 4467 1082 4522 amissam
1140 4467 1344 4531 fuisse,
1404 4467 1769 4524 cuiu’tamen
1800 4470 1905 4525 illa
1928 4486 2021 4525 re-
2054 4471 2100 4535 D
2133 4471 2193 4524 in
2225 4471 2480 4526 ecclesia
2562 4472 2778 4526 uadam
2830 4467 3348 4541 Hierosolymitani
3403 4470 3773 4540 episcopatus

377 4546 539 4595 tenta
561 4541 655 4594 sit.
681 4539 844 4598 Quod
877 4540 947 4594 de
971 4540 1194 4593 honore
1216 4555 1462 4598 regnum
1486 4540 2021 4598 velimperatorum
2133 4558 2486 4598 annensum.
2522 4489 2737 4598 ghristi
2770 4542 2857 4595 vel
2918 4542 3105 4596 sancti
3158 4540 3469 4598 cuiusdam
3517 4540 3773 4598 imagine

374 4546 539 4612 tenta
561 4541 655 4594 sit.
681 4539 851 4612 Quod
877 4540 1462 4612 dehonoreregnum
1486 4540 1579 4594 vel
1598 4540 2021 4612 imperatorum

378 4611 736 4681 imaginibus
767 4610 1027 4666 exhibito
1060 4610 1258 4672 tradit.
1292 4610 1440 4665 nulli
1473 4610 1738 4677 ignotum
1785 4617 1892 4677 est,
1925 4630 2020 4667 co-

374 4677 541 4737 ronis
571 4683 957 4755 ornabantur,
993 4682 1451 4737 celebrabantur
1500 4683 1679 4747 ludis,
1734 4684 1890 4755 apud
1924 4700 2023 4739 eas

369 4754 471 4826 jus
506 4754 651 4826 asyli
688 4760 830 4808 erat.
865 4754 924 4807 Id
960 4769 1094 4826 vero
1121 4770 1153 4808 a
1182 4756 1405 4809 Joanne
1443 4754 1804 4809 Damasceno
1839 4755 2023 4809 trahi-

376 4825 473 4880 tur
501 4825 573 4880 atl
606 4825 1080 4880 conﬁrmandum
1106 4842 1173 4879 ex
1205 4826 1405 4897 Cyrilli
1439 4827 1790 4881 auctoritate
1823 4842 2020 4882 sacra-

374 4913 505 4977 rum
530 4897 853 4977 imaginum
878 4901 1104 4977 cultum
1133 4914 1146 4950 :
1177 4898 1567 4977 iegitimaque
1597 4899 2023 4977 consequentia

374 4974 483 5041 est.
518 4968 605 5021 Ad
654 4968 943 5041 imagines
983 4969 1141 5022 enim
1173 4968 1547 5041 imperatoris
1579 4968 1844 5024 debitum
1878 4970 2021 5041 ipsis

374 5038 831 5113 imperatoribus
863 5039 1151 5113 honorem
1182 5038 1558 5113 extendimus
1586 5061 1598 5108 ;
1624 5038 2024 5113 debitum—igi-

374 5118 470 5165 tur
499 5110 730 5184 Christo
764 5115 817 5161 et
850 5110 1339 5184 sanctiscultum
1376 5112 1449 5167 ad
1480 5128 1683 5167 eorum
1732 5110 2020 5184 imagines

373 5181 611 5255 extendi
638 5197 743 5255 par
764 5186 872 5235 est.
894 5182 994 5255 Et,_
1007 5181 1059 5255 si
1082 5182 1257 5236 homo
1275 5184 1349 5238 ob
1371 5184 1691 5255 imaginem
1716 5185 1817 5238 Dei
1841 5181 2020 5255 quam

373 5258 564 5326 gestat
594 5252 675 5326 ita
706 5252 930 5326 honore
962 5251 1175 5326 dignus
1215 5260 1325 5319 est,
1369 5262 1436 5309 ut
1482 5251 1749 5326 Christus
1779 5251 2018 5310 ad'eum

370 5322 773 5399 reparandum
803 5323 873 5374 de
902 5322 1048 5399 cmlo
1098 5323 1460 5399 descendere
1513 5325 1866 5399 dedignatus
1897 5342 2018 5399 non

373 5394 483 5452 sit:
512 5410 708 5448 nonne
760 5394 1058 5466 imagines
1097 5394 1310 5449 Christi
1363 5403 1419 5451 et
1475 5394 1815 5453 sanctorum
1856 5398 2020 5453 cultu

373 5468 571 5535 aliquo
596 5480 630 5517 a
686 5465 857 5539 nobis
892 5464 1240 5539 exhibendo
1290 5467 1532 5539 dignas?
1559 5471 1844 5524 Caeterum
1894 5475 2021 5523 erat

371 5540 466 5595 his
500 5536 873 5613 temporibus
899 5538 959 5591 in
993 5538 1308 5613 Palaestina
1340 5536 1643 5595 sacrarum
1680 5541 2019 5613 imaginum

371 5627 514 5666 usus
563 5610 875 5678 Frequeuti
903 5610 1253 5681 populorum
1279 5626 1573 5665 concursu
1606 5610 2020 5667 celebrabatur

372 5682 645 5741 Paneade
676 5681 887 5735 Christi
922 5687 1111 5735 statua
1157 5698 1227 5734 ex
1272 5697 1408 5743 mre.
1451 5682 1592 5735 olim
1643 5682 1715 5737 ab
1765 5685 2017 5738 haemor-

370 5756 594 5813 rhousa
621 5753 929 5828 collocata,
952 5756 1327 5815 curationum
1364 5753 1550 5825 signis
1596 5754 2015 5825 celeberrima;

2133 4558 2486 4613 appensum,
2522 4540 2737 4598 Christi
2770 4542 2857 4595 vel
2918 4540 3113 4613 sancti
3158 4540 3469 4610 cujusdam
3517 4540 3774 4613 imagine

2132 4610 2454 4677 depictum,
2478 4621 2537 4669 et
2566 4614 2811 4669 lucerna
2829 4619 2966 4667 ante
2988 4612 3222 4666 lucente
3247 4613 3624 4670 honoratum.
3649 4610 3780 4666 'dis-

2131 4682 2310 4765 cidit;
2347 4686 2503 4765 quod
2527 4687 2657 4765 ejus
2680 4685 2917 4765 factum_
2935 4683 3045 4765 1ροί
3077 4683 3291 4738 incolis
3344 4682 3685 4765 displicuit;
3713 4687 3778 4736 ut

2130 4756 2259 4828 ipse
2291 4755 2819 4838 testaturLepistola
2848 4755 2921 4836 ad
2950 4756 3241 4810 Joannem
3263 4755 3779 4838 nostrisuccessg-

2130 4825 2258 4883 rem
2316 4830 2473 4883 inter
2553 4825 3046 4900 Hieronymianas
3102 4826 3317 4881 veteris
3383 4825 3666 4881 editionis
3688 4828 3774 4890 60,

2130 4915 2262 4955 nov.
2298 4903 2418 4953 110.

2224 4972 2278 5037 2)
2313 4969 2753 5043 Λαμπροτάταις.
2782 4971 3080 5043 _Damasc.,
3103 4964 3511 5043 λαμπρότατος.

2310 5022 2689 5115 [ἔροστδαγματι
3123 5022 3329 5107 C6isl.,
3353 5022 3494 5115 Boe,
3524 5038 3773 5115 Casaub.

2131 5108 2331 5188 Grbd.,
2358 5108 2738 5188 προπᾶγματι
2774 5108 2961 5188 μόνον..
2998 5114 3289 5188 Damasc._,
3319 5108 3494 5188 μόνιρζ
3524 5111 3777 5188 Inferius

2131 5182 2415 5240 enclitica'
2437 5204 2501 5254 γε
2545 5182 2679 5257 post
2734 5184 2890 5257 πόσῳ
2939 5185 3001 5239 in
3048 5183 3311 5255 praafatis
3366 5182 3695 5249 codicibus,
3722 5186 3779 5236 et

2129 5258 2268 5327 Heg,
2301 5256 2593 5327 omittitur
2616 5274 2628 5311 :
2652 5256 2905 5312 habetur
2924 5262 3123 5327 tamen
3156 5272 3187 5309 a
3222 5257 3612 5327 Damasceno.

2200 5323 2274 5397 (ῖι)
2307 5325 2403 5381 Καὶ
2436 5324 2561 5382 Καίν
2596 5325 3062 5395 ἀνθρωποκτόνος.
3098 5326 3453 5381 Particulam
3492 5324 3583 5377 καὶ
3613 5323 3777 5396 adje-

2128 5398 2318 5454 cimus
2351 5416 2419 5454 ex
2451 5399 2652 5467 Coisl.,
2684 5403 2823 5470 Reg.
2857 5401 2998 5467 Boe,
3029 5399 3277 5453 Casaub.

2199 5471 2275 5542 (5)
2331 5466 2681 5542 ΙΙαρειστήκει
2718 5515 2730 5528 .
2774 5466 2865 5523 ἘΧ
2923 5466 3100 5526 COisl.
3162 5474 3220 5542 et
3280 5471 3468 5542 Reg._,
3530 5472 3604 5542 et_
3637 5466 3769 5542 e_dd.

2126 5537 2476 5624 παρεστήκει.
2513 5537 2694 5624 Paulo
2736 5546 2886 5624 post.
3256 5537 3568 5624 ito-iis'icmi
3590 5539 3772 5624 habe-

2127 5609 2242 5680 tur,
2277 5610 2339 5694 οῦ
2358 5609 2719 5694 μοιχεύσειῆ
2736 5609 2799 5694 in
2818 5684 2834 5694 ι
2859 5629 2884 5666 C
2912 5613 3027 5694 “id.
3050 5609 3279 5694 Ottob.,
3312 5609 3474 5694 Reg,
3493 5609 3702 5694 ‘Grod.
3721 5625 3768 5694 ‘e

2126 5679 2511 5756 sacrateme
2566 5687 2627 5740 in
2682 5684 2858 5740 Coisl.
2894 5682 2961 5737 οὐ
3021 5680 3342 5756 μοιχςόσῃς,
3400 5679 3459 5735 in
3493 5682 3636 5749 Roe,
3669 5679 3774 5753 μὰν

2129 5752 2453 5828 μοινεόηις.
2938 5790 2943 5795 ~
3023 5752 3030 5754 6
3078 5784 3083 5793 ι
