4124 6260
439 337 558 394 735

1493 341 1558 400 S.
1607 341 1919 402 CYRILLI
1963 340 2377 403 HIEROSOL.
2424 341 2792 403 ARCHIEP.

3727 343 3842 403 736

439 472 519 525 Ex
551 487 680 525 meo
713 472 871 526 enim
905 471 967 526 in
999 489 1172 528 cruce
1204 476 1531 530 certamine
1564 477 1661 546 (1),
1693 477 1921 548 regium
1953 478 2077 530 uni-

2203 481 2420 550 αγαγεῖν
2472 476 2645 529 πάντα
2698 475 2765 529 τὰ
2821 472 2970 544 ἔθνη,
3029 473 3119 529 καὶ
3176 472 3490 548 καταλείψω
3537 473 3622 528 ἐπ’
3673 475 3845 530 αὐτῶν

437 561 652 631 cuique
682 560 940 615 militum
971 578 1240 617 meorum
1269 564 1328 618 in
1353 565 1552 619 fronte
1578 565 1797 620 habere
1821 566 2091 637 signacu-

435 649 561 704 lum
593 649 764 703 dabo.
796 651 864 703 Et
895 649 1046 704 alius
1079 653 1375 723 Propheta
1407 653 1594 708 dixit:
1633 677 1654 702 ι
1686 655 1755 708 Et
1784 655 2094 708 inclinavit

440 760 466 789 «
488 739 668 793 caelos
700 744 758 792 et
788 738 1117 808 descendit,
1153 746 1212 796 et
1241 742 1429 815 caligo
1458 743 1565 797 sub
1589 743 1770 812 pedes
1793 743 1923 814 ejus
1948 743 1988 778 ‘1
2021 761 2034 808 ;
2060 766 2089 792 »

437 828 741 900 ignoratus
773 845 1030 899 namque
1062 830 1410 886 hominibus
1453 831 1564 886 fuit
1595 832 1694 887 ille
1728 849 1757 886 e
1788 832 1953 887 caelis
1987 832 2088 886 de-

438 933 703 972 SCBDSUS.

506 1095 598 1151 IX.
632 1099 842 1152 Postea
875 1097 1150 1152 Salomon
1181 1099 1433 1155 audiens
1457 1107 1684 1172 patrem
1709 1119 1884 1156 suum
1917 1102 2089 1155 Davi-

435 1184 568 1240 dem
592 1187 706 1242 ista
727 1186 1047 1254 dicentem,
1073 1189 1365 1244 aediﬁcata
1387 1191 1725 1246 admirabili
1748 1191 2089 1254 domo,eum

433 1275 532 1344 qui
567 1274 626 1329 in
659 1276 848 1346 ipsam
872 1280 1154 1330 venturus
1181 1282 1309 1331 erat
1329 1279 1720 1348 prospiciens,
1747 1297 1868 1350 prae
1891 1279 2090 1334 admi-

427 1369 658 1421 ratione
682 1366 854 1421 dicit:
881 1390 906 1415 (ι
939 1368 1160 1421 Verene
1185 1367 1477 1423 habitabit
1499 1370 1653 1424 Deus
1677 1387 1813 1424 cum
1841 1370 2093 1424 homini-

431 1477 457 1503 ‹‹
484 1455 593 1510 bus
627 1473 806 1527 super
839 1462 1055 1511 terram
1079 1457 1165 1512 ‘3?
1187 1480 1214 1507 ››
1245 1459 1434 1513 Etiam
1464 1477 1621 1526 vero,
1653 1460 1855 1530 inquit
1885 1460 2091 1527 David,

431 1543 585 1614 [eam
618 1545 1050 1617 quaestionem]
1094 1552 1469 1603 antevertens
1502 1549 1563 1603 in
1612 1549 1842 1620 psalmo
1875 1550 1973 1620 qui
2031 1552 2093 1604 In

427 1634 772 1690 Salomonem
814 1635 1136 1707 inscriptus
1186 1642 1301 1704 est,
1356 1638 1418 1692 in
1474 1655 1591 1708 quo
1650 1638 1942 1693 habetur:
1989 1641 2092 1693 De-

425 1725 644 1781 scendet
673 1727 812 1779 sicut
835 1727 1033 1795 pluvia
1066 1730 1126 1780 in
1147 1728 1324 1782 vellus
1355 1729 1421 1784 ³³.
1449 1729 1646 1783 Pluvia
1678 1728 1943 1799 quidem,
1967 1738 2097 1799 pro‘

2201 570 2447 638 σημεῖον·
2482 563 2541 620 ἐκ
2562 569 2658 619 τοῦ
2687 564 2822 637 ἐμοῦ
2850 565 2950 640 γὰρ
2975 567 3051 636 (2)
3072 565 3286 636 ἀγῶνος
3313 569 3410 617 τοῦ
3435 563 3486 618 ἐν
3510 568 3591 635 τῷ
3613 570 3845 639 σταυρῷ⁹

2200 652 2474 732 σφραγῖδα
2509 653 2799 728 βασιλικὴν
2833 652 3040 724 ἑκάστῳ
3081 651 3284 723 δίδωμι
3334 657 3442 707 τῶν
3501 653 3648 725 ἐμῶν
3684 675 3848 728 στρα-

2197 748 2412 798 τιωτῶν
2448 742 2596 817 ἔχειν
2630 743 2715 798 ἐπὶ
2754 742 3030 816 μετώπου.
3059 743 3157 796 Καὶ
3190 739 3362 805 ἄλλος
3409 746 3515 796 τῶν
3549 748 3847 819 προφητῶν

2200 828 2374 906 ἔλεγε·
2412 834 2506 886 Καὶ
2540 830 2748 886 ἔκλινεν
2777 831 3035 907 οὐρανοὺς
3067 831 3157 886 καὶ
3213 826 3440 900 κατέϐη,
3500 830 3589 886 καὶ
3647 833 3844 910 γνόφος

2202 921 2306 975 ὑπὸ
2332 921 2458 982 τοὺς
2489 919 2660 984 πόδας
2690 920 2875 976 αὐτοῦ·
2904 924 3155 996 ἠγνοεῖτο
3213 921 3317 996 γὰρ
3349 921 3655 992 ἀνθρώποις
3699 924 3778 996 (3)
3810 925 3842 992 ἡ

2199 1006 2249 1078 ἐξ
2281 1009 2530 1083 οὐρανῶν
2559 1005 2873 1072 κατάϐασις.

2271 1099 2343 1154 Θ’.
2379 1101 2512 1155 Εἶτα
2546 1099 2817 1170 Σολομὼν
2851 1097 3060 1153 ἀκούων
3092 1102 3188 1154 τοῦ
3245 1099 3447 1173 πατρὸς
3506 1098 3676 1154 αὐτοῦ
3736 1108 3846 1155 Δα-

2200 1183 2289 1242 ϐἰδ
2321 1192 2490 1242 ταῦτα
2521 1186 2794 1260 λέγοντος,
2827 1188 2917 1242 καὶ
2981 1190 3284 1260 θαυμαστὸν
3346 1189 3490 1243 οἷκον
3545 1188 3845 1263 οἰκοδομή-

2203 1299 2318 1343 σας,
2343 1275 2432 1332 καῖ
2459 1273 2792 1351 προῦλέπων
2844 1278 2937 1332 τὸν
2996 1278 3071 1339 εἰς
3127 1277 3288 1332 αὐτὸν
3347 1278 3673 1354 ἐρχόμενον,
3705 1281 3848 1334 ἀποε-

2202 1368 2491 1440 Θαυμάζων
2555 1366 2725 1443 λέγει·
2776 1367 2841 1423 Εἴ
2917 1365 3141 1434 ἀληθῶς
3217 1370 3534 1438 κατοικήσει
3581 1372 3660 1442 (4)
3719 1370 3844 1432 Θεὸς

2205 1457 2340 1529 μετὰ
2387 1456 2688 1531 ἀνθρώπων
2749 1454 2836 1510 ἐπὶ
2893 1462 2992 1524 τῆς
3037 1462 3143 1530 γῆς
3193 1476 3208 1526 ;
3254 1457 3383 1526 Ναὶ,
3445 1457 3578 1528 φησὶ
3638 1457 3848 1534 προλα-

2203 1541 2312 1600 ϐὼν
2349 1547 2376 1600 ὁ
2409 1543 2576 1600 Δαϐὶδ
2625 1545 2676 1600 ἐν
2723 1549 2802 1617 τῷ
2861 1545 3319 1618 ἐπιγεγραμμένῳ
3375 1546 3450 1608 εἰς
3509 1546 3848 1618 Σολομῶντα

2202 1632 2432 1709 ψαλμῷ,
2491 1634 2542 1687 ἐν
2603 1635 2649 1706 ᾧ
2734 1633 2864 1688 ἐστι·
2931 1628 3307 1704 Καταϐήσεται
3391 1635 3467 1696 ὡς
3549 1636 3702 1698 ὑετὸς
3761 1635 3846 1690 ἐπὶ

2204 1722 2388 1777 πόκον·
2427 1723 2577 1785 ὑετὸς
2612 1725 2707 1795 μὲν
2756 1721 2845 1776 διὰ
2899 1723 2960 1776 τὸ
3014 1720 3354 1797 ἐπουράνιον,
3416 1721 3502 1778 ἐπὶ
3562 1725 3732 1778 πόκον
3792 1721 3848 1779 δὶ

428 1820 562 1886 pter
609 1815 911 1870 ccelestem
972 1817 1101 1886 ejus
1153 1818 1540 1889 [originem]:
1601 1821 1657 1872 in
1716 1819 1886 1873 vellus
1933 1835 2077 1885 vero1

2204 1809 2294 1867 διὰ
2330 1813 2429 1881 τήν
2488 1811 2901 1887 ἀνθρωπότητα.
2963 1811 3142 1873 Ὑετὸς
3206 1813 3301 1883 μὲν
3350 1813 3455 1887 γὰρ
3488 1816 3561 1886 (5)
3606 1810 3693 1868 ἐπὶ
3748 1815 3846 1869 πό-

429 1908 674 1974 propter
703 1903 1157 1960 humanitatem.
1196 1905 1239 1940 ¹⁴
1273 1907 1475 1962 Pluvia
1513 1923 1772 1978 namque
1804 1908 1864 1961 in
1895 1907 2082 1962 vellus

433 1991 716 2047 decidens
749 1993 984 2048 silentio
1016 1994 1343 2066 excipitur:
1399 1996 1481 2050 ita
1528 2002 1611 2061 ut,
1646 2001 1887 2066 propter
1917 1997 2082 2068 igno-

431 2088 626 2136 ratum
660 2083 980 2137 nativitatis
1005 2085 1352 2154 mysterium
1384 2087 1526 2157 Magi
1578 2085 1880 2140 dicerent:
1916 2110 1941 2136 ιι
1978 2086 2082 2140 Ubi

436 2191 457 2219 α
488 2176 577 2226 est
598 2171 697 2240 qui
722 2176 896 2226 natus
919 2177 1008 2226 est
1039 2175 1158 2227 Rex
1185 2174 1521 2229 Judaeorum
1546 2174 1633 2228 u“2
1663 2195 1690 2224 »
1727 2181 1785 2229 et
1813 2175 2082 2230 turbatus

431 2260 691 2315 Herodes
720 2260 792 2314 de
825 2278 893 2314 eo
925 2263 1026 2331 qui
1055 2268 1230 2318 natus
1253 2272 1380 2318 erat
1408 2269 1876 2334 percontaretur,
1905 2270 1964 2319 et
1992 2264 2080 2318 di-

427 2355 622 2404 ceret:
663 2371 686 2399 a
725 2349 974 2404 Ubinam
1007 2352 1272 2407 Christus
1304 2354 1570 2407 nascitur
1592 2352 1636 2388 ί⁶
1661 2353 1688 2407 Ἱ
1716 2375 1741 2402 η

500 2439 572 2492 Χ.
608 2439 892 2503 Quisnam
925 2445 1014 2494 est
1045 2441 1145 2496 ille
1169 2442 1270 2511 qui
1295 2441 1645 2497 descendit?
1671 2443 1754 2496 ait
1779 2443 1840 2497 in
1871 2458 2077 2497 conse-

429 2530 779 2600 quentibus:
801 2553 826 2579 «
844 2533 914 2584 Et
929 2532 1305 2602 permanebit
1320 2550 1455 2588 cum
1480 2533 1602 2589 sole
1622 2538 1680 2588 et
1695 2538 1830 2588 ante
1850 2533 2077 2602 lunam,

429 2641 456 2669 ‹‹
489 2619 904 2692 generationes
934 2622 1380 2692 generationum
1412 2623 1472 2676 ίτ.
1505 2625 1576 2676 Ει
1607 2625 1808 2677 iterum
1839 2624 1982 2677 alius
2012 2640 2081 2677 ea:

427 2731 455 2759 «
481 2709 811 2778 prophetis:
839 2710 1058 2778 Gaude,
1089 2713 1298 2781 inquit,
1326 2712 1728 2779 vehementer,
1763 2712 1888 2768 ﬁlia
1917 2713 2076 2779 Sion,

431 2817 461 2847 ι(
491 2798 768 2868 Ρΐὶὒάίοᾶ,
795 2799 920 2854 filia
937 2800 1265 2856 Jerusalem
1289 2819 1308 2854 :
1332 2817 1466 2856 ecce
1491 2803 1612 2856 Rex
1635 2807 1772 2856 tuus
1793 2802 1953 2856 venit
1973 2801 2079 2855 tibi

433 2886 674 2957 «justus
701 2893 760 2942 et
781 2888 1012 2945 salvans
1033 2891 1130 2944 η.»
1163 2891 1326 2944 Multi
1349 2907 1517 2962 reges
1549 2896 1723 2956 sunt;
1759 2907 2080 2961 quemnam

423 2975 592 3043 dicis,
617 2993 649 3029 o
674 2978 962 3048 pr0pheta
985 2979 1012 3033 ?
1037 2980 1118 3034 Da
1139 2979 1314 3034 nobis
1344 2981 1576 3051 signum
1610 2980 1766 3050 quod
1789 2996 1954 3050 reges
1977 2979 2080 3034 alii

423 3082 544 3120 non
577 3065 876 3122 habeant:
911 3068 958 3122 si
990 3085 1255 3139 purpura
1286 3069 1571 3124 amictum
1603 3069 1824 3124 dixeris
1856 3085 2075 3140 regem,

418 3155 545 3226 jam
577 3162 863 3226 occupata
895 3161 983 3211 est
1007 3157 1349 3228 hujusmodi
1382 3158 1620 3212 habitus
1651 3159 2071 3230 praerogativa;

429 3243 477 3297 si
503 3242 758 3297 militum
781 3245 1061 3300 satellitio
1086 3247 1391 3317 stipatum,
1408 3252 1465 3302 et
1488 3247 1776 3302 inauratis
1803 3247 2078 3302 curribus

429 3331 772 3388 sedentem:
808 3340 866 3388 et
905 3335 1015 3389 hoc
1064 3352 1298 3406 quoque
1339 3337 1572 3408 insigne
1597 3336 1668 3391 ab
1697 3337 1830 3391 aliis
1853 3353 2076 3407 praece-

425 3425 594 3491 ptum
627 3426 734 3476 est.
767 3422 849 3477 Da
878 3423 1051 3479 nobis
1104 3425 1340 3496 signum
1397 3426 1552 3497 regis
1586 3426 1715 3496 ejus
1746 3426 2075 3496 proprium,

427 3510 599 3580 cujus
630 3510 950 3568 adventum
981 3515 1322 3570 annuntias.
1348 3515 1686 3586 Respondet
1711 3515 2001 3586 prOpheta
2021 3521 2080 3569 et

427 3598 538 3653 ait:
564 3621 592 3648 ‹‹
616 3601 760 3655 Ecce
780 3603 898 3656 Rex
919 3606 1054 3657 tuus
1078 3604 1235 3658 venit
1261 3604 1364 3658 tibi
1378 3606 1578 3675 justus
1603 3609 1660 3660 et
1681 3604 1932 3659 salutem
1965 3604 2078 3658 im—

425 3709 454 3736 ‹‹
481 3689 744 3758 partiens
767 3707 779 3743 :
805 3691 931 3761 ipse
963 3698 1330 3760 mansuetus,
1356 3699 1414 3747 et
1435 3693 1648 3748 sedens
1665 3709 1842 3764 super
1872 3693 2078 3764 subju-

430 3797 454 3828 ι
479 3793 618 3849 gum
632 3779 929 3850 etpullum
948 3797 1184 3846 novum,
1202 3806 1223 3833 ι
1249 3799 1369 3837 non
1387 3782 1810 3837 incurribus”.
1829 3782 2019 3836 Habes
2032 3782 2078 3816 ³⁸

425 3866 671 3922 unicum
699 3875 756 3922 et
777 3869 1075 3942 singulare
1107 3872 1340 3943 signum
1373 3872 1527 3943 regis
1560 3871 1660 3942 qui
1683 3871 1938 3926 advenit.
1969 3871 2077 3925 So-

2199 1922 2292 1956 κον
2333 1897 2696 1972 καταϐαίνων,
2755 1900 2997 1978 ἀψοφητὶ
3054 1897 3392 1955 καταϐαίνοι·
3453 1902 3550 1970 ὡς,
3611 1902 3842 1976 ἀγνοου-

2196 1990 2354 2062 μὲνου
2384 1994 2480 2045 τοῦ
2528 1988 2834 2063 μυστηρίου
2892 1993 2990 2054 τῆς
3047 1992 3371 2064 γεννήσεως,
3429 1990 3557 2054 τοὺς
3625 1993 3841 2066 Μάγους

2192 2079 2388 2155 λέγειν·
2461 2084 2571 2134 Ποῦ
2631 2077 2770 2134 ἐστιν
2826 2079 2852 2132 ὁ
2905 2080 3118 2153 τεχθεὶς
3181 2079 3446 2143 Βασιλεὺς
3521 2087 3629 2136 τῶν
3692 2082 3832 2136 Ἰου-

2192 2167 2411 2238 δαίων;
2470 2169 2560 2224 καὶ
2642 2170 2734 2222 τὸν
2792 2165 3045 2243 Ἡρώδην
3117 2170 3512 2242 ταρασσόμενον
3573 2169 3834 2241 ἐξετάζειν

2189 2257 2440 2331 περὶτοῦ
2469 2258 2886 2332 γεγεννημένου,
2944 2258 3034 2311 καὶ
3092 2256 3288 2332 λέγειν·
3350 2262 3458 2312 Ποῦ
3519 2261 3547 2314 6
3605 2261 3833 2334 Χριστὸς

2189 2352 2434 2418 γεννᾶται
2468 2365 2481 2414 ;

2262 2437 2317 2492 Γ.
2374 2435 2474 2498 Τίς
2529 2435 2671 2491 ἐστιν
2709 2437 2865 2498 οὗτος
2924 2437 2952 2491 6
3031 2431 3420 2506 καταϐαίνωνς
3479 2439 3642 2514 φησὶν
3693 2437 3832 2508 ἐξῆς·

2189 2525 2290 2584 Καὶ
2351 2525 2756 2602 συμπαραμένει
2816 2530 2892 2598 τῷ
2947 2525 3100 2598 ἡλίῳ
3156 2527 3246 2581 καὶ
3304 2528 3411 2600 πρὸ
3489 2531 3589 2592 τῆς
3673 2526 3834 2598 σελή-

2187 2617 2512 2690 νης,γενεὰς
2569 2620 2788 2690 γενεῶν.
2850 2616 2952 2672 Καὶ
3000 2615 3164 2670 πάλιν
3221 2615 3392 2678 ἄλλος
3450 2621 3559 2671 τῶν
3616 2637 3835 2694 προφη-

2186 2708 2291 2758 τῶν
2375 2702 2545 2778 λὲγει·
2637 2706 2801 2779 Χαῖρε
2875 2701 3102 2780 σφόδρα,
3190 2703 3416 2778 θύγατερ
3479 2705 3671 2759 Σιών·
3730 2707 3835 2774 κή-

2190 2812 2368 2867 ρυσσε,
2454 2792 2679 2867 θύγατερ
2773 2791 3158 2868 Ἰερουσαλήμ·
3241 2790 3360 2847 ἰδοὺ
3463 2795 3490 2846 6
3562 2793 3830 2854 Βασιλεύς

2190 2903 2286 2938 σου
2316 2877 2534 2957 ἔρχεταί
2593 2903 2676 2935 σοι
2710 2879 2918 2942 δίκαιος
2973 2881 3063 2935 καὶ
3122 2882 3337 2950 σώζων.
3377 2878 3581 2935 Πολλοὶ
3671 2880 3827 2955 βασι-

2191 2971 2325 3033 λεῖς·
2361 2972 2486 3046 περὶ
2511 2973 2658 3032 τίνος
2688 2969 2882 3045 λέγεις,
2916 2969 2960 3025 ὦ
3009 2977 3264 3047 προφῆτα
3298 2991 3311 3038 ;
3370 2970 3466 3033 Δὸς
3523 2973 3656 3042 ἡμῖν
3728 2991 3826 3040 ση-

2193 3066 2343 3131 μεῖον
2377 3063 2406 3115 6'
2436 3062 2510 3132 μὴ
2545 3055 2765 3135 ἔχουσιν
2811 3058 2973 3115 ἄλλοι
3033 3064 3108 3133 (6)
3170 3061 3435 3135 βασιλεῖς.
3488 3061 3612 3117 Ἐὰν
3668 3060 3827 3133 εἴπῃς

2187 3150 2606 3228 πορφυροφόρον
2636 3147 2891 3216 Βασιλέα,
2941 3148 3312 3222 προείληπται
3368 3151 3431 3203 τὸ
3493 3148 3707 3222 ἀξίωμα
3734 3153 3830 3202 τοῦ

2187 3241 2495 3314 σχήματος·
2556 3237 2641 3292 ἐὰν
2706 3237 2857 3310 ε’ἰπῃς
2921 3238 3022 3292 ὑπὸ
3099 3241 3440 3312 στρατιωτῶν
3501 3236 3831 3314 δορυφορού-

2191 3348 2350 3400 μενον
2381 3326 2468 3380 καὶ
2497 3326 2576 3401 ἐφ’
2636 3328 2836 3398 ἅρμασι
2916 3323 3393 3400 χρυσοκολλήτοις
3448 3327 3834 3398 καθεζόμενον,

2186 3415 2551 3490 προείληπται
2584 3417 2708 3488 παρ’
2766 3412 2950 3469 ἄλλων
3038 3418 3116 3485 (7)
3170 3413 3259 3468 καὶ
3306 3417 3488 3468 τοῦτο·
3552 3411 3647 3475 δὸς
3701 3417 3833 3487 ἡμῖν

2187 3511 2415 3580 σημεῖον
2478 3502 2680 3574 ἰδιάζον
2735 3508 2832 3558 τοῦ
2923 3503 3213 3578 βασιλέως,
3275 3504 3336 3557 οὗ
3387 3505 3485 3570 τήν
3541 3503 3834 3576 παρουσίαν

2185 3591 2591 3671 καταγγέλλεις.
2672 3594 2732 3648 Ὁ
2817 3590 2875 3647 δὲ
2935 3595 3224 3668 προφήτης
3307 3592 3682 3667 ἀποκρίνεται,
3745 3592 3832 3647 καὶ

2186 3684 2350 3759 λέγει·
2415 3681 2553 3739 Ἰδοὺ
2636 3682 2664 3735 ὁ
2724 3680 2990 3743 Βασιλεύς
3047 3703 3143 3736 σου
3202 3678 3423 3755 ἔρχεταί
3487 3703 3569 3736 σοι
3621 3679 3827 3736 δίκαιος

2183 3774 2274 3828 καὶ
2308 3773 2518 3842 σώζων·
2577 3769 2740 3832 αὐτὸς
2769 3769 2965 3841 πραΰς,
3026 3771 3115 3824 καὶ
3175 3765 3521 3840 ἐπιϐεϐηκὼς
3577 3771 3823 3824 ἒπίὑπο-

2185 3867 2365 3939 ξύγιον
2399 3862 2487 3918 καὶ
2513 3860 2699 3918 πῶλον
2732 3860 2998 3932 νέον,οὖκ
3047 3861 3138 3916 ἐπὶ
3197 3861 3428 3935 ἅρμασιν
3632 3864 3826 3935 ’Ἐχεις

498 3981 542 4058 ίί
574 3984 728 4058 P_sal.
763 4002 897 4046 xvu.
936 3990 1020 4058 1ο.
1056 3985 1102 4020 η
1130 3987 1206 4040 III
1238 3989 1377 4058 Reg.
1410 4004 1527 4049 vni,
1561 3990 1647 4042 27.
1683 3986 1729 4027 1³
1760 3985 1908 4042 Psal.
1943 4003 2075 4040 LXXI

2217 3983 2261 4018 1‘
2293 3982 2420 4058 νεά.
2465 3988 2572 4035 cat.
2609 3983 2695 4046 15,
2749 3996 2804 4034 η.
2835 3983 2884 4033 1.
2944 3979 2990 4015 ¹⁵
3047 3979 3248 4035 Matth.
3291 3996 3351 4046 II,
3409 3983 3461 4032 2.
3522 3980 3566 4014 ³⁸
3597 3979 3739 4036 ibid.
3771 3983 3822 4035 4.

425 4051 471 4089 ⁸⁷
501 4055 655 4109 Psal.
690 4073 839 4124 Lxxr,
873 4059 924 4111 6.
960 4055 1007 4091 ¹⁸
1032 4058 1271 4114 Zachar.
1306 4051 1381 4126 ii,
1413 4059 1464 4111 9.
1502 4059 1546 4094 ¹⁹
1573 4058 1720 4113 Ibid.
1753 4058 1799 4093 2°
1861 4058 1985 4112 Vid.
2019 4058 2077 4112 in

2197 4073 2243 4110 η.
2284 4057 2367 4110 17.

493 4182 569 4257 (1)
593 4185 825 4257 Ermeo
849 4185 1007 4257 enim
1034 4185 1094 4239 in
1119 4203 1292 4240 cruce
1318 4186 1660 4250 certamine,
1692 4207 1717 4234 »
1742 4190 1853 4240 etc.
1877 4185 2078 4257 Signa-

424 4253 626 4308 culum
659 4255 808 4327 illud
836 4256 1029 4327 regale
1063 4263 1169 4322 est,
1204 4264 1269 4311 ut
1301 4263 1459 4327 puto,
1495 4257 1744 4327 simplex
1777 4253 1968 4312 crucis
1995 4257 2074 4309 si-

423 4342 626 4400 gnum,
648 4326 818 4400 quod
851 4326 962 4382 cat.
999 4330 1051 4400 4,
1088 4345 1148 4383 n.
1201 4326 1515 4400 14,7regale
1549 4326 1806 4396 signum,
1840 4331 2070 4397 σημεῖοθ

423 4396 484 4478 τᾷ
521 4394 826 4478 βασιλικόν,
855 4398 1154 4480 appellat:
1181 4394 1422 4480 quod.th
1445 4394 2067 4480 primumet'comm‘u—

426 4468 766 4530 nissimum.
825 4468 1135 4525 uti’vocat
1194 4468 1461 4525 Basilius
1502 4475 1575 4526 De
1625 4474 1830 4540 spiritu
1857 4476 2068 4536 sancto,

425 4542 672 4614 cap:_27_.
707 4542 1055 4614 Christiana)
1079 4542 1382 4614 religionis
1418 4542 1649 4614 signum
1683 4548 1827 4603 erat.
1862 4543 1937 4595 iis
1964 4541 2069 4614 qui

423 4611 497 4666 ad
527 4611 825 4684 Christum
859 4611 1222 4669 accedebant
1250 4611 1509 4684 primum
1559 4618 1695 4667 ante
1727 4614 1927 4667 omnia
1958 4611 2073 4666 im-

422 4683 700 4753 positum.
731 4685 948 4741 Eodem
975 4685 1148 4740 modo
1176 4683 1462 4740 Eusebius
1486 4684 1865 4739 Casariensis
1893 4684 1993 4738 lib.
2020 4701 2070 4738 v1

421 4756 569 4838 pem.
603 4772 818 4838 euang”
855 4774 978 4838 cap.
1016 4760 1104 4838 25,
1143 4774 1267 4838 prag.
1462 4756 1682 4838 aliique
1716 4756 2069 4838 huncOlsa‘iaa

422 4825 1498 4910 locuminterpretantur:_ln'telligere
1533 4825 1711 4909 etiam
1741 4827 1935 4910 potuit
1963 4827 2069 4908 Cy-

420 4897 594 4969 rillus
627 4897 1034 4954 inunctionem
1086 4897 1423 4955 chrismatis
1473 4899 1646 4962 sacri,
1687 4897 1818 4969 qum
1849 4904 1974 4952 tum
2008 4897 2070 4953 in

423 4967 558 5042 aliis
590 4969 894 5031 membris,
930 4977 1050 5026 tum
1093 4973 1282 5042 primo
1335 4988 1402 5026 ac
1453 4967 1747 5041 praecipue
1781 4970 2068 5042 inifronte

428 5037 625 5096 fiebat.
655 5042 970 5115 etquidem
1001 5044 1058 5096 in
1083 5037 1274 5098 crucis
1300 5037 1569 5115 figuram,
1594 5037 1660 5096 ut
1679 5041 1958 5097 omnibus
1982 5046 2071 5095 est

423 5115 653 5165 notum.
690 5112 848 5167 Hanc
881 5113 1090 5168 frontis
1113 5112 1453 5169 unctionem
1476 5120 1643 5168 vocat
1671 5121 1782 5168 cat.
1816 5117 1904 5175 22,
1929 5117 2026 5167 n.7
2052 5129 2065 5165 :

421 5182 780 5249 Signaculum
837 5186 954 5238 Dei.
1017 5202 1083 5239 ac
1141 5191 1512 5240 sacramento
1571 5185 1910 5240 chrismatis
1959 5201 2066 5238 nos

424 5252 660 5327 proprie
688 5260 975 5327 tanquam
1006 5255 1228 5311 milites
1254 5257 1327 5311 ad
1377 5257 1775 5311 Christianam
1807 5272 2066 5327 pugnam

421 5324 637 5378 armari
671 5324 842 5379 docet
863 5333 974 5381 cat.
1008 5331 1097 5393 21,
1133 5344 1191 5383 n.
1227 5329 1279 5381 4.

491 5397 568 5470 (2)
599 5394 692 5470 Ἐκ
714 5399 820 5470 τοῦ
852 5395 988 5465 ἐμοῦ
1024 5396 1148 5470 γὰρ,
1209 5404 1319 5452 etc.
1382 5402 1465 5454 lta
1524 5399 1968 5454 emendavimus
1998 5414 2066 5451 ex

421 5465 591 5520 codd.
628 5467 829 5535 Coisl.,
864 5465 1470 5540 Reg.,'R'oe,iCasaub.
1498 5476 1555 5524 et
1585 5471 1756 5525 Grod.
1794 5474 1856 5525 [n
1889 5470 2065 5523 editis

421 5540 779 5602 transposita
811 5548 936 5594 erat
957 5539 1256 5610 particula
1285 5541 1388 5612 γὰρ
1422 5548 1559 5596 ante
1579 5544 1676 5594 τοῦ
1701 5540 1834 5610 ἐμοῦ
1857 5547 1915 5595 et
1936 5541 2064 5596 loco

421 5612 1013 5683 naupipbabebatur,
1067 5612 1345 5680 σωτηρίῳ,
1397 5613 1724 5683 profectum
1759 5629 1829 5667 ex
1876 5612 2065 5667 libra-

554 5682 956 5743 abbreviataui
986 5687 1148 5763 στροῦ
1201 5682 1414 5742 notam
1450 5684 1607 5740 male
1655 5685 2064 5756 interpretan-

418 5752 601 5815 tibus.

2255 4182 2332 4251 (3)
2363 4178 2720 4251 Ἀνθρώποις.
2779 4180 2920 4233 Eam
2973 4194 3174 4251 vocem
3225 4178 3340 4232 huc
3387 4177 3705 4251 intulimus
3756 4195 3824 4251 ex

2184 4249 2355 4308 codd.
2380 4249 2581 4322 Cois1..
2611 4253 2769 4322 Reg,
2799 4253 2939 4314 Roe,
2959 4249 3206 4305 Casaub.
3230 4267 3244 4314 ;
3268 4255 3328 4304 at
3348 4249 3520 4304 ambo
3539 4250 3824 4320 postremi

2183 4325 2424 4383 habent.
2455 4321 2583 4390 παρ’
2613 4321 2940 4393 ἀνθρώποις·
2974 4323 3033 4376 hi
3089 4338 3226 4375 vero
3284 4337 3492 4375 omnes
3545 4322 3827 4376 omittunt

2177 4397 2374 4458 verba,
2409 4393 2459 4462 ἐξ
2490 4393 2755 4466 οὐρανῶν.

2252 4469 2320 4537 (4)
2382 4459 2724 4532 Κατοικήσει.
2780 4465 2928 4537 Loco
2985 4459 3286 4529 κατοικίζει
3361 4464 3464 4537 ita?
3517 4464 3824 4537 posuimus

2178 4556 2246 4594 ex
2279 4534 2480 4600 Coisl.,
2515 4540 2653 4598 Roe,
2679 4536 2924 4592 Casaub.
2952 4542 3009 4590 et
3031 4551 3197 4590 sacro
3229 4541 3405 4589 textu.
3454 4534 3632 4588 Paulo
3664 4541 3820 4604 post,

2179 4625 2246 4664 ex
2279 4612 2441 4680 Reg,
2476 4611 2616 4680 Roe,
2649 4607 2894 4663 Casaub.
2936 4614 2994 4661 et
3024 4606 3198 4680 Grod.
3226 4605 3325 4680 Ναί
3371 4606 3728 4680 scripsimus
3760 4607 3820 4660 in

2176 4677 2510 4746 locumlat,
2535 4695 2710 4751 porro
2741 4681 2860 4751 R_o_e
2893 4685 2949 4732 et
2973 4677 3221 4751 Casaub.
3255 4678 3593 4751 sic_habent
3625 4678 3684 4732 in
3713 4695 3816 4751 se-

2176 4743 2874 4822 quentibus-,tholascbv
2937 4750 3040 4822 γὰρ
3099 4751 3267 4822 τοῦτο
3321 4748 3461 4801 εἶπεν
3524 4747 3552 4800 ὀ
3629 4743 3815 4822 Δαϐἲδ,

2172 4820 2222 4875 ἐν
2255 4827 2355 4892 τῷ,
2391 4829 2500 4877 etc.
2533 4824 2598 4877 In
2630 4820 2968 4876 testimonio
3014 4820 3096 4875 'ex
3145 4820 3374 4892 psalmo
3429 4824 3516 4892 71,
3576 4821 3817 4876 verbum

2172 4890 2530 4962 καταϐήσεται
2566 4893 2968 4964 supplevimus
2999 4909 3069 4948 ex
3094 4890 3254 4964 Reg.
3304 4891 3504 4954 Coisl.,
3537 4894 3680 4959 Roe,
3713 4893 3817 4947 Ca-

2173 4967 2658 5106 δᾶἓῗιῑι)”ι⁴ετὸςμὲν
2700 5035 2824 5108 γάρ,
2887 5040 2996 5090 etc.
3030 5037 3111 5108 Ex
3162 5039 3417 5108 quatuor
3472 5035 3818 5108 memoratis

2171 5105 2342 5164 codd.
2376 5105 2723 5163 addidimus
2752 5105 2862 5176 μὲν,
2900 5113 2958 5160 et
2996 5106 3312 5162 articulum
3343 5109 3440 5158 τοῦ
3473 5105 3652 5176 paulo
3691 5110 3820 5176 post

2171 5189 2307 5236 ante
2343 5178 2664 5251 μυστηρίου.

2240 5255 2312 5320 (6)
2341 5248 2569 5305 “Αλλοί.
2653 5251 2810 5304 Hanc
2869 5248 3460 5320 vocemradjecimus
3520 5265 3591 5302 ex
3655 5250 3817 5318 Reg,

2170 5319 2372 5386 Coisl.,
2410 5326 2545 5381 Roe,
2581 5321 2828 5376 Casaub.
2865 5326 2923 5375 et
2953 5319 3128 5375 Grod.

2242 5397 2319 5466 (7}
2355 5395 2480 5464 Παρ⁷
2513 5389 2738 5466 ἄλλων.)
2773 5394 3035 5456 Quatuor
3085 5391 3398 5466 memorati
3459 5390 3636 5466 co_d_d.
3696 5388 3821 5466 παρ’

2170 5459 2386 5525 ἄλλοις.
2423 5459 2599 5520 Cois].
2636 5470 2692 5519 et.
2725 5465 2862 5533 Reg.
2895 5469 3029 5533 post
3057 5460 3430 5534 προείλληπται
3464 5462 3718 5534 addunt.
3758 5459 3818 5512 τὸ

2171 5536 2403 5608 ἀξίωμα.
2436 5537 2616 5592 Paulo
2667 5531 2819 5607 post,
2869 5531 2997 5588 loco
3053 5531 3354 5608 βασιλείαν,
3442 5533 3814 5603 scripsimus,

2169 5606 2592 5681 παρουσίανηθξ
2624 5606 2784 5681 Reg.
2820 5609 2935 5662 Roe
2963 5606 3293 5681 etCasaub.

2242 5676 2319 5753 (8)
2348 5679 2464 5736 Οὐκ
2500 5676 2588 5733 ἐπὶ
2645 5676 2900 5752 ἅρμασιν.
2959 5676 3109 5736 Male
3172 5679 3235 5735 in
3286 5676 3460 5735 editis
3502 5678 3814 5752 scriptum.
