4124 6260
379 330 493 388 ’737

1229 315 1714 380 CATECHESIS
1756 315 1885 375 XII.
1931 313 2034 374 DE
2079 314 2420 377 CHRISTO
2462 316 2945 382 INOARNATO.

3674 329 3788 388 738

385 457 672 534 μονογενὲς
733 457 963 527 σημεῖον
1037 456 1135 508 τοῦ
1211 452 1653 526 παραγενομένου
1733 445 2028 524 βασιλέως.

2167 466 2239 504 us
2271 467 2302 505 e
2330 451 2569 524 regibus
2607 454 2776 508 Jesus
2825 453 2887 507 in
2938 453 3101 525 pullo
3151 472 3402 512 onerum
3435 457 3587 514 108
3621 460 3789 515 inex-

382 548 566 608 Μόνος
617 543 886 621 βασιλέων
950 544 1184 612 Ἰησοῦς,
1241 541 1328 596 ἐπὶ
1384 539 1573 595 πῶλον
1632 538 1870 606 ἐκάθιζεν
1905 535 2034 590 ἀσα-

384 643 456 711 γῆ
490 637 584 708 (1),
645 635 759 707 μετ’
813 631 1102 709 εὐφημιῶν
1155 630 1229 690 ὡς
1277 629 1528 706 βασιλεὺς
1579 627 1654 689 εἷς
1700 628 1800 696 τὴν
1831 628 2040 699 Ἰερου-

385 725 577 798 σαλὴμ
607 723 1017 797 εἴσερχόμενος.
1053 720 1150 774 Καὶ
1201 718 1255 775 τί
1303 723 1451 774 ποιεῖ
1482 718 1638 778 οὗτος
1672 715 1845 771 ἐλθὼν
1878 715 1906 769 6
1943 714 2042 787 βα-

385 815 609 882 σιλεύς;
671 812 766 866 Καὶ
828 810 892 864 σὺ
950 808 1002 865 ἐν
1062 809 1254 882 α’ἰματι
1338 805 1603 876 διαθήκης
1664 802 2042 878 ἐξαπέστειλας

387 903 647 977 δεσμίους
680 922 776 955 σου
808 901 867 955 ἐκ
899 899 1104 954 λάκκου
1127 898 1226 952 οὐκ
1254 891 1482 971 ἔχοντος
1514 893 1682 970 ὕδωρ.

458 994 564 1050 ΙΑ“.
600 990 752 1048 Ἀλλ’
787 988 1048 1064 ἐνεχώρει
1102 988 1195 1060 μὲν
1254 987 1346 1040 καὶ
1395 985 1482 1040 ἐπὶ
1530 985 1719 1039 πῶλον
1771 987 2039 1050 καθεσθῆ-

383 1101 500 1138 ναιο
529 1079 620 1142 δὸς
653 1078 708 1135 δὲ
734 1082 817 1153 (2)
846 1084 1076 1150 σημεῖον
1127 1079 1263 1148 ἡμῖν
1320 1073 1557 1147 μᾶλλον,
1591 1077 1695 1128 ποῦ
1728 1074 1979 1142 στήσεται
2013 1071 2040 1124 6

385 1169 777 1246 εἰσερχόμενος
839 1164 1112 1241 βασιλεύς.
1176 1165 1274 1218 Καὶ
1329 1163 1392 1217 τὸ
1450 1167 1683 1234 σημεῖον
1718 1161 1793 1233 μή
1831 1158 2039 1232 μακρὰν

387 1258 479 1321 δὸς
509 1262 608 1327 τῆς
656 1256 897 1327 πόλεως,
958 1254 1044 1308 ἷ¹να
1085 1263 1160 1326 μή
1222 1253 1596 1328 ἀγνοήσωμεν·
1632 1248 1788 1326 ἐγγὺς
1817 1246 1874 1303 δὲ
1904 1250 2041 1319 ἡμῖν

389 1343 483 1409 δὸς
511 1345 574 1399 τὸ
635 1346 864 1414 σημεῖον
924 1339 1365 1416 ὀφθαλμοφανές,
1419 1335 1506 1390 ἵνα
1552 1335 1641 1390 καὶ
1691 1334 1746 1390 ἐν
1785 1338 1853 1407 τῇ
1882 1331 2042 1388 πόλει

388 1435 541 1495 ’ὀντες
573 1433 664 1486 τὸν
689 1431 858 1486 τόπον
894 1430 1286 1501 θεωρήσωμεν.
1320 1427 1382 1483 Ὀ
1441 1424 1498 1480 δὲ
1554 1427 1848 1510 προφήτης
1875 1421 2040 1476 πάλιν

389 1522 738 1598 ἀποκρίνεται
799 1519 994 1595 λέγων·
1080 1518 1185 1573 Καὶ
1261 1518 1552 1584 στήσονται
1612 1514 1663 1568 οἱ
1724 1510 1887 1573 πόδες
1943 1511 2042 1565 αὐ-

387 1617 486 1668 τοῢ
519 1612 570 1667 ἐι
623 1614 694 1684 τῇ
753 1611 937 1683 ἡμέρᾳ
997 1605 1174 1681 ἐκείνῃ
1235 1605 1323 1660 ἐπὶ
1370 1606 1432 1660 τὸ
1481 1601 1610 1678 ὅρος
1646 1607 1754 1657 τῶν
1785 1600 2041 1668 Ἐλαιῶν,

388 1705 451 1757 τὸ
561 1701 845 1756 κατέναντι
952 1695 1319 1772 Ἰερουσαλὴμ
1393 1693 1444 1764 ἐξ
1541 1692 1844 1749 ἀνατολῶν.
1921 1690 2045 1764 Ἀρ⁹

2146 546 2314 611 perto
2337 543 2509 610 sedit,
2535 557 2668 598 cum
2695 544 3223 602 acclamationibus
3243 549 3394 619 regis
3418 549 3609 604 instar
3631 551 3791 605 Jero-

2145 630 2436 700 solymam
2469 633 2808 703 ingrediens
2837 633 2902 689 2'.
2953 634 3102 698 Quid
3148 641 3345 691 autem
3376 637 3516 692 facit
3545 654 3646 693 rex
3679 639 3788 693 iste

2145 719 2464 774 adveniens
2490 720 2517 774 ?
2551 740 2573 769 ε
2602 723 2672 775 Et
2693 727 2756 775 tu
2779 722 2839 775 in
2866 723 3153 793 sanguine
3172 726 3510 779 testamenti
3537 727 3792 782 emisisti

2145 827 2176 860 ι(
2206 811 2432 865 vinctos
2464 817 2596 865 tuos
2627 829 2695 866 ex
2726 813 2858 868 lacu
2885 829 3099 883 aquam
3132 831 3253 869 non
3283 815 3538 871 habente
3559 817 3626 871 “.
3656 839 3680 866 ι)

2218 990 2310 1045 XI.
2343 992 2521 1060 Atqui
2554 992 2681 1046 fieri
2728 1009 2871 1047 sane
2915 998 3147 1064 poterat
3175 999 3239 1049 ut
3268 994 3432 1065 pullo
3464 995 3791 1063 insideret;

2147 1079 2222 1134 da
2252 1080 2424 1134 nobis
2457 1081 2652 1150 potius
2685 1082 2938 1152 signum,
2973 1083 3216 1138 ubinam
3247 1084 3533 1138 consistet
3561 1102 3660 1139 rex
3693 1085 3794 1156 qui

2149 1167 2526 1238 ingreditur?
2555 1170 2625 1222 Et
2655 1170 2889 1240 signum
2923 1171 3163 1240 quidem
3213 1188 3287 1226 ne
3320 1173 3554 1228 dederis
3586 1174 3795 1244 procul

2148 1273 2182 1311 a
2200 1257 2454 1324 civitate,
2483 1262 2549 1312 ut
2577 1274 2697 1312 non
2720 1259 3062 1329 ignoremus
3085 1277 3097 1325 ;
3127 1260 3362 1315 dederis
3386 1278 3519 1316 vero
3541 1262 3715 1317 nobis
3735 1263 3796 1317 in

2151 1347 2421 1416 proximo
2450 1347 2683 1418 signum
2715 1347 2904 1402 oculis
2936 1350 3345 1420 conspicuum,
3379 1356 3445 1404 ut
3485 1356 3544 1406 et
3581 1351 3640 1405 in
3668 1352 3798 1423 ipsa

2149 1434 2294 1489 urbe
2324 1441 2626 1490 versantes
2657 1437 2855 1491 locum
2885 1438 3361 1508 contemplemur
3387 1440 3798 1511 (4).Propheta

2150 1541 2284 1579 vero
2317 1541 2524 1579 rursus
2556 1525 2895 1595 respondet,
2929 1527 3094 1581 aiens
3123 1544 3133 1581 :
3168 1551 3194 1576 ι(
3227 1530 3296 1580 Ει
3345 1527 3588 1582 stabunt
3618 1529 3798 1599 pedes

2150 1634 2178 1661 ‹‹
2214 1613 2343 1684 ejus
2376 1614 2438 1667 in
2472 1614 2568 1668 die
2611 1614 2717 1667 illa
2760 1631 2940 1685 super
2969 1621 3233 1670 montem
3284 1615 3602 1683 Olivarum,
3639 1617 3799 1686 quod

2150 1723 2178 1750 «
2214 1707 2303 1755 est
2333 1718 2362 1755 e
2395 1703 2634 1774 regione
2669 1703 3037 1758 Hierusalem
3060 1704 3134 1758 ad
3165 1704 3467 1758 Orientem
3481 1702 3546 1758 ³³.
3577 1726 3597 1752 ι
3640 1706 3801 1757 Nun-

391 1792 492 1846 οὐκ
547 1785 699 1845 ἔνδον
753 1786 920 1849 ἑστώς
977 1807 1061 1847 τις
1115 1785 1202 1840 ἐπὶ
1270 1784 1508 1853 πόλεως,
1565 1786 1756 1858 θεωρεῖ
1806 1780 1898 1835 τὸν
1951 1778 2042 1834 τό·

2165 1791 2299 1862 ;uid
2317 1792 2536 1863 aliquis
2554 1793 2716 1848 intus
2739 1799 2902 1848 stans
2921 1793 2980 1848 in
2999 1794 3232 1849 civitate
3251 1793 3444 1848 locum
3463 1810 3586 1848 non
3603 1793 3802 1848 videt?

395 1902 499 1936 πον
532 1901 542 1936 ξ

461 1925 565 2027 ἷΒί.
600 1970 843 2042 Ἒχομεν
878 1963 973 2020 δύο
1018 1984 1241 2036 σημεια,
1291 1962 1382 2017 καὶ
1431 1961 1610 2037 τρίτον
1663 1959 2038 2031 ἐπιθυμοῦμεν

395 2064 604 2134 μαθεῖν.
671 2056 827 2125 Εἰπὲ,
883 2054 935 2110 τί
1017 2057 1166 2108 ποιεῖ
1221 2050 1661 2127 παραγενόμενος
1719 2049 1746 2102 6
1805 2049 2040 2124 Κύριος,

393 2148 568 2219 Φησὶν
625 2146 799 2206 ἄλλος
855 2145 1166 2220 προφήτης·
1244 2139 1383 2195 Ἰδοὺ
1442 2141 1470 2194 6
1528 2141 1655 2200 Θεὸς
1713 2141 1895 2211 ἡμῶν·
1953 2137 2042 2192 καὶ

398 2240 542 2308 ἑξῆς
609 2236 780 2297 Αὐτὸς
835 2235 947 2304 ἣξει
1002 2233 1093 2286 καὶ
1152 2232 1312 2285 σώσει
1367 2233 1530 2302 ἡμᾶς.
1592 2225 1724 2282 Τότε
1780 2227 2045 2301 ἂνοιχθή-

399 2347 581 2381 σονται
645 2321 922 2398 ὀφθαλμοὶ
983 2320 1224 2394 τυφλῶν,
1302 2317 1393 2373 καὶ
1468 2315 1582 2371 ὦτα
1635 2321 1832 2394 κωφῶν
1883 2314 2046 2370 ἀκούο

401 2435 606 2470 σονταισ
685 2414 809 2467 τότε
883 2411 1060 2466 ἁλεῖτι
1136 2409 1211 2469 ὡς
1285 2405 1488 2482 ἔλαφος
1561 2408 1589 2460 6
1666 2403 1881 2480 χωλὸς,
1955 2405 2046 2459 καὶ

399 2507 571 2580 τρανὴ
645 2498 788 2558 ἔσται
865 2499 1090 2576 γλῶσσα
1185 2496 1534 2572 μογιλάλων.
1639 2496 1886 2569 Λεγὲσθω
1991 2491 2048 2548 δὲ

402 2598 540 2667 ἡμῖν
572 2594 662 2647 καὶ
693 2589 835 2662 ἄλλη
899 2587 1189 2664 μαρτυρία.
1250 2587 1448 2661 Κύριον
1510 2584 1688 2659 λὲγεις
1719 2584 2045 2659 ἐρχόμενον,

411 2682 455 2737 ὦ
507 2687 778 2759 προφῆτα,
836 2683 1042 2753 σημεῖα
1117 2676 1175 2732 ὁὶ
1255 2677 1355 2731 ὅσα
1429 2673 1705 2748 μηδέποτε
1760 2674 2047 2748 γεγένηται

404 2776 676 2827 ποιοῦντα·
735 2774 896 2824 ποῖον
960 2768 1120 2844 σαφὲς
1198 2765 1289 2821 καὶ
1361 2761 1549 2839 ἕτερον
1608 2762 1824 2838 λέγεις;
1877 2762 2049 2832 Αὐτὸς

401 2862 607 2936 Κύριος
678 2859 756 2922 εἰς
830 2857 1005 2932 κρίσιν
1085 2853 1305 2932 ἔρχεται
1387 2853 1519 2926 μετὰ
1591 2857 1699 2906 τῶν
1755 2846 2051 2924 πρεσϐυτέ-

404 2972 512 3028 ρων
569 2954 666 3004 τοῦ
724 2947 883 3014 λαοῦ,
957 2947 1048 3000 καὶ
1131 2945 1267 3018 μετά
1338 2948 1446 2997 τῶν
1524 2941 1806 3016 ἀρχόντων
1864 2940 2048 2997 αὐτοῦ.

403 3023 644 3112 Σημεῖον
705 3036 996 3112 ἐξαίρετον·
1060 3033 1332 3102 Δεσπότης
1390 3031 1493 3086 ὑπὸ
1543 3029 1754 3086 δούλων
1815 3023 2052 3104 πρεσϐυ-

400 3132 570 3204 τέρων
600 3129 945 3202 κρινόμενος,
970 3124 1059 3179 καὶ
1087 3121 1444 3196 ἀνεχόμενος.

2225 1970 2345 2025 XII.
2381 1969 2676 2025 Habemus
2725 1970 2839 2025 duo
2899 1971 3082 2043 signa,
3139 1977 3196 2026 et
3244 1972 3484 2026 tertium
3525 1970 3797 2041 cupimus

2153 2057 2478 2113 addiscere.
2509 2060 2611 2114 Dic
2643 2059 2783 2130 quid
2813 2059 3074 2114 facturus
3129 2061 3205 2114 sit
3249 2059 3572 2115 adveniens
3601 2058 3802 2113 Domi-

2155 2162 2268 2200 nus
2287 2146 2315 2200 ?
2339 2147 2490 2201 Dicit
2507 2147 2658 2202 alter
2679 2149 2966 2219 propheta
2991 2165 3002 2202 :
3035 2168 3056 2196 ι
3081 2150 3226 2203 Ecce
3253 2149 3406 2202 Deus
3429 2153 3631 2202 noster
3651 2163 3664 2200 :
3687 2166 3712 2198 ιι
3745 2151 3805 2201 et

2156 2235 2496 2307 deinceps,«
2520 2237 2646 2307 ipse
2667 2237 2862 2292 veniet
2878 2243 2936 2292 et
2956 2237 3205 2292 salvabit
3219 2238 3516 2292 nos.Tunc
3532 2235 3803 2307 aperien-

2157 2346 2184 2372 ‹‹
2212 2329 2306 2378 tur
2323 2325 2477 2379 oculi
2501 2340 2815 2389 caecorum,
2830 2331 2887 2379 et
2907 2342 3080 2380 aures
3103 2325 3418 2380 surdorum
3439 2323 3763 2379 exaudient
3785 2343 3800 2389 ;

2157 2437 2183 2462 ‹‹
2212 2418 2352 2468 tunc
2387 2413 2559 2468 saliet
2589 2414 2778 2468 instar
2805 2414 2959 2469 cervi
2992 2414 3262 2479 claudus,
3293 2419 3351 2468 et
3379 2412 3653 2484 expedita
3694 2411 3807 2466 erit

2157 2524 2184 2551 «
2209 2500 2412 2572 lingua
2431 2501 2741 2556 balborum
2769 2501 2832 2555 2‘.
2862 2526 2882 2553 ιι
2923 2503 3160 2557 Dicatur
3181 2502 3352 2557 nobis
3374 2506 3432 2556 et
3455 2500 3616 2556 aliud
3638 2500 3808 2554 testi-

2157 2590 2445 2645 monium.
2464 2591 2780 2646 Dominum
2805 2591 2952 2646 dicis
2973 2597 3306 2656 venturum,
3330 2608 3362 2645 ο
3390 2589 3696 2660 propheta,
3723 2589 3806 2643 si-

2158 2695 2293 2750 gna,
2321 2679 2522 2749 qualia
2553 2696 2862 2750 nunquam
2889 2680 3133 2736 fuerunt
3160 2680 3334 2747 facta,
3362 2683 3696 2750 patrantem
3721 2677 3766 2712 ”
3790 2693 3804 2730 :

2159 2767 2495 2838 cujusmodi
2518 2768 2678 2823 aliud
2700 2769 3082 2824 manifestum
3105 2769 3252 2823 dicis
3268 2768 3295 2822 ‘l
3319 2789 3342 2818 α
3368 2769 3498 2838 Ipse
3521 2767 3806 2822 Dominus

2162 2879 2188 2905 ‹‹
2219 2856 2280 2910 in
2295 2857 2592 2928 judicium
2624 2858 2939 2913 venitcum
2961 2857 3322 2930 presbyteris
3353 2856 3558 2928 populi
3589 2861 3808 2910 etcum

2168 2970 2187 2994 ι
2227 2948 2596 3019 principibus
2627 2949 2756 3019 ejus
2778 2947 2844 3003 2°.
2880 2971 2908 2998 »
2954 2949 3196 3021 Signum
3227 2947 3526 3019 singulare
3559 2963 3626 3001 ac
3656 2962 3810 3016 prm-

2163 3036 2404 3107 cipuum
2435 3055 2446 3090 :
2481 3039 2766 3093 Dominus
2795 3055 2831 3094 a
2862 3039 3045 3094 servis
3093 3037 3454 3110 presbyteris
3475 3037 3802 3109 judicatus,

2165 3131 2224 3180 et
2251 3127 2310 3180 id
2342 3127 2593 3198 patiens.

473 3179 563 3184 ""
603 3179 945 3202 "r"'|"""r
1185 3179 1222 3196 η.
1261 3179 1271 3194 ι
1408 3179 1419 3183 ν

473 3219 570 3276 Il".
629 3220 805 3270 Ταῦτα
861 3213 1323 3288 ἀναγινώσκοντες
1381 3206 1637 3267 Ἰουδαῖοι
1688 3208 1787 3262 οὐκ
1816 3207 2049 3262 ἀκούου-

2180 3179 2185 3180 7
2233 3179 2852 3288 Xlllillziedlegentes
2881 3216 3065 3271 Judwi
3109 3233 3228 3271 non
3258 3215 3532 3281 audiunt,
3564 3213 3808 3268 obtura-

403 3323 506 3363 σιν·
540 3302 734 3361 ἔϐυσαν
767 3305 870 3379 γὰρ
917 3303 986 3357 τὰ
1042 3300 1155 3355 ὦτα
1208 3307 1311 3369 τῆς
1362 3294 1609 3374 καρδίας,
1649 3299 1740 3351 ἳνα
1776 3298 1851 3369 μή
1886 3296 2052 3350 ἀκού-

403 3418 590 3453 σωσιν.
637 3391 797 3449 Ἀλλ’
859 3394 1025 3465 ἡμεῖς
1084 3389 1376 3460 πιστεύμεν
1438 3386 1513 3448 εἷς
1571 3387 1780 3456 ἰησοῦν
1815 3386 2046 3458 Χριστὸν

403 3487 454 3542 ἐν
533 3482 690 3560 σαρκὶ
790 3480 1226 3556 παραγενόμενον
1333 3480 1406 3549 (3)
1507 3476 1596 3529 καὶ
1701 3474 2049 3545 ἐνανθρωπή-

403 3598 586 3632 σπινιιτιι⁵
647 3571 834 3642 ἐπειδὴ
895 3569 1082 3633 ἄλλως
1141 3571 1241 3624 οὐκ
1297 3568 1636 3642 ἐχωροῦμεν.
1697 3563 1920 3635 Ἐπειδὴ
1946 3565 2047 3641 γὰρ

476 3703 519 3739 ²¹
553 3702 754 3829 ἒίειῐὶῑι.
787 3716 906 3769 xxi,
937 3702 991 3753 '7.
1097 3697 1144 3732 ²²
1172 3695 1411 3752 Zachar.
1446 3711 1524 3762 χι,
1559 3697 1641 3747 11.

476 3820 484 3829 .
520 3780 542 3829 1
593 3817 606 3829 .

405 3794 484 3844 ιιι,
520 3780 606 3830 llr.

405 3901 513 3960 καὶ,
550 3903 680 3957 loco
709 3897 825 3953 οὐκ·
864 3896 1244 3953 emendatum
1299 3911 1367 3949 ex
1423 3895 1586 3965 Reg,
1621 3893 1759 3960 Roe,
1792 3889 2043 3948 Casaub.

408 3982 464 4030 et
495 3973 668 4030 Grod.

480 4047 554 4120 (1)
587 4040 838 4120 Πῶλον-ἶ
882 4083 896 4098 .
944 4083 956 4094 .
990 4039 1186 4120 ᾁσαγῆ.
1244 4039 1465 4120 vocem.
1515 4032 1818 4120 ἀσαγῆνεξι
1875 4050 2051 4120 ‘pura

411 4104 752 4188 conjectura
783 4113 878 4167 hic
912 4104 1270 4188 scripsimus,
1298 4109 1549 4188 habetur
1574 4104 1640 4159 in
1661 4105 1834 4188 editis
1865 4104 2048 4188 ἀσιγῆ,

411 4177 620 4244 silentii
645 4201 899 4251 vacuum,
929 4177 1094 4238 nullo
1124 4197 1322 4240 sensu,
1357 4179 1544 4234 nihilo
1577 4177 1790 4251 melius
1821 4177 1880 4251 in
1912 4179 2048 4251 Reg.

417 4267 473 4315 et
501 4258 676 4316 Coisl.
712 4249 894 4311 codd.
918 4255 1222 4328 scriptum,
1255 4255 1397 4328 πᾶσα
1428 4251 1486 4328 Δἡ
1535 4254 1626 4321 γῆ·
1663 4249 1900 4328 scripsit
1926 4249 2053 4302 sine

415 4331 593 4386 dubio
651 4328 926 4399 Cyrillus,
985 4322 1181 4399 ᾀζυγῇ,
1233 4322 1365 4399 jugi
1419 4322 1884 4399 inexpertumin
1937 4337 2054 4399 quo

411 4403 610 4475 pullus
641 4389 822 4475 asinae
850 4389 1343 4475 matriZsubjugal‘i
1366 4389 1685 4464 apponitur
1704 4390 1829 4475 :‘vel
1859 4389 2052 4464 ἀσαῖγῆ,

411 4463 777 4546 postremum
804 4463 1264 4546 _hoc_nulla_ali_a
1291 4466 1364 4546 de
1389 4463 1567 4546 causa
1597 4463 1852 4546 praetuli,
1877 4463 2055 4546 quam

414 4537 571 4616 quod
601 4541 1095 4616 minorivulgataa
1126 4537 1401 4616 lectionis
1446 4537 1771 4616 mutatione
1802 4540 2053 4616 constat,

419 4605 483 4671 ac
515 4616 676 4688 praef.
711 4612 931 4688 codicis
951 4605 1268 4680 "scriptura
1315 4613 1615 4688 utcunque
1649 4605 2053 4688 adumbratur.

420 4675 705 4742 Préterea
733 4685 999 4740 Justinus
1029 4675 1272 4751 martyr,
1306 4679 1475 4751 cujus
1508 4675 1635 4731 sine
1666 4675 1845 4751 dubio
1878 4676 2060 4751 libros

418 4760 710 4814 evolverat
729 4756 1003 4828 Cyrillus,
1030 4748 1492 4828 hanc'Zachariae
1514 4749 1886 4828 prophetiam
1912 4748 2059 4828 edis-

419 4847 623 4908 serens
654 4819 864 4908 Dialog.
894 4819 1019 4908 cum
1051 4823 1356 4908 Tryphqne,
1391 4819 1532 4908 pag.
1565 4822 1704 4908 271.3,
1723 4819 1953 4908 pullum
1987 4819 2058 4874 de

419 4919 534 4973 quo
566 4903 627 4956 in
658 4889 1187 4973 prOphetiauvocat',
1247 4892 1298 4973 6_
1331 4889 1532 4963 ἀσαγῆς
1591 4889 1798 4973 πῶλος.
1837 4897 2057 4973 atuma-

418 4962 590 5040 trem,
615 4962 954 5040 ἠῖὃπᾶσαγής
977 4962 1378 5040 b’vocSanc-tus
1404 4962 1637 5040 quoque
1664 4963 1846 5040 Silus,
1870 4962 2060 5040 li_b,_n,

418 5034 588 5127 epist;
623 5034 709 5109 81,
735 5034 991 5127 asellum
1017 5035 1636 5127 ‘Evangelii-alppellatl
1666 5034 2063 5127 ἆρα-ἑῇ,

453 5106 544 5171 ius
576 5106 851 5170 eumdem
912 5111 1162 5167 asellum
1189 5106 1406 5172 “vocat,
1470 5106 1662 5176 ἀναγῆ,
1696 5106 2059 5170 immundum,

453 5135 544 5171 IIIIS
576 5134 851 5170 eumdem
912 5134 1162 5167 asellum
1225 5134 1406 5172 νυυαι,
1470 5134 1662 5176 αναγη,
1700 5134 2059 5170 ιηιιιιιιιιιιιιηι,

416 5134 622 5243 Eomil.
650 5189 707 5241 in
725 5189 925 5255 festum
948 5183 1147 5255 Palmu
1173 5181 1329 5255 inter
1354 5177 1739 5255 Cyrilli__Alex.
1763 5177 2060 5255 liomilias.

416 5261 585 5314 Forte
617 5246 794 5312 etiam
827 5254 1065 5326 scripsit
1115 5246 1605 5323 Cyrillus,'&0qﬁ,
1645 5273 1662 5296 ι
1703 5248 1867 5302 nullo
1904 5265 2060 5302 mor-

423 5351 443 5378 ε
479 5331 582 5415 tali
615 5330 1274 5415 operetcontractumlg:
1312 5393 1326 5415 ι
1493 5387 1543 5415 Μ
1646 5389 1800 5415 Πολ.

487 5404 557 5472 (2)
617 5387 714 5460 Δὶς
771 5396 848 5465 δέ,
906 5393 1430 5472 etc._Particulam
1466 5387 1547 5472 _8é
1604 5389 1943 5446 addidimus
1994 5406 2065 5445 ex

416 5463 624 5545 Co'is'l,
653 5475 816 5545 Reg,
840 5463 992 5545 'Roe,
1024 5465 1296 5545 Casaubn
1331 5463 1504 5518 Grod.

484 5547 560 5614 (3)
611 5529 703 5600 ἵεν
739 5529 912 5614 υσᾶρκ,
980 5529 1478 5614 ’παραςίενόμενον,“
1545 5536 1670 5614 PFO”
1744 5529 1793 5584 ἐν
1882 5531 2062 5614 σαρκί,

415 5601 573 5689 Reg],
611 5618 751 5682 Roe,
774 5601 1351 5689 Casaubqscr'iptuin
1384 5605 1624 5668 habent,
1647 5601 1926 5689 ἕνσριρκον,
1951 5601 2067 5689 silc-

415 5671 692 5743 utuinfra
741 5671 806 5741 'n.
867 5688 956 5750 20,
1018 5671 1100 5736 ait
1153 5671 1428 5752 C‘yrillus,
1488 5671 1925 5749 παραγενόμενος
1977 5671 2066 5729 ἔν-

1749 3693 1796 3728 ²³
1825 3693 2064 3748 Zachar.
2119 3710 2230 3763 XIV,
2277 3696 2327 3747 4.

2159 3309 2370 3358 verunt
2397 3320 2572 3359 aures
2602 3304 2817 3371 cordis,
2851 3310 2917 3359 ut
2952 3321 3072 3359 non
3103 3305 3366 3359 audiant.
3401 3304 3513 3359 Sed
3539 3320 3648 3358 nos
3680 3317 3810 3356 cre-

2160 3393 2371 3449 damus
2392 3395 2454 3448 in
2474 3396 2671 3450 Iesum
2695 3395 2996 3449 Christum
3031 3417 3057 3444 ‹‹
3084 3395 3185 3466 qui
3217 3395 3278 3450 in
3301 3411 3478 3450 carne
3499 3392 3736 3448 advenit
3754 3397 3814 3446 et

2161 3505 2188 3533 ‹‹
2216 3483 2643 3538 inhumanatus
2669 3489 2790 3538 est:
2825 3504 2853 3531 »
2885 3483 3371 3553 quandoquidem
3402 3482 3576 3538 aliter
3600 3495 3810 3552 capere

2160 3585 2282 3623 non
2296 3569 2782 3639 potuissemus(5)
2794 3570 2956 3623 .Cum
2970 3570 3130 3624 enim
3146 3587 3254 3624 nos
3268 3586 3404 3625 eum
3427 3571 3581 3624 sicut
3601 3569 3702 3623 ille
3721 3572 3813 3622 est

2433 3693 2480 3729 ²⁴
2525 3695 2638 3749 Isa.
2671 3711 2840 3763 xxxv,
2871 3695 2922 3748 4.
3024 3693 3069 3728 ²⁶
3097 3696 3262 3752 Joan.
3297 3713 3391 3763 xv,
3423 3698 3511 3750 24.
3617 3694 3663 3729 ²⁶
3698 3697 3810 3752 lsa.

3024 3693 3069 3728 ²⁶
3097 3696 3262 3752 Joan.
3297 3713 3391 3765 xv,
3423 3698 3511 3750 24.

2155 3909 2374 3964 σαρκος.
2415 3894 2508 3972 ,Αἱ
2562 3892 2624 3946 in
2678 3891 2850 3972 titulo
2908 3891 3284 3972 catecheseos
3340 3891 3492 3958 loco,
3542 3889 3593 3944 ἐν
3640 3890 3796 3972 σαρκὶ

2159 3959 2620 4036 παραγενόμενον,
2680 3964 2950 4036 habetur,
3011 3961 3374 4036 σαρκωθὲντα,
3438 3979 3618 4033 quam
3676 3959 3802 4018 exi-

2161 4035 2337 4090 stimo
2368 4052 2564 4089 veram
2597 4035 2856 4106 Symboli
2889 4035 3228 4106 lectionem.

2232 4109 2308 4176 (4)
2336 4109 2400 4161 Ιη
2429 4109 2563 4160 urbe
2593 4104 2712 4178 ipsa
2737 4113 3026 4178 versantes.
3064 4104 3428 4160 Praedicabat
3457 4104 3801 4178 Cyrillus_in

2162 4174 2364 4233 monte
2396 4174 2700 4249 Golgotha,
2732 4179 2832 4247 qui
2864 4177 3010 4249 olim
3030 4182 3224 4231 stante
3255 4178 3435 4249 veteri
3470 4174 3805 4249 Hierosoly-

2165 4266 2261 4305 ma
2283 4257 2446 4303 extra
2477 4247 2706 4320 portam
2730 4255 2856 4304 erat
2881 4267 2894 4313 ;
2919 4248 3019 4303 sed
3044 4250 3103 4303 in
3136 4265 3285 4303 novo
3307 4248 3472 4304 urbe.
3497 4249 3568 4303 de
3591 4247 3806 4320 veteris

2165 4321 2354 4375 ruinis
2407 4319 2491 4375 ab,
2538 4322 2684 4376 lElio
2733 4321 2991 4376 Adriano
3051 4321 3320 4386 excitata,
3360 4325 3565 4390 postea
3594 4319 3806 4374 saltem

2167 4392 2432 4446 inclusus
2464 4397 2590 4457 est;
2651 4392 2795 4447 adeo
2839 4399 2906 4446 ut
2935 4392 3244 4453 Eusebius,
3294 4394 3369 4445 De
3399 4391 3553 4446 laud.
3599 4391 3803 4455 Const.,

2089 4432 2134 4496 Β
2167 4481 2291 4533 cap.
2329 4466 2379 4526 9,
2415 4465 2472 4517 in
2521 4434 2637 4533 ipso
2688 4465 2838 4518 urbis
2892 4463 3199 4517 meditullio
3231 4432 3545 4518 excitatam
3579 4432 3806 4533 Resur:

2167 4531 2450 4589 rectionis
2482 4531 2794 4590 ecclesiam
2852 4534 3007 4588 dicat
3077 4535 3158 4588 Ex
3205 4533 3308 4588 illo
3341 4533 3497 4588 edito
3528 4531 3805 4588 Calvariaa

2168 4612 2369 4661 monte
2400 4607 2570 4661 facile
2616 4606 2954 4677 spectabilis
3013 4610 3139 4659 erat
3170 4621 3366 4677 _mons
3391 4606 3711 4677 Olivarum,
3746 4603 3807 4656 in

2168 4695 2283 4748 quo
2318 4695 2436 4732 non
2469 4675 2665 4732 solum
2694 4678 2856 4732 stetit
2877 4678 3142 4731 Christus
3164 4675 3225 4730 in
3247 4677 3425 4731 ccelos
3455 4675 3806 4748 ascendens,

2171 4745 2227 4804 et
2273 4750 2643 4821 prophetiam
2697 4749 2988 4804 Zachariae
3039 4748 3133 4802 hic
3181 4754 3703 4821 commemoratam
3737 4745 3810 4800 ad

2169 4818 2408 4875 verbum
2432 4821 2788 4892 adimplens,
2812 4827 2877 4875 ut
2901 4821 3270 4874 demonstrat
3301 4821 3605 4886 Eusebius,
3630 4818 3731 4892 lib:
3761 4833 3813 4870 v1

2169 4893 2470 4955 Demonst..
2504 4891 2629 4963 pag.
2685 4895 2830 4946 288:
2880 4909 3080 4947 verum
3131 4892 3309 4946 etiam
3360 4897 3576 4947 stetere
3629 4891 3814 4945 inﬁxa

2171 4963 2296 5018 solo
2329 4964 2458 5034 ejus
2488 4965 2748 5036 vestigia.
2787 4964 2924 5018 Vide
2957 4969 3069 5018 cat'
3107 4966 3192 5029 14,
3226 4981 3285 5017 n.
3319 4965 3406 5016 23.

2242 5035 2315 5104 (5)
2351 5031 2806 5105 Quandoquidem
2857 5037 3020 5089 aliter
3076 5051 3289 5105 capere,
3325 5041 3433 5090 etc.
3468 5031 3816 5105 Communis

2171 5101 2296 5158 hinc
2324 5106 2481 5159 inter
2511 5101 2712 5161 Patres
2765 5101 3192 5161 incarnationis
3225 5123 3421 5162 causa.
3456 5107 3715 5160 Affertur
3745 5101 3815 5157 ab

2172 5177 2412 5232 Irenaeo.
2443 5177 2544 5230 lib.
2581 5195 2658 5245 ιιι,
2692 5194 2820 5248 cap.
2857 5181 2942 5236 19.
2977 5194 3036 5231 ιι.
3073 5180 3122 5240 1,
3156 5183 3220 5232 ut
3249 5179 3465 5232 citatur
3493 5194 3527 5231 a
3555 5175 3817 5231 Theodo-

2170 5254 2319 5309 reto,
2354 5247 2565 5319 dialog.
2601 5253 2650 5313 1,
2683 5247 2812 5319 pag.
2842 5253 2908 5302 25
2936 5266 2948 5314 ;
2974 5265 3113 5302 nam
3144 5249 3202 5302 in
3238 5251 3440 5304 Latina
3470 5249 3820 5318 interpreta-

2172 5319 2332 5372 tione
2361 5319 2536 5390 paulo
2569 5320 2742 5374 aliter
2772 5319 3024 5374 habetur
3071 5319 3166 5374 hic
3210 5319 3396 5386 locus,
3439 5319 3511 5375 ab
3543 5320 3816 5390 Origene,

2173 5391 2274 5446 lib.
2308 5387 2561 5446 vrcontr.
2598 5393 2755 5452 Cels.
2793 5406 2922 5462 pag.
2954 5391 3097 5462 322;
3150 5392 3424 5456 Eusebio,
3461 5394 3529 5444 De
3560 5387 3817 5462 laudibus

2175 5464 2542 5534 Constantini,
2558 5479 2686 5534 cap.
2708 5464 2772 5516 14
2789 5461 2807 5529 ;“
2826 5461 3094 5526 Macario,
3121 5462 3327 5516 homil.
3349 5466 3408 5527 6;
3435 5463 3599 5532 Greg.
3620 5461 3812 5530 Nyss..

2172 5533 2274 5587 lib.
2309 5550 2359 5586 γι
2393 5534 2596 5588 (‘ontra
2638 5533 2900 5598 Eunom,
2935 5549 3065 5604 pag.
3099 5536 3221 5588 590.
3259 5540 3368 5588 etc.
3426 5535 3585 5586 l-lanc
3617 5535 3814 5584 autem

2175 5606 2274 5660 Dei
2303 5605 2666 5668 fruitionem,
2695 5607 2864 5675 cujus
2886 5623 3064 5660 causa
3095 5606 3408 5660 Dominum
3443 5605 3814 5675 incarnatum

2173 5677 2275 5748 ait,
2309 5676 2590 5749 intelligit
2618 5673 2973 5734 familiarem
3009 5677 3105 5730 Dei
3157 5692 3290 5730 cum
3321 5673 3662 5730 hominibus
3689 5683 3814 5723 ver-
