4132 6266
367 310 490 370 ’739

1420 303 1487 362 S.
1526 301 1848 363 CYRILLI
1891 298 2305 364 HIEROBOL.
2350 306 2712 369 ARCHIEP.

3664 304 3793 365 740

371 444 610 512 intueri,
640 454 782 498 eove
837 439 954 497 frui
1008 453 1131 496 non
1188 455 1537 511 possemus;
1591 439 1784 496 factus
1839 437 2015 495 estid

2136 437 2311 510 ἡμεῖς,
2343 443 2464 507 καθ’
2502 436 2532 496 6’
2562 441 2630 511 ἦν
2664 440 2888 510 ἰκεῖνος,
2938 435 3233 515 ἐμϐλέπειν
3265 441 3303 511 ἢ
3334 438 3645 498 ἀπολαύσαι
3674 442 3786 496 οὐκ

371 532 529 604 quod
557 548 670 587 nos
699 547 926 598 sumus,
960 535 1026 586 ut
1055 531 1140 585 sic
1170 546 1241 585 eo
1281 528 1397 584 frui
1427 529 1589 601 digni
1623 529 2017 585 efﬁceremur.

368 626 510 679 Nam
541 623 588 677 si
622 622 811 678 solem
861 621 963 691 qui
1021 625 1232 692 quarto
1264 618 1359 674 die
1416 618 1609 674 factus
1640 623 1731 674 est
1761 618 2020 690 perfecte

368 713 590 768 intueri
620 728 743 767 non
773 711 1060 779 valemus,
1091 710 1358 764 Deumne
1411 710 1542 781 ejus
1580 713 1884 764 auctorem
1933 708 2018 761 vi-

369 803 510 858 dere
532 801 866 874 possimus?
887 802 951 855 In
976 801 1108 872 igne
1131 799 1442 855 descendit
1461 799 1505 834 τ’
1527 799 1812 854 Dominus
1844 814 2022 869 super

370 898 639 948 montem
670 892 808 946 Sina
837 890 935 959 (1),
968 907 1077 945 nec
1101 890 1385 944 sustinuit
1430 888 1725 960 populus;
1759 887 1863 943 sed
1886 909 1913 937 «
1947 886 2021 942 ad

375 1002 404 1032 ‹‹
430 983 667 1053 Moysen
691 980 996 1035 dixerunt:
1023 980 1285 1049 Loquere
1302 983 1367 1033 tu
1388 977 1652 1041 nobis,et
1671 976 1983 1033 audiemus
2004 993 2017 1043 ;

379 1092 406 1124 c
428 1076 487 1126 et
508 1087 629 1126 non
651 1070 930 1141 loquatur
944 1069 1021 1123 ad
1037 1084 1146 1123 nos
1164 1069 1420 1135 Deus,ne
1439 1066 1589 1122 forte
1606 1067 1934 1122 moriamur
1950 1062 2017 1100 ³⁸·

374 1182 402 1211 ‹‹
426 1162 506 1215 Et
524 1176 746 1216 rursus:
768 1159 907 1223 Quae
928 1161 1022 1212 est
1044 1157 1203 1211 enim
1235 1157 1432 1211 omnis
1456 1172 1613 1223 caro,
1639 1172 1769 1226 quas
1798 1153 2023 1210 audivit

381 1271 408 1302 ιι
429 1265 629 1304 vocem
660 1248 763 1304 Dei
789 1247 1062 1313 viventis,
1096 1246 1397 1317 loquentis
1430 1245 1501 1300 de
1531 1244 1725 1300 medio
1756 1244 1932 1317 ignis,
1965 1247 2024 1299 et

374 1363 401 1391 «
436 1341 588 1395 169
642 1340 797 1394 vivet
817 1337 906 1393 i‘9‘?
936 1359 964 1388 »
1011 1338 1067 1392 Si
1097 1352 1298 1392 vocem
1327 1336 1430 1391 Dei
1461 1335 1761 1406 loquentis
1791 1333 2019 1401 audire,

377 1434 631 1485 mortem
662 1426 940 1483 conciliat
964 1454 977 1494 ς
1009 1428 1195 1482 Deum
1216 1425 1412 1496 ipsum
1433 1440 1697 1494 cernere,
1723 1422 2020 1495 quomodo

375 1518 585 1572 mortis
616 1532 855 1572 causam
886 1532 1009 1570 non
1038 1513 1324 1570 aﬂ‘erret?
1369 1513 1521 1579 Quid
1569 1530 1705 1568 vero
1738 1511 1976 1567 miraris
1996 1511 2025 1566 ’ἰ

375 1606 563 1661 Etiam
591 1605 719 1675 ipse
752 1606 977 1675 Moyses
1007 1603 1193 1658 dixit:
1237 1624 1265 1653 «
1297 1603 1623 1657 Exterritus
1653 1617 1785 1657 sum
1816 1605 1877 1655 et
1901 1603 2023 1654 tre-

383 1715 404 1745 ε
441 1695 778 1750 mebundus
797 1693 865 1751 3°.
903 1716 930 1743 »

2125 525 2458 603 ἠδυνάμεθα·
2519 531 2733 606 ἐγένετο
2790 530 2993 593 ἐκεῖνος
3050 532 3182 605 ὅπερ
3242 532 3431 603 ἡμεῖς,
3483 531 3576 586 ἳνα
3607 529 3788 592 οὕτως

2126 615 2433 677 ἀπολαῦσαι
2472 622 2916 694 καταξιωθῶμεν.
2980 621 3042 677 Εἰ
3096 623 3200 696 γὰρ
3257 618 3447 693 ἥλιον,
3478 621 3569 675 τὸν
3605 619 3659 675 ἐν
3687 641 3789 675 τε·-

2123 705 2293 783 τάρτῃ
2323 711 2503 782 ἡμέρᾳ
2553 711 2862 785 γενόμενον,
2916 709 3150 772 ἐντελῶς
3209 707 3338 765 ἰδεῖν
3389 708 3452 764 οὐ
3486 707 3787 781 δυνάμεθα,

2125 796 2254 851 Θεὸν
2313 799 2415 871 ἄρα
2464 800 2555 854 τὸν
2607 800 2814 856 ἐκείνου
2864 800 3105 870 ποιητὴν
3162 797 3295 854 ἰδεῖν
3357 797 3635 870 δυνάμεθα
3664 803 3784 871 (2);

2126 884 2213 939 Ἐν
2247 886 2376 959 πυρὶ
2406 883 2606 959 κατίδῃ
2667 889 2696 944 6
2753 888 2954 964 Κύριος
3008 887 3097 943 ἐπὶ
3151 883 3314 963 ὅρους
3372 892 3528 955 Σινᾶ,
3559 886 3653 941 καὶ
3685 885 3787 941 οὐκ

2126 974 2342 1051 ἤνεγκεν
2403 977 2430 1031 6
2489 977 2640 1048 λαὸς,
2697 977 2827 1034 ἀλλ’
2885 979 3041 1034 εἶπαν
3097 978 3233 1053 πρὸς
3295 979 3524 1046 Μωσῆν’
3587 977 3783 1045 Adim-

2127 1084 2219 1118 σον
2293 1063 2355 1120 σὺ
2430 1068 2565 1140 ἡμῖν
2640 1069 2729 1122 καὶ
2805 1066 3172 1141 ἀκουσόμεθα³
3249 1071 3341 1123 καί
3403 1067 3479 1139 μὴ
3540 1064 3784 1121 λαλείτω

2126 1153 2262 1227 πρὸς
2313 1156 2463 1227 ἡμᾶς
2521 1156 2550 1210 6
2607 1155 2756 1223 Θεὸς,
2822 1157 2898 1229 μὴ
2957 1176 3091 1210 ποτε
3144 1154 3524 1227 ἀποθάνωμεν·
3557 1153 3651 1208 καὶ
3681 1173 3785 1207 πα-

2127 1240 2234 1297 λιν·
2283 1244 2373 1307 Τίς
2428 1246 2531 1322 γὰρ
2582 1251 2728 1299 πᾶσα
2799 1246 2926 1320 σὰρξ
3012 1248 3112 1316 (3),
3196 1245 3316 1313 ἣτις
3399 1242 3606 1313 ἢκουσε
3664 1264 3786 1320 φω-

2126 1331 2225 1400 νὴν
2285 1337 2419 1388 Θεοῦ
2479 1337 2703 1404 ζῶντος,
2763 1331 3070 1397 λαλοῦντος
3124 1333 3185 1389 ἐκ
3241 1334 3410 1405 μὲσου
3457 1335 3555 1386 τοῦ
3586 1330 3786 1406 πυρὸς,

2127 1421 2216 1475 καὶ
2250 1423 2467 1492 ζήσεται
2494 1442 2509 1492 ;
2537 1422 2605 1480 Εἴ
2660 1423 2723 1478 τὸ
2778 1422 3007 1478 ἀκοῦσαι
3063 1422 3245 1500 φωνὴν
3277 1425 3410 1477 Θεοῦ
3461 1419 3788 1483 λαλοῦντος,

2130 1511 2358 1574 θανάτου
2413 1510 2725 1586 παραίτιονδ
2781 1513 2847 1568 τὸ
2906 1511 3065 1567 αὐτὸν
3127 1510 3255 1565 Θεὸν
3322 1508 3481 1577 ἱδειν,
3541 1514 3663 1571 πῶς
3724 1508 3786 1564 οὐ

2130 1601 2358 1664 θανάτου
2411 1600 2715 1675 πρόξενον,
2777 1602 2877 1656 Καὶ
2930 1601 2987 1657 τί
3042 1603 3374 1672 θαυμάζεις;
3433 1599 3524 1654 καὶ
3575 1601 3788 1663 Μωσῆς

2128 1688 2293 1750 αότός
2323 1706 2509 1763 φησιν⁸
2540 1683 2816 1763 ’Ἐκφοϐός
2846 1689 2960 1763 εἶμι
2993 1690 3083 1745 καὶ
3116 1683 3402 1763 ἔντρομος.

445 1785 587 1840 XIV.
620 1783 772 1849 Quid
801 1784 981 1856 igitur
1008 1782 1189 1838 velles
1209 1781 1237 1836 Ὺ
1266 1796 1482 1837 eumne
1530 1780 1629 1851 qui
1662 1778 1737 1835 ad
1766 1778 2023 1834 salutem

2205 1784 2303 1835 IA'.
2336 1778 2405 1835 Τί
2447 1778 2537 1833 οὗν
2581 1778 2814 1850 ἣθελες;
2875 1780 2966 1834 τὸν
3022 1777 3252 1843 ἐλθόντα
3308 1777 3397 1834 ἐπὶ
3429 1779 3678 1854 σωτηρίᾳ
3706 1782 3786 1852 (4)

374 1873 555 1941 venit,
588 1872 865 1926 interitus
896 1871 1068 1926 nobis
1116 1886 1357 1926 causam
1406 1869 1561 1932 ﬂeri,
1593 1885 1660 1923 eo
1702 1868 1854 1940 quod
1890 1884 2024 1923 eum

2136 1868 2388 1941 πρόξενον
2421 1868 2699 1931 ἀπωλείας
2745 1868 3009 1946 γενέσθαι,
3067 1867 3156 1925 διὰ
3206 1870 3270 1925 τὸ
3323 1871 3399 1944 μή
3444 1868 3624 1946 φέρειν
3655 1868 3786 1931 τοὺς

378 1978 499 2015 non
529 1964 773 2031 possent
802 1960 1084 2015 mortales
1109 1960 1406 2014 sustinere
1432 1974 1444 2011 :
1471 1974 1545 2013 an
1567 1957 1766 2028 potius
1798 1972 1933 2011 eum
1955 1955 2029 2011 ad

381 2049 626 2105 modum
648 2054 919 2104 nostrum
941 2049 1189 2120 gratiam
1214 2062 1383 2102 suam
1406 2045 1840 2117 attemperare?
1855 2043 1900 2080 ³¹
1926 2045 2030 2100 Da-

379 2139 498 2193 niel
525 2138 718 2210 angeli
746 2142 1130 2209 conspectum
1164 2152 1286 2191 non
1313 2134 1471 2201 tulit,
1503 2140 1561 2188 et
1590 2140 1653 2190 tu
1683 2134 2029 2207 angelorum

381 2228 614 2282 Domini
645 2228 976 2283 contuitum
1009 2225 1398 2280 sustinuisses
1418 2223 1446 2279 ?
1470 2224 1705 2279 Gabriel
1732 2223 2027 2295 apparuit,

383 2323 440 2371 et
469 2318 684 2372 cecidit
712 2316 917 2372 Daniel
947 2314 1012 2370 3’.
1060 2313 1406 2385 Cujusmodi
1456 2330 1593 2369 vero
1643 2318 1789 2382 erat,
1843 2328 2029 2384 quove

384 2405 592 2459 habitu
624 2406 673 2459 is
705 2404 803 2475 qui
838 2402 1215 2474 apparebat?
1276 2403 1469 2459 Vultus
1525 2403 1643 2473 ejus
1699 2405 1786 2457 uti
1835 2401 2032 2471 fulgur

382 2501 539 2559 erat;
573 2509 694 2547 non
736 2492 820 2546 uti
886 2491 1010 2546 sol:
1071 2497 1125 2545 et
1181 2492 1327 2546 oculi
1381 2494 1498 2562 ejus
1552 2492 1695 2547 sicut
1750 2491 2031 2562 lampades

382 2582 532 2650 ignis
557 2599 578 2645 ;
612 2597 731 2635 non
760 2580 915 2634 sicut
960 2579 1169 2635 fornax
1220 2579 1374 2651 ignis
1403 2596 1417 2633 :
1477 2587 1530 2635 et
1585 2596 1695 2635 vos:
1723 2595 2029 2635 sermonum

384 2672 524 2739 ejus,
557 2673 699 2724 sicut
728 2684 835 2723 eoa:
862 2668 1242 2724 multitudinis
1264 2667 1311 2704 ³³
1339 2686 1351 2735 ;
1382 2684 1503 2724 non
1535 2669 1689 2724 sicut
1717 2668 2029 2724 duodecim

384 2759 684 2831 legionum
704 2757 1050 2830 angelorum
1063 2756 1207 2813 3‘.Et
1226 2762 1423 2813 tamen
1446 2757 1701 2830 procidit
1718 2757 2026 2829 propheta.

383 2849 454 2901 Et
484 2847 712 2903 accedit
742 2846 1011 2919 angelus,
1065 2847 1308 2902 dicens:
1367 2871 1387 2895 ι
1417 2849 1495 2901 Ne
1537 2846 1767 2911 timeas,
1800 2844 2028 2910 Daniel,

382 2960 410 2986 ‹‹
428 2937 810 3009 surge;animi
824 2952 1066 3007 compos
1080 2935 1510 3003 esto,exaudita
1520 2935 1848 2992 suntverba
1859 2935 2023 2990 tua”.

382 3028 452 3081 Et
498 3027 582 3082 ait
612 3025 814 3081 Daniel
842 3043 855 3080 :
887 3026 1122 3081 Surrcari
1179 3032 1451 3091 tremens,-
1480 3042 1675 3097 neque
1708 3030 1907 3080 tamen
1938 3022 2031 3078 id-

381 3116 534 3170 circo
566 3114 893 3185 respondit,
923 3113 1111 3169 donec
1152 3114 1345 3186 tetigit
1373 3130 1507 3169 eum
1540 3113 1867 3169 similitudo
1898 3128 2028 3167 ma-

380 3221 493 3258 nus
522 3172 803 3258 hominis.
865 3172 935 3257 ιὲι
981 3172 1295 3274 postquam
1352 3203 1404 3257 is
1461 3204 1560 3274 qui
1592 3202 1934 3274 apparebat,
1966 3205 2026 3257 in
2057 3172 2100 3239 Ε

382 3294 643 3345 visionem
702 3292 934 3347 hominis
988 3297 1423 3347 transmutatus
1480 3297 1588 3358 est,
1648 3296 1791 3346 tunc
1822 3291 2029 3346 Daniel

384 3378 600 3449 occipit
630 3378 792 3447 loqui
821 3395 834 3431 :
867 3384 926 3433 et
950 3378 1093 3448 quid
1115 3379 1241 3434 ait?
1273 3401 1301 3430 «
1334 3379 1673 3445 Domine,in
1695 3379 1919 3434 visione
1940 3378 2027 3433 tui

388 3490 413 3517 (ι
440 3468 674 3521 inversa
695 3471 836 3522 sunt
854 3466 1139 3523 interiora
1159 3485 1293 3524 mea
1312 3469 1374 3522 in
1395 3484 1489 3523 me
1510 3484 1524 3522 :
1548 3474 1607 3522 et
1625 3484 1746 3523 non
1769 3468 1948 3523 stabit
1967 3468 2030 3523 in

400 3577 430 3606 «
452 3572 545 3610 me
566 3555 935 3619 fortitudo,et
952 3556 1171 3611 halitus
1184 3574 1303 3612 non
1321 3557 1683 3613 remansitin
1698 3572 1847 3613 me.»
1863 3557 2032 3612 Stan-

392 3645 559 3717 gelus
587 3650 937 3715 conspectus
966 3646 1269 3717 prophetas
1300 3663 1502 3703 vocem
1531 3651 1591 3701 et
1619 3646 2031 3704 fortitudinem

392 3735 628 3805 eripuit,
663 3734 994 3790 liberumne
1028 3736 1279 3791 halitum
1308 3737 1680 3808 permitteret
1709 3736 1811 3791 Dei
1843 3736 2030 3808 ipsius

387 3823 728 3896 apparitio?
782 3829 839 3879 et
893 3826 1083 3893 donec,
1146 3826 1344 3898 inquit
1398 3826 1711 3898 scriptura,
1740 3827 1918 3895 tetigit
1947 3844 2032 3883 me

2127 1957 2468 2031 ἀνθρώπους,
2519 1960 2554 2030 ἢ
2607 1966 2989 2034 συμμετρῆσαι
3040 1961 3141 2029 τήν
3188 1960 3393 2034 χάριν;
3427 1957 3636 2037 Δανιὴλ
3685 1958 3789 2012 οὐκ

2126 2043 2349 2120 ἤνεγκεν
2407 2045 2668 2102 ὀπτασίαν
2727 2047 2990 2123 ἀγγελουο
3049 2050 3139 2103 καὶ
3220 2049 3282 2103 σὺ
3342 2049 3617 2104 Δεσπότου
3675 2051 3785 2102 τῶν

2128 2135 2378 2211 ἀγγέλων
2437 2134 2557 2201 θέαν
2617 2136 2911 2214 ἐνεχώρεις
2969 2140 3083 2212 (5);
3142 2133 3391 2211 Γαϐριὴλ
3444 2138 3636 2215 ἐφανη,
3695 2137 3789 2192 καὶ

2128 2224 2381 2280 πέπτωκε
2438 2223 2665 2296 Δανιήλ·
2726 2227 2815 2281 καὶ
2877 2226 3121 2288 ποταπὸς
3174 2227 3237 2295 ἦν
3290 2228 3318 2281 6
3367 2226 3721 2304 φαινόμενος,
3752 2226 3790 2296 ἢ

2131 2313 2276 2382 ποίῳ
2331 2316 2621 2389 opipari;
2679 2315 2753 2371 T6
2803 2314 3099 2390 πρόσωπον
3155 2315 3323 2370 αὐτοῦ
3398 2317 3473 2376 ὡς
3539 2315 3788 2387 ἀστραπὴ

2134 2403 2219 2472 ἦν,
2253 2403 2364 2478 οὐχ
2394 2403 2471 2465 ὡς
2528 2405 2556 2458 6
2608 2402 2792 2473 ἥλιος*
2852 2404 2943 2459 καὶ
3002 2405 3056 2459 οἱ
3111 2401 3389 2481 ὀφθαλμοὶ
3448 2403 3616 2459 αὐτοῦ
3659 2402 3790 2457 ὡσεὶ

2135 2489 2418 2565 λαμπάδες
2471 2493 2661 2567 πυρὸς,
2722 2492 2831 2568 οὐχ
2886 2494 2963 2556 ὡς
3026 2493 3257 2565 κάμινος
3318 2494 3393 2566 (6)
3442 2492 3636 2566 πυρός·
3695 2490 3789 2547 καὶ

2134 2582 2169 2650 ἡ
2224 2582 2379 2656 φωνὴ
2438 2585 2546 2636 τῶν
2608 2580 2786 2656 Λόγων
2842 2581 3006 2636 αὐτοῦ
3062 2582 3140 2643 ὡς
3198 2582 3355 2656 φωνή
3411 2578 3612 2647 ὄχλου,
3678 2580 3790 2655 οὐχ

2135 2669 2209 2731 ὡς
2266 2666 2475 2725 δώδεκα
2535 2669 2819 2746 λεγεώνων
2876 2668 3151 2745 ὀιγγὲλων·
3209 2674 3299 2726 καὶ
3350 2669 3504 2743 ὅμως
3535 2667 3724 2726 ἔπεσεν
3758 2671 3787 2725 6

2134 2761 2446 2835 προφήτης.
2507 2760 2604 2813 Καὶ
2662 2760 3026 2834 προσέρχεται
3088 2760 3117 2813 6
3174 2758 3414 2834 ἄγγελος
3461 2762 3539 2832 (7)
3585 2759 3783 2836 λέγων’

2135 2847 2228 2915 Μὴ
2304 2843 2502 2924 φοϐοῦ,
2580 2846 2808 2917 Δανιὴλ,
2885 2846 3164 2918 ἀνάστηθυ
3269 2846 3501 2921 ἔνθυμος
3600 2851 3783 2922 γενοῦ,

2134 2937 2563 3007 εἰσηκούσθησαν
2615 2937 2669 2990 οἱ
2729 2935 2885 3011 λόγοι
2940 2956 3060 2992 σου⁸
3117 2936 3209 2992 καὶ
3257 2957 3421 3014 φησιν
3476 2939 3505 2993 6
3554 2936 3783 3007 Δανιήλ⁸

2137 3024 2389 3094 Ἀνέστην
2470 3018 2758 3099 ἔντρομος·
2838 3024 2929 3080 καὶ
3006 3024 3133 3081 οὐδὲ
3207 3026 3382 3089 οὕτως
3439 3026 3786 3098 ἀπεκρίνατο,

2136 3112 2240 3176 ἕως
2268 3116 2359 3171 ’ὀτε
2387 3116 2559 3189 ἣψατο
2592 3114 2757 3171 αὐτοῦ
2804 3117 3068 3190 ὁμοίωσις
3122 3118 3310 3192 χειρὸς
3339 3117 3650 3193 ἀνθρώπου.
3685 3118 3789 3173 Καὶ

2139 3204 2229 3260 ὅτε
2259 3199 2571 3278 μετεϐλήθη
2607 3204 2685 3267 εἷς
2744 3205 3004 3261 ὀπτασίαν
3062 3206 3353 3281 ἀνθρώπου
3385 3205 3626 3283 όφανείς,
3669 3205 3789 3259 τότε

2140 3294 2303 3350 λαλεῖ
2331 3296 2359 3349 6
2393 3295 2619 3366 Δανιήλ’
2667 3295 2758 3351 καὶ
2806 3295 2858 3351 τί
2907 3316 3080 3374 φησι;
3130 3296 3313 3370 Κύριε,
3345 3295 3397 3352 ἐν
3440 3299 3508 3370 τῇ
3564 3293 3793 3366 ὀπτασίᾳ

2138 3403 2234 3438 σου
2291 3382 2528 3461 ἐστράφη
2585 3387 2654 3439 τὰ
2708 3383 2859 3448 ἐντός
2911 3406 3016 3458 μου
3067 3383 3121 3441 ἐν
3180 3385 3330 3458 ἐμοὶ,
3389 3383 3480 3440 καὶ
3540 3384 3605 3440 οὐ
3651 3387 3791 3455 στή-

2139 3492 2284 3527 σεται
2341 3470 2395 3527 ἐν
2453 3470 2580 3545 ἐμοὶ
2664 3475 2738 3545 (8)
2821 3472 3001 3549 ἰσχὺς,
3086 3479 3178 3529 καὶ
3233 3475 3375 3542 πνοὴ
3433 3472 3537 3548 οὐγ
3574 3472 3790 3529 ὑπελεί-

2139 3563 2245 3640 φθη
2303 3560 2355 3617 ἐν
2410 3559 2562 3634 ἐμοὶ.
2624 3561 2688 3619 Εἴ
2755 3559 2989 3637 ἄγγελος
3071 3564 3404 3637 φαινόμενος
3460 3561 3634 3635 ἐξεῖλε
3686 3567 3786 3632 τήν

2139 3651 2324 3729 φωνὴν
2350 3654 2447 3707 τοῦ
2479 3651 2768 3728 προφήτου
2798 3650 2889 3706 καὶ
2917 3653 3017 3722 τήν
3072 3650 3253 3726 ἰσχὺν,
3308 3651 3372 3707 τὸ
3423 3652 3515 3707 τὸν
3548 3651 3674 3707 Θεὸν
3709 3651 3782 3722 (9)

2139 3741 2391 3816 φανῆναι,
2425 3738 2721 3814 συνεχώρει
2777 3741 2877 3809 τὴν
2932 3741 3146 3811 πνοήνς
3204 3741 3297 3795 καὶ
3353 3737 3457 3803 ἕως
3511 3738 3658 3810 ὅτου,
3691 3737 3782 3795 λέ-

2137 3830 2282 3906 γειὴ
2312 3827 2523 3903 Γραφὴ,
2572 3826 2751 3902 ἥψατό
2803 3849 2910 3903 μου
2959 3829 3034 3891 ὡς
3087 3826 3275 3903 ὅρασις
3323 3828 3633 3904 ἀνθρώπου,
3685 3827 3789 3883 οὐκ

531 4005 659 4079 _C_at
684 4007 770 4079 11),
802 4021 861 4079 ιι..
898 4007 1017 4079 i_et
1050 4005 1133 4058 18.
1169 4000 1441 4079 ’8_Exo_d:
1458 4022 1554 4072 xx,
1590 4004 1752 4079 19.7”
1779 4006 1949 4079 Deut.
1981 4024 2028 4075 v,

2146 4049 2158 4065 .
2207 4007 2254 4044 3°
2279 4007 2454 4065 Hebr.
2483 4025 2589 4079 xu,
2620 4011 2709 4063 21.
2741 4007 2788 4045 ³¹
2829 4009 2953 4065 Vid.
2987 4015 3094 4065 cat.
3130 4012 3182 4079 9,
3214 4027 3276 4068 n.
3313 4011 3360 4065 1.
3393 4010 3440 4045 ³³
3464 4011 3613 4065 Dan.
3646 4027 3704 4075 ι,
3735 4011 3788 4062 9.

384 4073 432 4109 ³³
462 4075 604 4130 ibid.
640 4078 692 4132 6.
725 4074 770 4109 3‘
800 4076 1000 4131 Matth.
1034 4092 1183 4142 xxvr,
1214 4076 1304 4134 53.
1338 4075 1384 4110 ³⁵
1411 4076 1559 4134 Dan.
1589 4093 1647 4144 ι,
1681 4078 1867 4131 12-18.

384 4256 570 4310 santis
602 4259 660 4308 et
689 4271 789 4309 eos
829 4254 1099 4309 docentis
1145 4253 1625 4310 collocutionem.
1663 4255 1773 4310 Alii
1805 4256 2030 4312 intelli-

381 4332 524 4399 gunt
556 4332 825 4399 nostrum
861 4325 933 4380 ad
965 4325 1167 4399 divina
1198 4332 1563 4399 provectum.
1604 4328 1859 4399 Cyrillus
1892 4342 2033 4399 quo-

385 4398 499 4469 que
532 4415 638 4480 per
663 4398 986 4480 “Christum
1044 4398 1105 4451 in
1163 4398 1532 4480 Eucha‘ristia
1569 4398 2036 4480 sumptum,7nos

388 4468 631 4541 propius
663 4469 780 4524 Deo
812 4468 928 4523 frui
956 4488 969 4534 ;
1029 4485 1096 4524 ac
1152 4486 1284 4524 vere
1319 4475 1377 4524 et
1418 4470 1653 4541 proprie
1685 4468 1899 4526 divinas
1930 4488 2038 4527 na-

388 4548 554 4605 turae,
590 4541 821 4614 corpori
854 4541 1070 4594 Christi
1102 4541 1469 4613 hypostatice
1503 4542 1759 4610 sociatae,
1794 4543 2039 4614 partici-

386 4630 491 4685 pes
522 4612 650 4666 ﬁeri
684 4612 855 4667 docet
880 4617 996 4685 cat.
1037 4615 1126 4680 22,
1159 4629 1218 4667 n.
1254 4615 1302 4667 3.

458 4685 535 4753 (1)
567 4685 854 4738 Nimirum
888 4683 1090 4739 Filius.

457 4751 533 4827 (2)
567 4757 866 4825 Δυνάμεθα.
920 4757 1155 4811 Rectius
1187 4755 1247 4810 in
1298 4757 1416 4810 Roe
1447 4759 1504 4809 et
1532 4754 1805 4826 Casaub.,
1833 4751 2037 4824 ἠδυνά-

391 4837 546 4899 μεοα,
583 4834 1005 4900 «poteramus,
1040 4828 1460 4900 potuissemus.
1496 4849 1523 4877 ››

459 4896 785 4972 (3)“Τίςξγάρ
846 4903 990 4951 πᾶσα
1040 4896 1197 4970 σάρξ,
1259 4906 1368 4955 etc.
1429 4899 1496 4972 In
1552 4896 1729 4972 Goisl.
1782 4902 1841 4972 et
1869 4899 2032 4972 Reg,

388 4967 765 5043 Τίςγγᾷρηὲστις
796 4967 1126 5043 πᾶσα-Βοε
1159 4967 1216 5043 et
1272 4970 1517 5043 Casaub.
1549 4970 1641 5029 Τίς
1674 4969 1773 5043 γὰρ
1801 4970 1834 5037 ἡ
1868 4967 2031 5026 πᾶξαι.

387 5043 451 5094 In
489 5040 690 5127 Bibliis
721 5040 1089 5127 simpliciter,
1123 5042 1219 5101 Τίς
1250 5042 1353 5125 γὰρ
1386 5040 1528 5166 σάρξ.

459 5112 536 5166 (4)
571 5110 692 5164 Ἑπι
752 5129 1007 5166 σωτηβια.
1067 5118 1176 5166 etc.
1231 5113 1432 5166 00151..
1515 5134 1528 5165 ι

459 5112 536 5180 (4)
571 5109 692 5164 Ἐπὶ
738 5109 1007 5186 σωτηρίᾳ,
1067 5118 1176 5168 etc.
1231 5109 1572 5186 Coisl.,-61:2
1636 5111 1908 5186 σωτηρίαν
1937 5116 2033 5168 τοῦ

386 5178 592 5255 γένους,
624 5205 649 5229 ‹‹
684 5181 760 5255 ad
790 5178 1041 5239 salutem
1073 5184 1325 5255 generis.
1365 5208 1386 5236 ι

460 5254 532 5321 (5)
566 5252 909 5325 Ἐνεχώρεις.
962 5257 1047 5311 Ita
1077 5252 1221 5310 Ῥιοε
1278 5262 1336 5311 et
1389 5254 1639 5311 Casaub.
1675 5256 1844 5311 codd.
1879 5257 2033 5312 Editi

387 5341 544 5389 vero,
577 5322 865 5398 ἐγχωρεῖς.

457 5398 534 5464 (6)
566 5395 804 5464 κάρφος
860 5397 1032 5464 Editi,
1092 5395 1346 5467 καμίνου.
1382 5397 1574 5454 Secuti
1626 5413 1829 5453 sumus
1861 5399 2031 5455 codd.

388 5470 506 5522 Roe
538 5476 596 5522 et
624 5467 896 5538 Casaub.,
930 5476 996 5524 ut
1023 5471 1485 5525 constructionis
1530 5468 1859 5525 similitudo
1889 5472 2033 5527 reti—

387 5546 646 5594 neretur.

459 5615 532 5685 (7)
559 5612 619 5659 Ἣ
658 5606 903 5683 aii-73210:.
937 5610 1268 5668 Articulum
1298 5610 1700 5684 supplevimus
1729 5628 1800 5667 ex
1829 5613 2033 5682 Coisl.,

2063 4262 2110 4326 ι)
2141 4258 2283 4345 Roe,
2317 4258 2564 4345 (Easau'b.
2599 4259 3105 4345 Linea'sequenti,
3135 4254 3549 4345 ΙοςοΑὲνθυμος,
3584 4262 3704 4345 Roe
3728 4268 3794 4345 et

2143 4328 2418 4403 Casaub.,
2453 4327 2710 4403 εὔθυμος.
2772 4327 2943 4398 Loco,
3000 4327 3447 4400 εἷσηκοόσθησαν,
3496 4327 3558 4387 in
3591 4333 3792 4402 Coisl.,

2146 4402 2311 4483 Reg,
2341 4403 2461 4483 Roe
2494 4408 2552 4483 et
2590 4402 2854 4483 'Casaub.
2914 4403 3186 4473 habetur,
3227 4404 3602 4474 ἠκούσθησαν,
3635 4411 3703 4460 ut
3729 4406 3791 4461 in

2147 4472 2491 4544 prophetico
2523 4480 2707 4529 textu.
3174 4472 3179 4473 γ
3254 4472 3257 4473 ⁷
3468 4472 3474 4474 '
3591 4472 3596 4473 ί

2196 4544 2289 4620 Δ(8)
2321 4541 2427 4597 Καὶ
2458 4543 2814 4620 οὑὲστήσεται
2866 4543 2944 4620 ἐν,
2987 4543 3134 4620 ἐμοί,
3169 4553 3298 4620 810.
3336 4549 3418 4603 Ea
3445 4547 3624 4603 verba
3654 4563 3792 4620 pro-

2144 4618 2278 4686 pter
2302 4632 2495 4682 voces,
2527 4613 2581 4668 ἐν
2607 4613 2729 4691 ἐμοί
2754 4613 3044 4691 repetitas
3076 4619 3135 4691 in
3164 4619 3337 4691 editis
3367 4613 3789 4691 praetermissa,

2145 4702 2594 4764 reparamusex
2624 4688 2793 4744 codd.
2827 4688 3026 4756 Coisl.,
3059 4689 3275 4758 Ottob.,
3310 4688 3473 4764 Reg,
3505 4692 3649 4758 Roe,
3681 4692 3789 4746 Ca-

2146 4757 2340 4822 saub.,
2373 4759 2546 4821 Grod.
2583 4766 2642 4815 et
2666 4777 2832 4816 sacro
2865 4766 3045 4817 textu.

2216 4830 2293 4900 (9)
2322 4829 2398 4904 T6
2427 4830 2519 4882 τὸν
2571 4830 2723 4898 Θεόν,
2786 4839 2896 4888 etc.
2964 4831 3290 4904 Articulum
3319 4832 3381 4885 τό
3409 4833 3790 4904 reposuimus

2147 4915 2215 4983 ex
2249 4900 2420 4983 codd.
2454 4904 2614 4983 Reg,
2645 4906 2797 4983 Roe,
2819 4903 3066 4983 Casaub.
3091 4905 3298 4983 ,γεγρα
3326 4900 3657 4983 sequeptia,
3689 4900 3790 4983 ἕως

2145 4971 2293 5037 ὅτου,
2322 4973 2496 5029 aliter
2526 4971 2878 5031 exhibentur
2906 4976 2968 5029 in
3000 4974 3170 5030 codd.
3201 4976 3377 5030 Coisl.
3411 4971 3467 5031 et
3499 4979 3634 5037 Reg.
3668 4977 3789 5032 sic:

2145 4994 2293 5037 οτου,
2322 4994 2496 5029 auter
2526 4994 2878 5031 exnlnentur
2906 4994 2968 5029 1n
3000 4994 3170 5030 coaa.
3201 4994 3377 5030 £10151.
3411 4994 3467 5031 et
3500 4994 3579 5032 ne
3624 5018 3634 5029 .
3668 4994 3789 5032 Sic:

2141 5042 2288 5121 "Aqu
2321 5041 2467 5121 6":0u“
2484 5042 2663 5121 ἣψατό
2695 5067 2822 5118 μου,
2856 5045 3171 5121 φησὶνπιῖις
3196 5044 3406 5121 ὅρασις,
3429 5054 3557 5121 etc.
3582 4994 3705 5103 liae
3737 5052 3795 5121 et

2142 5112 2548 5195 Casaub.,}wc'
2578 5115 2669 5171 ὅτε
2696 5112 2893 5195 ’(Βὸό,
2919 5112 3287 5195 νὸτουλῆμψατο
3321 5112 3503 5195 αὐτὸν,
3534 5118 3789 5195 ἡμΓραφή

2144 5187 2410 5261 φησιν,ιῖ“ς
2428 5187 2632 5262 ὅρασις·
2657 5212 2683 5239 ‹‹
2713 5191 2908 5245 Donec
2933 5187 3122 5261 tetigit
3141 5187 3449 5261 ipsum,ait
3467 5187 3790 5262 Scriptura,

2144 5260 2171 5308 «ὲ
2204 5264 2301 5341 tan
2311 5275 2487 5342 quam
2506 5260 2650 5342 visio
2669 5260 3253 5342 hominisGrodecius
3267 5264 3448 5342 vertit,
3462 5260 3683 5342 manus
3693 5264 3796 5342 ho-

2146 5350 2171 5380 ιι
2196 5331 2405 5403 minis;
2430 5353 2461 5383 »
2485 5333 2643 5403 quod
2665 5333 2965 5388 conforme
2988 5339 3080 5387 est
3109 5333 3369 5388 Danielis
3389 5351 3542 5389 vers.
3568 5333 3796 5389 lO.Vul—

2142 5408 2338 5473 gatam
2366 5401 3089 5477 lectionemgretinuimus.
3124 5422 3258 5477 cum
3291 5406 3450 5477 ipsas
3476 5406 3792 5476 Scripturaa

2142 5488 2316 5549 voces
2338 5475 2597 5549 retinere
2619 5475 2808 5532 soleat
2828 5476 3083 5549 Cyrillus
3107 5496 3128 5549 ;_
3145 5493 3213 5532 ac
3234 5475 3690 5535 Casauboniana
3714 5477 3792 5532 le-

2144 5545 2258 5600 ctio
2290 5546 2769 5605 emendationem
2804 5545 3011 5619 sapere
3039 5547 3327 5605 videatur.
