4124 6260
324 288 439 348 741

1174 282 1647 359 CATECHESIS
1688 279 1820 341 XII.
1867 276 1970 338 DE
2012 276 2353 341 CHRISTO
2400 278 2871 344 [NCARNATO.

3608 286 3730 346 742

321 414 586 487 εθαροησε
618 406 841 479 Δανιήλ.
907 409 1100 482 Πείρας
1141 406 1324 463 τοίνυν
1380 414 1480 476 τῆς
1540 406 1811 467 ασθενείας
1869 406 1968 474 τῆς

2092 410 2507 476 tavquamvisio
2537 409 2790 477 hominis,
2842 426 2965 464 non
3015 414 3105 465 est
3145 418 3448 469 recreatus
3497 415 3724 471 Daniel.

320 500 589 575 ἡμετέρας
616 497 951 574 δειχθείσης,
1009 491 1263 553 ἀνέλαϐεν
1315 498 1343 551 6
1401 495 1595 571 Κύριος
1641 498 1802 550 τοῦτο
1834 496 1966 569 ὅπερ

322 589 569 659 ἐπεζήτει
603 589 632 643 6
665 586 974 663 ἄνθρωπος·
1020 584 1210 656 ἐπειδὴ
1270 585 1374 662 γὰρ
1426 587 1575 659 παρά
1634 585 1974 661 ὁμοιοπροσ-

322 681 477 734 ώπου
510 677 688 747 ἐζήτει
723 675 938 731 ἀκούειν
977 678 1004 731 ὁ
1036 674 1344 750 ἃνθρωπος,
1378 669 1608 730 ἀνέλαϐε
1658 674 1722 729 τὸ
1780 673 1972 747 ὅμοιοι

321 771 486 832 παθὲς
518 769 545 822 ὁ
581 768 777 843 Σωτὴρ
808 766 878 821 ’ἶν’
910 767 1312 842 εὐμαρέστερον
1370 762 1733 828 παιδευθῶσιν
1775 764 1827 817 οἱ
1882 759 1976 817 ἃν-

322 861 512 935 θρωπο
540 875 552 914 :

398 1035 498 1093 IE‘.
533 1036 683 1106 Δέξαι
713 1032 890 1090 δὲκαὶ
951 1031 1129 1104 mm
1191 1031 1386 1089 αἶ’τίαν.
1448 1029 1779 1106 Παρεγὲνετο
1835 1033 1974 1105 Χρι-

326 1122 596 1195 στὸς,⁹ίνα
628 1125 1043 1201 βαπτισθῇ,καὶ
1101 1125 1296 1200 ἁγιάσῃ
1353 1124 1416 1178 τὸ
1478 1124 1778 1198 βάπτισμα·
1836 1139 1980 1195 παρ-

324 1216 557 1291 εγένετο,
586 1212 680 1269 ’ίνα
709 1215 1199 1289 θαυματουργήσῃ,
1228 1217 1539 1286 περιπατῶν
1572 1210 1660 1267 ἐπὶ
1690 1215 1799 1265 τῶν
1849 1208 1980 1264 ὑδά-

320 1326 432 1359 των
490 1311 593 1373 τῆς
651 1303 952 1373 θαλάσσης.
1012 1302 1165 1359 Ἐπεὶ
1224 1300 1286 1358 οὗ
1366 1298 1471 1376 πρὸ
1556 1308 1656 1371 τῆς
1716 1299 1978 1376 ἐνσάρκου

322 1394 648 1469 παρουσίας,
692 1395 729 1462 ἡ
788 1392 1030 1457 θάλασσα
1090 1390 1196 1447 εἶδε
1250 1392 1340 1446 καὶ
1392 1390 1601 1468 ἔφυγεν,
1629 1390 1721 1445 καὶ
1752 1392 1780 1445 6
1834 1392 1978 1467 Ἰορ-

326 1482 494 1554 δάνης
537 1481 773 1556 ἐστράφη
813 1482 891 1544 είς
947 1482 1014 1537 τὰ
1090 1482 1286 1536 ὀπίσω·
1349 1476 1578 1536 ἀνέλαϐε
1630 1481 1693 1536 τὸ
1737 1484 1896 1552 σῶμα
1951 1477 1980 1532 6

326 1572 536 1647 Κύριος
564 1576 664 1645 (1),
694 1571 787 1625 ἳνα
825 1567 1015 1626 ἰδοῦσα
1054 1573 1088 1640 ἡ
1120 1568 1363 1625 Θάλασσα
1419 1569 1745 1644 ἀνάσχηται,
1808 1568 1897 1623 καὶ
1953 1569 1981 1622 6

319 1658 611 1731 Ἰορδάνης
651 1654 876 1734 ἀφόϐως
935 1660 1098 1714 αὐτὸν
1157 1657 1508 1732 ὑποδέξηται.
1569 1658 1678 1713 Μία
1731 1658 1824 1731 μὶν
1913 1653 1980 1725 δὴ

324 1750 461 1820 αὕτη
497 1749 663 1804 αἰτία·
693 1745 806 1804 ἔστι
839 1746 900 1804 δὲ
954 1748 1043 1804 καὶ
1104 1745 1341 1822 δευτέρα.
1401 1747 1498 1803 Διά
1551 1745 1822 1822 παρθένου
1880 1751 1980 1815 τῆς

326 1838 467 1901 Εὔας
497 1836 666 1905 ἦλθεν
700 1838 728 1892 6
794 1837 1039 1906 θάνατος,
1099 1833 1206 1893 ἔδει
1267 1834 1357 1892 διὰ
1410 1836 1701 1913 παρθένου,
1765 1834 1977 1909 μᾶλλον

331 1928 390 1985 δὲ
418 1928 479 1985 ἐκ
508 1929 802 2005 παρθένου,
837 1934 1069 2006 φανῆναι
1098 1928 1200 1996 τὴν
1261 1928 1428 1997 ζωήν·
1481 1926 1571 1981 ’ἱνα
1626 1925 1806 2000 ὥσπερ
1837 1923 1976 1982 ὲκεί-

327 2040 426 2090 νην
458 2018 582 2094 ὄφις
613 2019 913 2089 ἠπάτησεν,
950 2015 1092 2072 οὕτω
1122 2016 1213 2072 καὶ
1270 2014 1472 2087 ταύτην
1538 2010 1782 2087 Γαϐριὴλ
1814 2015 1980 2089 εὐαγ-

327 2109 638 2185 γελίσηται.
674 2106 1075 2169 Καταλιπόντες
1108 2104 1385 2182 ἂνθρωποι
1419 2106 1570 2177 Θεὸν,
1602 2102 1979 2180 ἐδημιούργη-

330 2220 425 2253 σαν
481 2196 930 2275 ἀνθρωπόμορφα
988 2195 1168 2267 ξόανα.
1230 2194 1745 2273 Ἀνθρωπομόριρου
1799 2193 1979 2248 τοίνυν

330 2288 406 2349 ὡς
437 2291 570 2343 Θεοῦ
620 2282 836 2360 ψευδῶς
893 2282 1393 2359 προσκυνουμένου,
1455 2284 1584 2346 Θεὸς
1633 2283 1859 2352 ἀληθῶς
1889 2280 1980 2336 ἅν-

332 2386 549 2452 θρωπος
578 2374 811 2451 ἐγένετο,
864 2372 957 2429 ’ίνα
1016 2374 1158 2449 λυθῇ
1214 2375 1276 2429 τὸ
1333 2370 1553 2448 ψεῦδος.
1613 2373 1856 2446 Ὀργάνῳ
1911 2373 1980 2445 τῇ

333 2465 491 2539 σαρκὶ
523 2467 637 2529 καθ’
686 2467 849 2538 ἡμῶν
910 2458 1181 2540 ἐκέχρητο
1241 2465 1268 2518 6
1328 2458 1608 2526 διάϐολος.
1666 2462 1764 2515 Καὶ
1819 2465 1982 2515 τοῦτο

334 2558 621 2628 γινώσκων
657 2554 683 2607 ὁ
718 2551 958 2622 Παῦλος,
991 2549 1155 2626 λέγει·
1209 2550 1409 2607 Βλέπω
1469 2548 1525 2605 δὲ
1574 2547 1757 2625 ἕτερον
1817 2550 1985 2623 νόμον

337 2642 393 2697 ἓν
452 2647 567 2702 τοῖς
631 2639 814 2714 μέλεσί
879 2664 1004 2715 μου,
1067 2641 1610 2716 ἀντιστρατευόμενον
1695 2644 1774 2710 τῷ
1828 2638 1984 2712 νόμῳ

336 2737 434 2786 τοῦ
461 2733 585 2792 νοός
619 2752 743 2806 μου,
798 2731 889 2786 καὶ
947 2729 1435 2804 αἰχμαλωτίζοντά
1469 2749 1555 2802 με,
1609 2729 1792 2783 καὶτὰ
1839 2729 1982 2798 ἑξῆς.

334 2822 416 2876 Δι’
445 2822 520 2875 ὧν
546 2820 637 2876 οὗν
670 2820 857 2876 ὅπλων
890 2822 918 2876 6
949 2815 1133 2875 διάϐο)
1152 2841 1210 2883 ος
1240 2821 1389 2891 ἡμᾶς
1439 2816 1863 2894 κατηγωνίζετο,
1896 2815 1988 2871 διὰ

331 2909 541 2966 τούτων
603 2909 780 2965 αὐτῶν
837 2909 1138 2983 ἐσώθημεν.
1204 2902 1467 2964 ’Δνελαϐε
1504 2908 1566 2962 τὸ
1596 2906 1789 2981 ὅμοιον
1820 2906 1982 2979 ἡμῶν

334 3000 385 3071 ἒξ
420 3002 581 3073 ἡμῶν
615 3000 643 3054 ὁ
676 2999 900 3076 Κύριος,
931 2999 1024 3053 ἳνα
1053 3001 1152 3066 τὴν
1211 2995 1609 3070 ἀνθρωπότητα
1657 2996 1824 3070 σώσῃ³
1888 2994 1983 3049 ἀν-

333 3084 497 3144 ελαϐε
524 3089 617 3144 τὸν
651 3087 846 3158 ὅμοιον
879 3092 1060 3160 ἡμῶν,
1090 3087 1185 3141 ἳνα
1211 3090 1291 3158 τῷ
1340 3085 1588 3141 λείποντι
1624 3085 1847 3158 μείζονα
1901 3081 1979 3156 δῷ

330 3180 429 3248 τήν
464 3179 651 3253 χάριν,
680 3156 770 3231 ’ἶνα
799 3179 834 3247 ἡ
868 3156 1225 3249 ἄν’θρωπότης
1322 3156 1652 3247 ἁμαρτωλὸς
1711 3177 1846 3229 Θεοῦ
1884 3192 1978 3248 γε-
2007 3156 2052 3223 C

331 3289 491 3338 νηται
548 3267 830 3328 κοινωνός.
888 3267 1065 3324 ¹Ὸπου
1142 3266 1242 3339 γὰρ
1328 3261 1649 3319 ἐπλεόνασεν
1703 3266 1737 3331 ἡ
1799 3264 1980 3336 ἁμαρ-

330 3356 441 3427 τία,
492 3354 1000 3431 ὑπερεπερίσσευσεν
1054 3356 1089 3423 ἡ
1145 3354 1332 3428 χάρις.
1393 3350 1547 3408 Ἔδει
1602 3357 1792 3416 παθεῖν
1850 3351 1982 3424 ὑπὲρ

331 3448 494 3519 ἡμῶν
523 3446 614 3499 τὸν
652 3444 871 3519 Κύριον,
902 3441 1027 3499 ἀλλ’
1060 3442 1159 3497 οὐκ
1214 3443 1275 3496 ἅν
1326 3439 1603 3513 ἐτόλμησε
1658 3439 1981 3519 προσελθεῖν

335 3536 362 3588 6
392 3529 676 3602 διάϐολος,
709 3531 758 3587 εἴ
787 3528 909 3607 ᾔδει
936 3535 1152 3586 τοῦτον*
1185 3529 1248 3585 Εἰ
1303 3529 1404 3604 γὰρ
1459 3525 1722 3604 ἔγνωσαν,
1777 3527 1869 3583 οὖν
1920 3516 1981 3581 ἂν

330 3627 424 3680 τὸν
484 3624 687 3698 Κύριον
744 3628 844 3689 τῆς
928 3619 1088 3694 δόξης
1149 3619 1512 3695 ἐσταύρωσαν.
1548 3618 1747 3694 Δελεαρ
1801 3617 1983 3673 τοίνυν

334 3717 433 3769 τοῦ
465 3715 693 3777 θανάτου
723 3732 914 3787 γεγονε
966 3711 1028 3765 τὸ
1085 3713 1268 3782 σῶμα,
1322 3706 1417 3763 ’ἱνα
1451 3706 1678 3782 ἐλμίσας
1704 3710 1983 3762 καταπιεῖν

338 3805 366 3859 6
428 3802 661 3878 δράκων,
749 3801 973 3876 ἑξεμεσῃ
1058 3800 1151 3855 καὶ
1217 3799 1346 3862 τοὺς
1400 3794 1511 3868 ἤδη
1570 3799 1987 3860 καταποθεντας’

339 3901 568 3949 Κατεπιε
636 3894 739 3969 γὰρ
852 3891 879 3945 6
993 3890 1216 3950 θάνατος
1308 3886 1555 3962 ἰσχύσας·
1640 3886 1733 3942 καὶ
1795 3884 1986 3940 πάλιν·

337 3982 587 4061 Ἀφεῖλεν
649 3981 676 4037 6
735 3980 865 4042 Θεὸς
893 3984 996 4035 πᾶν
1032 3976 1263 4053 δάκρυον
1323 3975 1430 4032 ἀπὸ
1487 3976 1790 4048 προσώπου
1849 3994 1987 4031 παν-

331 4073 427 4136 τός
441 4117 453 4130 .

2079 499 2456 569 Experientia
2513 500 2692 572 igitur
2748 500 3175 558 imbecillitatis
3223 510 3440 560 nostra)
3478 506 3726 563 demon-

2083 594 2288 659 strata,
2320 593 2644 662 assumpsit
2672 591 2785 646 hoc
2834 592 3123 648 Dominus
3181 596 3338 665 quod
3388 599 3730 668 requirebat

2082 678 2298 734 homo:
2333 681 2817 752 quandoquidem
2851 682 3011 737 enim
3045 683 3116 737 ab
3163 685 3344 738 simili
3393 687 3482 741 sui
3532 690 3727 759 specie

2083 768 2289 824 audire
2319 769 2497 825 verba
2530 770 2806 841 cupiebat
2853 771 3069 839 homo;
3126 773 3411 829 similium
3460 777 3726 831 affectio-

2083 873 2229 912 num
2262 863 2535 914 naturam
2566 858 2764 915 induit
2785 859 3067 929 Salvator,
3102 867 3166 916 ut
3192 862 3465 919 homines
3494 864 3728 922 facilius

2084 946 2490 1001 erudirentur.

2154 1037 2276 1091 XV.
2313 1036 2529 1108 Accipe
2562 1041 2620 1091 et
2649 1036 2828 1092 aliam
2882 1054 3145 1093 causam.
3168 1038 3217 1074 ³⁸
3251 1040 3419 1095 Venit
3465 1042 3729 1099 Christus

2084 1129 2155 1179 ut
2183 1124 2603 1196 baptizaretur,
2634 1130 2695 1179 et
2724 1127 3125 1183 sanctiﬁcaret
3140 1127 3454 1199 baptisma,
3488 1132 3734 1186 venitut

2089 1213 2380 1268 miracula
2404 1219 2771 1285 cperaretur,
2804 1214 3120 1270 ambulans
3160 1233 3340 1288 super
3368 1234 3552 1289 aquas
3603 1235 3732 1275 ma-

2084 1303 2167 1358 ris
2195 1302 2262 1357 37.
2298 1304 2585 1370 Quoniam
2617 1305 2797 1377 igitur
2826 1311 2965 1361 ante
2996 1306 3124 1377 ejus
3170 1309 3231 1362 in
3283 1325 3460 1365 carne
3507 1311 3731 1367 adven-

2088 1397 2233 1456 tum,
2267 1409 2428 1449 mare
2458 1394 2605 1448 vidit
2635 1400 2693 1448 et
2714 1395 2882 1467 fugit,
2918 1400 2977 1449 et
2995 1396 3270 1452 Jordanis
3295 1415 3614 1456 conversus
3646 1407 3736 1457 est

2084 1486 2411 1537 retrorsum
2428 1482 2507 1536 '3:
2535 1482 2819 1538 Dominus
2851 1500 3067 1555 corpus
3099 1488 3442 1557 assumpsit,
3472 1494 3540 1543 ut
3569 1507 3732 1546 mare

2084 1571 2291 1626 videns
2318 1571 2657 1639 sustineret,
2693 1578 2753 1626 et
2778 1572 3053 1628 Iordanis
3085 1574 3278 1639 illum,
3306 1578 3498 1647 posito
3549 1585 3731 1645 metu,

2085 1660 2397 1732 reciperet.
2434 1666 2622 1732 Atque
2653 1661 2779 1716 haec
2811 1661 3052 1731 quidem
3084 1679 3263 1718 causa
3289 1681 3447 1721 una:
3483 1672 3573 1721 est
3628 1685 3734 1723 au-

2011 1784 2059 1849 B
2088 1756 2207 1804 tem
2241 1755 2301 1803 et
2327 1750 2533 1805 altera.
2565 1748 2613 1785 3°
2642 1749 2752 1805 Per
2776 1750 3060 1823 virginem
3087 1753 3262 1807 Evam
3294 1754 3477 1810 subiit
3536 1772 3693 1812 mors
3718 1776 3732 1825 ;

2091 1839 2401 1911 oportebat
2420 1855 2526 1910 per
2544 1838 2842 1911 virginem,
2868 1856 2974 1895 seu
2994 1841 3190 1911 potius
3213 1842 3285 1898 de
3323 1843 3566 1916 virgine,
3596 1862 3732 1916 pro-

2089 1928 2216 1983 dire
2247 1928 2423 1983 vitam
2451 1944 2464 1981 :
2496 1934 2562 1983 ut
2596 1929 2751 1983 sicut
2779 1928 2945 1983 illam
2978 1928 3213 2000 decepit
3265 1948 3532 2003 serpens,
3566 1934 3649 1990 ita
3678 1940 3737 1989 et

2090 2017 2229 2073 huic
2259 2016 2493 2072 Gabriel
2523 2016 2747 2071 bonum
2790 2018 3069 2072 nuntium
3121 2021 3380 2076 aﬁ'erret.
3432 2024 3737 2089 Homines,

2091 2106 2377 2161 derelicto
2404 2107 2544 2171 Deo,
2579 2107 2843 2161 humana
2872 2106 3061 2163 forma
3084 2108 3407 2166 simulacra
3424 2112 3742 2168 fabricave-

2091 2200 2253 2250 runt.
2286 2198 2435 2251 Cum
2464 2195 2645 2267 igitur
2673 2195 2952 2250 humanas
3014 2196 3219 2252 formas
3268 2199 3345 2269 (2)
3389 2200 3739 2271 ﬁgmentum

2091 2284 2247 2339 I10
2282 2289 2567 2354 tanquam
2599 2284 2752 2338 Deus
2784 2282 3155 2340 mendaciter
3181 2287 3558 2356 adoraretur;
3585 2291 3739 2345 Deus

2091 2389 2224 2428 vere
2245 2373 2424 2428 homo
2446 2372 2635 2427 factus
2659 2378 2768 2434 est,
2786 2379 2855 2427 ut
2873 2373 3298 2431 dissolveretur
3335 2377 3736 2434 mendacium.

2093 2462 2300 2517 Carnis
2331 2467 2538 2516 contra
2566 2478 2676 2516 nos
2708 2461 3105 2518 instrumento
3138 2464 3410 2521 diabolus
3441 2467 3737 2533 utebatur,

2094 2551 2252 2623 quod
2273 2551 2471 2606 sciens
2494 2550 2713 2605 Paulus
2737 2550 2817 2605 ait
2841 2568 2853 2603 :
2877 2573 2903 2602 ι(
2929 2550 3107 2607 Video
3129 2559 3326 2608 autem
3347 2555 3524 2611 aliam
3551 2557 3741 2626 legem

2095 2664 2121 2690 ‹(
2148 2641 2211 2695 in
2236 2639 2520 2694 membris
2543 2640 2691 2694 meis
2703 2639 3059 2695 militantem
3077 2642 3354 2699 adversus
3377 2644 3566 2715 legem
3584 2664 3746 2702 men-

2093 2749 2124 2782 «
2149 2729 2222 2784 tis
2250 2745 2417 2796 meas,
2445 2733 2503 2783 et
2518 2728 2810 2799 captivum
2840 2745 2936 2784 me
2962 2730 3277 2786 ducentem
3300 2734 3345 2768 ⁴⁰
3363 2753 3413 2800 »,
3440 2740 3551 2791 etc.
3602 2736 3744 2800 Qui-

2093 2819 2204 2873 bus
2228 2818 2407 2889 igitur
2428 2817 2612 2871 armis
2636 2833 2745 2872 nos
2768 2817 3038 2873 diabolus
3059 2820 3414 2891 debellabat,
3442 2823 3654 2878 iisdem
3686 2829 3747 2879 et

2097 2908 2236 2963 salvi
2273 2907 2466 2961 eﬂ'ecti
2499 2922 2726 2961 sumus.
2768 2908 3107 2979 Assumpsit
3135 2926 3206 2963 ex
3234 2910 3406 2965 nobis
3454 2913 3741 2969 Dominus

2096 2996 2253 3067 quod
2284 2995 2471 3050 nostri
2495 2994 2691 3049 simile
2709 3000 2817 3062 est,
2845 3001 2912 3049 ut
2936 2997 3209 3052 humana)
3232 3005 3456 3054 naturas
3488 3002 3742 3057 salutem

2096 3084 2456 3156 impertiret:
2490 3082 2945 3139 similitudinem
2992 3092 3253 3141 nostram
3305 3092 3648 3160 assumpsit,
3682 3096 3748 3145 ut

2092 3175 2143 3230 ei
2174 3173 2333 3245 quod
2391 3172 2685 3228 defectum
2736 3173 3072 3243 patiebatur
3114 3176 3401 3246 majorem
3449 3179 3746 3234 conferret

2089 3265 2361 3339 gratiam,
2396 3268 2462 3318 ut
2490 3264 2789 3334 peccatrix
2809 3264 3071 3320 humana
3091 3272 3305 3322 natura
3327 3268 3427 3322 Dei
3448 3270 3744 3341 particeps

2092 3355 2283 3409 ﬁeret.
2317 3374 2346 3402 ‹‹
2374 3351 2483 3407 Ubi
2510 3352 2671 3406 enim
2690 3352 3011 3408 abundavit
3031 3358 3744 3429 peccatum,superahun-

2095 3464 2124 3493 «
2149 3441 2306 3497 davit
2324 3440 2513 3513 gratia
2536 3438 2582 3472 ⁴¹
2607 3459 2658 3491 ››.
2699 3440 3020 3511 Oportebat
3063 3443 3380 3499 Dominum
3424 3462 3533 3516 pro
3572 3446 3745 3501 nobis

2094 3531 2215 3603 pati
2243 3546 2257 3585 :
2289 3529 2395 3584 sed
2423 3545 2542 3583 non
2575 3544 2755 3583 ausus
2786 3528 2997 3583 fuisset
3026 3532 3310 3587 accedere
3368 3533 3664 3601 diabolus,
3696 3535 3747 3590 si

2094 3620 2289 3690 ipsum
2322 3618 2617 3672 novisset:
2652 3638 2681 3665 «
2714 3616 2769 3670 Si
2802 3617 2962 3671 enim
3009 3620 3442 3690 cognovissent,
3502 3641 3746 3694 prorsus

2096 3730 2124 3759 «
2159 3707 2476 3763 Dominum
2505 3705 2706 3777 glorias
2736 3720 2857 3760 non
2878 3707 3318 3764 cruciﬁxissent
3340 3711 3386 3745 η
3408 3732 3459 3767 ››.
3480 3714 3626 3768 Esca
3646 3714 3747 3786 igi-

2098 3804 2194 3852 tur
2224 3795 2400 3850 morti
2430 3793 2664 3865 objecta
2692 3793 2804 3849 fuit
2833 3812 3070 3867 corpus,
3102 3802 3187 3865 ut,
3221 3815 3355 3853 cum
3388 3799 3536 3854 illud
3569 3817 3631 3855 se
3655 3801 3752 3857 de-

2095 3891 2442 3943 voraturum
2488 3889 2754 3955 speraret
2809 3883 3007 3955 draco,
3068 3885 3246 3941 etiam
3306 3894 3603 3944 evomeret
3648 3907 3749 3946 eos

2098 3993 2248 4048 quos
2266 3976 2395 4048 jam
2426 3972 2807 4028 devoraverat
2853 3972 2966 4044 (3):
3028 3974 3329 4030 Devorabat
3391 3978 3549 4032 enim
3605 3995 3748 4035 mors

2091 4064 2403 4139 praevalens
2434 4060 2520 4128 ‘3;
2552 4066 2613 4118 et
2650 4078 2878 4133 rursus,
2930 4083 2959 4112 «
2991 4062 3254 4120 Abstulit
3301 4065 3457 4122 Deus
3505 4084 3746 4125 omnem

2105 4176 2132 4208 ι
2161 4155 2488 4225 lacrymam
2518 4167 2552 4207 a
2580 4150 2730 4206 facie
2760 4151 2923 4207 omni
2952 4152 3017 4208 ιδ.

406 4292 452 4327 ³⁸
488 4292 615 4348 Vid.
649 4297 759 4347 cat.
794 4292 847 4359 3,
876 4306 936 4345 η.
968 4289 1029 4345 ll
1069 4306 1082 4357 ;
1116 4294 1224 4344 cat.
1258 4289 1437 4359 21,771.
1465 4290 1517 4349 1,
1546 4284 1595 4322 ³⁷
1616 4287 1821 4342 Matth.
1850 4302 1965 4359 ξιτ,
2023 4287 2113 4340 25.
2144 4281 2195 4317 ³⁸
2222 4281 2569 4359 Ιζεαζηᾳῃιῐ,
2603 4281 2655 4335 3.
2684 4278 2731 4314 ‘9
2768 4281 2904 4335 Vide
2934 4282 3080 4339 Iren.
3115 4281 3210 4338 lib.
3242 4300 3294 4350 v,
3330 4299 3452 4354 cap.
3490 4288 3573 4350 19,
3601 4302 3659 4340 η.
3694 4289 3744 4341 1.

335 4365 382 4401 ⁴⁰
416 4367 582 4421 Rom.
613 4379 713 4429 vn,
743 4350 845 4418 23.,
867 4360 914 4398 ⁴ί
942 4350 1109 4417 Rom.
1144 4377 1197 4430 v,
1231 4350 1410 4414 20."2
1438 4360 1462 4413 Ι
1491 4359 1624 4413 Cor.
1659 4374 1721 4425 ιι,
1755 4359 1807 4412 8.
1840 4356 1887 4392 ⁴³
1924 4350 1997 4415 1st

2092 4373 2197 4423 ειν,
2232 4356 2284 4408 8.
2313 4351 2360 4387 ⁴⁴
2389 4350 2536 4406 ibid.

406 4490 483 4560 (1)
511 4485 824 4562 ὈνΚύριοςᾼ.
858 4487 1037 4552 Editi,
1060 4484 1098 4562 _6
1135 4485 1370 4562 _’l_ncgb<
1433 4478 1657 4562 Κόριοςἶ
1691 4482 1906 4562 vocem

2096 4477 2216 4562 illis
2238 4476 2368 4530 vitae
2388 4491 2495 4546 per
2512 4475 2945 4562 resurrectione
2957 4474 3460 4562 m.reddi.ti,dil_)id.,
3477 4496 3536 4533 η.
3561 4482 3644 4534 18.
3669 4482 3747 4562 .Ῑῐ1

335 4546 545 4629 Ἰἦσόῦς
578 4561 639 4616 in
670 4546 841 4616 codd.
877 4546 1251 4629 RegICoisl',
1280 4558 1420 4629 Boe,
1454 4546 1991 4629 Casaub._,0ttob.et
2025 4546 2051 4548 ⁷
2099 4550 2193 4629 his
2224 4564 2399 4620 porro
2433 4546 2710 4629 omnibus
2741 4546 2928 4629 l‘oc‘is,‘
2971 4554 3146 4629 atque
3200 4548 3376 4629 isthic
3415 4552 3748 4629 praesertim
3778 4555 3787 4565 ‘

339 4624 513 4687 Grod.
550 4624 1012 4703 praetermissam
1043 4627 1427 4684 auferendam
1452 4624 1873 4703 judigavimus.

412 4706 488 4773 (2)
512 4695 644 4758 Cum
671 4706 848 4774 igitur
878 4703 1130 4757 humane
1167 4704 1381 4774 formae,
1415 4695 1527 4774 etc,
1582 4695 1766 4774 supra
1796 4710 1981 4774 gnum.

339 4762 536 4830 et‘cat.
568 4778 621 4838 6,
655 4762 718 4830 n'.’
752 4778 837 4843 11,
891 4762 1294 4830 necessarium
1354 4762 1561 4843 Statuit
1617 4762 1831 4821 Christi
1878 4762 1979 4843 ad-

335 4854 576 4903 ventum
608 4837 683 4903 ad
712 4837 1138 4902 destruendum
1158 4843 1454 4899 idolorum
1468 4839 1693 4897 cultum
1720 4855 1732 4892 :
1758 4837 1981 4909 specia-

336 4918 454 4973 lem
490 4919 583 4973 hic
616 4918 880 4991 assignat
909 4918 1037 4991 ejus
1055 4913 1527 4991 destructionisa
1545 4910 1986 4991 divipasapien-

336 4992 419 5045 tia
449 4980 848 5062 excogitatum
880 4980 1122 5044 mbdum
1144 5005 1158 5052 ;
1182 4992 1247 5062 ut
1276 4983 1619 5062 hominibus
1651 4980 1839 5062 Deum
1872 4980 1981 5062 sub

337 5078 520 5117 sensu
554 5051 886 5130 subjectum
913 5057 1550 5131 quaerentibusseipse
1575 5051 1985 5131 legitimeado-

335 5124 1141 5202 randum,idolorum‘impie
1184 5124 1566 5202 adoratorum
1595 5125 1724 5202 _lo_co
1766 5124 1983 5202 substi-

336 5210 549 5260 tueret.
586 5205 866 5261 Eamdem
896 5195 1188 5258 ratiohem
1220 5201 1521 5276 attingunt
1576 5197 1885 5276 Athamas.2
1914 5195 1986 5250 De

336 5279 611 5332 incarnat.
649 5277 810 5333 Verbi
844 5276 958 5341 Dei,
987 5290 1153 5330 num.
1215 5275 1280 5328 15
1339 5266 1404 5328 εἴ
1449 5273 1537 5338 15,
1588 5273 1646 5323 et
1674 5266 1984 5334 Eusebius,

336 5350 413 5403 De
448 5348 703 5404 laudibus
734 5349 1194 5416 Constant.,cap.
1231 5346 1317 5419 14.
1362 5415 1373 5419 _
1550 5410 1561 5419 _
1650 5414 1659 5419 _
1759 5410 1803 5419 ῃ
1847 5414 1856 5419 _
1939 5408 1950 5419 ,

408 5420 483 5486 (3)
514 5421 654 5485 Quos
676 5421 801 5490 jam
830 5410 1201 5490 devoraverat.
1223 5415 1515 5490 Nimirum
1539 5410 1737 5490 justos
1759 5410 1985 5490 Veteris

337 5481 717 5550 Testamenti.
754 5497 820 5546 ut
848 5495 1008 5561 patet
1039 5489 1198 5563 hunc
1244 5487 1442 5563 locum
1486 5481 1813 5563 conferenti
1849 5496 1984 5562 cum

338 5568 450 5633 cat.
482 5566 660 5625 44.11.
698 5568 782 5629 17,
818 5559 876 5616 et
904 5563 1083 5633 n.gl9.
1103 5561 1321 5615 Omnes
1350 5559 1490 5633 illia
1514 5559 1985 5633 mortisimperio

334 5622 594 5703 liberati,
625 5622 780 5692 dum,
800 5651 872 5690 ex
899 5631 1132 5688 inferno
1147 5631 1390 5688 extracti
1412 5633 1578 5685 sunt:
1597 5642 1664 5683 ac
1686 5622 1892 5681 multis
1915 5639 1986 5679 ex

2098 4616 2419 4693 draconem
2444 4616 2718 4673 videlicet
2737 4616 3390 4693 diabolumIetmorlem
3415 4616 3745 4693 promiscue

2096 4692 2491 4765 sumit,ac_pro
2510 4706 2628 4765 uno
2647 4695 2704 4744 et
2719 4690 3235 4765 eodemhabet.An
3251 4690 3746 4765 existi—mavitjus-

2094 4770 2216 4819 stos
2230 4764 2292 4817 in
2306 4760 2540 4835 inferno
2559 4760 2829 4835 detentos
2844 4762 2951 4835 sub
2966 4763 3256 4835 daemonis
3278 4769 3568 4835 potestate
3591 4760 3741 4833 esse,

2097 4835 2267 4909 quod,
2286 4833 2490 4909 multis
2521 4833 3088 4909 veteribusplacuit,
3120 4840 3188 4909 ut
3224 4833 3482 4905 Justino,
3527 4840 3748 4909 Dialogi

2095 4904 2217 4964 dum
2240 4904 2566 4980 Thryphone
2586 4921 2717 4980 pag.
2743 4907 2844 4980 260
2863 4905 3158 4980 ;_Or_i_geni,
3185 4911 3435 4980 tractatu
3458 4911 3533 4964 De
3564 4904 3744 4980 Engfl-

2092 4977 2402 5051 strimytbo,
2436 4980 2578 5031 tom.
2612 4977 2635 5029 Ι
2666 4976 2933 5048 Origenis
2968 4976 3259 5051 Huetiani,
3312 4997 3443 5051 pag.
3496 4984 3597 5046 35;
3631 4976 3746 5037 Eu—

2097 5049 2278 5125 sebio.
2304 5048 2412 5125 lib.
2436 5065 2472 5102 x
2502 5052 2673 5125 Dem”
2708 5065 2763 5118 p.
2800 5051 2897 5102 501
2933 5054 2992 5125 et
3020 5048 3151 5103 aliis
3174 5048 3515 5107 nonnullis:
3548 5070 3613 5108 ac
3636 5054 3743 5125 Cy-

2095 5121 2267 5194 rillus
2298 5123 2454 5174 certe
2478 5117 2694 5194 ubique
2714 5117 2940 5194 veteres
2964 5120 3160 5194 justos
3195 5128 3474 5194 tanquam
3502 5126 3563 5180 in
3591 5117 3749 5180 ten-e-

2096 5190 2589 5269 bricosogcarcere
2618 5190 2879 5269 inclusos
2913 5190 3336 5269 et_liber_ato_ri_s
3383 5201 3621 5269 egentes
3649 5213 3747 5251 re—

2093 5266 2436 5336 przesentat.
2458 5263 2671 5316 Verum
2694 5262 2845 5317 nihil
2871 5263 3026 5336 cogit
3044 5271 3109 5319 ut
3132 5262 3593 5336 Cyrillum"th
3616 5285 3747 5323 sen-

2096 5333 2342 5413 tentiam
2356 5339 2796 5413 secutu.m_esse
2828 5333 3140 5413 credamus
3166 5333 3189 5391 ε’
3214 5339 3480 5413 mihique
3512 5356 3748 5410 semper

2094 5404 2609 5482 placuit_Gregorii
2642 5407 2886 5482 Eysseni
2917 5407 3090 5475 ratio,
3125 5425 3242 5478 qua
3262 5404 3489 5482 probat.
3519 5404 3743 5477 tomIIl,

2095 5474 2168 5532 De
2202 5474 2552 5544 Pylhom'ssa,
2588 5474 2719 5547 pag.
2744 5478 2831 5532 36.
2854 5474 3187 5533 damiouem
3213 5474 3286 5535 ad
3310 5481 3503 5535 locum
3522 5474 3749 5535 sancto-

2094 5565 2225 5622 rum
2260 5552 2587 5622 penetrare
2604 5564 2726 5622 non
2756 5549 3040 5622 potuisse.
3065 5552 3411 5622 Quanquam
3437 5552 3747 5607 nonnullis

2096 5616 2280 5679 etiam
2313 5616 2621 5675 catholicis
2658 5616 2945 5693 theologis
2976 5621 3165 5677 visum
3194 5616 3284 5678 est
3311 5622 3527 5678 limbos
3554 5638 3589 5678 a
3618 5622 3745 5676 daa-
