4132 6266
446 359 566 416 743

1495 348 1559 409 S.
1605 346 1927 409 CYHILLI
1969 342 2381 405 HIEROSOL.
2427 340 2793 402 ARCHIEP.

3737 344 3852 402 744

516 488 656 543 XVI.
681 484 962 557 Nunquid
986 484 1116 556 jam
1136 483 1358 539 frustra
1376 482 1642 538 Christus
1672 482 2085 536 inhumanatus

2285 475 2374 544 Ιζὶ
2407 475 2556 545 Μήτι
2591 474 2768 546 μάτην
2800 473 3037 546 Χριστὸς
3089 471 3479 547 ένηνθρώπησε
3513 491 3527 541 ;
3573 475 3710 545 μήτι
3767 474 3855 528 εὑ-

443 577 579 634 est?
604 592 749 632 num
781 573 1068 630 doctrinas
1100 579 1343 640 nostras,
1394 571 1707 626 verborum
1759 573 2100 626 commenta

443 672 601 732 sunt,
637 670 694 720 et
722 664 968 719 humani
1014 663 1237 735 ingenii
1292 660 1591 717 fallacim?
1636 675 1835 714 nonne
1884 657 2098 713 divinm

445 756 759 826 Scriptura:
794 757 935 808 sunt
964 752 1126 807 salus
1149 756 1355 806 nostra
1374 750 1402 804 ‘I
1430 765 1627 804 nonne
1672 747 2097 820 prOphetarum

444 843 861 916 praedictiones
878 841 1410 896 ‘?Commendatum
1427 838 1607 911 igitur
1626 837 1738 892 hoc
1758 836 2094 907 depositum

446 932 590 988 mihi
636 930 940 986 immobile
1000 928 1251 996 custodi,
1314 935 1487 999 teque
1543 942 1720 981 nemo
1780 925 2093 980 dimoveat.

442 1020 625 1077 Crede
652 1021 839 1075 Deum
869 1019 1177 1073 hominem
1209 1017 1450 1073 factum.
1483 1018 1563 1071 Ac
1620 1014 2095 1070 demonstratum

441 1109 682 1180 quidem
707 1112 819 1177 est,
851 1107 1011 1178 quod
1032 1107 1206 1162 illum
1239 1104 1624 1161 inhumanari
1647 1102 1930 1175 possibile
1951 1100 2092 1155 fuit:

439 1199 486 1253 si
514 1202 714 1253 autem
745 1196 1003 1267 amplius
1032 1195 1276 1250 credere
1307 1193 1642 1250 detrectant
1668 1192 1875 1260 Judaai,
1908 1191 1992 1245 ita
2021 1189 2096 1244 il-

438 1285 529 1341 los
556 1286 1019 1341 conveniamus:
1060 1284 1210 1350 Quid
1269 1284 1695 1339 annuntiamus
1751 1280 1906 1347 novi,
1952 1279 2094 1333 dum

441 1375 697 1430 dicimus
723 1376 910 1430 Deum
941 1374 1248 1429 hominem
1274 1373 1495 1429 factum
1521 1390 1535 1439 ;
1568 1389 1706 1428 cum
1736 1388 1837 1425 vos
1855 1368 1969 1441 ipsi
2002 1367 2096 1423 di-

441 1464 587 1521 catis
606 1464 763 1536 quod
780 1463 1077 1519 Abraham
1091 1464 1407 1518 Dominum
1429 1461 1729 1533 exceperit
1750 1459 2006 1530 hospitio
2021 1455 2096 1511 “‘I

438 1552 589 1619 Quid
646 1551 911 1607 insolens
965 1551 1378 1623 prmdicamus,
1441 1569 1578 1606 cum
1634 1549 1811 1606 Jacob
1895 1547 2088 1607 dicat:

436 1664 465 1691 «
504 1641 629 1696 Vidi
662 1641 821 1695 enim
854 1641 1038 1696 Deum
1069 1640 1221 1696 facie
1251 1640 1325 1696 ad
1355 1640 1592 1708 faciem,
1626 1644 1684 1693 et
1723 1637 1885 1693 salva
1939 1635 2096 1690 facta

433 1753 462 1782 ιι
495 1736 587 1785 est
618 1730 821 1786 anima
852 1746 986 1785 mea
1015 1728 1062 1763 ⁴⁸
1089 1730 1116 1785 ?
1137 1750 1164 1781 ι
1194 1730 1302 1796 Qui
1334 1729 1493 1801 apud
1520 1728 1819 1784 Abraham
1842 1723 2097 1781 comedit

2207 562 2512 640 ρεσιλογίαι
2545 562 2679 618 εἰσὶν
2714 562 2769 618 αὶ
2828 559 3194 634 διδασκαλίαι,
3252 562 3344 617 καὶ
3401 562 3715 636 ἀνθρώπινα
3771 582 3858 616 σο-

2207 653 2493 732 φίσματας
2527 652 2636 728 οὐχ
2663 652 2717 706 αἱ
2741 656 2879 715 θεῖαι
2936 652 3142 729 Γραφαί
3205 651 3337 706 εἰσιν
3373 653 3537 724 ἡμῶν
3587 653 3622 721 ἡ
3684 672 3862 722 σωτη-

2208 743 2297 818 ρία
2332 763 2344 812 ;
2379 742 2508 818 οὐχὶ
2557 745 2854 819 προφητῶν
2911 742 2967 796 αἱ
3024 740 3404 817 προρῥησεις;
3461 742 3627 815 Τήρει
3675 740 3861 796 τοίνυν

2203 836 2404 904 ταύτην
2437 854 2531 906 μοι
2562 834 2661 902 τὴν
2694 833 3152 907 παρακαταθήκην
3205 827 3475 899 ἄσειστον,
3505 831 3598 886 καὶ
3661 828 3858 904 μηδείς

2206 945 2263 978 σε
2323 923 2757 996 μτακινησάτω
2812 921 3030 976 πίστευε
3088 919 3219 976 Θεόν
3273 918 3558 995 ἄνθρωπον
3625 921 3854 994 γενόμε-

2202 1033 2316 1070 νον.
2349 1010 2504 1070 Ἀλλ’
2536 1012 2617 1067 ὃτι
2645 1012 2742 1085 μέν
2773 1009 3184 1087 ένανθρωπῆσαι
3241 1007 3465 1064 δυνατὸν
3524 1010 3616 1079 ἧν,
3649 1007 3857 1064 ἀποδέ-

2204 1099 2431 1158 δεικται·
2466 1101 2511 1156 εἷ
2544 1098 2601 1156 δὲ
2633 1099 2845 1174 μᾶλλον
2905 1101 3222 1155 ἀπιστοῦσιν
3288 1096 3567 1169 Ἰουδαῖοι,
3626 1099 3856 1173 προτεί-

2201 1213 2380 1264 νωμεν
2442 1191 2651 1252 αὐτοῖς’
2701 1189 2767 1248 Τί
2824 1190 2969 1260 ξένον
3053 1188 3498 1265 καταγγέλλομεν
3555 1190 3658 1261 (2),
3719 1189 3850 1246 Οεὸν

2202 1276 2612 1352 ἐνανθρωπῆσαι
2646 1275 2920 1352 λέγοντες
2956 1276 3106 1349 ὑμῶν
3143 1273 3434 1353 λεγόντων,
3480 1274 3563 1330 ὅτι
3599 1271 3854 1349 Ἀϐραὰμ

2199 1371 2292 1426 τὸν
2325 1372 2530 1443 Κύριον
2566 1368 2854 1440 ὑπεδέξατο
2888 1392 2902 1439 ;
2932 1368 2999 1426 Τί
3028 1368 3174 1440 ξένον
3221 1367 3698 1443 καταγγέλλομεν,
3758 1372 3853 1422 τοῦ

2204 1454 2397 1517 Ἰακὼϐ
2447 1457 2725 1534 λέγοντος·
2786 1456 2949 1516 Εἶδον
3008 1460 3113 1533 γὰρ
3172 1459 3302 1514 Θεὸν
3363 1453 3659 1530 πρόσωπον
3716 1457 3854 1531 πρὸς

2202 1547 2517 1621 πρόσωπον,
2577 1547 2664 1603 καὶ
2725 1547 2900 1619 ἐσώθη
2957 1568 3062 1619 μου
3115 1549 3151 1617 ἡ
3206 1547 3358 1622 ψυχή
3408 1565 3423 1616 ;
3480 1546 3542 1609 Ὁ
3585 1546 3736 1620 παρὰ
3777 1548 3856 1616 τῷ

2202 1635 2458 1714 Ἀϐραὰμ
2505 1639 2688 1717 φαγὼν
2746 1637 2960 1712 Κύριος,
3019 1638 3109 1692 καὶ
3167 1639 3297 1713 παρ’
3352 1639 3488 1710 ἡμῖν
3550 1634 3738 1714 ἔφαγε.
3796 1635 3861 1691 Τί

2202 1726 2298 1784 οὖν
2329 1728 2473 1799 ξένον
2500 1726 2946 1804 καταγγέλλομεν
2979 1747 2993 1797 ;
3027 1726 3207 1783 Ἀλλὰ
3242 1727 3335 1783 καὶ
3400 1724 3676 1801 μάρτυρας
3760 1723 3854 1780 δύο

433 1819 720 1875 Dominus
740 1817 809 1885 η,
844 1818 1003 1873 idem
1032 1818 1188 1889 apud
1220 1836 1329 1874 nos
1353 1818 1631 1874 comedit.
1661 1815 1711 1850 ‘3
1742 1815 1892 1881 Quid
1916 1814 2085 1886 igitur

2202 1819 2539 1893 παρέχομεν,
2569 1816 2696 1879 τοὺς
2726 1815 2779 1871 ἐν
2812 1812 2925 1890 ὄρει
2981 1822 3115 1872 Σινᾶ
3167 1815 3247 1889 τῷ
3299 1815 3487 1889 Κυρίῳ
3544 1816 3854 1886 παραστάν-

434 1908 784 1963 inusitatum
815 1907 1208 1978 proferimus?
1230 1907 1342 1961 Sed
1363 1912 1421 1961 et
1439 1906 1589 1962 duos
1628 1911 1807 1961 testes
1852 1902 2094 1958 exhibe-

436 2014 590 2065 mus,
624 1994 726 2067 qui
760 1996 819 2050 in
848 1999 1048 2050 monte
1079 1996 1222 2050 Sina
1255 1995 1503 2053 Domino
1520 1994 1764 2051 astitere
1794 1994 2092 2064 “.Moyses

436 2092 563 2140 erat
591 2085 653 2139 in
683 2084 973 2139 foramine
1015 2090 1199 2155 petraa
1229 2087 1276 2126 ευ
1302 2101 1315 2150 ;
1346 2088 1406 2138 et
1432 2084 1589 2139 Elias
1646 2090 1788 2140 tunc
1828 2082 1890 2137 in
1933 2079 2087 2137 fora-

433 2175 596 2231 mine
624 2180 804 2246 petraa
830 2173 897 2228 δί.
930 2173 1048 2245 Ipsi
1076 2173 1492 2246 transﬂgurato
1519 2178 1846 2245 prmsentes
1866 2171 2007 2226 facti
2027 2169 2090 2224 in

430 2269 630 2319 monte
657 2264 909 2331 Thabor,
938 2261 1216 2318 dicebant
1271 2262 1585 2334 discipulis
1644 2263 1866 2318 exitum
1910 2276 2089 2332 quem

432 2354 842 2425 completurus
869 2359 998 2408 erat
1026 2352 1089 2407 in
1120 2353 1491 2409 Hierusalem
1519 2352 1603 2421 5';
1655 2353 1760 2408 sed
1791 2350 2088 2407 incarnari

439 2444 728 2516 possibile
759 2443 966 2504 fuisse.
997 2449 1064 2497 ut
1088 2460 1267 2514 supra
1311 2442 1429 2498 dixi
1455 2443 1930 2500 demonstratum
1962 2446 2087 2496 est:

443 2548 697 2604 qumque
729 2536 1049 2602 supersunt
1099 2531 1659 2602 demonstrationes,
1702 2531 1985 2588 studiosis
2015 2528 2090 2586 ad

444 2620 846 2693 colligendum
877 2620 1314 2691 relinquantur.

504 2710 673 2765 XVll.
698 2711 990 2764 Caeterum
1014 2708 1281 2780 pollicita
1303 2714 1429 2764 erat
1459 2709 1646 2765 oratio
1678 2713 1901 2774 nostra,
1933 2708 2081 2763 171

439 2800 706 2865 reperire
738 2797 1058 2853 Salvatoris
1088 2798 1375 2853 adventus
1406 2803 1465 2853 et
1494 2803 1729 2870 tempus
1759 2803 1820 2853 et
1847 2797 2046 2852 locum
2072 2813 2085 2851 :

433 2906 544 2944 nec
566 2892 799 2959 oportet
826 2904 938 2942 nos
969 2886 1133 2942 falsae
1154 2887 1571 2959 promissionis
1590 2904 1725 2943 reos
1745 2886 2086 2950 abscedere,

432 2980 537 3037 sed
560 2979 758 3051 potius
775 2977 1054 3033 Ecclesiae
1078 2977 1650 3033 candidatosidoneo
1668 2977 1930 3033 munitos
1943 2994 2088 3049 prae.

436 3069 586 3124 sidio
618 3067 939 3123 dimittere.
973 3068 1351 3138 Inquiramus
1378 3068 1557 3139 igitur
1585 3073 1817 3139 tempus
1846 3066 2084 3137 quando

2199 1926 2316 1969 τας·
2350 1912 2553 1975 Μωσῆς
2598 1905 2665 1974 ἦν
2697 1905 2751 1960 ἐν
2812 1905 2921 1981 ὁπῇ
2968 1912 3070 1975 τῆς
3124 1906 3344 1979 πέτρας,
3393 1904 3490 1959 παὶ
3551 1902 3740 1966 Ἠλίας
3801 1902 3855 1959 ἐν

2203 1996 2311 2068 όπῇ
2340 1995 2462 2050 τότε
2517 2001 2617 2064 τῆς
2673 1996 2868 2070 πέτρας
2924 1999 3022 2067 (3)°
3074 1994 3269 2050 ἐκεῖνοι
3331 1993 3852 2067 μεταμορφουμένῳ

2203 2083 2577 2157 συμπαρόντες
2606 2083 2657 2138 ἐν
2709 2080 2825 2158 ὄρει
2881 2079 3098 2159 Θαϐὼρ,
3157 2081 3348 2158 ἔλεγον
3402 2088 3520 2145 τοῖς
3580 2086 3855 2154 μαθηταῖς

2198 2176 2296 2243 τὴν
2356 2170 2557 2244 ἔξοδον,
2611 2170 2675 2243 ἤν
2757 2170 2961 2247 ἔμελλε
3016 2175 3269 2249 πληροῦν
3346 2171 3400 2228 ἐν
3458 2171 3849 2247 Ἰερουσαλήμ.

2201 2262 2357 2320 Ἀλλ’
2384 2261 2466 2318 ὅτι
2502 2263 2594 2336 μὲν
2629 2260 3040 2338 ἐνανθρωπῆσαι
3071 2260 3295 2319 δυνατὸν
3324 2263 3415 2332 ἦν,
3445 2259 3852 2331 ἀποδέδεικται,

2198 2354 2378 2416 καθὼς
2409 2356 2694 2427 προεῖπον
2751 2351 2842 2406 καὶ
2902 2349 3314 2430 καταλελείφθω
3361 2351 3424 2406 τὸ
3481 2349 3678 2408 λοιπὸν
3739 2351 3850 2406 τῶν

2198 2437 2522 2514 ἀποδείξεων
2551 2444 2667 2501 τοῖς
2697 2437 3011 2502 σπουδαίοις
3046 2440 3122 2503 εἰς
3155 2439 3420 2513 ἀνάλεειν.

2271 2706 2365 2763 1Ζ’.
2399 2704 2799 2782 Ἐπηγγείλατο
2832 2704 2889 2761 δὲ
2919 2707 3077 2779 ἡμῶν
3113 2708 3190 2780 (4)
3224 2707 3252 2762 ὁ
3292 2705 3456 2782 λόγος
3516 2708 3697 2783 εὑρεῖν
3755 2708 3849 2763 καὶ

2196 2794 2288 2849 τὸν
2319 2793 2521 2870 χρόνον
2555 2791 2853 2867 ἐπιδημίας
2878 2798 2977 2849 τοῦ
3021 2797 3305 2870 Σωτῆρος,
3356 2795 3449 2850 καὶ
3504 2797 3598 2851 τὸν
3657 2797 3845 2852 τόπον·

2197 2883 2285 2938 καὶ
2320 2879 2404 2937 δεῖ
2435 2883 2511 2955 μὴ
2543 2878 2775 2956 ψεύδους
2810 2882 3287 2956 καταγνωσθέντας
3336 2885 3668 2960 ἀναχωρεῖν,
3704 2882 3850 2958 μᾶλ-

2198 2971 2293 3028 λον
2327 2968 2386 3026 δὲ
2413 2971 2541 3033 τοὺς
2562 2978 2660 3041 τῆς
2691 2970 3023 3042 Ἐκκλησίας
3080 2969 3350 3044 νεήλυδας
3397 2972 3847 3047 ἡσφαλισμένους

2197 3060 2537 3135 ἀποπέμψαι.
2579 3062 2915 3134 Ζητήσωμεν
2969 3062 3149 3117 τοίνυν
3211 3064 3304 3119 τὸν
3367 3065 3592 3140 χρόνον,
3627 3065 3759 3121 πότε
3812 3065 3840 3118 ὁ

436 3157 704 3212 Salvator
733 3156 1007 3211 advenit:
1042 3156 1325 3226 quoniam
1356 3172 1565 3211 recens
1597 3156 1725 3228 ejus
1756 3161 1845 3212 est
1865 3156 1961 3211 hic
1981 3154 2085 3211 ad-

2200 3150 2404 3226 Κύριος
2458 3152 2806 3225 παρεγένετο⁶
2862 3149 3050 3220 ἐπειδὴ
3109 3152 3422 3231 πρόσφατος
3460 3156 3496 3224 ἠ
3554 3154 3849 3229 παρουσία,

430 3251 666 3311 ventus,
700 3244 872 3315 eique
903 3245 1369 3312 contradicitur;
1394 3245 1745 3315 etquoniam
1772 3245 2085 3300 «Christus

2197 3238 2285 3295 καὶ
2364 3236 2721 3314 ἀντιλέγεται·
2802 3238 2892 3294 καὶ
2951 3237 3140 3309 ἐπειδὴ
3213 3242 3444 3316 Χριστὸς
3502 3244 3714 3314 Ἰησοῦς
3764 3244 3847 3316 (5)

433 3358 461 3385 (ι
495 3336 665 3390 Jesus
688 3333 815 3387 heri
841 3332 1090 3389 ethodie
1114 3339 1224 3400 est,
1256 3333 1415 3390 idem
1448 3335 1761 3398 exsistens,
1792 3340 1852 3389 et
1880 3334 1943 3389 in
1975 3352 2082 3390 saa-

2197 3332 2324 3407 χθὲς
2347 3329 2436 3386 καὶ
2478 3331 2720 3406 σήμερον
2782 3331 2810 3385 ὁ
2859 3331 3022 3395 αὐτὸς
3070 3331 3171 3404 ὣν,
3226 3333 3318 3389 καὶ
3375 3334 3451 3397 εἷς
3534 3333 3666 3399 τοὺς
3714 3334 3843 3390 αἰῶ-

430 3446 455 3477 α
477 3420 667 3479 cula'3
684 3446 705 3474 ι
719 3423 966 3492 .Moyses
981 3422 1161 3494 igitur
1172 3423 1575 3494 prophetaait:
1587 3444 1611 3473 α
1628 3421 1983 3493 Prophetam
1996 3440 2085 3479 vo-

2197 3441 2310 3484 νας.
2369 3425 2570 3488 Μωσῆς
2625 3419 2808 3475 τοίνυν
2858 3418 3008 3496 λέγει
3073 3423 3101 3477 ὁ
3176 3425 3493 3500 προφήτης
3547 3425 3847 3499 Προφήτην

439 3534 467 3562 (ι
488 3512 582 3566 bis
600 3510 1207 3566 suscitabitDominus
1224 3513 1378 3567 Deus
1398 3528 1469 3566 ex
1480 3511 1762 3567 fratribus
1780 3511 2085 3580 vestris,si-

2199 3511 2327 3582 ὑμῖν
2386 3508 2671 3579 ἀναστήσει
2732 3508 2927 3585 Κύριος
2976 3511 3005 3565 ὁ
3058 3511 3191 3573 Οεὸς
3266 3509 3326 3566 ἐκ
3404 3516 3512 3568 τῶν
3602 3509 3855 3590 ἀδελφῶν

432 3624 461 3651 ι(
486 3604 589 3656 cut
608 3615 702 3654 me
723 3598 770 3633 δι
790 3620 815 3650 ι
831 3642 845 3664 ,
869 3606 1200 3655 reservetur
1220 3600 1460 3655 interim
1481 3600 1796 3670 illud,sicut
1816 3600 2085 3672 me,quod

2199 3599 2375 3672 ὑμῶν,
2409 3597 2484 3661 ὡς
2514 3596 2632 3670 ἐμέο
2683 3600 3004 3673 τετηρήσθω
3064 3597 3123 3655 δὲ
3175 3600 3314 3663 τέως
3371 3602 3433 3656 τὸ
3486 3602 3561 3665 ὡς
3617 3600 3738 3675 ἐμὲ,
3799 3600 3853 3657 ἒν

434 3688 694 3761 propriis
723 3688 872 3744 locis
902 3688 1327 3744 declarandum
1359 3690 1473 3746 erit
1499 3691 1599 3761 (1).
1625 3691 1862 3755 Verum,
1894 3706 2077 3762 quan-

2200 3686 2424 3749 οἰκείοις
2450 3686 2641 3748 τόποις
2672 3688 2747 3761 (6)
2779 3686 3176 3761 ἐξεταζόμενον.
3237 3687 3415 3746 Ἀλλὰ
3470 3689 3598 3745 πότε
3628 3690 3656 3743 ὁ
3706 3709 3857 3765 προ-

503 3815 550 3851 ⁴⁵
579 3817 911 3891 Cen._xv1_n,
945 3818 997 3891 ἒξ.
1027 3815 1075 3850 ⁴⁶
1100 3816 1242 3870 Gen.
1270 3817 1587 3891 rxxx_u,_§l_0.i
1607 3814 1653 3857 ‘7
1683 3817 1825 3871 Gen.
1859 3819 2101 3891 ιινιιιμὸζ
2135 3816 2176 3852 ⁵⁸
2214 3816 2504 3891 νίάεμσᾳιχ
2532 3818 2723 3891 l0,_n;
2747 3818 2798 3891 7_.
2858 3815 2904 3851 "
2959 3816 3140 3891 Exod.
3186 3834 3309 3891 xix,
3333 3821 3391 3881 2,
3451 3819 3481 3872 3
3512 3836 3526 3886 ;
3589 3818 3664 3873 ΙΙΙ
3694 3818 3851 3891 Reg.

427 3906 544 3957 χιχ,
575 3890 629 3952 8,
652 3890 704 3942 9.
736 3886 785 3922 ⁵ο
814 3886 993 3942 Exod.
1018 3903 1224 3953 xxxm,
1257 3890 1344 3944 22.
1375 3887 1422 3923 ⁵¹
1454 3888 1530 3941 ΠΙ
1560 3890 1698 3960 Reg.
1731 3904 1848 3952 xix,
1881 3890 1968 3944 13.
2000 3889 2045 3924 ⁵³
2078 3889 2085 3943 1

2248 3904 2326 3953 Ix,
2360 3889 2450 3955 30,
2482 3888 2570 3941 31.
2603 3884 2650 3921 ⁸³
2680 3886 2823 3941 Heb.
2883 3903 3004 3953 xm,
3065 3890 3118 3942 8.

430 3965 554 4016 Act.
587 3977 682 4027 vu,
715 3961 801 4013 37.

428 4092 605 4130 mone
638 4091 965 4145 possessos.
995 4075 1101 4141 Ita,
1122 4078 1188 4129 ut
1202 4073 1352 4129 alios
1375 4079 1743 4145 praeteream,
1768 4075 2083 4130 Corderius

428 4148 630 4202 Caten.
664 4146 727 4200 in
756 4146 1184 4218 Ρεαιηιᾼοιη.)
1212 4163 1226 4218 ;
1257 4162 1389 4218 pag.
1422 4148 1547 4215 433,
1581 4150 1646 4218 ut
1697 4152 1896 4201 tamen
1947 4147 2084 4201 nul-

426 4219 546 4273 lam
578 4222 816 4290 sanctos
847 4215 1175 4290 afﬂigendi,
1211 4215 1544 4287 invitosque
1576 4217 1636 4271 in
1673 4223 1888 4272 terram
1949 4234 2084 4290 per-

426 4289 724 4354 trahendi,
758 4287 917 4357 quod
948 4287 1323 4357 pOtissimum
1355 4290 1654 4359 Nyssenus
1683 4290 1919 4357 refutat,
1950 4287 2082 4344 'hac

431 4362 601 4416 beret
631 4366 1006 4416 potestatem.

499 4434 569 4505 (1)
606 4429 825 4505 Nullibi
839 4430 1226 4505 promissum
1243 4429 1391 4505 illud
1422 4430 1688 4505 exsolvit.

613 4503 722 4556 Κατ
738 4499 1091 4574 κγγέλλομ-εν.
1146 4500 1396 4574 Additur
1425 4501 1485 4555 in
1512 4501 1839 4574 impressis,
1870 4499 2077 4574 αὐτοῖς’

470 4573 588 4629 uod
620 4590 754 4628 cum
778 4572 848 4627 in
879 4572 1049 4628 codd.
1086 4572 1240 4627 Coisl
1273 4615 1288 4639 ,
1346 4575 1507 4645 Reg,
1570 4573 1688 4627 Roe
1721 4578 1781 4628 et
1830 4573 2077 4629 Casaub.

424 4591 596 4699 desit.
626 4652 684 4699 et
705 4644 924 4699 alioaui
954 4645 1107 4699 male
1129 4644 1441 4698 conveniat
1462 4660 1595 4698 cum
1618 4643 2077 4699 interrogatione

466 4647 596 4711 esit,
626 4652 684 4717 et
705 4644 924 4716 alioqui
954 4645 1107 4699 male
1129 4643 1595 4717 conveniat'cum
1618 4643 2079 4717 interrogatione

425 4718 498 4772 ad
528 4716 766 4772 Judaeos
813 4715 875 4772 in
934 4717 1196 4773 secunda
1238 4732 1495 4788 persona
1536 4715 1781 4780 directa,
1833 4715 2075 4772 eradere

428 4807 554 4845 non
584 4788 1006 4844 dubitavimus.

494 4863 569 4931 (3)
602 4857 789 4931 Ἡλίας
823 4858 874 4912 ἐν
925 4859 1034 4929 ὁπῇ
1064 4857 1189 4912 τότε
1243 4864 1343 4925 τῆς
1397 4855 1615 4931 πέτρας.
1679 4859 1903 4931 Desunt
1938 4860 2076 4931 ,ιιωο

421 4929 686 5001 ἱιιοοᾲᾀ.
721 4931 856 5000 Reg.
891 4936 949 4983 et
977 4931 1151 4985 Coisl.
1186 4947 1439 5001 quorum
1472 4929 1568 4985 hic
1600 4930 1820 4984 omittit
1869 4930 2072 4993 etiam,

419 5000 507 5073 καῖ
546 4998 757 5073 Ἠλίας.
795 4997 945 5073 alter
971 5018 1126 5073 vero,
1155 4997 1250 5055 τὸν
1279 4997 1494 5069 Ἠλίαν,
1544 5003 1826 5073 scriptum
1874 5002 2071 5057 habet.

422 5072 612 5144 Eliam
646 5070 848 5144 fuisse,
885 5070 935 5124 έν
972 5071 1080 5142 ὁπῇ
1110 5078 1211 5138 τῆς
1239 5073 1464 5142 πέτρας,
1497 5075 1554 5127 in
1574 5070 1850 5141 foramine
1874 5083 2073 5144 petrae.

422 5143 568 5216 ipsis
601 5141 793 5216 verbis
822 5160 941 5197 non
972 5141 1151 5216 tradit
1175 5141 1516 5215 Scriptura;
1553 5146 1636 5198 ait
1665 5141 1892 5203 tamen:
1915 5145 2073 5216 quod

421 5213 580 5287 idem
614 5219 723 5279 est,
753 5213 961 5287 fuisse
998 5214 1104 5269 sub
1154 5213 1355 5287 specu,
1387 5217 1462 5287 llI
1494 5218 1624 5287 Reg.
1664 5234 1781 5285 xxx,
1815 5220 1846 5271 9
1878 5213 2070 5271 et_l»3:

418 5282 691 5351 Εἰσῆλθεν
726 5281 801 5346 εἷς
831 5283 1123 5352 σπήλαιον,
1152 5281 1277 5354 ἔστη
1315 5284 1416 5339 ὗπὸ
1470 5281 1777 5355 σπήλαιον(
1815 5288 2076 5343 Habetur

421 5356 483 5410 in
521 5356 783 5429 Vulgata,
816 5359 873 5412 in
903 5361 1042 5412 ostio
1070 5361 1365 5429 speluncae,
1400 5374 1530 5428 quae
1562 5358 1738 5415 verba
1794 5360 1889 5415 hic
1923 5366 2076 5415 tran-

421 5428 665 5499 scripsit
695 5428 1033 5484 Grodreius.

493 5499 810 5572 (4)Ἠμῶν.
878 5503 963 5556 lta
1021 5499 1214 5572 legere
1276 5500 1618 5569 maluimus,
1674 5503 1840 5570 juxta
1894 5500 2072 5558 Coisl.

418 5570 557 5645 Π-ιεζ
597 5581 652 5625 et
684 5572 835 5626 (ἒξ-σιξ
904 5570 1101 5645 quam
1138 5570 1264 5645 ὑμῖν
1298 5572 1470 5645 juxta
1528 5573 1871 5645 impressos.
1924 5574 2074 5645 Loco

416 5642 614 5716 εὑρεῖν,
646 5642 1201 5716 ξηυεηίνείὶιειὺειιιι
1229 5642 1290 5697 in
1321 5643 1492 5716 codd.
1552 5642 1671 5700 Roe
1720 5651 1779 5699 et
1824 5644 2073 5700 Casaub.

413 5713 716 5788 ac'_Grod.,»
744 5713 927 5788 ἐρεῖν,Δ
946 5717 1152 5788 dicere,
1186 5730 1297 5788 n_ec
1328 5713 1505 5788 male.

484 5786 561 5858 (5)
620 5786 725 5843 Καὶ
774 5783 977 5856 ἐπειδὴ
1036 5784 1276 5861 Χριστὸς
1353 5784 1592 5853 Ἰησους.
1667 5783 2077 5856 Apostolicum

3180 3887 3227 3926 ⁸⁴
3288 3890 3453 3945 Deut.
3509 3904 3664 3955 xvm,
3728 3887 3842 3957 15';

2192 4073 2342 4128 illud
2371 4071 2777 4127 testimonium
2808 4071 2880 4128 de
2909 4074 3128 4130 Christi
3154 4075 3658 4139 immutabilitate.
3678 4075 3838 4132 vide-

2192 4151 2288 4226 tur
2317 4144 2511 4217 prima
2531 4143 2922 4226 fronte‘extra
2957 4146 3153 4226 locum
3212 4148 3494 4226 positum,
3526 4165 3637 4226 n_e_c
3676 4148 3836 4226 _satis

2191 4215 2483 4288 apte'cum
2510 4215 2983 4286 praecedentibus
3014 4215 3334 4273 cohaerere.
3369 4221 3436 4274 In
3467 4219 3637 4274 codd.
3675 4222 3837 4292 Reg.,

2192 4290 2332 4363 Roe,
2366 4286 2557 4363 Coisl._
2580 4292 2639 4341 et
2658 4287 2907 4343 Casaub.
2926 4290 3400 4363 prastermittitur
3419 4291 3715 4363 particula
3729 4289 3839 4359 καί,

2192 4360 2406 4434 sicque
2428 4359 2890 4434 coniungeretur
2919 4358 3055 4434 cum
3085 4358 3439 4434 ἀντιλέγεταιῖ
3472 4363 3622 4417 adeo
3648 4369 3717 4417 ut
3731 4358 3841 4434 Cy4

2191 4429 2363 4511 rillus
2394 4431 2548 4511 hanc
2574 4429 2836 4511 allegare
2857 4429 3621 4511 rationem_vi_deretur_,cur
3650 4429 3844 4511 incar-

2192 4501 2417 4576 nationi
2452 4501 2914 4576 contradicatur,
2941 4505 3099 4574 quod
3119 4505 3387 4560 Christus
3446 4505 3518 4560 ab
3552 4506 3838 4576 Apostolo

2191 4572 2701 4648 incommutabilis
2714 4572 3051 4648 dicatum—Ac
3065 4576 3320 4631 maxime
3338 4572 3668 4648 probabilis
3690 4576 3838 4632 mihi

2188 4644 2705 4720 videreturhujus
2719 4645 2827 4699 loci
2860 4646 3291 4720 intelligentia,
3338 4644 3389 4720 si
3422 4649 3834 4704 testimonium

2187 4716 2338 4770 illud
2368 4715 2534 4770 Pauli
2569 4715 2642 4769 ab
2674 4717 2906 4772 Docetis
2965 4718 3037 4773 ad
3078 4715 3471 4775 'evertendam
3502 4720 3724 4776 Christi
3756 4721 3840 4775 in-

2184 4787 2590 4863 carnationem
2606 4786 2911 4863 alligatum
2929 4789 3150 4863 alicubi
3180 4790 3837 4863 legissem.Quanquam

2184 4876 2306 4944 non
2337 4863 2550 4944 contra
2574 4857 3009 4944 hiereticoshoc
3042 4862 3174 4944 loco
3192 4857 3416 4944 pugnat
3445 4857 3839 4944 Cyrillus,sed

2184 4930 2495 5006 adversum
2524 4929 2780 5006 Iudaeos,
2813 4932 2920 5006 qui
2945 4938 3101 5006 certe
3135 4929 3302 4988 Pauli
3332 4929 3837 5006 allegationenon

2183 5001 2750 5076 utebantur._ltaqu_e
2764 5003 3125 5076 particulam
3157 5001 3605 5076 conjuncti'vam
3625 5003 3719 5059 καί
3748 5021 3837 5060 re-

2184 5072 2449 5138 tinendo,
2484 5072 2574 5147 sic
2600 5072 2881 5147 Cyrillum
2912 5072 3306 5147 interpretor:
3327 5077 3675 5141 Qumramus
3695 5084 3837 5133 tem-

2183 5160 2441 5219 pusquo
2482 5143 2747 5219 Salvator
2775 5146 3029 5219 advenit,
3074 5143 3560 5219 quandoquidem
3625 5164 3839 5204 recens
3912 5192 3918 5199 .

2185 5162 2293 5216 pus
2325 5162 2441 5270 quo
2482 5162 2747 5198 salvator
2775 5162 3029 5214 advenit,
3077 5162 3560 5219 quandoquidem
3625 5164 3839 5204 recens

2185 5222 2273 5297 est
2299 5215 2339 5270 il
2370 5215 2461 5269 ius
2492 5215 2801 5297 adventus,
2836 5217 3135 5297 illiqueea
3161 5219 3233 5274 de
3265 5236 3444 5297 causa
3472 5220 3840 5297 contradici-

2184 5292 2281 5342 tur
2312 5307 2326 5354 ;
2361 5303 2517 5349 cum,
2553 5289 2763 5358 utipse
2799 5289 2880 5343 ait
2899 5296 3013 5345 cat.
3050 5294 3137 5355 11,
3171 5307 3231 5345 n.
3268 5291 3538 5357 £6,rebus
3560 5292 3729 5347 novis
3760 5289 3834 5345 ob

2183 5360 2376 5430 ipsam
2409 5374 2579 5430 suam
2612 5359 2930 5430 novitatem
2972 5362 3297 5417 contradici
3356 5363 3564 5419 soleat.
3601 5364 3840 5427 Quera-

2183 5429 2317 5486 mus
2348 5429 2529 5484 etiam
2560 5429 2710 5506 illud
2726 5437 2960 5506 tempus
2973 5433 3264 5489 adventus
3282 5435 3838 5506 Domini,quoniam

2186 5508 2454 5578 tempora
2493 5501 2695 5578 omnia
2726 5503 2813 5558 illi
2849 5501 3105 5575 inqualia
3162 5510 3320 5574 sunt,
3374 5506 3476 5578 qui
3507 5501 3669 5562 idem
3701 5508 3840 5578 post

2185 5573 2625 5648 adven_t_um_est
2652 5575 2715 5629 in
2747 5573 3036 5648 aeternum
3067 5582 3288 5645 manet,
3308 5573 3425 5648 qui
3454 5578 3569 5633 fuit
3596 5573 3758 5633 ante.

2256 5648 2332 5715 (6)
2362 5645 2450 5698 Ἐν
2477 5641 2703 5706 οἰκείοις
2732 5646 2947 5710 τόποις.
2988 5652 3142 5705 Ante
3196 5641 3389 5710 τόποῖς
3448 5649 3703 5706 habetur
3776 5643 3836 5700 δέ

2184 5717 2249 5793 i_n
2275 5715 2637 5793 edi_tis,qu_od
2664 5718 2752 5773 uti
2784 5719 3233 5793 redundans,ex
3253 5720 3426 5778 codd.
3456 5720 3835 5793 Coisl.,Reg.,

2184 5789 2327 5857 Roe,
2356 5785 2584 5844 Casaub
2597 5828 2611 5847 .
2651 5792 3072 5863 expunximus.
