4132 6266
382 394 501 463 ἠἿ

1448 406 1513 464 s.
1560 402 1871 464 CYRILLI
1912 386 2332 461 HIEROSOL.
2380 402 2745 464 ARCHIEP.

3676 405 3793 466 748

456 536 654 591 XVIII.
687 534 801 591 Sed
830 551 1037 591 rursus
1069 536 1286 606 quaeris
1317 540 1375 592 et
1404 535 1567 591 aliud
1622 534 1909 607 temporis
1940 537 2030 588 te-

2214 531 2322 590 IH‘.
2370 531 2547 589 Ἀλλὰ
2606 539 2788 606 ζητεῖς
2834 534 3002 591 πάλιν
3062 538 3151 591 καὶ
3205 533 3384 607 ἃλλην
3435 542 3532 593 τοῦ
3585 538 3796 613 χρόνου

384 624 753 681 stimonium.
789 648 817 675 ‹‹
851 626 1139 681 Dominus
1160 625 1307 681 dixit
1328 626 1402 681 ad
1421 642 1513 681 me
1541 643 1554 679 :
1579 624 1761 680 Filius
1782 639 1952 679 meus
1977 639 2039 683 es

379 734 411 766 ιι
444 720 529 786 tu,
563 731 667 788 ego
700 713 877 771 hodie
906 714 1083 787 genui
1114 719 1171 769 te
1191 713 1259 770 5°.
1293 737 1321 765 ››
1343 717 1412 769 Et
1432 719 1565 787 post
1594 730 1784 785 pauca
1813 730 1824 767 :
1851 737 1879 764 «
1904 716 2041 768 Pas-

387 824 409 854 ι
436 821 534 860 ces
557 820 657 859 eos
679 804 741 859 in
763 804 922 876 virga
939 804 1132 860 ferrea
1150 804 1216 858 ⁸ο.
1244 826 1271 854 ››
1291 805 1417 860 Dixi
1439 805 1567 877 jam
1590 804 1754 876 prius
1776 800 2040 876 (l),quod

379 894 547 966 virga
576 893 768 949 ferrea
793 893 1106 949 manifeste
1138 900 1378 950 vocatur
1408 897 1815 951 Romanorum
1848 894 2040 964 impe-

380 984 573 1049 rium;
595 984 667 1038 de
692 1000 809 1055 quo
832 982 892 1037 id
914 983 1073 1055 quod
1096 983 1395 1056 reliquum
1418 990 1605 1051 est,ex
1626 983 1870 1039 Daniele
1884 999 2042 1038 com-

380 1088 799 1129 memoremus.
828 1074 1124 1129 Enarrans
1150 1074 1310 1129 enim
1336 1079 1394 1129 et
1422 1074 1823 1146 interpretans
1845 1071 2036 1127 Nabu-

380 1162 778 1218 chodonosori
804 1162 1124 1235 imaginem
1144 1167 1378 1230 statuae,
1410 1180 1650 1219 omnem
1679 1178 1914 1234 quoque
1946 1160 2035 1215 illi

380 1251 653 1307 edisserit
684 1252 756 1307 de
790 1257 984 1308 statua
1014 1252 1301 1307 visionem
1333 1252 1377 1288 ⁶¹
1413 1269 1427 1308 :
1474 1252 1855 1325 lapidemque
1908 1250 2035 1306 sine

384 1342 663 1398 manibus
714 1342 787 1397 de
823 1347 1025 1397 monte
1059 1341 1324 1398 excisum
1354 1341 1422 1412 δε,
1456 1342 1742 1397 nimirum
1773 1341 2038 1396 humana

377 1448 557 1503 opera
580 1448 700 1486 non
725 1430 1102 1502 productum,
1134 1432 1408 1487 universo
1441 1431 1568 1486 orbi
1592 1430 2036 1486 domineturum

385 1520 582 1587 edicit,
605 1526 662 1575 et
682 1520 1058 1592 apertissime
1080 1521 1346 1592 loquitur
1364 1521 1425 1575 in
1446 1522 1603 1576 hunc
1618 1520 1860 1576 modum
1887 1536 1899 1574 :
1925 1541 1954 1569 ‹‹
1968 1520 2039 1573 Ει

383 1631 411 1660 α
440 1609 500 1664 ἱιι
531 1608 741 1665 diebus
770 1625 1088 1681 regnorum
1119 1609 1385 1678 illorum,
1414 1610 1694 1666 excitabit
1723 1611 1879 1665 Deus
1904 1607 2035 1663 caeli

389 1720 410 1748 ι
435 1714 685 1770 regnum
707 1698 865 1770 quod
885 1697 948 1753 in
970 1703 1261 1754 aeternum
1282 1716 1404 1754 non
1423 1698 1830 1771 dissipabitur,
1866 1702 1923 1752 et
1950 1712 2039 1751 re-

386 1808 415 1836 ‹‹
447 1804 629 1859 gnum
653 1787 818 1843 illius
846 1787 1018 1844 alteri
1040 1788 1262 1860 populo
1294 1806 1417 1845 non
1439 1788 1890 1860 derelinquetur
1912 1784 1959 1821 ⁸³
1980 1807 2032 1844 ››.

455 1968 597 2023 XIX.
636 1970 850 2024 Verum
882 1967 1206 2040 quaerimus
1236 1968 1430 2024 adhuc
1459 1968 1774 2024 clariorem
1804 1971 2035 2038 tempo-

382 2074 519 2115 rum
544 2057 829 2114 adventus
855 2058 985 2131 ejus
1025 2057 1616 2115 demonstrationem.
1678 2057 1822 2113 Cum
1875 2055 2037 2112 enim

389 2166 541 2222 aegre
572 2148 647 2204 ad
676 2148 1039 2205 credendum
1098 2148 1416 2205 inducatur
1465 2149 1664 2219 homo,
1714 2148 1831 2202 nisi
1878 2147 2038 2218 ipsos

392 2255 628 2310 quoque
658 2255 851 2294 annos
881 2237 1196 2294 manifeste
1226 2238 1299 2294 ad
1331 2237 1626 2294 calculum
1668 2240 1902 2293 exactos
1932 2235 2041 2290 ha-

391 2327 549 2392 beat,
571 2327 746 2383 dictis
766 2344 887 2382 non
908 2327 1264 2394 credit.Quaa
1283 2329 1462 2401 igitur
1485 2327 1771 2398 temporis
1785 2325 2041 2381 circum-

394 2416 632 2484 stantia,
663 2422 721 2471 et
749 2416 1083 2488 cujusmodi
1116 2423 1348 2488 tempus
1368 2417 1395 2472 ‘?
1422 2415 1665 2483 Quando
1699 2413 2038 2471 deﬁcienti-

394 2504 506 2559 bus
536 2503 805 2559 oriundis
837 2521 906 2559 ex
936 2504 1084 2560 Juda
1111 2506 1370 2578 regibus,
1403 2505 1686 2578 deinceps
1707 2503 2042 2573 alienigena

393 2592 666 2662 regnabit
691 2593 968 2648 Herodes.
993 2593 1146 2648 Dicit
1166 2595 1346 2666 igitur
1365 2595 1439 2650 ad
1462 2595 1765 2650 Danielem
1788 2594 2040 2665 loquens

389 2679 636 2754 angelus
655 2685 741 2743 (tu
758 2682 906 2737 mihi
932 2698 1093 2737 nunc
1110 2683 1359 2756 obsigna
1375 2700 1507 2755 quas
1531 2684 1775 2747 dicam):
1807 2706 1827 2731 ι
1856 2685 1926 2736 Et
1941 2699 2041 2738 co-

388 2791 413 2823 ι
438 2788 684 2845 gnosces
711 2776 889 2843 atque
913 2772 1230 2845 intelliges.
1264 2773 1348 2828 Ab
1381 2774 1541 2828 exitu
1564 2771 1857 2829 sermonis
1878 2777 2041 2827 utre-

389 2884 410 2912 ι
437 2877 724 2933 sponsum
746 2860 908 2929 sit,et
922 2861 1217 2919 aediﬁcata
1235 2863 1313 2917 sit
1334 2863 1725 2930 Hierusalem,
1742 2877 1933 2933 usque
1964 2859 2039 2916 ad

383 2972 412 3001 ‹‹
436 2950 733 3006 Christum
754 2950 1396 3018 ducem,hebdomades
1409 2958 1636 3024 septem
1650 2958 1705 3008 et
1719 2950 2040 3007 hebdoma-

384 3061 412 3090 «
437 3038 540 3096 des
553 3039 857 3112 sexaginta
873 3040 1004 3096 dum
1016 3038 1066 3073 ⁶⁴
1079 3040 1450 3114 ».Sexaginta
1462 3045 1521 3096 et
1531 3057 1740 3097 novem
1754 3055 2043 3096 annorum

380 3128 771 3186 hebdomadas
815 3131 893 3203 (2)
941 3146 1131 3186 annos
1185 3131 1558 3187 constituunt
1609 3129 2035 3203 quadragintos

2153 621 2472 697 μαρτυρίαν·
2507 623 2711 698 Κύριος
2743 627 2861 679 εἷπε
2921 626 3057 701 πρὸς
3119 624 3205 700 μέ⁸
3259 627 3385 689 Υἱός
3448 647 3553 699 μου
3614 629 3665 681 εἴ
3712 626 3797 681 σύ·

2149 708 2255 787 ἐγὼ
2313 713 2553 788 σήμερον
2611 713 2908 790 γεγέννηκά
2964 733 3042 770 σε·
3100 715 3188 770 καὶ
3251 718 3366 790 μετ’
3422 715 3609 791 ὀλίγα·
3670 722 3804 771 Ποι-

2152 805 2339 872 μανεῖς
2380 800 2574 865 αὐτοὺς
2634 801 2685 856 ἐν
2750 799 2936 880 ῥάϐδῳ
2995 803 3216 879 σιδηρᾷ.
3270 804 3503 878 Εἵρηταί
3564 827 3662 879 μοι
3711 808 3804 861 καὶ

2146 888 2432 964 πρότερον,
2467 888 2550 946 ὅτι
2582 886 2783 968 ῥάϐδος
2831 892 3032 970 σιδηρᾶ
3079 894 3327 951 καλεῖται
3384 901 3571 970 σαφῶς
3600 897 3635 965 ἠ
3666 897 3804 952 Ῥω-

2150 976 2325 1049 μαίων
2360 978 2627 1052 βασιλείου
2662 980 2785 1055 περὶ
2817 977 2875 1036 δὲ
2910 981 3113 1052 ταύτης
3145 977 3222 1038 ἔτι
3254 983 3316 1038 τὸ
3347 981 3537 1038 λεῖπον
3565 984 3672 1039 ἀπὸ
3702 988 3801 1040 τοῦ

2146 1063 2351 1135 Δανιὴλ
2387 1066 2815 1142 ὑπομνήσωμεν.
2867 1074 3233 1147 Διηγούμενος
3284 1075 3388 1147 γάρ
3434 1073 3524 1128 καὶ
3572 1073 3796 1148 συγκρί-

2145 1177 2251 1210 νων
2281 1160 2361 1228 τῷ
2394 1152 2887 1233 Ναϐουχοδονόσορ
2930 1162 3030 1230 τήν
3078 1161 3262 1217 εἰκόνα
3308 1166 3403 1217 τοῦ
3456 1160 3797 1237 ἀνδριάντος,

2146 1242 2290 1319 λέγει
2322 1245 2412 1299 καὶ
2441 1247 2540 1314 τήν
2567 1246 2690 1323 περὶ
2722 1247 2887 1304 αὐτοῦ
2942 1254 3112 1305 πᾶσαν
3166 1250 3450 1306 ὀπτασίαν·
3500 1251 3591 1307 καὶ
3641 1251 3795 1316 λίθον

2146 1331 2270 1389 ἄνευ
2302 1339 2505 1411 χειρῶν
2561 1336 2613 1407 ἐξ
2669 1333 2832 1413 ὅρους
2885 1342 3178 1413 τμηθέντα,
3238 1341 3338 1396 οὐκ
3367 1341 3417 1412 ἐξ
3449 1343 3800 1419 ἀνθρωπίνης

2145 1431 2480 1494 κατασκευῆς
2540 1428 2822 1499 συστάντα,
2882 1431 3301 1503 περικρατήσειν
3357 1438 3455 1501 τῆς
3539 1431 3800 1505 οἰκουμέ-

2144 1533 2241 1584 νης
2298 1514 2527 1584 ἀπάσης·
2586 1516 2676 1570 καὶ
2761 1515 3058 1573 λευκότατά
3126 1541 3289 1593 φησιν
3360 1520 3522 1575 οὕτω·
3585 1521 3685 1576 Καὶ
3748 1520 3799 1576 ἒν

2143 1608 2262 1664 ταῖς
2343 1603 2576 1679 ἡμέραις
2663 1609 2773 1661 τῶν
2852 1605 3143 1682 βασιλειῶν
3209 1610 3283 1683 (3)
3341 1608 3578 1682 ἐκείνων,
3669 1611 3802 1665 ἀνα-

2146 1694 2330 1763 στήσει
2390 1695 2419 1748 ό
2477 1695 2608 1757 Θεὸς
2683 1701 2779 1750 τοῦ
2862 1697 3093 1773 οὐρανοῦ
3165 1697 3466 1774 βασιλείαν,
3544 1702 3669 1769 ἣτις
3725 1699 3806 1763 εἰς

2143 1783 2237 1837 τὸν
2305 1782 2480 1839 αἰῶνα
2538 1785 2600 1839 ού
2659 1783 3107 1864 διαφθαρήσεται,
3158 1789 3251 1845 καὶ
3405 1789 3660 1866 βασιλεία
3716 1792 3808 1847 αὖ·

2062 1896 2111 1962 Β
2146 1875 2243 1927 τοῦ
2273 1868 2392 1944 λαῷ
2420 1872 2585 1962 έτέριρ
2615 1874 2725 1950 οὐχ
2756 1875 3236 1956 ὑπολειφθήσεται.

2214 1962 2315 2019 ΙΘ“.
2351 1961 2509 2018 ’Δλλ’
2540 1961 2618 2019 ἔτι
2652 1969 2923 2040 ζητοῦμεν
2965 1965 3285 2045 λευκότερον
3340 1976 3443 2039 τῆς
3496 1969 3803 2045 παρουσίας

2143 2054 2251 2105 τῶν
2284 2050 2502 2128 χρόνων
2531 2053 2631 2122 τήν
2675 2051 2969 2128 ἀπόδειξιν.
3026 2056 3326 2120 Δύσπιστος
3383 2058 3486 2134 γὰρ
3541 2055 3614 2113 ὢν
3644 2061 3673 2114 ὁ
3707 2058 3798 2114 ἄν·

2151 2141 2391 2225 θρωπος,
2423 2140 2511 2196 ἐὰν
2548 2144 2623 2215 μή
2656 2144 2746 2197 καὶ
2777 2142 2912 2200 αὐτά
2965 2145 3034 2201 τὰ
3088 2141 3181 2218 ἔτη
3232 2152 3419 2222 σαφῶς
3478 2147 3555 2210 εἰς
3613 2151 3796 2225 ψῆφον

2149 2224 2312 2305 λάϐῃ,
2341 2235 2459 2291 τοῖς
2487 2229 2808 2304 λεγομένοις
2840 2233 2905 2288 οὐ
2961 2234 3221 2294 πιστεύει.
3270 2237 3365 2298 Τίς
3405 2237 3496 2291 οὖν
3525 2239 3554 2292 ὁ
3582 2224 3800 2314 καιρὸς,

2146 2317 2237 2373 καὶ
2267 2319 2425 2381 ποῖός
2472 2319 2612 2376 ἐστιν
2645 2321 2673 2375 ὁ
2703 2322 2905 2397 χρόνος
2925 2341 2949 2387 ,·
3006 2325 3137 2381 Ὅτε
3193 2324 3557 2381 ἐκλειπόντων
3606 2332 3717 2382 τῶν
3750 2327 3801 2401 έε

2148 2406 2327 2465 Ἰούδα
2360 2408 2653 2484 βασιλέων,
2688 2408 2883 2467 λοιπὸν
2940 2410 3257 2492 ἀλλόφυλος
3290 2416 3318 2471 ὁ
3347 2414 3597 2492 Ἡρώδης
3650 2418 3805 2493 βασι-

2151 2495 2321 2555 λεύει.
2353 2500 2509 2575 Λέγει
2540 2499 2721 2557 τοίνυν
2754 2502 2782 2555 ὁ
2814 2503 2952 2576 πρὸς
2981 2503 3074 2558 τὸν
3111 2503 3319 2574 Δανιὴλ
3374 2506 3589 2578 ὁμιλῶν
3641 2504 3807 2582 ἄγγε-

2149 2583 2247 2649 λος
2276 2586 2357 2660 (σὺ
2389 2585 2448 2642 δέ
2479 2606 2578 2662 μοι
2623 2594 2697 2659 (4)
2750 2594 2842 2645 νῦν
2894 2594 3201 2666 σημείωσα.
3234 2596 3301 2648 τὰ
3331 2594 3649 2670 λεγόμενα)’
3704 2596 3804 2650 Καὶ

2149 2678 2332 2751 γνώσῃ
2388 2678 2477 2731 καὶ
2536 2680 2761 2753 συνήσῃ.
2822 2681 2958 2737 Ἀπὸ
3018 2679 3203 2754 ἐξόδου
3264 2682 3439 2758 λόγου
3521 2682 3619 2738 τοῦ
3672 2685 3807 2739 ἁπο-

2147 2767 2424 2840 κριϐῆναι,
2501 2766 2591 2821 καὶ
2671 2772 2768 2822 τοῦ
2871 2768 3307 2843 οἰκοδομηθῆναι
3408 2771 3797 2847 Ἰερουσαλὴμ,

2145 2850 2249 2917 ἕως
2308 2855 2545 2929 Χριστοῦ
2601 2855 2941 2930 ἡγουμένου,
3001 2854 3301 2933 ἐϐδομάδες
3357 2862 3493 2917 ἑπτὰ
3568 2862 3657 2917 καὶ
3715 2857 3801 2918 ἐϐ-

2147 2941 2381 3018 δομᾶδες
2442 2945 2704 3016 ἐξήκοντα
2755 2946 2873 3007 δύο.
2932 2950 3227 3020 Ἑξήκοντα
3278 2954 3460 3008 τοίνυν
3518 2953 3609 3009 καὶ
3654 2951 3798 3010 ἐννέα

2146 3028 2446 3107 ἑϐδομάδας
2506 3037 2614 3088 τῶν
2671 3033 2825 3109 ἐτῶν,
2911 3040 3228 3114 συνάγουσιν
3297 3035 3390 3110 ἔτη
3475 3043 3797 3117 τετρακόσια

2151 3119 2495 3197 ὀγδοήκοντα
2517 3123 2660 3197 τρία.
2689 3127 2853 3181 Εἶπεν
2886 3127 3001 3195 οὖν,
3036 3129 3119 3183 δτι
3153 3130 3288 3201 μετὰ
3314 3130 3377 3185 τὸ
3418 3129 3799 3205 οἷ’κοδομηθῆ-

453 3254 499 3289 ⁵³
524 3253 679 3309 Psal.
712 3270 772 3322 ιι,
803 3258 857 3309 7.
931 3256 978 3291 ⁶⁰
1006 3254 1152 3310 ibid.
1184 3258 1237 3312 9.
1313 3254 1356 3291 ⁶¹
1395 3257 1538 3311 Dan.
1573 3271 1633 3325 ιι,
1666 3258 1733 3309 27
1766 3259 1824 3311 et
1852 3270 2019 3325 seqq.

2151 3248 2251 3306 bid
2282 3251 2372 3314 34,
2406 3250 2494 3305 35.
2571 3248 2619 3286 ⁸³
2648 3251 2792 3308 ibid.
2825 3255 2916 3308 44.
2991 3256 3039 3291 ⁸⁸
3063 3256 3208 3312 Dan.
3244 3259 3323 3326 ix,
3355 3260 3443 3312 25.

389 3378 835 3450 Hieronymum,
866 3377 1272 3450 Cyrillumque
1305 3378 1813 3445 Alexandrinum;
1853 3379 2032 3450 Chry-
2065 3380 2109 3446 Ο
2146 3391 2273 3450 non
2299 3375 2481 3430 sumit
2504 3390 2579 3431 an
2601 3392 2761 3450 anno
2784 3377 2959 3432 edicti
2983 3380 3211 3435 aDario
3235 3380 3798 3449 dati,etaadiﬁcatio-

389 3455 719 3522 sostomum
745 3449 982 3522 laudato
1001 3450 1128 3521 jam
1155 3449 2030 3522 anobisloco,etEpiphanium,

428 3521 512 3586 ui,
553 3521 768 3595 haeresi
795 3539 931 3595 xxx,
963 3538 1021 3595 u.
1054 3526 1084 3575 7
1108 3527 1175 3595 et
1203 3526 1256 3589 8,
1290 3521 1805 3595 perditosjuvenis
1835 3524 2031 3595 cujus-

386 3539 512 3649 qui,
553 3539 768 3576 nearesi
795 3539 931 3589 xxx,
963 3539 1021 3576 n.
1054 3539 1082 3575 τι
1117 3539 1175 3577 ει
1203 3539 1256 3589 δ,
1290 3539 1553 3595 percitos
1567 3539 1805 3594 juvenis
1835 3539 2031 3592 cujus-

429 3609 525 3666 am
552 3593 903 3666 patriarchae
927 3593 1286 3649 Tiberiensis
1312 3611 1508 3649 mores
1538 3600 1760 3663 narrat,
1793 3593 1893 3665 qui
1915 3595 2033 3666 Cy-

384 3664 504 3720 rilli
538 3665 903 3738 temporibus
932 3666 1097 3738 genti
1124 3667 1436 3738 praefectus
1467 3671 1612 3722 erat.

455 3737 530 3809 (1)
557 3738 624 3791 In
654 3737 771 3792 alia
802 3737 1058 3808 quadam
1089 3737 1357 3794 homilia.

454 3807 531 3879 (2)
557 3807 861 3879 Semaginia
873 3815 926 3864 et
943 3825 1135 3865 novem
1160 3809 1535 3875 hebdomadas,
1562 3813 1674 3864 etc.
1700 3809 1881 3864 Multa
1898 3811 2039 3864 sunt

384 3881 447 3936 in
476 3880 587 3935 hac
615 3880 819 3953 Cyrilli
851 3881 1244 3953 explicatione
1276 3880 1714 3953 hebdomadum
1773 3879 2036 3953 Danielis

381 3968 511 4024 non
534 3952 753 4007 cursim
784 3951 1220 4024 praetereunda.
1236 3952 1466 4024 Primo,
1493 3958 1727 4024 tempus
1750 3951 2035 4024 adventus

381 4022 598 4106 Christi
625 4022 1027 4106 praanuntium
1058 4026 1124 4078 69
1155 4022 1635 4106 hebdomadibus
1678 4023 2038 4106 deﬁnitzse-

380 4094 814 4168 ptuagesimam
845 4095 1619 4168 hebdomadamireservans
1640 4095 1729 4149 vel
1748 4094 2039 4166 praedica-

385 4166 549 4221 tioni’
567 4167 783 4222 Christi
817 4184 952 4222 cum
982 4166 1258 4233 Eusebio,
1292 4167 1391 4221 lib.
1426 4185 1522 4222 VIII
1570 4168 1869 4231 Demonst.,
1903 4182 2035 4238 pag.

386 4240 514 4308 400,
540 4239 633 4293 vel
663 4238 737 4294 ad
768 4244 1035 4310 tempora
1062 4238 1429 4307 Antichristi,
1464 4244 1529 4293 ut
1558 4244 1796 4293 sanctus
1822 4238 2038 4310 Hippo-

385 4310 568 4382 lytus,
593 4312 670 4364 De
690 4309 1036 4382 Antichristo
1065 4325 1196 4381 pag.
1231 4312 1297 4364 59
1322 4325 1334 4363 :
1361 4310 1767 4381 Apollinarius
1797 4309 1869 4365 ab
1901 4311 2038 4365 Hie-

385 4381 637 4454 ronymo
660 4382 720 4435 in
742 4381 1001 4436 Danielis
1030 4398 1158 4454 cap.
1192 4398 1247 4435 1x
1276 4381 1511 4449 citatus,
1541 4381 1800 4437 Africani
1834 4388 2038 4437 aucto-

387 4453 562 4510 ritate
588 4469 649 4508 se
668 4454 970 4519 muniens,
991 4453 1242 4523 aliique:
1265 4469 1518 4523 quorum
1542 4454 1810 4508 omnium
1826 4454 2039 4509 funda-

384 4531 654 4581 mentum
674 4531 775 4597 rest
803 4524 1164 4597 abominatio
1187 4524 1571 4597 desolationis
1591 4525 1654 4578 in
1680 4524 2039 4597 septuagesi-

387 4614 499 4653 mee
532 4596 922 4653 hebdomadas
953 4596 1202 4651 dimidio
1232 4595 1537 4667 praedicta,
1561 4595 2038 4668 quam—Cyrillus,

385 4674 498 4726 cat.
533 4672 619 4736 15,
652 4684 817 4725 num.
850 4672 882 4723 9
914 4674 973 4724 et
997 4669 1083 4737 20,
1107 4674 1166 4723 et
1194 4668 1504 4722 memorati
1536 4672 1806 4722 auctores
1837 4668 1908 4723 de
1930 4673 2043 4722 An-

2146 3446 2240 3501 nis
2260 3446 2542 3524 inceptze;
2562 3448 2662 3524 qui
2684 3448 2797 3503 fuit
2818 3466 3012 3506 annus
3033 3451 3193 3524 Darii
3218 3446 3535 3518 secundus,
3571 3472 3689 3524 quo
3706 3456 3801 3511 in-

2141 3523 2413 3590 terrupta
2442 3519 2739 3594 prioribus
2769 3524 2967 3594 regnis
2998 3523 3314 3580 aedificatio
3342 3526 3549 3594 templi
3571 3519 3800 3583 instau-

2140 3597 2269 3646 rata
2297 3596 2409 3657 est,
2443 3593 2465 3645 Ι
2498 3591 2669 3667 Eser
2695 3609 2772 3659 ιν,
2803 3591 2872 3647 2!}
2898 3611 2911 3660 ;
2946 3595 3050 3667 sed
3076 3596 3195 3667 Aabg
3223 3596 3353 3667 ipsa
3401 3591 3799 3654 aediﬁcatione

2144 3668 2391 3740 peracta
2422 3668 2481 3716 et
2507 3663 2800 3731 absoluta,
2838 3665 2988 3740 ⁵μετὰ
3036 3665 3098 3720 τὸ
3149 3663 3584 3740 οίκόδομηθῆναι
3634 3672 3802 3738 (nam

2140 3733 2297 3789 male
2328 3734 2392 3812 in
2430 3750 2569 3812 mss.
2626 3736 2933 3812 nonnullis
2992 3744 3100 3804 est,
3157 3733 3565 3812 οἰκοδομῆσαι).
3625 3733 3800 3804 Quod

2141 3822 2299 3861 anno
2360 3806 2514 3860 Darii
2573 3813 2737 3861 sexto
2786 3809 3113 3878 perfectum
3163 3818 3272 3877 est,
3308 3806 3534 3868 I'Esdr.
3572 3828 3650 3878 γι,
3704 3816 3793 3868 15.

2142 3878 2309 3956 Hunc
2336 3882 2536 3956 autem
2583 3894 2809 3956 annum
2866 3881 3153 3956 assignat,
3202 3883 3567 3956 Olympiadis
3623 3899 3799 3939 sexa-

2142 3948 2380 4031 gesima)
2406 3950 2868 4031 sextaeuprimum
2886 3968 2899 4005 :
2919 3959 2978 4031 et
2993 3948 3118 4009 tam
3136 3948 3202 4008 in
3217 3948 3328 4010 hac
3350 3948 3794 4031 hebdomadum

2143 4021 2736 4099 initiiassignatio‘ne,
2752 4039 2929 4093 quam
2952 4025 3013 4078 in
3035 4042 3331 4099 annorum
3349 4028 3795 4099 computatione

2144 4036 2296 4075 1mm
2319 4036 2736 4145 assqg‘nauone,
2752 4039 2929 4093 quam
2952 4041 3013 4078 in
3036 4042 3331 4081 annorum
3349 4036 3793 4099 computatione

2144 4091 2414 4174 sequitur
2481 4091 2671 4174 usebii
2694 4097 3076 4174 computandi
3098 4099 3390 4174 rationem
3411 4099 3472 4154 iu
3499 4098 3793 4174 Chronico,

2141 4162 2472 4246 secundum
2528 4162 2873 4246 Hieronymi
2914 4168 3499 4246 interpretationem;
3550 4188 3692 4225 nam
3733 4162 3796 4225 in

2147 4235 2648 4311 Graecis_Eusebii,
2684 4235 3257 4311 typographicredo
3298 4243 3550 4304 incuria,
3602 4259 3797 4297 annus

2147 4307 2643 4383 sextus_Darii__est
2670 4307 3034 4381 Olympiadis
3065 4315 3131 4367 65
3154 4320 3422 4383 quartus.
3456 4313 3563 4379 Qui
3596 4320 3798 4369 tamen

2144 4378 2592 4456 EusebiusLlib.
2626 4378 3057 4448 νιιιυεῇιοηδιη
3088 4378 3217 4456 cap.
3251 4388 3306 4448 2,
3341 4378 3491 4456 pag.’
3526 4388 3653 4450 396,
3711 4401 3803 4441 se-

2146 4450 2405 4528 cundum
2439 4451 2851 4528 Dariiannum
2883 4471 3017 4528 cum
3049 4450 3385 4527 Olympiade
3417 4450 3505 4521 66,
3562 4473 3803 4528 compo-

2146 4538 2319 4588 nens,
2353 4521 2426 4576 ab
2457 4538 2524 4576 eo
2555 4522 2627 4576 70
2656 4523 3062 4581 hebdomadas
3092 4521 3352 4584 inchoat.
3387 4532 3630 4593 Quarto,
3664 4521 3803 4583 heb-

2148 4593 2530 4674 domadas_69
2560 4596 2844 4674 terminat
2873 4598 2933 4674 in
2965 4614 3147 4670 regno
3202 4600 3470 4669 Herodis,
3506 4606 3575 4654 ut
3601 4599 3801 4656 Jacobi

2149 4670 2207 4743 et
2235 4664 2498 4743 Danielis
2524 4667 2867 4743 prophetias
2884 4670 2946 4743 in
2968 4664 3161 4743 unum
3185 4688 3429 4743 scopum
3458 4664 3801 4743 componat.

386 4741 657 4820 tichristo
690 4740 1053 4820 intelligunt.
1074 4739 1378 4820 _Secundo_.
1403 4738 1808 4820 hebdomadas
1832 4739 2041 4820 incipit
2070 4755 2110 4820 Β
2129 4737 2426 4820 Sequitur
2451 4737 2773 4820 Eusebium
2804 4739 2894 4820 ἱιιΔ
2911 4742 3214 4820 ρὴνοηίοο,
3238 4737 3373 4820 tam
3400 4743 3551 4820 loco
3596 4737 3799 4820 citato,

387 4813 458 4870 ab
471 4814 663 4868 edicto
684 4814 758 4867 de
780 4810 1131 4869 aediﬁcanda
1142 4812 1288 4867 urbe
1302 4810 1739 4883 Hierosolyma;
1764 4811 1868 4866 sed
1881 4811 2035 4866 male

386 4884 595 4939 tribuit
616 4885 786 4939 Dario
814 4884 1074 4940 edictum
1095 4883 1245 4939 illud
1268 4883 1425 4955 quod
1444 4883 1516 4939 ab
1543 4887 1860 4938 Artaxerxe
1886 4883 2035 4937 Lon-

388 4956 629 5028 gimano
663 4956 992 5028 profectum
1053 4961 1144 5012 est
1199 4954 1355 5011 anno
1421 4955 1689 5028 ejusdem
1752 4954 1917 5026 regni
1964 4955 2047 5028 vi-

392 5025 717 5087 cesimo.ll
747 5027 915 5082 Esdr.
975 5044 1034 5093 ιι,
1094 5029 1143 5093 1,
1203 5030 1275 5093 8;
1340 5044 1479 5082 nam
1538 5027 1747 5082 Darius
1795 5025 1916 5080 non
1973 5025 2047 5081 de

394 5096 746 5170 aediﬁcanda
775 5098 942 5158 urbe.
976 5097 1080 5152 sed
1102 5098 1326 5169 templo
1350 5099 1656 5163 duntaxat,
1681 5103 2046 5170 praeceptum

396 5167 598 5223 dedit]
622 5168 788 5240 Esdr.
821 5186 893 5235 vI,
929 5171 998 5234 3;
1033 5167 1382 5240 neque—tum
1414 5170 1578 5234 urbs,
1611 5167 1727 5225 nisi
1758 5167 1909 5224 forte
1958 5174 2046 5225 te-

395 5239 786 5314 ctaquaedam
808 5240 967 5314 circa
989 5241 1432 5314 te_mplum,_sed
1456 5243 1744 5314 templum
1763 5241 2049 5296 duntaxat

396 5310 754 5384 aediﬁcatum
781 5316 888 5365 est.
922 5310 1138 5366 Omitto
1173 5312 1330 5383 quod
1362 5310 1600 5367 Darium
1632 5315 1788 5368 hunc
1816 5329 2050 5384 praepoe

397 5389 552 5438 stere
584 5382 815 5455 Medium
846 5389 1032 5451 vocat,
1067 5384 1167 5454 qui
1192 5382 1328 5438 ’fuit
1371 5385 1674 5455 Hystaspis
1728 5382 1907 5439 ﬁlius.
1938 5382 2047 5450 Qui

392 5461 591 5511 autem
611 5453 673 5527 in
697 5454 1013 5526 Scripturis
1026 5461 1267 5510 vocatur
1282 5453 1494 5511 Darius
1508 5453 2048 5527 Me_dus,estAstya-

429 5526 664 5610 estCyri
688 5527 915 5610 magni.
945 5529 1294 5610 avunculus.
1352 5528 1498 5610 Dan.
1544 5530 1721 5610 v,“31_,_
1749 5533 1923 5610 etvx,
1950 5526 2043 5610 28ε

444 5598 541 5654 uic
570 5605 769 5655 autem
793 5597 1024 5655 idcirco
1056 5598 1207 5653 forte
1239 5598 1542 5654 decretum
1566 5599 1856 5657 attribuit.
1887 5597 2048 5670 quod

387 5670 581 5747 primo
615 5672 781 5747 regni
812 5673 942 5745 ejus
967 5686 1125 5747 an_no
1155 5669 1311 5747 facta
1340 5671 1426 5747 sit
1446 5670 1573 5725 haec
1592 5669 2047 5747 _Danielis_pro-

387 5740 614 5818 ihetia,
648 5740 795 5806 Dan.
827 5740 905 5819 fx,
939 5747 990 5803 1.
1022 5742 1240 5816 Tertio,
1271 5740 1784 5801 hebdomadarum
1809 5740 2050 5798 initium

2147 4823 2326 4886 quam
2358 4806 2431 4861 ad
2463 4807 2786 4886 olympiad.
2835 4814 2956 4879 186,
2989 4830 3122 4886 pag.
3156 4806 3279 4881 197,
3315 4821 3371 4870 et
3400 4815 3505 4871 lib.
3558 4832 3657 4870 vui
3710 4806 3806 4870 De;

2145 4885 2368 4961 meust”
2402 4895 2533 4961 pag.
2560 4881 2685 4961 896.
2723 4881 3096 4961 Rectene—an
3119 4903 3287 4961 secus
3319 4887 3533 4942 habeat
3555 4887 3685 4942 haec
3706 4887 3808 4958 Cy-

2153 4950 2394 5026 rilliana
2421 4950 2862 5009 hebdomadam
2895 4956 3207 5026 explicatio
3240 4964 3298 5012 et
3314 4975 3610 5014 annorum
3645 4950 3805 5013 com-

2156 5022 2404 5104 putatio,
2440 5030 2682 5104 non‘est
2711 5026 2888 5104 hujus
2918 5022 3032 5082 loci
3055 5028 3378 5104 disputare.
3404 5033 3533 5102 Ipse
3556 5029 3809 5104 inferius

2156 5093 2305 5169 alias
2336 5093 3293 5169 earumdemOinterpretandarum
3318 5093 3579 5157 rationes
3607 5100 3809 5157 afferri

2154 5165 2392 5243 fatetur.
2418 5166 2636 5243 Plures
2659 5167 2728 5222 ab
2763 5165 3117 5243 Hieronymo
3142 5179 3693 5229 commemorantur
3716 5191 3729 5241 ;
3754 5177 3814 5243 et

2157 5237 2732 5319 ab‘iis‘temporibus
2763 5241 2894 5297 aliae
2916 5237 3095 5319 etiam
3128 5246 3315 5319 multo
3346 5246 3551 5317 plures
3581 5237 3808 5301 tamab

2156 5308 2451 5385 veteribus
2483 5326 2662 5385 quam
2690 5315 3185 5385 aﬂrecentioribus
3216 5308 3483 5385 adjecta}.

2230 5326 2451 5364 Lemnus
2524 5326 2662 5365 uam
2690 5327 2722 5366 a
2752 5326 3185 5371 recentioribus
3216 5326 3483 5385 adjectae.

2230 5381 2303 5463 (Ξ)
2335 5381 2455 5435 Τῶν
2483 5326 2926 5463 ᾌασιλειιῶνὶ-Ι-ξᾶ
2957 5387 3248 5463 editiones
3270 5390 3471 5463 Cyrill.
3514 5406 3612 5445 an.
3650 5391 3808 5463 lii-it),

2158 5456 2217 5506 et
2245 5453 2443 5528 Oxon:
2462 5468 2597 5528 cum
2630 5455 2720 5509 ed.
2756 5457 2900 5512 LXX
2934 5459 3164 5514 Aldina.
3200 5463 3274 5515 At
3303 5453 3395 5514 éd.
3433 5463 3596 5518 Prev.
3647 5453 3807 5528 1608,

2159 5528 2215 5606 et
2245 5523 2374 5579 cod.
2411 5523 2604 5579 Ottob.
2640 5542 2774 5582 cum
2804 5529 2951 5585 LXX
2992 5533 3159 5587 Rom.
3195 5532 3445 5604 Compl.,
3481 5538 3618 5601 etc.,
3655 5523 3815 5606 eam;

2158 5591 2319 5664 λέων,
2351 5611 2562 5664 regum.

2229 5661 2315 5738 (4)’
2344 5661 2507 5720 Σὸδὲ
2539 5686 2657 5739 μοι,
2691 5674 2800 5726 etc.
2835 5671 3016 5730 Codd.
3046 5672 3226 5731 Coisl.
3263 5680 3321 5732 et
3346 5677 3512 5749 Reg,
3563 5670 3818 5749 σημείω-
