4124 6260
340 295 458 358 753

1176 285 1657 350 CATECHESIS
1701 287 1841 349 XII.
1887 285 1992 346 DE
2033 281 2366 346 CHRISTO
2409 283 2882 352 INGARNATO.

3649 301 3766 359 754

411 424 541 482 ΚΔ’.
575 421 781 478 Λοιπὸν
814 422 1084 494 ζητοῦμεν
1142 417 1203 476 ἐκ
1256 418 1404 482 τίνος
1461 412 1681 494 ἔρχεται
1725 416 1815 473 καὶ
1870 419 1988 479 πῶς

2174 416 2324 473 XXI.
2359 417 2580 474 Deinde
2633 421 2977 493 quaerimus,
3026 441 3096 478 ex
3143 441 3262 496 qua
3307 427 3604 501 [persona]
3655 449 3751 488 ve-

337 511 580 591 ἔρχεται.
615 509 790 569 Τοῦτο
825 508 884 566 δὲ
913 511 1050 583 ἡμῖν
1111 506 1338 572 Ἡσαΐας
1395 507 1560 584 λέγει·
1610 503 1755 565 Ἰδοὺ
1786 508 1822 576 ὴ
1854 525 1993 580 παρ·-

336 605 487 665 θένος
542 600 596 656 ἐν
653 599 844 676 γαστρὶ
903 599 1164 673 λήψεται,
1243 598 1334 654 καὶ
1417 598 1620 669 τέξεται
1707 596 1846 650 υἱόν⁸
1902 593 1994 650 καὶ

333 690 628 747 καλέσουσι
683 691 748 744 τὸ
807 685 984 762 ὄνομα
1041 688 1206 744 αὐτοῦ
1273 683 1659 761 Ἐμμανουήλ.
1746 683 1842 740 Καὶ
1899 683 1996 739 ἀν-

333 780 647 856 τιλέγουσιν
674 775 936 837 Ἰουδαῖοι
976 777 1222 839 τούτοις·
1283 774 1401 838 ἔθος
1458 777 1562 852 γὰρ
1610 774 1795 839 αὐτοῖς
1850 774 1992 830 ἐστιν

336 869 558 940 ἄνωθεν,
589 871 659 942 τῇ
691 866 926 939 ἀληθείᾳ
980 867 1164 928 κακῶς
1223 865 1584 921 ἀντιπίπτειν·
1645 864 1736 920 καὶ
1795 861 1994 938 λέγου-

335 981 442 1029 σιν,
472 958 557 1014 ὅτι
615 959 693 1032 (1)
752 955 816 1012 οὐ
872 958 1200 1032 γέγραπται,
1232 957 1268 1026 ὴ
1299 956 1585 1023 παρθένος,
1642 952 1770 1009 ἀλλ’
1803 955 1839 1023 ἡ
1869 957 1994 1008 νεᾶ-

333 1068 441 1110 νις·
503 1046 645 1122 Ἐγὼ
704 1043 762 1100 δὲ
814 1049 895 1118 τῷ
958 1044 1210 1120 λεχθέντι
1279 1044 1844 1120 συμπεριφερόμενος,
1900 1040 1992 1096 καὶ

335 1136 513 1198 οὕτως
546 1132 783 1209 εύρίσκω
842 1135 942 1203 τὴν
999 1133 1284 1203 ἀληθειαν.
1342 1131 1677 1206 Ἐρωτῆτέον
1736 1132 1836 1207 γὰρ
1893 1130 1992 1185 αύ-

331 1226 485 1288 τούς·
521 1224 793 1300 Παρθένος
827 1222 1124 1299 βιαζομένη
1157 1222 1289 1277 πότε
1349 1222 1471 1297 βοᾷ,
1534 1222 1669 1294 μετᾶ
1713 1221 1812 1290 τήν
1859 1221 1993 1298 φθο-

333 1317 432 1390 ρὰν
464 1311 500 1384 ἤ
531 1313 638 1388 πρὸ
662 1319 765 1382 τῆς
824 1315 1051 1390 φθορᾶς,
1097 1310 1474 1384 ἐκκαλουμένη
1522 1309 1650 1371 τυὺς
1703 1309 1985 1384 βοηθοὺς;

333 1403 458 1461 Ἐὰν
516 1403 694 1458 τοίνυν
748 1400 1006 1477 ἀλλαχοῦ
1066 1399 1200 1476 λέγῃ
1256 1402 1292 1470 ἡ
1356 1401 1563 1477 Γραφή’
1636 1393 1896 1468 Ἐϐόησεν
1950 1398 1986 1466 ὴ

331 1498 531 1562 νεᾶνις,
581 1491 670 1547 καὶ
731 1492 832 1546 οὐκ
883 1492 950 1561 ἦν
1011 1492 1040 1546 ὁ
1102 1491 1318 1566 βοηθῶν
1375 1489 1534 1562 αὐτῇ·
1595 1489 1698 1563 ἄρα
1747 1485 1808 1541 οὐ
1861 1486 1986 1561 περὶ

330 1584 602 1658 παρθένου
635 1579 821 1657 λέγεις
862 1582 977 1638 Ἵνα
1033 1578 1091 1635 δὶ
1141 1578 1462 1657 σαφέστερον
1517 1577 1712 1651 μάθῃς,
1761 1575 1848 1632 ὅτι
1899 1573 1989 1630 καῖ

330 1674 365 1742 ἡ
399 1671 665 1747 παρθένος
689 1670 741 1724 ἐν
773 1673 841 1743 τῇ
874 1668 990 1740 θείᾳ
1029 1671 1218 1746 Γραφῇ
1276 1672 1454 1730 νεᾶνις
1499 1663 1766 1733 καλεῖται,
1820 1662 1988 1728 ἅκους

2100 506 2244 575 niet,
2276 511 2335 562 et
2363 508 2661 578 quomodo
2711 511 2956 566 veniet?
3004 514 3122 568 Hoc
3171 522 3369 571 autem
3416 535 3536 574 non
3585 521 3759 579 docet

2099 595 2282 651 Isaias
2309 613 2320 650 :
2353 599 2489 652 Ecce
2518 600 2674 667 virgo
2701 601 2760 654 in
2792 606 2944 655 utero
2975 605 3232 672 accipiet,
3265 613 3314 660 et
3337 609 3520 676 pariet
3549 611 3754 682 ﬁlium,

2099 690 2151 740 et
2177 686 2447 741 vocabunt
2477 703 2675 742 nomen
2700 688 2818 757 ejus
2855 692 3172 746 Emmanuel
3199 691 3266 749 7‘.
3300 697 3368 749 Et
3399 697 3490 750 his
3522 707 3727 756 contra

2099 773 2305 830 dicunt
2327 774 2534 845 Judaei,
2569 776 2765 832 solent
2793 779 2952 832 enim
3002 779 3088 833 illi
3135 783 3466 852 antiquitus
3519 789 3750 845 veritati

2096 864 2254 919 male
2285 865 2569 937 retragari
2597 883 2610 932 ;
2645 865 2932 938 aiuntque
2955 870 3241 941 scriptum
3277 890 3396 928 non
3422 892 3549 930 esse
3573 880 3749 948 virgo,

2097 954 2201 1009 sed
2225 955 2420 1025 puella
2449 955 2550 1026 (7).
2584 957 2700 1028 Ego
2723 961 2920 1011 autem
2953 957 3015 1013 in
3047 959 3156 1015 hac
3188 979 3325 1016 voce
3375 964 3754 1038 indulgenter

2096 1043 2505 1114 acquiescens,
2542 1045 2626 1099 sic
2655 1061 2894 1117 quoque
2920 1049 3227 1105 veritatem
3257 1054 3489 1123 reperio
3517 1071 3529 1108 :
3582 1074 3746 1127 quae-

2094 1132 2351 1188 rendum
2407 1149 2668 1204 namque
2727 1150 2796 1189 ex
2852 1135 3008 1190 illis:
3059 1139 3230 1211 Virgo
3284 1157 3418 1196 cum
3477 1143 3750 1215 violatur,

2096 1221 2400 1291 ecquando
2437 1221 2690 1277 clamat:
2724 1239 2867 1278 num
2900 1230 3038 1280 ante
3069 1228 3186 1282 vim
3219 1229 3467 1298 illatam,
3493 1249 3567 1288 an
3597 1241 3753 1305 post-

2094 1326 2274 1381 quam
2307 1316 2584 1381 corrupta
2615 1316 2723 1376 est,
2777 1313 3063 1369 auxilium
3115 1317 3406 1374 advocans
3428 1321 3455 1375 ?
3485 1323 3539 1375 Si
3571 1323 3751 1395 igitur

2091 1399 2310 1454 alicubi
2369 1399 2528 1454 dicat
2569 1401 2911 1472 Scriptura:
2962 1403 3229 1461 Clamavit
3270 1410 3481 1478 puella,
3535 1418 3586 1466 ct
3631 1430 3744 1469 non

2088 1487 2204 1557 fuit
2234 1490 2333 1558 qui
2359 1497 2700 1544 succurreret
2731 1491 2820 1545 illi
2848 1491 2931 1558 τες
2968 1495 3238 1565 nunquid
3270 1497 3364 1552 hic
3396 1499 3468 1552 de
3523 1501 3745 1573 virgine

2090 1593 2212 1632 non
2236 1577 2501 1648 loquitur
2522 1578 2549 1632 ?
2578 1581 2650 1634 Ut
2677 1596 2812 1634 vero
2845 1583 3220 1638 manifestius
3260 1586 3554 1654 addisces,
3588 1591 3748 1660 quod

2090 1665 2248 1738 virgo
2283 1667 2460 1721 etiam
2493 1667 2554 1722 in
2585 1667 2785 1724 divina
2815 1670 3117 1742 Scriptura
3141 1674 3332 1743 puella
3375 1677 3740 1747 appelletur;

327 1763 426 1816 τοῦ
461 1753 686 1834 βιϐλίου
714 1761 824 1812 τῶν
878 1753 1205 1824 Σασιλειῶν,
1265 1755 1390 1829 περὶ
1444 1760 1545 1824 τῆς
1599 1748 1826 1810 Ἀϐισὰκ
1877 1757 1978 1821 τῆς

2089 1756 2229 1811 audi
2261 1756 2482 1812 librum
2514 1760 2846 1831 Regnorum
2883 1760 2955 1815 de
2991 1761 3200 1818 Abisac
3250 1765 3618 1822 Sunamitide
3649 1769 3741 1822 di-

334 1845 751 1922 Σουναμίτιδος,
831 1847 1106 1921 λέγοντος·
1195 1846 1290 1900 Καὶ
1371 1845 1438 1914 ἧν
1487 1847 1523 1914 ἡ
1576 1849 1750 1905 νεᾶνις
1835 1841 1979 1912 καλή

2090 1851 2357 1902 centem:
2389 1849 2458 1903 Et
2488 1856 2607 1903 erat
2631 1851 2824 1920 puella
2851 1851 3088 1921 pulchra
3116 1855 3275 1908 valde
3295 1856 3340 1889 ’⁷³
3365 1873 3378 1908 :
3415 1873 3545 1912 eam
3577 1859 3738 1914 enim

329 1936 539 2016 σφόδρα
751 1936 814 1991 τὸ
860 1935 962 2011 γὰρ
1044 1935 1304 2010 παρθένον
1387 1933 1554 2003 αὐτὴν
1630 1930 1978 2009 ἐκλεχθεῖσαν

327 2028 617 2102 ένηνέχθαι
651 2025 786 2101 πρὸς
821 2019 1008 2096 Δαϐὶδ,
1041 2023 1427 2098 ὡμολόγηται.

399 2121 523 2176 ΚΒ’.
554 2114 728 2172 ’Λλλά
779 2114 1028 2188 λέγουσιν
1091 2114 1143 2168 οἱ
1198 2109 1454 2169 Ἰουδαῖοι
1509 2113 1586 2184 (3)
1641 2107 1830 2166 πάλιν
1885 2112 1980 2182 Τῷ

324 2206 507 2281 Ἀχᾶζ
534 2203 722 2282 ἐρρέθη
764 2207 931 2259 τοῦτο
985 2201 1109 2278 περὶ
1155 2201 1419 2271 Ἐζεκίου.
1471 2199 1674 2256 Οὐκοῦν
1725 2199 1976 2275 ἀναγνῶ-

328 2316 425 2368 μεν
451 2296 551 2364 τὴν
597 2295 836 2371 Γραφήψ
899 2290 1136 2362 Αἴτησαι
1194 2293 1267 2364 (4)
1327 2294 1534 2362 σεαυτῷ
1591 2293 1819 2363 σημεῖον
1871 2308 1979 2344 πα-

324 2385 395 2460 ρὰ
459 2384 654 2459 Κυρίου
711 2386 808 2438 τοῦ
864 2385 999 2437 Θεοῦ
1054 2402 1172 2450 σου,
1232 2379 1308 2442 εἷς
1373 2381 1536 2453 βάθος
1591 2377 1627 2448 ἥ
1686 2378 1761 2440 εἷς
1818 2376 1974 2452 ὕψος.

324 2473 431 2530 Καὶ
470 2471 704 2545 μάλιστα
740 2471 834 2546 μὲν
863 2471 928 2525 τὸ
958 2475 1187 2544 σημεῖον
1220 2465 1526 2544 παράδοξον
1560 2470 1694 2522 εἶναι
1727 2467 1967 2545 ἀφείλει.

327 2567 573 2635 Σημεῖον
612 2561 736 2636 γὰρ,
783 2561 848 2616 τὸ
904 2557 1050 2632 ὕδωρ
1106 2560 1170 2614 τὸ
1229 2559 1290 2613 ἐκ
1345 2557 1566 2632 πέτρας,
1625 2557 1688 2612 τὸ
1741 2557 1975 2632 ῥαγῆναι

329 2649 624 2721 θάλασσαν,
654 2650 715 2705 τὸ
743 2649 903 2720 ἣλιον
966 2649 1323 2722 ὑποστρέψαι,
1364 2646 1454 2702 καὶ
1497 2646 1564 2702 τὰ
1608 2650 1858 2702 τοιαῦτα.
1901 2647 1977 2700 Τὰ

329 2739 388 2796 δὲ
420 2739 822 2816 λεχθησόμενα,
855 2740 1227 2814 φανερώτερον
1261 2733 1490 2814 ἔχειτὸν
1515 2737 1652 2812 πρὸς
1676 2733 1977 2798 Ἰουδαίους

323 2827 579 2906 ἔλεγχον.
613 2827 770 2903 (Οἶδα
827 2827 1009 2885 πολλᾶ
1067 2826 1266 2904 λέγων,
1311 2827 1401 2882 καὶ
1448 2825 1796 2900 κεκμηκότας
1844 2823 1974 2888 τοὺς

322 2919 730 2994 ἆκροωμὲνους’
763 2917 908 2974 ἀλλὰ
935 2918 1192 2993 ἀνέχεσθε
1217 2919 1327 2972 τῶν
1361 2915 1544 2990 λόγων
1573 2918 1672 2970 τοῦ
1701 2913 1973 2984 πλήθους,

322 3007 512 3078 ἐπειδὴ
545 3007 634 3064 διὰ
659 3007 890 3085 Χριστὸν
918 3012 1088 3062 ταῦτα
1144 3009 1216 3080 (5)
1268 3009 1514 3071 κινεῖται,
1565 3003 1655 3059 καὶ
1706 3003 1806 3058 οὐκ
1863 3001 1973 3059 ἔστι

321 3121 444 3177 περι
473 3105 578 3156 τῶν
606 3102 886 3177 τυχόντων
937 3099 1164 3173 λόγων.)
1213 3096 1606 3159 Βασιλεύοντος
1651 3095 1830 3152 τοίνυν
1873 3099 1971 3152 τοῦ

317 3190 500 3267 Αχὰζ,
559 3195 657 3246 τοῦ
713 3188 935 3246 Ἡσαΐου
990 3189 1151 3245 τοῦτο
1209 3187 1512 3264 εἰρηκότος,
1599 3180 1652 3258 ἕξ
1707 3187 1796 3242 καὶ
1844 3183 1973 3241 δέκα

319 3278 412 3352 ἔτη
456 3284 555 3336 τοῦ
613 3279 791 3355 ’Δχὰζ
850 3277 1269 3355 βασιλεύσαντος
1323 3277 1484 3350 μόνα,
1532 3277 1623 3332 καὶ
1677 3283 1778 3346 τῆς
1836 3277 1974 3351 πρὸς

315 3370 482 3426 αὐτὸν
512 3368 848 3448 προφητείας
887 3368 941 3424 έν
991 3367 1208 3430 τούτοις
1271 3366 1548 3444 ρηθείσης’
1599 3364 1824 3442 ἐλέγχει
1868 3367 1971 3434 τήν

271 3498 276 3503 π
315 3458 634 3535 ἆντίῤῥησιν
687 3455 966 3515 Ἰουδαίων
1008 3458 1036 3512 ὁ
1087 3454 1464 3530 διαδεξάμενος
1516 3454 1774 3531 βασιλεὺς
1823 3455 1973 3525 Ἐζε-

313 3549 457 3619 κίας,
492 3550 646 3604 ὁτοῦ
696 3549 874 3624 Ἀχὰζ
929 3547 1069 3618 υἱὸς,
1113 3546 1164 3601 ἰν
1209 3551 1290 3618 τῷ
1346 3542 1648 3622 βασιλεύειν
1703 3542 1776 3599 ὢν
1835 3544 1967 3600 ἐτῶν

313 3638 669 3695 είκοσιπέντε.
702 3643 809 3707 Τῆς
870 3635 1202 3713 προφητείας
1251 3635 1353 3711 γὰρ
1402 3634 1458 3690 έν
1503 3631 1783 3690 ἑκκαίδεκα
1829 3629 1968 3689 ἔτεσι

311 3726 774 3805 περιληφθείσης,
803 3725 1195 3802 προγεννηθεὶς
1236 3724 1305 3794 ἦν
1349 3725 1452 3779 ὑπὸ
1499 3721 1596 3780 τοῦ
1646 3722 1822 3798 Ἀχὰζ
1868 3726 1966 3797 (θ),

311 3818 424 3892 πρὸ
457 3823 556 3886 τῆς
588 3814 924 3894 προφητείας
970 3813 1121 3870 ἐννέα
1177 3812 1294 3885 ἔτη.
1343 3813 1403 3868 Τί
1458 3812 1636 3870 τοίνυν
1694 3811 1819 3888 περὶ
1871 3815 1968 3868 τοῦ

311 3903 428 3976 ἤδη
455 3905 830 3981 γεννηθέντος.
859 3903 950 3959 καὶ
979 3903 1086 3978 πρὸ
1114 3904 1285 3973 αὐτῆς
1340 3901 1619 3980 βασιλείας
1671 3905 1769 3956 τοῦ
1800 3900 1970 3977 Ἀχὰζ

312 3996 547 4070 πατρὸς,
606 3995 896 4070 ἀναγκαῖον
949 3992 1016 4062 ἦν
1071 3991 1246 4067 λέγειν
1299 3993 1398 4061 τὴν
1456 3990 1826 4070 προφητείανς
1887 3989 1966 4048 Οὐ

312 4086 423 4162 γὰρ
456 4084 618 4156 εἶπεν,
651 4084 736 4138 ὅτι
764 4076 1018 4152 ⁶Ελιιιϐεν,
1079 4080 1230 4152 ἀλλ’,
1260 4081 1345 4136 ἆτι
1395 4083 1639 4155 Λήψεται
1690 4083 1726 4151 ἡ
1768 4080 1965 4156 παρθέ-

311 4194 429 4244 νος,
456 4176 885 4248 προγνωστικῶς
918 4169 1107 4229 εἰπὼν.

383 4393 426 4429 τι
461 4394 574 4449 lsa.
606 4408 703 4459 vn,
739 4392 824 4446 ιιι.
899 4388 947 4425 τι
983 4365 1326 4464 nauigaui,
1357 4391 1445 4444 27.
1521 4389 1667 4464 "III
1699 4393 1996 4464 3991.4.

2085 1936 2370 2008 virginem
2399 1937 2650 1993 electam
2680 1938 2886 2009 fuisse,
2917 1945 3093 2012 atque
3124 1943 3198 1997 ad
3232 1944 3505 2000 Davidem
3541 1947 3730 2003 addu-

2085 2030 2262 2094 ctam,
2289 2026 2352 2081 in
2382 2026 2653 2082 confesso
2685 2033 2792 2083 est.

2155 2113 2321 2169 XXII.
2366 2115 2477 2170 Sed
2534 2115 2741 2170 dicunt
2798 2135 3004 2173 rursus
3059 2118 3292 2174 Judaei:
3351 2124 3432 2177 De
3488 2125 3734 2181 Ezechia

2084 2203 2197 2260 hoc
2227 2204 2450 2260 dictum
2482 2210 2570 2260 est
2601 2205 2674 2261 ad
2702 2207 2909 2262 Achaz.
2945 2208 3228 2281 Legamus
3260 2211 3440 2283 igitur
3469 2213 3732 2286 Scriptu-

2084 2310 2251 2349 ram:
2284 2296 2414 2349 Pete
2445 2295 2548 2348 tibi
2587 2297 2697 2365 ipsi
2747 2297 2965 2365 signum
2995 2315 3030 2352 a
3071 2299 3300 2353 Domino
3351 2302 3455 2355 Deo
3509 2309 3622 2369 tuo,
3671 2306 3728 2358 in

2075 2383 2424 2454 profundum
2444 2390 2542 2437 aut
2563 2385 2622 2438 in
2650 2384 2881 2439 sublime
2905 2383 2972 2440 7‘.
3006 2387 3180 2458 Atqui
3213 2389 3448 2459 signum
3482 2392 3736 2447 maxime

2082 2470 2434 2526 admirabile
2466 2488 2534 2526 ac
2563 2477 2781 2543 praeter
2827 2474 3172 2545 opinionem
3227 2494 3353 2532 esse
3406 2479 3597 2534 debet.
3651 2482 3738 2536 Si-

2081 2577 2262 2634 gnum
2293 2561 2455 2616 enim
2485 2560 2600 2616 fuit
2628 2578 2784 2632 aqua
2814 2563 2884 2618 de
2912 2570 3081 2635 petra
3101 2565 3302 2622 elicita
3321 2566 3370 2601 75
3399 2585 3410 2621 :
3444 2570 3736 2641 disruptio

2081 2651 2265 2706 maris
2292 2648 2376 2705 7°:
2411 2650 2554 2706 solis
2583 2653 2935 2707 retrocessio
2969 2651 3038 2720 ⁷⁷,
3075 2660 3134 2708 et
3165 2656 3404 2711 similia.
3457 2660 3595 2723 Quas
3627 2677 3734 2714 au-

2081 2746 2202 2797 tem
2233 2739 2500 2795 dicturus
2531 2756 2686 2808 sum,
2719 2741 3144 2799 evidentiorem
3185 2745 3405 2800 habent
3453 2748 3732 2804 adversus

2080 2830 2312 2887 Iudaeos
2343 2830 2794 2885 convictionem.
2839 2833 3002 2903 (Novi
3048 2849 3143 2888 me
3191 2835 3445 2891 multum
3492 2838 3729 2893 extendi

2083 2934 2380 2984 sermone,
2415 2922 2474 2971 et
2504 2917 2790 2973 delassari
2822 2919 3143 2975 auditores.
3182 2923 3394 2977 Verum
3437 2926 3729 2980 sermonis

2080 3005 2480 3078 prolixitatem
2500 3005 2842 3062 sustineatis
2867 3007 3040 3062 velim
3063 3028 3076 3076 ;
3104 3011 3340 3080 quando
3361 3012 3474 3068 ista
3489 3020 3732 3085 propter

2083 3095 2383 3151 Christum
2413 3097 2562 3153 I75
2598 3095 2898 3165 dicuntur,
2930 3115 3126 3169 neque
3158 3098 3229 3153 de
3259 3101 3433 3156 rebus
3465 3108 3733 3158 contem-

2086 3186 2298 3241 nendis
2327 3185 2424 3240 hic
2472 3184 2708 3257 agitur.)
2765 3186 2910 3240 Cum
2967 3187 3166 3258 itaque
3212 3196 3497 3261 regnante
3544 3192 3733 3247 Achaz

2081 3276 2194 3332 hoc
2224 3274 2440 3331 dixerit
2460 3274 2673 3341 Isaias;
2700 3275 2891 3330 Achaz
2912 3293 3087 3347 porro
3112 3278 3414 3333 sexdecim
3445 3279 3736 3337 duntaxat

2081 3380 2271 3421 annos
2297 3363 2632 3438 regnaverit
2659 3361 2726 3431 ⁷⁸,
2759 3380 2911 3434 quos
2942 3365 3100 3420 intra
3128 3365 3289 3422 dicta
3318 3374 3407 3423 est
3437 3375 3510 3424 ad
3534 3370 3728 3441 ipsum

2079 3453 2426 3526 prophetia:
2485 3451 2827 3508 Iudaeorum
2885 3454 3417 3511 contradictionem
3486 3461 3735 3516 revincit

2082 3559 2390 3600 successor
2443 3543 2573 3614 ejus
2631 3557 2735 3596 rex
2791 3542 3066 3598 Ezechias
3124 3545 3313 3600 Achaz
3370 3548 3568 3615 ﬁlius;
3630 3550 3731 3620 qui

2080 3649 2216 3689 cum
2247 3647 2495 3704 regnum
2525 3630 2692 3700 adiit,
2748 3646 3043 3686 annorum
3101 3635 3365 3705 quinque
3417 3642 3477 3690 et
3523 3639 3726 3710 viginti

2080 3728 2207 3777 erat
2233 3721 2298 3777 7°.
2332 3721 2478 3775 Cum
2509 3721 2668 3775 enim
2718 3721 3051 3792 prophetiae
3108 3723 3388 3796 [tempus]
3433 3743 3726 3783 annorum

2078 3812 2378 3870 sexdecim
2435 3811 2670 3883 (spatio)
2729 3810 3270 3877 circumscribatur,
3322 3832 3531 3871 novem
3589 3824 3726 3874 ante

2076 3902 2449 3976 prophetiam
2473 3900 2648 3956 annis
2672 3899 2865 3956 fuerat
2889 3917 2960 3956 ex
2989 3902 3178 3956 Achaz
3207 3909 3400 3958 natus.
3443 3907 3593 3970 Quid
3620 3907 3724 3979 igi-

2076 3998 2174 4049 tur
2203 3992 2275 4048 de
2306 4008 2376 4047 eo
2405 3991 2507 4062 qui
2528 3991 2660 4062 jam
2689 3995 2865 4045 natus
2896 3995 3041 4055 erat,
3075 3992 3255 4047 etiam
3278 3998 3597 4064 antequam
3628 4014 3728 4067 pa-

2075 4087 2167 4138 ter
2196 4081 2325 4154 ejus
2355 4080 2545 4135 Achaz
2579 4094 2829 4151 regnum
2877 4079 3088 4143 adiret,
3135 4082 3509 4152 prophetiam
3561 4083 3723 4156 loqui

2075 4186 2322 4228 necesse
2343 4168 2516 4226 erat?
2539 4169 2664 4224 Non
2696 4167 2854 4223 enim
2886 4168 3052 4233 dixit,
3084 4170 3312 4241 Accepit
3337 4187 3350 4239 ;
3385 4173 3488 4226 sed
3518 4173 3727 4243 praedi-

2076 4261 2291 4320 ctionis
2322 4257 2522 4328 modo,
2555 4259 2806 4329 Accipiet
2834 4258 3013 4327 virgo.

2071 4391 2118 4426 ⁷⁸
2144 4389 2256 4444 Isa.
2289 4403 2380 4457 vn,
2418 4385 2501 4440 11.
2578 4383 2626 4419 ’⁵
2654 4383 2836 4439 Exod.
2870 4400 3000 4449 xvu,
3033 4387 3086 4441 6.
3162 4385 3206 4420 7°
3239 4385 3418 4442 Exod.
3453 4404 3567 4458 XIV,
3627 4392 3718 4457 21,

313 4470 404 4522 22.
481 4464 526 4505 '7
555 4466 626 4520 IV
657 4465 792 4536 Reg.
823 4479 920 4528 xx,
955 4461 1040 4518 ll.
1116 4458 1166 4495 ⁷⁸
1193 4462 1264 4516 IV
1294 4462 1433 4532 Reg.
1467 4478 1582 4530 xvi,
1612 4463 1666 4516 2.
1743 4458 1890 4518 "'IV
1919 4465 1993 4519 Re

2088 4477 2240 4529 xvm,
2274 4462 2327 4514 2.

313 4588 933 4647 tionisversioneznon
950 4585 1422 4660 legebaturapud
1443 4585 1962 4660 L_X_X_tempor_ibus
1991 4595 2040 4660 Β
2070 4583 2316 4660 itu-{atqu
2335 4579 2404 4660 ἐκ
2433 4579 2652 4660 πέτρας,
2684 4595 2893 4660 aquam
2918 4579 3166 4660 ear-silice
3193 4581 3480 4660 scaturire.

314 4661 679 4732 Hieronymi.
715 4660 824 4732 Qui
846 4656 1232 4732 huncflocum
1265 4656 1336 4732 de
1351 4656 1736 4732 _Bethleh_em,
1761 4657 1835 4732 ad
1856 4675 1962 4713 au-

315 4741 506 4792 strum
541 4729 960 4801 Hierosolymis
983 4730 1116 4793 sita,
1149 4730 1318 4800 quasi
1350 4729 1480 4801 loco
1511 4729 1670 4784 unde
1701 4729 1963 4785 oriturus

315 4809 395 4864 sit
423 4805 706 4867 Salvator,
741 4800 918 4857 etiam
947 4801 1019 4874 ab
1053 4801 1297 4874 Hebraeo
1328 4800 1586 4874 quodam
1615 4801 1963 4874 interpreta-

316 4885 444 4934 tum
476 4894 536 4932 se
570 4875 806 4930 audisse
838 4872 1004 4929 testis
1035 4878 1145 4940 est,
1178 4873 1239 4927 in
1270 4873 1428 4928 hunc
1459 4873 1677 4929 locum.

388 4951 466 5021 (1)
497 4947 640 5002 Ὅτι.
689 4945 1046 5021 ξωιὶοιιὶαςη
1095 4945 1248 5021 hanc
1277 4944 1606 5016 adjecimus
1649 4961 1717 5000 ex
1763 4943 1963 5012 Coisl.,

315 5015 478 5092 Reg,
509 5022 649 5082 Roe,
683 5016 953 5082 Casaub.,
987 5015 1180 5071 Ottob.

388 5111 465 5180 (2)
507 5103 740 5180 £96891.
785 5105 988 5180 Co_isl.,
1035 5105 1194 5178 Beg.,
1244 5103 1965 5180 Roe,_Casaub.,_Ottob_.,

314 5170 676 5256 sinitedem;
735 5183 803 5256 ut
849 5177 910 5232 in
964 5170 1379 5256 sacrovntextuﬁ
1411 5177 1551 5256 Post
1601 5170 1860 5242 1:6,loco
1910 5170 1968 5228 δε

318 5247 666 5325 scripsimus
695 5249 822 5325 yAa'ip,
856 5265 927 5303 ex
956 5247 1260 5325 codicibus
1291 5247 1573 5318 praefatis.

391 5315 466 5396 (3³)
509 5322 577 5378 Οἱ
610 5315 885 5396 Ἰουδαῖοι.
941 5315 1392 5375 Articulum—ex
1437 5317 1760 5374 nominatis
1799 5315 1967 5372 codi-

317 5393 484 5452 cibus
514 5393 939 5466 supplevimus.

389 5470 462 5539 (4)
497 5459 727 5539 Alfium
779 5463 1011 5539 Optime
1061 5463 1143 5518 ita
1196 5461 1482 5539 M_illesius
1531 5460 1664 5516 cudi
1720 5459 1963 5539 curavit,

317 5531 454 5595 cum
484 5540 545 5592 in
580 5531 775 5604 editis,
827 5531 1145 5607 legeretur,
1196 5531 1407 5607 αἶ’τησε,
1439 5553 1464 5607 ε
1502 5550 1609 5604 pro
1651 5552 1708 5607 αι
1748 5532 1962 5607 posito.

317 5611 620 5668 Articulus
644 5608 705 5661 τό
738 5603 874 5662 ante
893 5603 979 5660 ἐκ
1008 5604 1206 5680 πέτρας
1255 5603 1538 5680 deest_in_
1563 5603 1962 5680 codd.:C_o‘isl.

319 5688 379 5742 et
405 5685 547 5756 Reg.
582 5684 648 5738 In
678 5679 848 5736 codd.
897 5681 1017 5738 Boe
1050 5669 1119 5734 et'
1149 5677 1394 5734 Casaub.
1427 5676 1663 5749 legitur,
1704 5675 1790 5748 τὸ,
1819 5669 1964 5750 ὕδωρ

2143 4651 2221 4727 (3)
2250 4656 2451 4727 Ταῦτα.
2496 4653 2586 4727 _Sic
2616 4669 2725 4707 nos
2755 4667 2825 4706 ex
2855 4651 3069 4719 Coisl.,
3102 4654 3262 4724 Reg,
3297 4655 3436 4720 Roe,
3467 4656 3717 4714 Casaub.

2070 4719 2342 4784 In‘e'ditis
2371 4719 2524 4778 αὐτοί.

2143 4802 2215 4870 (6)
2245 4796 2373 4850 Ὑπὸ
2401 4799 2500 4870 τοῦ
2547 4791 2737 4870 ’ᾼχὰζ.
2785 4796 2866 4870 Ea
2900 4794 3110 4870 "verba-
3149 4794 3366 4870 desunt
3421 4797 3483 4870 in
3541 4797 3714 4854 codd.

2075 4865 2216 4939 Roe,
2250 4869 2522 4933 Casaub.,
2558 4865 2768 4932 Grod.;
2801 4865 2974 4939 facile
2999 4865 3552 4939 ad‘intelligentiam
3581 4870 3718 4925 addi

2074 4933 2342 5014 potuere.
2379 4939 2551 5014 Paulo
2585 4942 2906 5014 post,_ante
2941 4933 3238 5014 β-ασιλείας,
3273 4933 3400 5014 leco
3429 4945 3543 5014 τῆς,
3578 4943 3722 5014 εει-ιτ

2075 5008 2328 5085 psimus,
2360 5008 2629 5085 αὐτῆςλθξ
2659 5008 2835 5085 Coisl.
2869 5008 3094 5085 et'Reg.
3129 5012 3202 5063 At
3229 5026 3299 5085 ea
3348 5013 3602 5082 phrasis,
3634 5013 3726 5067 καὶ

2075 5078 2182 5158 πρὸ
2206 5082 2374 5147 αὐτῆς
2410 5079 2688 5153 βασιλείας
2730 5082 2828 5133 τοῦ
2876 5078 3066 5153 Ἀχᾶζ
3100 5081 3327 5154 πατρός,
3348 5078 3729 5154 prater-mit.

2081 5157 2222 5212 titur
2251 5156 2312 5210 in
2353 5158 2492 5212 Roe.
2525 5152 2774 5208 Casaub.
2809 5157 2868 5206 et
2897 5152 3072 5208 Grod.

2148 5197 2222 5296 (“7.)
2803 5197 3406 5296 Illac-“interpretatio
3467 5228 3727 5284 Hebraea

2075 5315 2234 5371 vocis
2255 5299 2426 5379 τινών
2446 5331 2480 5370 a
2506 5313 2880 5383 Symmacho,
2906 5313 3118 5383 Aquila
3142 5320 3200 5367 et
3219 5315 3617 5373 Theodotione
3641 5318 3728 5371 in-

2076 5384 2678 5459 terpretibusgludteis
2711 5384 2868 5459 data,
2930 5392 2987 5437 et
3035 5385 3388 5441 Christianis
3433 5389 3722 5459 Opposita,

2077 5456 2227 5514 teste
2256 5457 2530 5512 Eusebio.
2554 5456 2656 5510 lib.
2701 5471 2770 5510 vn
2799 5456 3094 5528 Demonst.,
3117 5473 3247 5528 pag.
3283 5459 3385 5510 316
3411 5475 3422 5524 ;
3457 5456 3720 5526 ἑιἸΓθιι.,

2075 5530 2178 5586 lib.
2214 5546 2292 5593 ιιι,
2328 5544 2454 5598 cap.
2488 5529 2578 5595 2|,
2611 5544 2668 5581 n.
2705 5529 2729 5580 1
2761 5543 2772 5580 :
2807 5527 2879 5581 de
2910 5544 3026 5598 qua
3057 5527 3238 5582 videri
3270 5537 3522 5599 possunt
3569 5546 3718 5599 pras-

2076 5608 2166 5659 ter
2195 5603 2552 5656 memoratos
2584 5603 2880 5665 auctores,
2910 5599 3303 5670 Hieronymus
3363 5607 3420 5653 et
3467 5600 3716 5654 Basilius

2073 5675 2138 5731 in
2166 5674 2325 5730 hunc
2359 5671 2522 5728 lsaiaa
2551 5671 2770 5728 locum.
