4138 6264
473 307 595 369 ’155

1532 302 1597 361 S.
1645 299 1953 361 CYRILLI
1996 296 2413 362 HIEROSOL.
2463 296 2830 360 ARCHIEP.

3783 250 3890 356 τιό

558 439 766 497 XXIII.
800 438 874 492 At
901 436 1052 493 illud
1082 437 1325 508 quidem
1364 434 1682 492 manifeste
1738 432 2141 505 cognovimus,

2328 435 2446 490 Kl'".
2500 430 2661 488 Ἀλλ’
2715 429 2799 486 ὅτι
2861 430 2956 504 μὲν
3016 428 3077 486 ἐκ
3131 426 3401 506 παρθένου
3463 430 3717 505 γεννᾶται
3746 427 3891 483 6K6-

488 528 647 602 quod
671 544 740 583 ex
769 527 995 600 virgine
1016 526 1284 582 nascitur
1306 525 1577 581 Christus
1597 542 1609 579 :
1627 524 1756 596 jam
1778 541 1913 580 vero
1937 541 2006 579 ex
2029 541 2144 596 quo

481 633 700 693 genere
717 616 877 688 virgo
901 616 1215 683 exstiterit,
1234 614 1643 687 aperiendum.
1661 636 1689 664 «
1711 614 1934 669 Iuravit
1957 615 2150 669 Domi-

482 729 512 759 «
539 724 653 763 nus
680 704 885 762 Davidi
912 706 1242 772 veritatem,
1260 710 1318 759 et
1338 720 1458 759 non
1482 703 1864 759 frustrabitur
1881 719 2040 758 eam:
2065 705 2146 759 De

481 820 509 849 ιι
544 797 745 852 fructu
771 795 996 850 ventris
1028 795 1114 849 tui
1138 809 1355 865 ponam
1382 810 1560 865 super
1591 792 1795 847 sedem
1816 798 1980 848 tuam
2008 791 2056 827 ⁸ο
2077 811 2093 861 ;
2116 813 2144 842 »

482 892 543 943 et
564 901 774 941 rursus
801 900 814 939 :
846 903 869 932 ι
889 886 1116 939 Ponam
1139 883 1203 938 in
1223 882 1508 938 saeculum
1530 881 1733 937 saeculi
1757 897 1961 937 semen
1993 882 2145 954 ejus,

491 998 521 1027 ‹‹
559 979 617 1030 et
644 975 925 1029 thronum
958 974 1089 1045 ejus
1123 973 1276 1027 sicut
1300 972 1427 1027 dies
1479 970 1611 1027 caeli
1643 969 1689 1005 3‘
1717 993 1738 1022 ι
1797 976 1856 1026 et
1900 970 2146 1027 deinde:

496 1085 518 1114 ε
546 1063 739 1120 Semel
763 1062 955 1135 juravi
987 1062 1049 1117 in
1083 1066 1287 1116 sancto
1319 1076 1475 1127 meo,
1508 1059 1556 1115 si
1598 1058 1800 1116 Davidi
1852 1060 2146 1117 mentiar:

489 1171 519 1200 «
544 1165 751 1205 semen
778 1149 907 1219 ejus
930 1148 992 1202 in
1017 1153 1308 1202 aeternum
1336 1145 1631 1212 manebit;
1656 1151 1715 1200 et
1737 1146 1987 1201 thronus
2020 1145 2151 1218 ejus

491 1259 521 1289 ‹‹
550 1238 705 1294 sicut
729 1236 818 1292 sol
842 1236 905 1292 in
928 1240 1250 1308 conspectu
1273 1251 1428 1303 meo,
1463 1240 1522 1291 et
1541 1235 1696 1290 sicut
1720 1235 1864 1290 luna
1890 1234 2153 1306 perfecta

498 1349 520 1377 ι
548 1327 613 1381 in
644 1331 936 1381 internum
964 1323 1037 1380 ⁸⁸.
1068 1347 1088 1374 ι
1121 1323 1293 1379 Vides
1324 1323 1397 1379 de
1417 1322 1670 1391 Christo,
1696 1340 1818 1378 non
1848 1329 2047 1379 autem
2079 1324 2151 1379 de

488 1415 805 1471 Salomone
828 1429 1165 1469 sermonem
1190 1411 1396 1468 haberi
1417 1430 1568 1478 ;non
1587 1413 1742 1467 enim
1758 1413 2008 1469 thronus
2022 1413 2152 1486 ejus

487 1505 645 1560 sicut
668 1503 757 1558 sol
778 1502 1128 1573 permansit.
1160 1501 1324 1567 Quod
1357 1501 1403 1556 si
1438 1502 1571 1572 quis
1604 1501 2050 1570 contradixerit,
2082 1520 2152 1558 eo

488 1592 649 1664 quod
683 1592 953 1647 Christus
983 1607 1104 1646 non
1135 1590 1359 1647 sederit
1389 1591 1449 1645 in
1482 1591 1679 1663 ligneo
1715 1591 1949 1647 Davidis
1979 1591 2149 1652 solio,

2252 542 2389 597 ριος,
2423 524 2629 599 σαφῶς,
2658 518 2921 597 ἔγνωμεν
2954 521 3051 577 Ἐκ
3078 518 3240 575 ποίου
3272 518 3336 594 γὶ
3362 519 3564 593 γένους
3597 517 3665 584 ἦν
3698 517 3730 585 ἡ
3772 536 3892 593 παρ-

2251 610 2426 681 θένος,
2458 608 2714 666 δεικτέον.
2745 611 2955 682 Ὣμοσε
2990 609 3199 683 Κύριος
3253 611 3332 679 τῷ
3395 601 3571 661 Δαϐὶδ
3630 603 3891 676 ἀλήθειαν,

2249 700 2338 755 καὶ
2368 698 2431 755 οὐ
2465 701 2542 772 μὴ
2576 700 2824 769 ἀθετήσει
2857 697 3025 769 αὐτήν
3071 700 3169 771 (1)·
3224 698 3318 753 Ἐκ
3367 697 3593 770 καρποῦ
3650 700 3747 763 τῆς
3799 713 3894 748 3:0:-

2251 787 2371 853 λίας
2404 811 2505 844 σου
2532 791 2773 863 θήσομαι
2807 788 2917 844 ’ἐπὶ
2969 788 3064 842 τὸν
3122 785 3316 862 θρόνον
3377 804 3502 840 σουο
3563 784 3654 839 καὶ
3719 782 3889 839 πάλιν·

2251 880 2501 952 ϐήσομαι
2534 879 2610 943 εἷς
2639 880 2730 934 τὸν
2787 877 2965 933 αἰῶνα
3006 877 3107 931 τόῦ
3165 876 3363 936 αἰῶνος
3420 873 3490 929 τὸ
3551 874 3766 946 σπέρμα
3815 872 3895 927 αὖ·

2249 971 2369 1039 τοῦ,
2425 967 2515 1022 καὶ
2572 968 2663 1023 τὸν
2724 966 2918 1042 θρόνον
2978 966 3145 1021 αὐτοῦ
3213 965 3289 1028 ὡς
3369 963 3470 1026 τὰς
3551 962 3762 1038 ἡμέρας
3814 965 3894 1017 τοῦ

2254 1056 2511 1132 οὐρανοῦο
2542 1057 2631 1112 καὶ
2676 1055 2820 1130 ἐξῆς·
2854 1055 3034 1125 ’Ἀπαε
3092 1051 3285 1128 ὢμοσα
3334 1051 3385 1107 ἐν
3449 1056 3534 1124 τῷ
3587 1051 3730 1126 ἁγίῳ
3785 1070 3893 1123 μου,

2256 1145 2301 1200 εἶ
2357 1150 2438 1219 τῷ
2489 1141 2657 1201 Δαϐὶδ
2715 1148 2794 1219 (2)
2852 1143 3149 1219 ψεύσομάν
3206 1144 3270 1198 τὸ
3326 1142 3551 1216 σπέρμα
3625 1138 3783 1194 αὐτοῦ
3833 1139 3897 1202 εἰς

2253 1235 2345 1290 τὸν
2396 1232 2569 1290 αἰῶνα
2632 1240 2799 1309 μενεῖ·
2858 1233 2949 1289 καὶ
2981 1234 3009 1288 6
3040 1231 3230 1308 θρόνος
3307 1230 3477 1286 αὐτοῦ
3538 1229 3615 1291 ὡς
3671 1230 3699 1284 6
3752 1227 3894 1298 ἥλιος

2256 1321 2498 1378 ἐναντίον
2562 1344 2693 1397 μου,
2750 1322 2839 1378 καὶ
2920 1323 2997 1385 ὡς
3078 1318 3281 1392 σελήνη
3365 1317 3778 1395 κατηρτισμένη
3831 1317 3893 1379 είς

2254 1412 2345 1467 τὸν
2388 1412 2580 1471 αἶ’ῶνα.
2641 1414 2825 1489 Ὁρᾷς,
2883 1410 2966 1467 ὅτι
3024 1409 3148 1486 περὶ
3204 1412 3466 1482 Χριστοῦ,
3521 1408 3617 1462 καὶ
3675 1404 3735 1460 οὗ
3787 1403 3894 1479 περὶ

2259 1499 2631 1575 Σολομῶντος
2680 1502 2709 1557 6
2767 1499 2958 1576 λόγος.
3010 1498 3088 1558 Οὗ
3146 1499 3250 1574 γὰρ
3281 1500 3309 1553 6
3341 1497 3543 1572 θρόνος
3573 1496 3737 1551 αὐτοῦ
3781 1493 3894 1553 ὡςὸ

2258 1588 2421 1660 ἥλιος
2451 1587 2679 1663 ἔμεινεν.
2713 1588 2778 1646 Εἰ
2806 1587 2863 1645 δέ
2889 1610 2973 1651 τις
3004 1586 3285 1663 ἀντιλέγῃ,
3343 1584 3434 1641 διὰ
3461 1585 3529 1641 τὸ
3572 1586 3651 1658 μή
3701 1582 3894 1639 m0:-

488 1682 645 1737 hanc
672 1681 761 1736 illi
785 1680 1148 1736 sententiam
1179 1680 1590 1752 proferamus:
1633 1682 1813 1752 Super
1840 1681 2148 1737 cathedram

2258 1678 2407 1734 κέναι
2435 1679 2530 1734 τὸν
2561 1679 2792 1752 Χριστὸν
2829 1677 2916 1733 ἐπὶ
2946 1679 3038 1732 τὸν
3071 1675 3283 1748 ξύλινον
3347 1676 3543 1748 θρόνον
3585 1676 3681 1728 τοῦ
3728 1664 3894 1735 Δαόἰδ,

489 1773 653 1829 Hosis
676 1770 934 1827 sederunt
972 1770 1179 1825 Scriba:
1229 1775 1281 1824 et
1316 1769 1589 1826 Pharisaei
1609 1768 1693 1836 88;
1729 1786 1850 1825 non
1889 1769 2049 1825 enim
2080 1769 2155 1824 li-
2185 1791 2231 1856 Β

492 1877 567 1933 gn
577 1876 706 1915 eam
729 1858 1074 1915 cathedram
1099 1857 1527 1930 significat,sed
1540 1858 1825 1913 doctrina:
1842 1859 2153 1914 auctorita-

490 1953 611 2004 tem
639 1964 651 2003 :
682 1948 767 2004 sic
792 1953 852 2003 et
867 1947 1084 2003 solium
1103 1947 1336 2002 Davidis
1360 1948 1758 2018 qumrito,non
1780 1947 2041 2020 ligneum
2062 1966 2151 2003 so-

492 2037 664 2106 lium,
694 2036 797 2093 sed
827 2038 1016 2108 ipsam
1037 2037 1261 2109 regiam
1283 2035 1844 2108 potestatem.Cujus
1860 2037 1947 2092 rei
1965 2042 2144 2094 testes

384 2164 387 2173 .
491 2127 693 2198 accipe
726 2141 942 2197 pueros
972 2125 1410 2182 acclamantes:
1444 2127 1707 2181 Hosanna
1736 2126 1879 2181 Filio
1925 2127 2103 2182 David
2125 2145 2144 2183 :
2182 2160 2187 2165 -

490 2215 803 2272 benedictus
832 2218 951 2271 Rea:
978 2216 1197 2272 Israelis
1217 2213 1283 2272 δ”.
1317 2215 1467 2272 Caeci
1500 2233 1735 2288 quoque
1780 2216 1986 2272 aiunt:
2035 2219 2146 2272 Fili

483 2305 683 2375 David,
715 2308 968 2360 miserere
1000 2307 1178 2362 nostri
1198 2304 1264 2360 ⁸⁸.
1295 2306 1363 2361 Et
1385 2306 1618 2362 Gabriel
1663 2312 1864 2377 aperte
1897 2311 2147 2362 testatur

488 2394 562 2450 ad
594 2393 837 2449 Mariam
865 2393 1098 2449 dicens:
1122 2397 1191 2449 Et
1213 2395 1368 2449 dabit
1389 2395 1479 2450 illi
1498 2397 1759 2451 Dominus
1788 2395 1926 2451 Deus
1968 2396 2146 2451 sedem

484 2484 662 2539 David
674 2482 859 2552 patris
888 2483 1010 2552 ejus
1030 2482 1096 2537 ⁸⁸.
1124 2484 1196 2536 Et
1217 2483 1438 2538 Paulus
1466 2484 1548 2539 ait
1571 2501 1584 2539 :
1616 2488 1939 2541 Mementote
1962 2487 2146 2541 Jesum

486 2573 771 2629 Christum
812 2568 1119 2626 excitatum
1138 2588 1173 2625 a
1201 2574 1459 2640 mortuis,
1490 2590 1557 2627 ea
1586 2577 1788 2628 semine
1823 2574 2020 2640 David,
2063 2590 2142 2630 se-

488 2660 728 2717 cundum
762 2659 1118 2729 Evangelium
1148 2676 1325 2716 meum
1354 2659 1400 2696 “7
1427 2677 1440 2714 :
1483 2665 1542 2716 et
1570 2661 1630 2715 in
1661 2663 1956 2734 principio
2005 2664 2144 2735 Epi-

490 2749 657 2806 stolae
689 2748 765 2804 ad
790 2750 1108 2817 Romanos,
1157 2749 1274 2804 ait:
1329 2751 1435 2815 Qui
1473 2753 1655 2819 factus
1704 2758 1781 2807 est
1828 2770 1897 2807 ea:
1943 2752 2146 2808 semine

490 2836 672 2892 David
699 2836 994 2891 secundum
1023 2853 1243 2892 carnem
1272 2837 1337 2891 ⁸⁸.
1374 2838 1589 2909 Recipe
1636 2839 1816 2911 igitur
1861 2856 1995 2895 eum
2044 2841 2145 2912 qui

491 2940 561 2979 ex
595 2924 812 2980 Davide
843 2930 1018 2980 natus
1050 2930 1157 2993 est,
1189 2925 1529 2997 obsequens
1559 2928 1887 2999 prophetiae
1920 2929 2102 2984 aienti
2129 2947 2143 2987 :

487 3014 562 3068 Et
582 3015 689 3068 erit
712 3016 771 3069 in
788 3012 879 3069 die
899 3015 1000 3069 illa
1036 3014 1205 3070 radis:
1233 3016 1397 3083 Jesse,
1420 3021 1471 3071 et
1491 3018 1590 3087 qui
1612 3025 1867 3087 exsurget
1898 3026 2146 3076 recturus

486 3110 674 3172 gentes
691 3121 714 3168 ;
739 3105 799 3158 in
827 3105 945 3174 ipso
974 3110 1155 3175 gentes
1183 3105 1485 3175 sperabunt
1513 3105 1577 3159 ”.

2263 1767 2648 1845 προσοίσωμεν
2702 1770 2780 1839 (3)
2839 1765 3014 1821 ἐκεῖνο
3072 1766 3135 1821 τὸ
3196 1764 3383 1842 ῥητόν
3445 1762 3581 1821 Ἐπὶ
3635 1768 3736 1832 τῆς
3783 1759 3895 1815 καθ-

2264 1854 2423 1933 έδρας
2454 1857 2698 1919 Μωσέως
2735 1855 2982 1911 ἐκάθισαν
3013 1856 3067 1909 οἱ
3133 1858 3489 1929 Γραμματεῖς
3546 1853 3637 1907 καὶ
3691 1851 3747 1904 οἱ
3798 1854 3892 1902 Φα-

2264 1951 2489 2023 ρισαῖον
2526 1945 2586 2000 οὐ
2615 1946 2717 2022 γὰρ
2746 1946 2847 2015 τὴν
2896 1943 3115 2016 ξυλίνην
3159 1941 3449 2020 καθέδραν,
3496 1939 3647 1997 ἀλλά
3691 1941 3785 2004 τῆς
3825 1933 3894 1990 δι-

2256 2033 2551 2097 δασκαλίας
2581 2035 2838 2109 σημαίνει
2867 2035 2967 2103 τὴν
3001 2033 3261 2104 ἐξουσίαν.
3294 2033 3491 2094 Οὕτως
3521 2031 3616 2086 οὗν
3646 2027 3734 2084 καὶ
3778 2024 3885 2102 θρό-

2253 2148 2342 2181 νον
2395 2121 2560 2181 Δαϐίδ
2621 2146 2713 2199 μοι
2773 2126 2921 2196 ζήτει
2979 2128 3078 2199 (4),
3140 2125 3216 2196 μὴ
3273 2124 3363 2178 τὸν
3416 2120 3638 2194 ξύλινον
3695 2117 3884 2195 θρόνον,

2255 2213 2405 2271 ἀλλὰ
2432 2217 2532 2285 τὴν
2570 2212 2847 2290 βασιλείαν
2881 2213 3073 2286 αὐτήν.
3124 2212 3227 2271 Καί
3288 2232 3383 2286 μοι
3449 2212 3726 2285 μάρτυρας
3770 2199 3887 2261 λάϐε

2253 2305 2381 2366 τοὺς
2431 2302 2628 2366 παῖδας
2686 2303 2815 2366 τοὺς
2873 2303 3343 2380 ἐπιφωνήσαντας·
3392 2300 3628 2356 Ὡσαννὰ
3681 2300 3758 2369 τῷ
3803 2294 3889 2362 υἱῷ

2256 2389 2450 2464 Δαϐὶδ,
2512 2391 2939 2468 εὐλογημένοςὸ
3004 2389 3259 2467 βασιλεὺς
3314 2394 3413 2445 τοῦ
3502 2387 3743 2465 Ἰσραήλ.
3804 2380 3886 2437 Καὶ

2256 2484 2309 2538 οἱ
2355 2480 2555 2560 τυφλοὶ
2616 2479 2673 2536 δὲ
2728 2480 2998 2555 λέγουσιν’
3060 2482 3150 2536 Υἱὲ
3204 2475 3393 2550 Δαϐὶδ,
3454 2477 3685 2548 ἐλέησον
3739 2475 3885 2545 ἡμᾶς·

2256 2571 2355 2626 Καὶ
2387 2572 2414 2626 6
2474 2566 2719 2645 Γαϐριὴλ
2782 2574 3043 2646 μαρτυρεῖ
3100 2573 3284 2647 σαφῶς
3336 2569 3478 2643 πρὸς
3519 2571 3621 2636 τήν
3663 2560 3880 2647 Μαριὰμ,

2255 2656 2457 2734 λέγων’
2512 2657 2615 2715 Καὶ
2675 2655 2835 2712 δώσει
2893 2656 3039 2731 αὐτῷ
3122 2646 3323 2731 Κόριος
3371 2658 3400 2711 6
3464 2657 3595 2717 Θεὸς
3651 2652 3739 2707 τὸν
3778 2646 3882 2722 θρό-

2251 2769 2343 2804 νον
2378 2742 2545 2803 Δαϐὶδ
2573 2751 2672 2802 τοῦ
2703 2747 2908 2823 πατρὸς
2969 2747 3155 2802 αὐτοῦ·
3215 2746 3307 2802 καὶ
3363 2747 3389 2801 ὁ
3454 2742 3671 2805 Παῦλός
3725 2757 3879 2818 φησιν·

2255 2838 2636 2911 Μνημονεύετε
2719 2839 2924 2908 Ἰησοῦν
3033 2837 3266 2912 Χριστὸν
3374 2833 3741 2911 ἐγηγερμένον
3833 2823 3883 2879 ἐκ

2253 2932 2479 3002 νεκρῶν,
2532 2927 2592 2983 ἐκ
2646 2926 2956 3003 σπέρματος
3008 2922 3197 2997 Δαόὶδ,
3251 2924 3387 2980 κατὰ
3444 2924 3511 2980 τὸ
3579 2914 3880 2995 Εὐαγγέλιόν

2260 3036 2390 3092 pou“
2442 3017 2612 3073 καὶέν
2674 3019 2823 3094 ἀρχῇ
2881 3020 2981 3087 τῆς
3036 3018 3172 3091 πρὸς
3222 3015 3538 3090 Ῥωμαίους
3592 3011 3739 3088 φησί.
3788 3008 3878 3064 Τοῦ

2176 3093 2219 3160 C
2255 3107 2545 3184 γενομένου
2606 3106 2666 3163 ἐκ
2713 3093 3030 3182 σπέρματος
3118 3102 3282 3162 Δαόὶδ
3359 3106 3506 3162 κατὰ
3556 3106 3738 3177 σάρκα.
3790 3103 3880 3151 Κα-

480 3187 717 3265 ταδέχου
739 3189 917 3245 τοίνυν
944 3190 1036 3246 τὸν
1066 3192 1127 3247 ἐκ
1155 3187 1322 3246 Δαϐὶδ
1355 3193 1774 3268 γεγεννημένον,
1808 3194 2134 3268 πειθόμενος
2163 3200 2232 3271 τῇ
2270 3198 2586 3275 προφητείᾳ
2611 3201 2680 3271 τῇ
2715 3194 2981 3272 λεγούσῃ·
3018 3196 3121 3254 Καὶ
3154 3195 3301 3252 ἔσται
3335 3195 3387 3252 ἐν
3417 3200 3494 3271 τῇ
3526 3194 3702 3269 ἡμέρᾳ
3730 3184 3879 3257 ἐκείνῃ

480 3279 516 3347 ἡ
553 3277 674 3353 ῥίζα
703 3300 800 3333 του
831 3280 1024 3336 Ἰεσσαὶ
1066 3282 1166 3355 (5),
1198 3281 1288 3336 καὶ
1322 3283 1349 3335 6
1381 3282 1733 3355 ἀνιστάμενος
1762 3280 1954 3359 ἄρχειν
1981 3284 2170 3341 ἐθνῶν·
2203 3287 2287 3342 ἐπ’
2319 3288 2469 3358 αὐτῷ
2500 3285 2623 3358 ἔθνη
2658 3286 2967 3343 ἐλπιοῦσιν.
3646 3311 3654 3319 ’

562 3370 756 3426 XXIV.
792 3370 904 3425 Sed
931 3371 1118 3425 Judaei
1148 3377 1392 3443 propter
1420 3373 1548 3428 haec
1602 3375 1990 3431 vehementer
2022 3376 2148 3433 dis-

488 3458 851 3514 cruciantur.
887 3459 1248 3516 Prmviderat
1278 3462 1389 3517 hoc
1420 3479 1657 3535 quoque
1683 3460 1866 3520 Isaias
1898 3464 2146 3522 dicens:

487 3549 559 3602 Et
599 3548 802 3614 volent,
839 3551 887 3603 si
913 3551 1125 3617 fuerint
1168 3549 1298 3619 igne
1328 3551 1612 3607 combusti.
1648 3555 1790 3618 Quia
1806 3570 1952 3624 puer
1979 3563 2145 3613 natus

491 3641 569 3692 est
594 3638 751 3693 nobis
777 3638 922 3708 (non
955 3638 1113 3695 enim
1143 3640 1298 3695 I76
1348 3640 1513 3713 illis),
1560 3642 1708 3713 ﬁlius
1760 3650 1814 3698 et
1864 3645 2024 3699 datus
2071 3652 2150 3701 est

495 3729 652 3786 nobis
675 3728 743 3784 νο.
775 3728 1193 3785 Animadverte
1222 3748 1400 3803 porro
1427 3732 1586 3803 quod
1615 3734 1782 3806 prius
1812 3734 1996 3790 Filius
2050 3736 2148 3791 Dei

492 3824 638 3888 erat,
672 3819 887 3875 deinde
919 3818 1091 3875 datus
1123 3824 1210 3875 est
1241 3820 1451 3889 nobis;
1486 3827 1544 3877 et
1572 3827 1708 3895 post
1754 3839 1942 3894 pauca
1962 3824 2145 3882 dicit:

497 3913 560 3965 Et
575 3912 732 3980 pacis
761 3911 882 3980 ejus
905 3926 1015 3964 non
1046 3916 1121 3964 est
1154 3913 1416 3966 terminus
1446 3909 1513 3966 9’.
1544 3913 1826 3968 Romanis
1859 3914 1949 3968 sui
2008 3918 2151 3970 sunt

492 4000 768 4055 termini:
799 3999 965 4071 regni
997 4004 1196 4054 autem
1227 3999 1359 4056 Filii
1396 4000 1493 4055 Dei
1551 4002 1841 4057 terminus
1889 4020 2010 4059 non
2059 4011 2151 4060 est

491 4092 806 4145 Persarum
865 4088 1289 4160 Medorumque
1346 4088 1724 4146 determinati
1767 4098 1906 4146 sunt
1954 4093 2145 4149 fines:

491 4179 625 4235 Filii
657 4195 790 4234 vero
825 4179 926 4233 Dei
957 4178 1247 4233 terminus
1279 4178 1503 4235 nullus.
1559 4179 1783 4236 Deinde
1834 4184 2147 4254 sequitur:

566 4303 797 4359 80Psal.
833 4320 1024 4368 cxxxr,
1059 4308 1143 4358 11.
1248 4304 1291 4340 ⁸¹
1351 4305 1507 4360 Psal.
1567 4324 1833 4369 Lxxxvm.
1895 4309 1983 4362 30.

496 4380 564 4444 9;
599 4376 762 4431 Joan.
798 4394 898 4433 xu.
934 4378 1021 4429 13.
1117 4375 1164 4410 ⁸⁵
1194 4377 1394 4431 Matth.
1433 4394 1508 4445 IX,
1538 4381 1625 4433 26.

496 4448 543 4482 ⁸ο
574 4452 686 4503 Isa.
713 4464 791 4513 ιι,
826 4450 877 4514 5,
912 4450 963 4501 6.
1042 4448 1085 4482 θί
1118 4447 1259 4502 ibid.
1286 4452 1334 4501 7.

569 4576 638 4644 (t)
674 4570 879 4646 Αὐτήν.
918 4575 986 4628 In
1018 4572 1343 4646 codd.Roﬁe
1376 4577 1434 4628 et
1462 4574 1712 4629 Casaub.
1748 4580 1807 4630 et
1834 4577 2028 4632 Ottob.
2054 4577 2155 4633 ha-
2179 4579 2229 4646 D

495 4642 689 4713 betur,
722 4642 904 4713 αὐτόν,
936 4647 1134 4717 ipsum,
1168 4645 1442 4700 videlicet
1486 4646 1784 4704 Davidem.

495 4719 625 4774 cod.
660 4717 822 4771 Alex.
862 4719 1025 4772 LXX.
1124 4769 1131 4778 ,

568 4791 661 4873 (2)Δ
676 4782 860 4873 Δαϐίδ.
880 4790 966 4873 _ln
998 4788 1515 4873 edigs‘irrepserat
1533 4789 1818 4873 mendum
1835 4795 1904 4873 ut
1920 4791 2146 4873 legere-

494 4855 846 4927 ιιιέ,’Δανιήλ
878 4860 1005 4916 loco
1026 4855 1212 4915 Δαϐίδ.
1246 4855 1553 4917 Monuerat
1573 4862 1715 4917 olim
1747 4855 2147 4920 Coteleriusin

493 4934 653 5006 notis
685 4931 759 4986 ad
778 4932 1200 5006 interpolatam
1232 4934 1419 4989 sancti
1468 4933 1675 5006 Ignatii
1726 4935 1799 4990 ad
1852 4935 2147 4990 Philadel-

492 5004 666 5081 phios
698 5002 1033 5081 epistolam,
1058 5020 1224 5059 num.
1253 5006 1306 5081 4,
1336 5002 1667 5076 protectum
1690 5006 1749 5061 id
1771 5007 1951 5062 videri
1979 5024 2047 5062 ex
2067 5008 2149 5062 si-

491 5072 831 5150 militudine
844 5072 1167 5150 formarum
1187 5072 1402 5147 quibus
1417 5083 1736 5150 utrumque
1761 5096 1979 5135 nomen
1993 5095 2145 5134 com-

490 5144 710 5217 pendio
744 5144 1024 5217 scribitur
1055 5152 1163 5198 ΔαΑ
1199 5144 1305 5217 pro
1339 5144 1464 5203 Δαὸ.
1498 5144 1945 5207 Emehdatuma
1968 5151 2149 5205 Mille-

495 5215 604 5283 sio,
636 5215 971 5271 faventibus
1003 5215 1281 5273 omnibus
1311 5236 1454 5275 mss.

566 5288 646 5369 (3)
678 5285 1082 5369 Προσοίσωμεν.
1106 5291 1199 5369 Ex
1226 5290 1399 5369 _co_dd.
1429 5293 1553 5369 Roe
1576 5297 1661 5369 et
1694 5293 1942 5369 Cas_au_b_._
1962 5311 1974 5349 :
1998 5310 2145 5369 nam

497 5355 664 5427 editi,
698 5355 1070 5435 προοίσῳμεν.
1105 5360 1196 5415 Sic
1222 5362 1395 5431 infra,
1424 5379 1486 5418 n.
1530 5366 1597 5417 27
1648 5365 1709 5420 in
1766 5366 1946 5421 simili
1995 5366 2145 5435 loco,

496 5451 663 5486 ταυτα
694 5429 1037 5502 προσηνέγκα
1045 5450 1161 5502 μεν.

571 5505 645 5577 (4)
678 5505 785 5555 Μοι
821 5503 991 5577 ζήτει.
1046 5502 1401 5577 Scripsimus
1461 5521 1531 5560 ex
1587 5508 1705 5564 Roe
1759 5512 1818 5562 et
1873 5506 2144 5574 Casaub.,

571 5524 645 5577 μ’)
678 5524 785 5555 M0:
821 5524 991 5572 ςητει.
1046 5524 1401 5626 ὒΟΓΐιδιωΠΞ
1461 5524 1531 5560 ex
1587 5524 1705 5564 noe
1759 5524 1818 5562 et.
1873 5524 2144 5574 uasaun.,

502 5595 596 5645 μοι
625 5591 731 5648 pro
759 5574 857 5643 μή.
894 5575 1147 5648 Ιλροο-θρ
1188 5593 1277 5648 νον
1335 5577 1661 5648 sequentis,
1722 5579 1893 5635 codd.
1945 5577 2144 5646 Coisl.,

494 5644 657 5721 Reg.)
694 5648 814 5701 Roe
846 5652 904 5702 et
932 5644 1376 5719 Grothabent,
1408 5644 1597 5721 μόνον.

2086 4308 2134 4342 ³³
2188 4308 2335 4364 ibid.
2396 4310 2577 4365 36-38.

1730 4380 1776 4413 δυ
1806 4380 1941 4435 Luc.
1977 4397 2016 4450 ι,
2050 4382 2139 4436 32.

2254 4379 2287 4415 ⁵⁷
2319 4380 2369 4435 ΙΙ
2420 4382 2565 4436 Tim.
2604 4398 2661 4449 ιι,
2712 4383 2763 4435 8.
2868 4380 2916 4415 δε
2963 4383 3130 4437 Rom.
3175 4369 3212 4449 ι,
3267 4383 3318 4435 3.
3422 4382 3470 4417 ⁸⁸
3532 4385 3637 4437 Isa.
3680 4392 3752 4442 ιι,
3803 4369 3873 4423 10-

2332 3380 2453 3434 KA‘.
2483 3376 2659 3434 Ἀλλὰ
2715 3375 3095 3432 διαπονοῦνται
3155 3378 3207 3432 οἱ
3265 3374 3526 3434 Ἰουδαῖοι
3586 3372 3672 3430 διὰ
3718 3370 3880 3425 ταῦτα·

2259 3463 2505 3541 Προῂδει
2562 3467 2653 3520 καὶ
2708 3469 2872 3521 τοῦτο
2927 3464 3174 3536 Ἡσαΐας,
3237 3464 3438 3540 λέγων·
3496 3466 3592 3519 Καὶ
3646 3460 3882 3529 θελήσου-

2260 3576 2364 3625 σιν,
2424 3555 2476 3612 ei
2530 3555 2776 3634 ἐγένοντο
2860 3556 3236 3631 πυρίκαυστοι·
3323 3555 3408 3611 ὃτι
3496 3551 3701 3611 παιδίον
3751 3547 3879 3623 ἔγεν-

2258 3648 2399 3718 νήθη
2432 3648 2568 3721 ἡμῖν
2620 3646 2707 3718 (οὗ
2757 3646 2863 3722 γὰρ
2921 3645 3152 3721 αὐτοῖς),
3213 3646 3329 3708 υἱὸς
3381 3645 3476 3700 καὶ
3532 3642 3682 3711 ἐδόθη
3735 3639 3878 3709 ἡμῖν.

2260 3735 2576 3809 Σημείωσαι
2611 3734 2689 3807 δὲ,
2724 3737 2807 3791 ὅτι
2838 3739 3055 3811 πρῶτον
3088 3735 3154 3806 ἧν
3198 3736 3321 3799 Υἱὸς
3365 3741 3526 3806 Θεοῦ,
3575 3735 3679 3788 εἶτα
3726 3723 3875 3792 ἐδόθη

2256 3825 2415 3897 ἧμῖν’
2448 3825 2539 3880 καὶ
2597 3826 2711 3899 μετ’
2761 3824 2925 3899 ὀλίγα
2981 3824 3164 3903 φησίνθ
3225 3826 3328 3882 Καὶ
3389 3833 3496 3895 τῆς
3551 3822 3756 3894 εἰρήνης
3809 3814 3877 3886 (θ)

2258 3914 2421 3970 αὐτοῦ
2478 3913 2576 3969 οὐκ
2632 3913 2773 3969 ἔστιν
2829 3910 3002 3989 ὅριον.
3056 3917 3219 3990 *Ορια
3270 3916 3561 3988 Ῥωμαίων
3614 3908 3735 3967 ἐστι’
3788 3906 3874 3968 τῆς

2255 4008 2351 4059 τοῦ
2382 4004 2511 4058 Υἱοῦ
2540 4007 2636 4057 τοῦ
2667 4008 2800 4059 Θεοῦ
2836 4003 3112 4079 βασιλείας
3158 4003 3309 4077 ὅριον
3370 4003 3471 4060 οὐκ
3527 4002 3680 4059 ἔστιν.
3736 3997 3876 4067 Ὀρια

2258 4095 2477 4166 Ηερσῶν
2529 4093 2618 4146 καὶ
2671 4090 2875 4162 Μήδων
2936 4090 3099 4161 ἔστιν,
3148 4097 3246 4149 τοῦ
3304 4091 3362 4148 δὲ
3425 4095 3556 4149 Υἱοῦ
3610 4090 3749 4165 ὅριον
3793 4079 3876 4136 οὐκ

2258 4179 2418 4237 ἔστιν.
2466 4182 2599 4238 Εἶτα
2662 4180 2803 4250 ἑξῆς
2864 4181 2986 4236 Ἐπὶ
3042 4183 3133 4236 τὸν
3185 4183 3374 4258 θρόνον
3434 4177 3624 4251 Δαϐἱδ,
3677 4175 3759 4232 καὶ
3800 4167 3874 4223 ἐπὶ

2684 4307 2732 4343 ⁸³
2791 4309 2991 4363 Matth.
3051 4326 3209 4376 χχιιι,
3271 4313 3322 4365 2.
3426 4310 3474 4344 “
3528 4306 3719 4364 Matth.
3773 4312 3873 4376 xx}.

2333 4578 2405 4648 (5)
2438 4574 2647 4632 Ἰεσσαί.
2680 4577 2767 4631 Ita
2790 4577 3136 4648 scripsimus
3156 4593 3228 4632 ex
3256 4578 3425 4633 codd.
3462 4580 3598 4650 Reg-
3649 4581 3703 4650 et
3748 4572 3866 4650 R00.

1837 4649 1923 4704 Ita
1974 4650 2150 4705 etiam
2180 4643 2213 4646 ἡ
2253 4643 2425 4722 juxta
2453 4665 2686 4704 sacrum
2706 4643 3090 4722 Textumket
3146 4650 3408 4722 nominis
3466 4643 3864 4722 etyvmologiatn-

2260 4710 2436 4786 Editi,
2470 4722 2654 4787 Ἰεσσέ,
2690 4720 2847 4791 quod
2878 4710 3361 4776 ex’librariorum
3415 4710 3650 4778 inscitia
3697 4710 3864 4787 p'rot‘e-

2255 4799 2439 4848 ctum.

2446 4860 2546 4938 Καὶ
2570 4868 2670 4938 τῆς
2703 4861 2947 4938 εἰρηνης,
2977 4868 3100 4938 (δῖε.Δ
3128 4864 3327 4931 Coisl.,
3389 4867 3548 4938 Rega
3600 4864 3731 4938 Roe_.
3778 4852 3863 4938 ca"

2261 4919 2451 5007 881.1151,
2482 4937 2583 5007 τῆς
2613 4919 2829 5007 έῑρηηὶῃὲ
2859 4919 3240 5005 (posteriores
3271 4919 3637 4998 tamenotres,
3675 4919 3868 5007 signng

2256 5008 2377 5075 v1,¢)
2415 4998 2688 5081 βασιλείας
2719 4998 2903 5071 αὐτοῦ,
2938 5009 3095 5076 regni
3150 5008 3266 5081 ejus
3316 5011 3494 5078 pacis.
3545 5006 3633 5081 vel
3664 4998 3868 5081 pra’faii

2258 5081 2375 5150 ejus
2403 5078 2564 5147 regni
2592 5094 2702 5132 non
2733 5085 2810 5133 est
2842 5081 3129 5150 terminus.
3162 5079 3486 5150 Sequentia
3513 5078 3772 5134 videntur
3788 5080 3863 5150 ar:

2255 5146 2433 5223 gnere
2464 5146 2748 5221 Cyrillum
2778 5166 2997 5223 nomen
3034 5146 3310 5221 βασιλείας
3343 5150 3554 5223 legisse
3607 5151 3675 5203 At
3716 5148 3867 5223 Eax}

2258 5211 2837 5293 Christo'procurata
2864 5211 3147 5277 idem'est
3174 5239 3309 5277 cum
3341 5211 3469 5293 ejus
3500 5211 3866 5293 Γεειιοί-Ἐρηῐρ

2259 5293 2434 5348 ambo
2468 5284 2722 5365 ﬁnitima
2750 5291 2899 5359 loca,
2922 5309 3110 5348 unum
3131 5294 3320 5360 Isaiae,
3348 5284 3464 5365 quo
3492 5284 3644 5365 pacis
3659 5284 3864 5365 Christh

2261 5371 2317 5418 et
2347 5365 2598 5438 alterum
2630 5364 2819 5431 Lucae,
2854 5353 2993 5438 cap._
3017 5382 3054 5426 ι,
3089 5367 3176 5427 32,
3206 5353 3323 5438 quo
3364 5353 3537 5438 regni
3584 5362 3705 5438 ejus

2260 5436 2462 5491 nullus
2493 5436 2726 5490 futurus
2759 5423 2888 5490 esse
2904 5423 3257 5503 afﬁrmatur,
3276 5437 3334 5492 in
3362 5423 3546 5492 unum
3571 5423 3863 5504 οόιιΐιιίξθΐίί

2256 5508 2537 5579 Cyrillus.
2563 5509 2826 5579 Regnum
2851 5507 3068 5562 Christi
3094 5507 3277 5563 nullis
3300 5509 3517 5563 ﬁnibus
3542 5506 3858 5579 determlgaj

2256 5565 2381 5633 tum
2412 5565 2679 5633 Ecclesia
2703 5579 2996 5634 catholica
3035 5585 3143 5635 est.
3194 5580 3336 5636 Vide
3385 5586 3496 5636 cat.
3550 5580 3633 5645 18,
3668 5588 3723 5627 n.
3762 5565 3856 5619 273

2254 5656 2366 5706 cat.
2403 5652 2488 5719 10,
2521 5667 2579 5705 n.
2618 5652 2702 5704 16.
