4138 6264
387 334 502 395 ’761

1240 321 1713 386 GATECHESIS
1754 319 1886 381 XII.
1931 320 2034 381 DE
2077 318 2415 383 CHRISTO
2458 323 2943 385 IECARNATO.

3683 321 3796 381 762

385 461 589 532 θυτάτη
651 453 853 537 ῥάϐδος
913 454 1194 535 ὀφιοειδὴς
1246 453 1540 529 γενομένη,
1599 446 1806 529 φοϐερὰ
1857 448 1924 519 ἦν
1955 453 2037 523 τῷ

2154 452 2440 524 quidnam
2458 455 2815 511 difﬁcilioris
2841 454 3070 510 videtur
3083 471 3298 527 Operae,
3322 453 3610 527 virginem
3631 470 3798 525 pare-

387 554 626 632 ῥίψαντιο
687 551 778 606 καὶ
839 551 868 604 ὀ
926 547 1033 623 πρὸ
1103 547 1301 601 τούτου
1357 545 1606 619 κατὲχων
1659 545 1759 612 τὴν
1819 537 2040 632 ῥάϐδον,

394 628 556 722 ἶφυγε
603 641 809 711 ταύτην
840 639 914 701 ὡς
977 634 1269 722 δράκοντα·
1333 633 1544 712 δράκων
1573 632 1675 709 γάρ
1902 628 2045 722 ἀλη-

393 720 530 806 θείᾳ,
563 727 758 810 ἔφευγε
789 727 866 796 δὲ,
920 726 982 782 οὐ
1031 721 1294 804 φοϐηθεὶς
1343 725 1374 778 ὃ
1417 728 1693 797 κατεῖχεν,
1721 720 1868 810 ἀλλά
1897 721 2041 810 ἀγω-

391 804 583 884 νιάσας
604 804 717 876 ,τὸν
744 812 1191 892 μεταϐεϐληκότα
1235 817 1331 888 (1)·
1382 810 1604 874 ὀδόντας
1643 811 1787 885 εἶχεν
1819 804 2042 885 ῥάϐδος,

387 912 480 968 καὶ
540 905 924 985 δρακοντικοὺς
1006 901 1346 982 ὀφθαλμούς.
1432 904 1532 958 Ἐκ
1604 895 1806 976 ῥάϐδου
1863 897 2042 952 τοίνυν

390 998 678 1080 ὀφθαλμοὶ
737 997 1033 1073 βλέποντες
1087 993 1399 1071 ἐκφύονται,
1455 989 1668 1080 καὶ-ὲκ
1716 989 2044 1062 παρθενικῆς

386 1076 621 1169 γαστρὸς
651 1085 871 1143 παιδίον
929 1084 992 1140 οὐ
1040 1086 1287 1159 γεννᾶται
1341 1084 1477 1136 Θεοῦ
1509 1076 1802 1169 θέλοντος)
1839 1081 2044 1131 Σιωπῶ

387 1163 517 1256 γὰρ,
544 1179 629 1233 ’ὁτι
660 1176 750 1232 καὶ
801 1177 836 1244 ἡ
892 1168 1094 1251 ῥάϐδος
1139 1173 1175 1240 ἡ
1229 1170 1465 1245 Ἀαρὼν,
1511 1167 1644 1243 ὅπερ
1672 1165 1738 1220 τά
1763 1163 1938 1256 λοιπά
1965 1166 2044 1238 (2)

391 1253 586 1342 δένδρα
617 1265 688 1321 δι’
743 1265 996 1320 ἐνιαυτῶν
1054 1265 1204 1316 ποιεῖ
1260 1258 1555 1330 πλειόνων,
1583 1261 1745 1311 τοῦτο
1777 1253 1866 1342 διὰ
1918 1258 2045 1327 μιᾶς

392 1339 589 1418 νυκτῦς
642 1353 887 1424 ἐποίησε.
940 1352 1030 1415 Τίς
1079 1349 1183 1425 γὰρ
1239 1346 1339 1404 οὒκ
1393 1345 1560 1416 οἶδεν,
1594 1345 1677 1400 ὅτι
1710 1339 1908 1421 ῥάϐδος
1939 1343 2043 1398 ἀπ-

395 1444 632 1502 ολέσασα
660 1444 751 1498 τὸν
786 1440 1006 1520 φλοιὸν,
1063 1435 1177 1493 οὔτ’
1226 1437 1286 1492 ἃν
1346 1435 1540 1510 μεταξὺ
1592 1437 1857 1506 ποταμῶν
1886 1434 2039 1506 τεθῇ,

395 1534 551 1610 φύσει
581 1531 752 1600 uoci;
787 1519 941 1588 ’Ἀλλ’
974 1525 1163 1597 ἐπειδὴ
1214 1527 1344 1588 Θεὸς
1392 1525 1454 1580 οὐ
1503 1523 1723 1602 φύσεσιν
1752 1519 2044 1577 ἀκολουθεῖ

388 1621 646 1700 δὲνδρων,
677 1619 824 1676 ἀλλά
883 1620 1094 1693 φύσεών
1149 1619 1224 1690 (3)
1285 1614 1396 1670 ἐστι
1446 1615 1702 1684 ποιητής
1732 1610 2043 1700 ἡᾲᾶκαρπος

383 1713 474 1770 καὶ
507 1698 644 1788 ξηρά
672 1712 762 1767 καὶ
821 1707 1054 1788 ἅφλοιος
1115 1701 1316 1784 ῥάϐδος
1365 1705 1570 1776 ἤνθησε
1619 1703 1709 1759 καὶ
1741 1698 2044 1773 ἐϐλάστησε

2149 559 2235 609 re,
2268 559 2344 598 an
2371 545 2590 617 virgam
2623 545 2682 599 in
2713 545 3082 599 animantem
3120 544 3385 598 mutari?
3415 543 3796 598 Conﬁtemini

2152 632 2309 702 quod
2341 633 2448 688 sub
2477 636 2651 700 Mose,
2682 635 2840 706 virga
2871 633 3207 689 rectissima
3239 633 3534 704 serpentis
3565 633 3628 688 in
3659 651 3795 706 spec

2150 721 2301 776 ciem
2334 739 2520 793 versa,
2552 724 2663 794 ipsi
2689 724 2789 794 qui
2815 724 3148 795 projecerat
3169 722 3443 776 timorem
3466 720 3790 777 incussit7:

2151 812 2371 883 quique
2390 818 2565 868 antea
2584 814 2803 884 virgam
2827 813 3086 878 tenebat,
3102 827 3232 866 eam
3255 817 3460 882 postea
3480 811 3798 883 effugiebat

2150 916 2258 955 ceu
2286 900 2624 967 draconem,
2653 918 2786 956 vere
2809 902 2969 956 enim
2991 901 3168 956 draco
3201 906 3328 955 erat
3351 917 3364 954 :
3396 900 3657 971 fugiebat
3685 917 3793 955 au-

2149 993 2291 1056 tem,
2324 1007 2445 1045 non
2475 990 2536 1045 id
2565 991 2724 1062 quod
2756 990 2996 1046 tenebat
3048 991 3474 1057 extimescens;
3509 989 3612 1044 sed
3641 991 3680 1043 1
3699 989 3794 1044 78

2149 1078 2279 1149 ejus
2309 1080 2409 1149 qui
2440 1085 2770 1135 mutaverat
2790 1095 3002 1150 pavore
3029 1079 3420 1144 constrictus;
3452 1077 3661 1133 dentes
3691 1077 3793 1132 ha-

2149 1166 2279 1221 buit
2324 1167 2506 1240 virga,
2539 1174 2597 1222 et
2627 1169 2831 1224 oculos
2890 1168 3185 1224 draconis.
3247 1167 3503 1235 Scilicet,
3539 1183 3608 1222 ex
3639 1167 3798 1237 virga

2150 1255 2306 1311 oculi
2338 1256 2574 1312 videndi
2617 1258 2669 1311 vi
2716 1257 2948 1329 praediti
3007 1263 3406 1313 enascuntur:
3441 1261 3501 1312 et
3524 1272 3595 1310 ex
3624 1261 3795 1312 utero

2147 1345 2420 1418 virginali
2450 1362 2571 1401 non
2604 1347 2891 1415 nascitur,
2937 1348 3055 1402 Deo
3104 1347 3358 1414 volente,
3391 1345 3583 1417 puer?
3611 1347 3795 1400 Taceo

2150 1435 2309 1490 enim
2343 1435 2500 1506 quod
2533 1437 2782 1491 Aaronis
2811 1436 2990 1509 virga,
3017 1435 3078 1490 id
3099 1436 3259 1506 quod
3291 1441 3520 1491 caeteras
3551 1435 3796 1490 arbores

2148 1524 2413 1596 plurium
2436 1540 2730 1580 annorum
2759 1527 2948 1596 spatio
2969 1526 3326 1597 producunt,
3350 1525 3461 1580 hoc
3485 1525 3683 1596 ipsum
3704 1524 3794 1580 in-

2149 1619 2240 1669 tra
2267 1631 2450 1670 unam
2479 1620 2716 1669 noctem
2773 1614 3146 1686 protulerit“.
3206 1615 3348 1680 Quis
3405 1614 3564 1668 enim
3606 1614 3798 1669 nescit

2146 1706 2368 1777 virgam
2401 1705 2616 1760 cortice
2641 1704 3246 1771 destitutam,etiamsi
3271 1706 3332 1760 in
3357 1704 3568 1759 mediis
3595 1704 3794 1759 ﬂumi-

384 1803 476 1858 καὶ
505 1803 679 1874 κάρυα
709 1797 1180 1876 ἐκαρποφόρησεν.
1238 1797 1302 1853 Ὀ
1359 1792 1450 1850 οὖν
1491 1798 1561 1868 τῇ
1594 1790 1802 1870 ῥάϐδῳ,
1835 1791 1926 1848 διὰ
1951 1793 2043 1848 τὸν

2150 1795 2326 1850 nibus
2342 1793 2483 1865 plan
2493 1797 2981 1866 tetur,nunquam
2999 1793 3466 1867 germinaturam
3487 1809 3614 1848 esse
3633 1791 3660 1847 ‘I
3684 1791 3796 1846 Sed

2159 1900 2278 1905 ---μ
2319 1885 2469 1905 n-___
2502 1883 2599 1905 -_‘L
2617 1901 2771 1905 -__-___
2809 1901 2840 1905 __
2857 1885 3034 1905 -ι---Σ-
3059 1900 3091 1905 _
3110 1900 3172 1905 Α..
3205 1883 3415 1905 _-___:-1.
3469 1882 3583 1905 ἐμ.-
3622 1887 3762 1905 ..-ι--

383 1892 612 1948 τυπικὸν
661 1887 940 1966 ἀρχιερέα,
998 1888 1206 1959 καρπὸν
1267 1885 1399 1960 ὑπὲρ
1457 1886 1616 1962 φύσιν
1647 1883 2038 1958 χαρισάμενος,

383 1983 488 2054 ἄρα
510 1984 579 2054 τῇ
626 1979 900 2052 παρθένῳ,
952 1973 1042 2030 διὰ
1092 1975 1185 2030 τὸν
1238 1971 1502 2044 ἀληθινὸν
1548 1971 1831 2048 ἀρχιερέα,
1859 1972 1922 2026 τὸ
1951 1992 2040 2026 τε-

375 2075 492 2126 κεῖν
527 2068 627 2124 οὐκ
658 2065 943 2142 ἐχαρίζετο
966 2084 980 2135 ;

2151 1900 2286 1940 cum
2317 1885 2472 1939 Deus
2500 1883 2780 1940 arborum
2809 1885 3037 1940 naturis
3059 1900 3180 1938 non
3202 1883 3438 1950 serviat,
3469 1882 3588 1937 imo
3622 1887 3794 1938 natu-

2147 1993 2348 2033 rarum
2383 1984 2587 2034 auctor
2616 1979 2732 2045 sit;
2793 1978 3181 2043 infructuosa,
3236 1975 3424 2039 arida,
3458 1980 3516 2030 et
3538 1973 3798 2029 decorti-

2149 2071 2281 2122 cata
2308 2067 2468 2139 virga
2522 2067 2746 2135 floruit,
2803 2066 3173 2139 germinavit,
3207 2070 3266 2120 et
3320 2081 3540 2120 nucum
3570 2064 3797 2119 fructus

375 2160 644 2236 protulit.
679 2159 786 2214 Ille
817 2157 996 2228 igitur
1028 2155 1130 2227 qui
1160 2154 1358 2227 virga),
1406 2157 1649 2225 propter
1703 2170 2000 2210 summum
2046 2157 2417 2213 sacerdotem
2475 2158 2734 2230 typicum
2775 2158 2903 2228 [seu
2933 2156 3178 2211 alterius
3210 2155 3503 2227 ﬁguram],
3535 2154 3794 2208 fructum

377 2267 560 2324 supra
588 2254 865 2304 naturam
893 2245 1050 2302 ferre
1081 2243 1283 2300 dedit:
1319 2259 1518 2298 nonne
1544 2242 1777 2312 virgini,
1810 2249 2054 2316 propter
2081 2261 2283 2300 verum
2318 2263 2616 2301 summum
2649 2245 3039 2313 sacerdotem,
3071 2260 3278 2316 parere
3313 2241 3721 2298 concesserit?

448 2339 570 2396 KO'.
603 2335 761 2393 Καλά
817 2338 987 2389 ταῦτα
1045 2332 1430 2405 ὑπομνηστικὰ
1481 2334 1591 2385 τῶν
1634 2328 1840 2405 λόγων.
1877 2329 2033 2387 Ἀλλ’

377 2423 458 2483 ἔτι
522 2422 896 2500 ἀντιλέγουσιν
958 2417 1240 2479 Ἰουδαῖοι·
1316 2419 1406 2474 καὶ
1465 2418 1526 2473 οὐ
1582 2417 1860 2483 πείθονται
1913 2425 2030 2482 τοῖς

377 2516 502 2589 περὶ
537 2509 742 2592 ῥάϐδου
774 2511 987 2586 λόγοις,
1047 2509 1134 2565 ἐὰν
1191 2510 1266 2582 μὴ
1329 2507 1544 2581 ὁμοίοις
1587 2505 1911 2583 παραδόξοις
1941 2513 2031 2567 καὶ

385 2605 532 2677 παρὰ
582 2602 738 2680 φύσιν
785 2604 1048 2664 πεισθῶσι
1097 2603 1361 2662 τοκετοῖς.
1415 2597 1688 2670 Ἐξὲτασον
1745 2599 1823 2671 (4)
1851 2597 2030 2653 τοίνυν

389 2690 586 2754 αὐτοὺς
615 2690 807 2752 οὕτως·
839 2691 905 2745 Ἡ
966 2684 1072 2744 Εὕα
1128 2686 1182 2758 ἐξ
1241 2687 1419 2762 ἀργῆς
1451 2685 1514 2741 ἐκ
1560 2684 1707 2747 τίνος
1732 2684 1989 2761 ἐγεννήθη
2017 2704 2030 2757 ;

385 2780 518 2836 ποία
547 2782 732 2854 μήτηρ
787 2777 1103 2855 συνείληφεν
1158 2774 1366 2846 ἐκείνην
1412 2776 1510 2843 τὴν
1552 2776 1844 2850 ἂμήτορας
1877 2776 2033 2851 Λέγει

387 2867 450 2925 δὲ
479 2873 514 2940 ἡ
549 2871 756 2946 Γραφή,
789 2868 872 2923 ὅτι
929 2867 990 2922 ἐκ
1042 2865 1284 2940 πλευρᾶς
1322 2864 1512 2940 γέγονε
1538 2868 1635 2919 τοῦ
1665 2861 1862 2937 Ἀδάμ,
1893 2869 2036 2940 Ἀρα

389 2958 483 3015 οῦν
511 2961 546 3029 ἠ
584 2959 687 3032 μὰν
721 2954 832 3013 Εὕα
861 2957 918 3012 ἐκ
947 2953 1187 3030 πλευρᾶς
1238 2951 1460 3029 ἄρσενος
1506 2953 1684 3029 χωρὶς
1721 2955 1929 3028 μητρὸς
1959 2957 2033 3027 (5)

376 3053 653 3127 γεννᾶται’
745 3047 805 3103 ἐκ
888 3044 946 3102 δὶ
1009 3045 1341 3118 παρθενικῆς
1425 3044 1655 3119 γαστρὸς
1710 3041 1889 3118 χωρὶς
1941 3043 2036 3098 ἆν-

379 3137 507 3216 δρὸς
532 3135 748 3194 παιδίον
789 3135 850 3192 οὐ
899 3141 1147 3211 γεννᾶται
1172 3153 1188 3206 ;
1239 3135 1634 3210 Ἐχρεωστεῖτο
1663 3137 1780 3195 τοῖς
1811 3130 2031 3205 ἀνδράσι

378 3193 678 3304 Διιίαράτοῦ
739 3193 938 3297 θήλεος
996 3193 1192 3300 γένους
1248 3193 1520 3299 ’ἡκ-χάρις.
1581 3222 1644 3278 Ἣ
1697 3193 1799 3298 γὰρ
1830 3193 1944 3278 Εὕᾶ
1973 3193 2104 3275 ἐκα

377 3322 477 3374 τοῦ
505 3314 688 3389 Ἀδὰμ
718 3315 1000 3390 ἐγεννήθη,
1032 3313 1123 3368 καὶ
1155 3313 1255 3368 οὐκ
1301 3311 1362 3368 ἐκ
1394 3311 1604 3387 μητρὸς
1636 3310 2030 3390 συλληφθεῖσα,

382 3405 512 3463 ἀλλ’
543 3406 602 3462 ἐκ
635 3406 803 3480 μόνου
844 3402 1040 3477 ἀνδρὸς
1087 3402 1269 3478 ὥσπερ
1300 3401 1682 3477 ἀποτεχθεῖσα.
1723 3400 2030 3458 Ἀπὲδωκεν

377 3493 470 3550 οῦν
505 3497 540 3564 ἡ
573 3493 755 3569 Μαρία
813 3499 912 3562 τῆς
965 3493 1191 3566 χάριτος
1242 3491 1307 3544 τὸ
1365 3490 1551 3564 χρὲος,
1605 3488 1706 3544 οὐκ
1735 3487 1786 3560 ἐξ
1816 3487 2030 3563 ἀνδρὸς,

377 3584 507 3640 ἀλλ’
537 3583 588 3657 ἐξ
619 3585 792 3652 ἀύτῆς
844 3582 1021 3656 μόνης
1070 3581 1382 3655 ἀχράντως,
1412 3578 1471 3633 ἐκ
1501 3579 1818 3652 ΙΙνεύματος
1848 3578 2031 3650 άγὶου,

375 3671 599 3747 δυνάμει
631 3677 764 3728 Θεοῦ
795 3672 1111 3749 γεννήσασα.

455 3765 532 3821 Λ“.
567 3758 836 3836 Λάϐωμεν
871 3759 928 3816 δὶ
976 3757 1054 3815 ἔτι
1102 3759 1166 3815 τὸ
1215 3757 1416 3814 τούτου
1449 3762 1656 3832 μεῖζον.
1685 3758 1764 3814 Τὸ
1799 3758 1891 3830 μὲν
1925 3756 2028 3832 γὰρ

382 3851 442 3907 ix
473 3854 743 3924 σωμάτων
801 3851 1030 3923 σώματα
1085 3849 1432 3924 γεννηθῆναι,
1483 3845 1528 3902 εί
1559 3847 1649 3901 καὶ
1700 3843 2028 3922 παράδοξον,

378 3941 511 3998 ἀλλ’
537 3942 689 4015 ὅμως
716 3941 802 3996 καὶ
838 3938 1085 3995 δυνατόν’
1145 3938 1208 3993 τὸ
1256 3935 1313 3992 δὲ
1368 3937 1459 3992 τὸν
1508 3940 1643 4012 χοῦν
1672 3942 1772 4004 τῆς
1803 3939 1907 4010 γῆς
1937 3932 2030 3990 δίν-

380 4045 601 4106 θρωπον
658 4031 927 4105 γενέσθαι,
983 4032 1146 4083 τοῦτο
1207 4027 1665 4100 θαυμαστότερον.
1721 4026 1800 4082 Τὸ
1848 4023 2030 4095 πηλὸν

378 4121 786 4196 συγκεχυμένον
820 4115 1123 4191 ὀφθαλμῶν
1171 4119 1412 4189 χιτῶνας
1462 4108 1648 4170 λαϐεῖν
1679 4115 1770 4169 καὶ
1800 4112 2028 4187 λαμπη-

377 4208 561 4274 δόνας,
591 4213 754 4263 τοῦτο
799 4205 1256 4279 θαυμαστότερον.
1309 4204 1385 4260 Τὸ
1434 4203 1494 4258 ἐκ
1544 4201 1860 4274 μονοειδοῦς
1890 4205 2029 4278 χοὸς

377 4302 661 4374 γεννᾶσθαι
695 4300 768 4370 (6)
811 4296 901 4351 καὶ
951 4294 1150 4349 ὀστέων
1209 4291 1602 4368 καρτερότητα,
1648 4292 1736 4346 καὶ
1786 4294 2027 4365 πνεύμο-

448 4451 470 4485 ⁷
510 4452 690 4508 Exod.
721 4467 793 4517 ιν,
834 4453 886 4505 5.
922 4449 942 4484 ⁸
973 4450 1144 4504 Num.
1177 4465 1310 4515 xvu,
1342 4449 1394 4504 8.
1427 4447 1448 4482 ’
1478 4448 1619 4503 Gen.
1654 4465 1714 4516 ιι,
1747 4451 1834 4504 22.

2212 2337 2418 2390 XXIX.
2451 2336 2707 2409 Egregia)
2739 2353 2880 2392 sane
2911 2335 3002 2390 has
3048 2351 3391 2391 sermonum
3423 2349 3788 2388 commemo-

2139 2425 2438 2493 rationes;
2473 2425 2576 2480 sed
2609 2425 3000 2480 nihilominus
3038 2430 3307 2497 pugnant
3332 2422 3551 2489 Judaai;
3585 2438 3694 2476 nec
3726 2421 3788 2476 in

2143 2513 2235 2568 his
2256 2513 2432 2585 virgas
2455 2514 2744 2586 exemplis
2765 2513 3298 2586 acquiescunt,nisi
3320 2512 3533 2568 similis
3555 2511 3789 2583 generis

2142 2601 2595 2657 admirabilibus
2619 2607 2678 2658 et
2694 2608 2912 2675 praeter
2932 2609 3206 2658 naturam
3230 2601 3516 2674 partubus
3537 2617 3787 2672 persua-

2143 2693 2414 2748 deantur.
2440 2693 2580 2748 Illos
2610 2694 2810 2766 itaque
2833 2695 2892 2750 in
2920 2696 3078 2750 hunc
3100 2694 3343 2750 modum
3374 2696 3783 2764 percunctare.

2142 2783 2258 2837 Eva
2286 2782 2358 2838 ab
2393 2783 2563 2837 initio
2591 2783 2663 2839 de
2695 2801 2812 2854 quo
2871 2789 3010 2840 nata
3052 2784 3188 2839 est?
3238 2798 3369 2854 quas
3400 2786 3591 2836 mater
3619 2779 3785 2836 illam

2144 2873 2273 2928 sine
2287 2878 2474 2929 matre
2487 2873 2770 2930 feminam
2784 2875 3094 2946 concepit?
3113 2874 3211 2928 Ait
3224 2878 3422 2929 autem
3434 2872 3790 2943 Scriptura',

2145 2961 2302 3031 quod
2330 2977 2399 3015 ex
2423 2961 2560 3017 Adaa
2587 2967 2751 3018 costa
2779 2965 2989 3018 effecta
3037 2968 3144 3018 est.
3180 2965 3406 3035 Ergone
3433 2963 3549 3016 Eva
3580 2977 3650 3015 ex
3679 2961 3787 3015 viri

2142 3049 2326 3104 latere
2359 3050 2487 3106 sine
2508 3056 2698 3106 matre
2719 3057 2859 3106 nata
2878 3051 3088 3118 fuerit;
3109 3068 3257 3123 puer
3278 3067 3413 3105 vero
3445 3067 3515 3106 ex
3546 3051 3788 3122 virginis

2141 3144 2309 3193 utero
2331 3139 2554 3210 absque
2585 3156 2766 3211 opera
2794 3141 2902 3195 viri
2925 3140 3089 3196 nasci
3113 3156 3233 3196 non
3253 3138 3484 3211 possit?
3514 3138 3784 3194 Redden-

2142 3227 2230 3282 dse
2263 3228 2402 3283 viris
2431 3229 2635 3301 gratias
2666 3228 2987 3285 obnoxium
3045 3233 3172 3285 erat
3221 3228 3548 3284 femineum
3578 3244 3782 3301 genus.

2139 3317 2258 3372 Eva
2286 3334 2548 3389 namque
2579 3335 2648 3374 ex
2677 3319 2864 3375 Adam
2911 3324 3051 3375 nata
3096 3319 3309 3386 fuerat,
3341 3334 3464 3374 non
3495 3334 3565 3372 ex
3598 3321 3787 3372 matre

2140 3413 2447 3480 concepta,
2485 3407 2589 3464 sed
2620 3425 2690 3464 ex
2717 3409 2841 3464 viro
2891 3409 3017 3464 solo
3067 3413 3351 3481 tanquam
3381 3414 3553 3481 partu
3585 3407 3782 3464 edita:

2139 3496 2401 3552 reddidit
2455 3514 2591 3570 ergo
2648 3498 2828 3554 Maria
2881 3499 3059 3570 hujus
3089 3499 3290 3572 gratiae
3323 3498 3610 3563 debitum,
3640 3497 3784 3553 dum

2139 3603 2262 3641 non
2310 3603 2382 3642 ex
2437 3586 2580 3654 viro,
2645 3587 2749 3642 sed
2805 3604 2875 3643 ex
2933 3604 2994 3643 se
3054 3589 3180 3644 sola
3207 3588 3680 3644 incontaminate
3709 3587 3782 3642 de

2141 3676 2361 3748 Spiritu
2391 3681 2595 3732 sancto
2621 3693 2728 3748 per
2755 3677 3033 3733 virtutem
3063 3678 3166 3733 Dei
3197 3678 3418 3749 genuit.

2210 3764 2370 3820 XXX.
2406 3766 2781 3837 Accipiamus
2830 3784 3006 3838 porro
3057 3766 3219 3823 aliud
3248 3769 3422 3840 longe
3452 3767 3664 3838 majus.
3701 3769 3783 3822 Ex

2139 3854 2484 3926 corporibus
2518 3871 2774 3926 namque
2813 3872 3062 3928 corpora
3090 3855 3361 3927 produci,
3395 3857 3613 3910 mirum
3645 3855 3785 3909 licet

2137 3943 2426 4011 videatur,
2458 3944 2740 4015 possibile
2771 3950 2862 4000 est
2909 3951 3127 4000 tamen.
3159 3947 3234 3999 At
3280 3944 3582 4016 pulverem
3611 3950 3782 3999 terra

2137 4032 2442 4088 hominem
2474 4033 2604 4088 fieri
2657 4034 2769 4089 hoc
2821 4034 3233 4090 admirabilius
3263 4035 3358 4105 (7).
3392 4033 3559 4098 Quod
3589 4033 3781 4089 lutum

2138 4121 2472 4189 confusum,
2502 4121 2811 4177 oculorum
2843 4123 3075 4178 tunicas
3104 4127 3164 4177 et
3208 4121 3556 4194 splendores
3603 4137 3780 4176 assu-

2136 4215 2278 4280 mat,
2298 4210 2358 4265 id
2381 4227 2523 4265 sane
2545 4211 2832 4282 majorem
2857 4211 3035 4267 habet
3055 4210 3596 4268 admirabilitatem.
3621 4211 3784 4277 Quod

2137 4316 2208 4355 ex
2236 4299 2477 4370 pulvere
2534 4300 2711 4355 unius
2763 4299 2990 4372 forma),
3023 4306 3081 4357 et
3111 4301 3336 4358 ossium
3367 4300 3692 4372 ﬁrmitudo,
3725 4305 3785 4357 et

377 4604 598 4661 δύναται
631 4606 691 4661 in
738 4603 916 4660 Cois].
977 4608 1036 4675 et
1087 4604 1224 4673 Reg.
1283 4601 1582 4675 adjicitur,
1615 4601 1652 4675 6_
1676 4601 1840 4662 αὐτὸς
1872 4600 2022 4671 Θεός,

2149 4605 2376 4675 pressis.

379 4681 525 4735 idem
558 4684 716 4733 Deus.
750 4678 889 4730 Post
923 4674 1142 4727 κάκεῖνο
1176 4671 1549 4735 habebatur,
1585 4671 1775 4744 μόνον,
1809 4675 1870 4728 in
1903 4675 2024 4729 im-

421 4751 624 4812 ressis,
660 4747 817 4818 quod
850 4747 934 4802 uti
966 4745 1307 4818 redundans
1347 4745 1719 4812 sustulimus,
1754 4761 1824 4818 ex
1852 4746 2020 4802 codd.

421 4770 624 4812 1⁸88518,
660 4770 817 4818 quou
851 4770 934 4802 ιιιι
966 4770 1307 4802 Γεαιιιιυωιυ
1347 4770 1719 4812 δυδιιιιιωιιδ,
1754 4770 1824 4799 ελ
1852 4770 2020 4802 ευαα.

379 4770 583 4887 ἓοίδιη
615 4822 753 4890 Reg.
789 4824 847 4873 et
875 4818 1046 4890 Grod.
1073 4819 1138 4872 In
1161 4817 1332 4890 codd.
1358 4819 1478 4872 Roe
1501 4823 1558 4890 et
1577 4817 1824 4890 Casaub.
1857 4834 2029 4890 repe-

380 4896 534 4950 ritur
563 4893 673 4946 hoc
704 4888 854 4954 loco,
887 4888 1075 4960 μόνον,
1097 4889 1200 4943 sed
1226 4889 1472 4944 omittur
1501 4889 1561 4944 in
1595 4889 1712 4943 fine
1744 4888 2028 4960 phraseos

376 4971 513 5038 post
543 4960 893 5038 Δξγυπτίουε.

449 5039 526 5112 (1)
554 5025 652 5088 Τὸν
713 5025 1182 5112 μεταϐεϐδληκότα,
1241 5032 1460 5086 Sensus
1491 5032 1694 5112 erilli
1727 5032 2027 5112 postulare

376 5097 678 5164 videretur
705 5097 766 5158 τὸ
797 5097 1298 5174 μεταϐεϐλημένον,
1331 5120 1445 5158 rem
1488 5097 1551 5157 iri
1575 5097 1878 5174 serpentem
1907 5121 2030 5159 mu-

379 5186 570 5236 tatam.
591 5181 666 5234 At
685 5173 906 5249 optime
921 5175 1179 5249 Cyrillus
1198 5173 1429 5249 inducit
1448 5173 1686 5249 Moysen
1707 5176 1808 5229 Dei
1827 5192 2027 5249 rerum

377 5256 624 5307 naturas
651 5245 938 5308 mutantis
964 5245 1180 5320 pavore
1205 5251 1262 5299 et
1290 5245 1610 5300 formidine
1636 5247 2025 5317 comprehen-

378 5340 726 5475 suzéliaomp
779 5388 846 5473 τᾲ
899 5387 1085 5443 λοιπά.
1116 5389 1250 5475 ,βχί
1287 5386 2028 5475 Reg..‘Roe-,"Casaub.‘et

376 5457 551 5522 Co'is’l.
582 5457 977 5534 expunximus
1003 5459 1355 5532 particulam
1376 5457 1467 5511 Sui
1490 5466 1625 5530 post
1644 5457 1775 5531 ὅπερ
1807 5460 1870 5514 in
1902 5460 2027 5515 edi-

378 5537 456 5592 tis
481 5537 756 5610 positam.
859 5605 880 5610 _
1103 5602 1139 5610 Π
1380 5603 1454 5610 __
1686 5605 1695 5610 Δ
1780 5601 1790 5610 .

449 5602 524 5676 (3)
555 5603 802 5660 Φύσεων.
859 5605 946 5658 Ita
1003 5602 1238 5676 melius
1279 5603 1564 5672 scriptum
1597 5602 1931 5676 putavimus
1962 5602 2024 5658 in

377 5670 550 5736 codd.
585 5682 746 5749 Heg,
779 5678 899 5731 Roe
930 5680 988 5729 et
1034 5673 1306 5739 Casaub.,
1357 5670 1535 5746 quam
1575 5670 1785 5749 φύσεως
1815 5673 1876 5729 in
1909 5674 2022 5730 im-

2203 4677 2282 4753 (4)
2314 4673 2614 4753 Ἐξὲτασον.
2649 4679 2736 4734 Ita
2763 4678 2939 4734 Coisl.
2973 4685 3033 4734 et
3057 4681 3372 4753 Begqﬁoe
3408 4697 3544 4735 vero
3590 4685 3649 4736 et
3676 4684 3782 4738 Ca-

2137 4748 2335 4824 saub.,_
2346 4747 2596 4824 ἐξέταζε,
2626 4753 2929 4824 interroga.
2989 4747 3171 4818 Editi,
3197 4749 3446 4824 ἐξετάζω,
3465 4755 3778 4824 ,τἠιθννοσο.

2173 4891 2184 4902 .
2208 4821 2282 4890 (5)
2316 4819 2499 4902 Χῳρῖς
2527 4821 2759 4895 μητρός.
2793 4819 2929 4894 Reg.
2989 4829 3047 4877 et
3101 4819 3302 4890 C0isl.,
3334 4819 3510 4898 χωρὶς
3547 4819 3780 4899 μήτρας,

2135 4894 2252 4946 sine
2284 4894 2527 4947 matrice.

2207 4963 2286 5048 (ὃ)
2314 4966 2624 5048 Γεννᾶσθαι.
2675 4964 2856 5048 Eadd.
2903 4965 3475 5048 C_ois.l.,_lfteg_.,_ﬂoe,
3507 4969 3781 5048 Casaub.,

2137 5031 2313 5108 Grod.
2347 5034 2567 5108 ferunt,
2593 5031 2859 5108 γενέσθαι,
2919 5039 3056 5108 ﬁeri.
3093 5031 3515 5094 Nihil—tamen
3547 5031 3782 5098 mutari-'-

2136 5103 2280 5184 durn
2309 5103 2672 5184 censuimus.
2705 5123 2840 5162 cum
2872 5103 3046 5162 verbo
3104 5114 3382 5184 γεννᾶσθαι
3415 5128 3521 5182 pro
3550 5116 3692 5184 ﬁeri,
3725 5121 3785 5169 et

2133 5174 2392 5257 vavi-(31:6;
2416 5194 2521 5257 pro
2550 5181 2915 5257 factus,_non
2941 5196 3096 5257 (raro
3117 5174 3381 5257 Cyrillus
3411 5174 3494 5237 uti
3529 5174 3778 5241 consue-

2136 5252 2301 5320 verit,
2336 5255 2402 5303 ut
2430 5255 2541 5304 cat.
2576 5253 2628 5317 2,
2663 5267 2720 5304 n.
2756 5253 2826 5317 4;
2860 5256 2972 5306 cat.
3010 5255 3096 5318 18,
3128 5269 3187 5306 n.
3222 5255 3326 5317 13;
3361 5261 3474 5310 cat.
3514 5257 3594 5320 11.
3629 5274 3688 5312 n.
3721 5261 3775 5314 8.

2137 5319 2496 5394 Hzecporro,
2531 5326 2589 5375 et
2619 5337 2688 5394 ea
2717 5339 2848 5392 quea
2903 5339 3083 5394 supra
3134 5324 3242 5378 sub
3301 5325 3482 5380 finem
3513 5319 3657 5384 num
3711 5332 3779 5384 26

2135 5392 2538 5458 continentur,
2569 5393 2659 5447 vel
2689 5392 3034 5448 transcribit
3086 5395 3177 5449 vel
3233 5396 3499 5452 imitatur
3529 5401 3779 5454 Basilius

2135 5461 2528 5536 Seleuciensis
2559 5465 2765 5520 homil.
2808 5469 2868 5520 in
2923 5466 3240 5536 Deiparum,
3273 5469 3583 5525 Combeﬁs.
3620 5474 3774 5527 Auct.

2133 5539 2278 5606 tom.
2313 5533 2356 5594 Ι.
2389 5550 2516 5606 pag.
2551 5537 2673 5590 583.

2205 5605 2283 5675 (7)
2324 5605 2623 5678 iPulv’erem
2681 5614 2839 5662 terrm
2895 5610 3162 5664 hominem
3217 5614 3359 5678 ﬁeri,
3418 5615 3528 5664 etc.
3562 5610 3776 5664 Confer

2134 5676 2292 5732 hunc
2323 5677 2522 5733 locum
2551 5695 2685 5734 cum
2717 5679 2900 5736 simili
2929 5686 3042 5738 cat.
3086 5684 3172 5749 18,
3204 5676 3264 5736 n.
3300 5676 3351 5747 9,
3383 5679 3485 5733 ubi
3515 5678 3770 5735 admira-
