4118 6264
363 271 481 331 765

933 262 1411 327 GATECHESIS
1451 263 1616 326 XIII.
1664 264 1766 325 DE
1808 262 2144 324 ί]ΗῆῐὸΤο
2187 262 2603 325 CRUCIFIXO
2646 265 2749 326 ET
2791 263 3170 327 SEPULTO.

3655 271 3774 331 766

370 397 750 472 Ἐξαπεστειλε
803 399 905 474 γὰρ
964 398 992 452 6
1069 397 1198 460 Θεὸς
1253 400 1346 454 τὸν
1423 398 1546 454 Υἱὸν
1608 396 1798 464 αὐτοῦ,
1856 393 2017 472 φησὶν

2133 414 2199 453 ex
2219 397 2340 453 viro
2373 401 2432 453 et
2460 398 2734 467 muliere,
2759 398 2861 453 sed
2884 401 3094 467 factum
3121 417 3188 455 ea:
3218 400 3448 457 muliere
3479 399 3527 435 ¹⁸
3555 401 3772 472 solum,

375 491 402 546 6
459 489 698 553 Παῦλος
761 487 822 542 οὐ
899 486 1191 562 γενόμενον
1247 489 1299 559 ἐξ
1354 486 1546 565 ἀνδρὸς
1599 485 1688 541 καὶ
1743 484 2020 561 γυναικὸς,

376 578 522 635 ἀλλᾶ
551 577 842 654 γενόμενον
895 575 954 632 ἐκ
1007 577 1260 650 γυναικὸς
1317 578 1507 651 μόνον,
1562 580 1710 631 τοῦτ’
1765 571 1904 630 ἔστιν
1964 573 2025 627 ἐκ

375 669 666 744 παρθένου.
699 667 774 722 Τὸ
805 666 908 742 γὰρ
940 672 1171 742 γυναῖκα
1225 667 1315 721 καὶ
1362 667 1461 734 τήν
1519 665 1782 740 παρθένον
1834 667 2020 718 καλεῖ-

380 770 524 827 σθαι,
559 753 1043 832 προαπεδείξαμεν.
1088 757 1183 813 Ἐκ
1238 751 1505 832 παρθὲνου
1553 757 1656 829 γὰρ
1705 752 1960 828 ἐγεννήθη
1995 753 2022 806 ὁ

371 846 770 920 παρθενοποιὸς
799 849 906 900 τῶν
947 848 1141 920 ψυχῶν
1154 890 1166 903 .

445 937 573 993 ΔΒ’.
626 933 800 992 Ἀλλὰ
874 935 1166 1007 θαυμάζεις
1250 934 1313 989 τὸ
1396 936 1704 1010 γενόμενοψ
1759 931 2025 1006 ἐθαύμαζε

368 1031 539 1083 τοῦτο
567 1025 660 1080 καὶ
717 1023 854 1094 αύτή
907 1025 941 1092 ἡ
992 1025 1314 1099 γεννήσασα.
1373 1025 1529 1100 Λέγει
1581 1023 1686 1099 γὰρ
1740 1023 1877 1097 πρὸς
1931 1022 2022 1076 τὸν

370 1112 640 1191 Γαϐριήλ·
694 1118 820 1176 Πῶς
856 1111 1003 1168 ἔσται
1054 1134 1147 1186 μοι
1176 1111 1361 1185 τοῦτο,
1418 1112 1532 1168 ἐπεὶ
1586 1112 1750 1188 ἄνδρα
1807 1113 1870 1167 οὐ
1933 1133 2022 1188 γι-

365 1207 563 1263 νώσκω
622 1229 637 1279 ;
697 1207 758 1262 Ὁ
821 1203 878 1260 δέ
940 1223 1094 1281 φησιο
1173 1209 1392 1278 Πνεῦμα
1474 1203 1622 1278 ἃγιον
1683 1202 2023 1258 ιπελεύσεται

363 1296 454 1353 ἐπὶ
545 1296 623 1366 σὲ,
702 1295 793 1350 καὶ
889 1292 1119 1368 δύναμις
1194 1295 1448 1368 Ὑψίστου
1534 1293 1830 1350 ἐπισκιάσει
1913 1310 2022 1346 σοι·

371 1383 460 1441 διὸ
489 1385 582 1439 καὶ
630 1383 693 1439 τὸ
755 1385 1099 1459 γεννώμενον
1159 1384 1311 1458 ἅγιον
1363 1386 1461 1456 (1),
1511 1381 1845 1454 κληθήσεται
1902 1380 2028 1444 Υἱὸς

372 1478 528 1532 Θεοῦ.
562 1480 869 1548 Ἀχραντος
929 1471 1018 1526 καὶ
1074 1471 1386 1547 ἇῤῥύπαρος
1442 1474 1476 1542 ἠ
1534 1473 1802 1547 γέννησις.
1847 1471 2026 1528 Ὅπου

369 1565 476 1640 γὰρ
507 1567 633 1618 πνεῖ
663 1565 736 1634 (2)
770 1562 989 1632 Πνεῦμα
1019 1562 1194 1636 ἅγιον,
1254 1559 1366 1615 ἐκεῖ
1396 1561 1726 1636 περιῄρηται
1782 1565 1886 1622 πᾶς
1921 1580 2022 1632 μο-

373 1651 611 1725 λυσμός’
647 1649 960 1728 ἀρῥύπαρος
998 1652 1032 1718 ἡ
1093 1645 1356 1724 ἔνσαρκος
1410 1651 1657 1724 γέννησις
1687 1653 1785 1704 τοῦ
1841 1655 2026 1704 Μονο-

2130 489 2243 544 hoc
2275 494 2365 542 est
2391 505 2460 542 ex
2489 489 2734 560 virgine.
2789 489 2952 553 Quod
3013 489 3171 544 enim
3231 491 3500 546 mulieris
3532 494 3777 549 nomine

2128 581 2368 631 vocetur
2399 577 2577 632 etiam
2600 578 2782 650 virgo,
2815 582 2952 632 ante
2983 578 3059 648 (4)
3106 577 3662 637 demonstravimus.
3695 584 3779 637 Ex

2127 668 2351 741 virgine
2385 669 2545 722 enim
2578 674 2754 723 natus
2799 673 2906 738 est,
2957 667 3056 739 qui
3117 670 3346 726 animas
3401 673 3658 745 virgines
3689 672 3774 729 ef-

2131 759 2273 815 ﬁcit.

2199 937 2420 994 XXXII.
2460 936 2572 992 Sed
2604 937 2841 993 miraris
2872 937 3027 1009 quod
3059 938 3280 993 factum
3301 942 3427 1005 est;
3456 939 3568 996 hoc
3585 939 3776 998 admi-

2130 1027 2372 1084 rabatur
2398 1027 2575 1082 etiam
2609 1028 2738 1098 ipsa
2768 1044 2900 1098 quae
2929 1027 3172 1098 genuit;
3199 1027 3342 1082 dicit
3372 1029 3530 1084 enim
3561 1030 3633 1086 ad
3670 1033 3776 1087 Ca-

2131 1116 2384 1171 brielem
2413 1131 2426 1169 :
2459 1138 2487 1166 «
2508 1117 2812 1180 Quomodo
2831 1117 2944 1170 erit
2971 1116 3119 1170 mihi
3152 1117 3330 1184 istud,
3365 1119 3660 1190 siquidem
3692 1122 3776 1176 vi-

2135 1227 2162 1256 «
2192 1222 2325 1260 rum
2349 1221 2471 1259 non
2503 1220 2793 1276 cognosco
2815 1205 2842 1261 ?
2877 1226 2904 1254 »
2963 1205 3070 1259 Ille
3120 1222 3255 1260 vero
3314 1207 3431 1261 ait:
3461 1231 3488 1258 «
3525 1209 3776 1280 Spiritus

2134 1300 2416 1349 «sanctus
2433 1294 2879 1364 supervenietin
2906 1299 3050 1361 te,et
3062 1294 3247 1349 virtus
3268 1295 3558 1351 Altissimi
3577 1298 3780 1354 obum-

2133 1405 2160 1434 «
2192 1382 2387 1438 brabit
2417 1382 2869 1454 tibi.Propterea
2900 1389 2959 1437 et
2989 1383 3148 1454 quod
3179 1389 3458 1439 nascetur
3484 1393 3778 1460 sanctum,

2131 1495 2159 1523 «
2191 1472 2492 1527 vocabitur
2525 1472 2703 1526 Filius
2730 1473 2831 1527 Dei
2858 1473 2918 1526 η.
2957 1495 2978 1524 ι
3021 1476 3176 1529 Pura
3207 1477 3265 1526 et
3307 1473 3779 1533 incontaminata

2131 1561 2454 1634 generatio.
2490 1560 2538 1594 ²⁰
2571 1561 2691 1616 Ubi
2721 1562 3076 1634 enimspirat
3105 1565 3357 1636 Spiritus
3389 1572 3650 1631 sanctus,
3691 1567 3773 1622 ibi

2132 1651 2460 1706 detractum
2493 1657 2583 1706 est
2611 1668 2786 1706 omne
2813 1652 3562 1724 inquinamentum.Sordis
3580 1655 3776 1711 aliena

371 1745 562 1818 γενοῦς
592 1739 653 1795 ἐκ
679 1746 780 1801 τίς
836 1737 1134 1813 Παρθένου.
1187 1737 1294 1793 Κᾶν
1348 1738 1701 1816 ἀντιλέγωσιν
1762 1738 1815 1792 οἱ
1873 1738 2020 1812 αἱρε-

2135 1747 2226 1797 est
2245 1741 2544 1813 Unigeniti
2566 1759 2636 1796 ex
2659 1743 2892 1815 Virgine
2917 1744 2976 1798 in
3002 1761 3180 1800 carne
3206 1747 3498 1802 nativitas.
3524 1749 3594 1801 Et
3623 1747 3670 1802 si
3685 1763 3776 1801 ve-

373 1830 521 1886 τικοὶ
553 1829 692 1906 πρὸς
723 1829 821 1898 τὴν
855 1827 1140 1899 ἀλήθειαν,
1198 1826 1406 1902 ἐλέγξαι
1466 1828 1664 1890 αὐτοὺς
1714 1828 1776 1883 τὸ
1807 1831 2027 1900 Πνεῦμα

369 1921 434 1976 τὸ
466 1922 641 1996 ἅγιον·
680 1919 1102 1994 ἀγανακτήσειὴ
1137 1914 1363 1990 δύναμις
1414 1920 1510 1972 τοῦ
1560 1917 1808 1991 Ὑψίστου
1839 1919 1874 1986 ἡ
1909 1915 2024 1972 ἐπι-

376 2009 656 2065 σκιάσασα’
717 2007 1231 2076 ἀντικαταστήσεται
1309 2001 1553 2082 Γαϐριὴλ
1615 2006 2024 2082 ἀντιπρόσωπος

377 2098 430 2154 ἐν
463 2098 648 2174 ἡμέρᾳ
673 2097 1303 2173 κρίσεως-καταισχυνεῖ
1343 2095 1540 2158 αὐτοὺς
1589 2097 1617 2151 6
1674 2103 1774 2166 τῆς
1828 2095 2029 2174 φάτνης

372 2191 570 2258 τόπος,
631 2189 658 2244 6
714 2184 998 2260 δεξάμενος
1069 2186 1361 2256 Δεσπότην.
1428 2187 1687 2260 Ποιμένες
1746 2189 2024 2262 μαρτυρή-

377 2300 561 2334 σουσιν
621 2280 716 2350 (3),
779 2277 830 2331 οἱ
885 2275 1010 2330 τότε
1058 2272 1548 2351 εὐαγγελισθέντες·
1581 2276 1670 2330 καὶ
1715 2278 1750 2345 ἡ
1804 2277 2027 2350 στρατιὰ

371 2375 481 2426 τῶν
534 2367 779 2443 ἀγγέλων
842 2370 950 2422 τῶν
1009 2365 1331 2438 αἰνούντων,
1387 2365 1478 2420 καὶ
1544 2365 1878 2440 ὑμνούντων,
1935 2369 2025 2421 καὶ

375 2459 662 2515 εἶπόντων·
751 2457 886 2526 Δόξα
945 2455 998 2510 έν
1080 2455 1323 2528 ὑψίστοις
1405 2460 1542 2528 Θεῷ,
1616 2455 1706 2510 καὶ
1783 2454 1871 2510 ἐπὶ
1925 2462 2027 2531 γῆς

383 2549 575 2620 εἰρήνη
609 2546 661 2602 ἰν
692 2546 1001 2620 ἀνθρώποις
1052 2541 1316 2606 εὐδοκίας.
1373 2546 1432 2602 Ὁ
1465 2545 1608 2614 ναὸς,
1659 2544 1735 2606 εἷς
1787 2545 1844 2599 δν
1902 2545 2027 2599 τότε

387 2636 664 2710 ἀνηνέχθη
723 2639 788 2708 τῇ
841 2636 1244 2707 τεσσαρακοστῇ
1301 2631 1501 2709 ἡμέρᾳο
1561 2633 1628 2688 τὰ
1696 2632 1854 2709 ζεύγη
1917 2638 2026 2688 τῶν

387 2725 681 2801 τρυγόνων,
712 2725 780 2778 τὰ
812 2723 943 2799 ὑπὲρ
977 2720 1142 2778 αὐτοῦ
1172 2721 1618 2797 προσενεχθέντα’
1678 2724 1766 2778 καὶ
1819 2725 1846 2778 6
1902 2722 2026 2778 τότε

376 2813 864 2889 ἐναγκαλισάμενος
916 2811 1078 2867 αὐτὸν
1130 2812 1383 2885 Συμεὼν,
1415 2812 1570 2882 καὶὴ
1619 2817 1866 2889 παροῦσα
1893 2833 2025 2889 προ-

375 2910 538 2981 φῆτις
571 2906 758 2959 ’Ἀννα.

443 2997 564 3050 AI“.
597 2994 732 3047 Θεοῦ
789 2989 965 3045 τοίνυν
1049 2995 1474 3067 μαρτυροῦντος,
1528 2993 1618 3047 καὶ
1704 2992 2023 3066 Πνεύματος

372 3083 534 3158 ἁγίου
593 3083 1135 3156 συμμαρτυροῦντος,
1193 3081 1283 3134 καὶ
1332 3083 1568 3156 Χριστοῦ
1622 3080 1896 3157 λέγοντος.
1958 3083 2018 3139 Τί

374 3191 441 3244 με
495 3175 705 3241 ζητεῖτε
755 3170 1088 3240 ἀποκτεῖναι,
1147 3166 1431 3244 ἄνθρωπον
1488 3170 1546 3233 ὅς
1600 3174 1703 3240 τήν
1757 3171 2014 3242 ἀλήθειαν

371 3260 497 3332 ὑμῖν
531 3257 821 3329 λελάληκα
850 3277 871 3323 ;
902 3255 1296 3332 φιμούσθωσαν
1328 3259 1378 3312 οἱ
1437 3260 1700 3334 αἱρετικοὶ
1759 3263 1813 3317 οἱ
1871 3264 2021 3318 ἀντι-

374 3347 626 3424 λέγοντες
687 3352 756 3422 τῇ
816 3347 1218 3423 ἀνθρωπότητι·
1281 3347 1618 3426 ἂντιλέγουσι
1675 3351 1775 3428 γὰρ
1805 3357 1886 3424 τῷ
1935 3352 2018 3409 λέ.

444 3467 492 3501 ¹⁸
545 3466 729 3522 Galat.
782 3483 854 3528 iv,
915 3469 967 3522 4.
1031 3467 1078 3502 ¹⁹
1133 3469 1270 3523 Luc.
1331 3482 1370 3533 ι,

369 3628 488 3679 vui,
546 3613 636 3664 40.

442 3741 520 3812 (1)
550 3740 625 3814 Τὸ
654 3738 994 3814 γεννώμενον
1027 3735 1207 3814 ἅγιον.
1245 3738 1589 3814 Grodecius,
1623 3740 1916 3797 incertum
1949 3758 2023 3798 an

377 3810 689 3893 excodice',
709 3884 722 3893 _
745 3829 820 3893 an
861 3812 1056 3893 potius
1076 3810 1084 3812 ἡ
1106 3810 1386 3893 vulgatae,
1420 3813 2021 3893 interpretationem,

375 3885 494 3940 sive
527 3884 598 3939 de
626 3883 937 3944 industria,
972 3883 1090 3937 sive
1121 3883 1466 3938 attentionis
1483 3884 2022 3956 defectu.sequens,

378 3957 554 4011 vertit
582 3957 728 4026 quod
757 3962 1014 4010 nascetur
1053 3972 1131 4026 ea:
1178 3962 1227 4008 te
1283 3963 1550 4010 sanctum.
1587 3957 1764 4026 Atqui
1815 3974 2023 4012 omnes

375 4027 577 4099 Cyrilli
602 4025 766 4099 mss.
787 4033 963 4099 atque
997 4025 1136 4080 editi
1163 4026 1332 4099 codd.
1382 4032 1500 4081 tam
1533 4027 1651 4094 hic,
1680 4025 1857 4099 quam
1909 4036 2020 4086 cat.

378 4098 465 4155 l7.
499 4115 555 4153 ιι.
586 4101 638 4164 6,
671 4098 771 4152 ubi
798 4099 892 4152 hic
925 4098 1090 4152 locus
1113 4098 1422 4167 repetitur,
1475 4098 1759 4155 omittunt
1817 4098 1875 4153 ἐκ
1904 4104 2018 4153 σοῦ·

378 4187 487 4225 nec
511 4187 594 4224 em
617 4186 784 4224 voces
812 4170 870 4242 in
887 4169 1106 4222 nostris
1132 4169 1345 4242 Graecis
1359 4171 1806 4242 Evangeliorum
1827 4190 2025 4228 exem—

378 4242 642 4314 plaribus
673 4241 1070 4314 reperiuntur.
1112 4241 1203 4293 Eae
1238 4246 1434 4314 tamen
1469 4241 1537 4295 in
1565 4243 1768 4298 multis
1809 4244 2024 4299 Graecis

374 4311 1109 4372 codicibusOrientalibus
1140 4311 1599 4372 versionibus,et
1621 4315 1858 4369 Patrum
1879 4317 2022 4371 cita-

377 4386 638 4440 tionibus
669 4384 1068 4455 reperiuntur.
1104 4383 1370 4456 Sanctus,
1409 4385 1678 4454 Ephraam
1739 4404 1908 4441 serm.
1952 4390 2027 4442 De
2056 4392 2096 4456 Ι)

375 4459 683 4529 margarita
714 4457 852 4529 edit.
889 4458 982 4510 Gr.
1017 4471 1146 4529 pag.
1174 4457 1306 4529 _39_t,
1353 4455 1484 4529 haec
1539 4457 1717 4529 verba
1741 4463 2021 4529 tanquam

379 4526 529 4585 sacri
565 4528 869 4598 scriptoris
892 4527 1137 4598 omnino
1155 4526 1507 4584 defendit.et
1532 4528 1591 4582 in
1607 4526 2022 4585 haereticorum

378 4601 611 4670 culpam
645 4597 839 4670 rejicit
897 4597 1060 4671 quod
1115 4599 1174 4652 in
1226 4598 1533 4671 nonnullis
1583 4601 2022 4671 exemplaribus

419 4669 779 4725 raétermissa
810 4670 1140 4727 sint.Citius
1173 4669 1528 4725 crediderim
1559 4670 1633 4726 ad
1664 4669 2022 4728 refellendos

419 4689 779 4725 ranermissa
810 4689 1140 4727 smuuuus
1173 4689 1528 4725 crediderim
1559 4689 1633 4726 au
1664 4689 2022 4728 reieuenaos

377 4689 592 4798 Eorum
622 4743 1035 4814 haareticorum
1080 4758 1331 4814 errores,
1365 4741 1436 4797 iis
1495 4743 1931 4814 exemplaribus
1962 4745 2022 4798 in

378 4814 592 4885 quibus
625 4813 938 4885 habentur,
973 4813 1209 4885 appicta
1241 4830 1389 4868 esse.

444 4887 521 4957 (2)
545 4885 723 4940 Ὅπου
755 4884 856 4956 γὰρ
890 4883 1030 4957 πνεῖ.
1067 4885 1324 4939 Verbum
1383 4888 1505 4938 πνεῖ
1563 4887 1729 4941 deest
1760 4888 1819 4941 in
1848 4885 2018 4943 codd.

377 4955 538 5029 Reg.,
570 4959 688 5012 Roe
720 4955 778 5010 et
807 4955 1032 5029 Casaub
1080 4962 1139 5009 et
1168 4957 1340 5029 Grod.
1376 4960 1456 5011 Ac
1487 4975 1690 5012 revera
1739 4977 1855 5013 non
1879 4959 2019 5013 sim-

375 5027 590 5101 plicem
625 5029 878 5099 Spiritus
909 5027 1139 5101 flatum,
1170 5028 1272 5101 sed
1296 5029 1568 5101 intimam
1601 5030 1728 5101 ejus
1761 5047 2022 5101 praesen-

377 5100 518 5171 tiam
552 5100 612 5154 in
637 5102 835 5165 Maria,
862 5099 1046 5171 verba
1061 5099 1256 5171 angeli
1283 5101 1481 5166 citata,
1541 5099 1878 5155 ἐπεκεύσεται
1930 5099 2016 5154 ἐπὶ

376 5170 1073 5246 et,_viden-tur_polliceri.
1125 5170 1306 5246 Paulo
1363 5177 1515 5243 post,
1577 5173 1716 5246 loco
1756 5171 2019 5246 ἄρρυπος,

376 5241 990 5316 Ιθκίῐῐιιιεὰιρῥύπαρος,
1022 5248 1089 5316 ut
1118 5241 1556 5316 aliquot—supra
1578 5241 1852 5313 lineis,ex
1875 5260 2016 5315 qua-

377 5319 510 5370 tuor
539 5313 900 5386 codd'QBng,
935 5313 1089 5369 Coisl
1123 5355 1138 5386 ,_
1169 5315 1307 5379 Roe,
1341 5313 1588 5369 Casaub.

441 5388 515 5456 (3)
578 5383 848 5455 Ποιμένεξ
892 5384 1352 5456 μαρτυρήσουσιν.
1388 5388 1467 5440 Ex
1517 5385 1717 5449 Coisl.,
1769 5387 1906 5457 Reg.
1964 5391 2023 5441 et

374 5457 546 5530 Grod.
581 5458 907 5512 delevimus
927 5458 1026 5530 γάρ
1052 5458 1207 5510 inter
1229 5457 1374 5530 duas
1407 5457 1540 5530 illas
1571 5473 1741 5530 voces
1764 5457 1824 5530 in
1845 5457 2018 5514 editis

375 5529 812 5599 interpositum.
848 5525 1028 5585 Paulo
1064 5532 1214 5597 post,
1249 5529 1376 5582 loco
1406 5525 1650 5588 εὐδοκίας
1683 5529 1936 5584 habetur
1956 5530 2017 5584 in

361 5600 575 5673 Coisl”
599 5603 762 5673 Reg,
793 5601 1012 5664 0ttob.,
1043 5602 1162 5656 Roe
1205 5605 1278 5673 Aet
1327 5601 1420 5656 Gr.
1457 5600 2013 5673 evangelico_tex_tu,

356 5668 622 5734 ,ὠδοκιαμ
654 5668 935 5746 γὶιιεαιιιε
957 5677 1172 5746 noster
1191 5670 1496 5744 interpres
1515 5668 1692 5747 legit,
1739 5668 2012 5746 εὐδοκίας,

1429 3469 1540 3540 34η
1579 3471 1664 3522 35.
1726 3469 1774 3504 ²⁰
1839 3472 1963 3527 Vid.
2019 3478 2124 3526 cat.
2179 3473 2264 3540 17,
2309 3489 2366 3526 n.
2429 3474 2480 3525 6.

371 3537 420 3574 ²⁴
448 3539 592 3594 ibid.
630 3542 715 3592 10.
768 3537 988 3594 25ibid.
1041 3539 1127 3609 13,
1191 3541 1276 3592 14.
1329 3539 1373 3573 2⁸
1422 3538 1566 3593 ibid.
1621 3543 1707 3593 22.
1763 3542 1880 3596 '7."
1947 3542 2021 3596 ibi

2151 3537 2259 3597 24;
2294 3542 2342 3577 3°
2385 3542 2528 3596 ibid.
2602 3543 2688 3595 28.
2742 3541 2786 3577 ³¹

2132 1831 2289 1886 ritati
2324 1831 2736 1887 contradicant
2760 1833 3372 1901 hmretici,convincet
3401 1853 3500 1892 eos
3527 1836 3780 1908 Spiritus

2132 1926 2373 1977 sanctus
2399 1938 2411 1976 :
2444 1921 2853 1993 indignabitur
2884 1923 3070 1977 virtus
3095 1924 3384 1980 Altissimi
3408 1942 3539 1996 quae
3585 1925 3776 1998 [virgi-

2130 2011 2788 2083 nemjobumbravit“:
2823 2019 3084 2084 opponet
3142 2031 3271 2070 sese
3320 2017 3382 2070 in
3441 2015 3537 2070 die
3560 2016 3772 2087 judicii

2131 2099 2372 2156 adverso
2406 2100 2639 2156 Gabriel
2669 2101 2715 2134 ²²
2740 2100 2893 2156 180
2916 2101 3110 2157 vultu:
3139 2103 3612 2158 confundetillos
3626 2121 3775 2175 prae-

2131 2193 2278 2264 sepii
2311 2192 2476 2248 locus
2497 2193 2596 2263 qui
2624 2191 2941 2248 Dominum
2973 2194 3204 2265 excepit
3231 2193 3578 2250 ’3.Pastores
3611 2195 3773 2250 testi-

2129 2282 2398 2337 monium
2430 2281 2750 2352 ferent,qui
2769 2287 2910 2337 tunc
2930 2281 3188 2338 faustum
3219 2285 3499 2338 nuntium
3533 2300 3777 2355 accepe-

2130 2377 2272 2426 runt
2291 2371 2338 2404 ²⁴
2363 2387 2375 2424 :
2409 2376 2468 2425 et
2498 2371 2788 2426 exercitus
2815 2371 3165 2443 angelorum
3201 2373 3605 2441 laudantium,
3629 2373 3778 2428 cele-

2129 2460 2518 2527 brantium,et
2549 2460 2904 2515 dicentium:
2938 2483 2965 2509 «
3000 2461 3198 2516 Gloria
3226 2462 3288 2516 in
3305 2462 3612 2518 altissimis
3635 2464 3775 2529 Deo,

2131 2573 2159 2600 «
2183 2555 2240 2605 et
2268 2556 2328 2604 in
2368 2555 2528 2604 terra
2559 2566 2670 2621 pax
2699 2549 3046 2606 hominibus
3081 2551 3417 2623 complaciti
3445 2551 3493 2585 ’5
3525 2573 3573 2606 ››.
3607 2554 3774 2607 Tem-

2129 2639 2294 2712 plum
2327 2639 2388 2694 in
2403 2639 2559 2710 quod
2591 2639 2793 2695 illatus
2819 2646 2910 2695 est
2929 2640 3380 2712 quadragesima
3391 2640 3484 2695 die
3505 2641 3549 2676 ²⁶
3575 2658 3588 2694 :
3611 2643 3778 2712 paria

2131 2735 2428 2784 turturum
2459 2745 2565 2800 pro
2597 2729 2726 2801 ipso
2756 2728 2956 2785 oblata
2983 2730 3098 2770 97-”
3126 2732 3238 2800 (5):
3269 2735 3327 2785 et
3355 2730 3454 2802 qui
3487 2736 3627 2785 tunc
3641 2747 3778 2786 eum

2128 2817 2291 2873 ulnis
2341 2816 2712 2888 amplexatus
2769 2821 2860 2871 est
2901 2816 3146 2872 .Simeon
3204 2817 3251 2853 ³ο
3279 2835 3292 2885 ;
3321 2824 3382 2873 et
3429 2834 3559 2888 quin
3590 2818 3780 2874 adfuit

2126 2910 2297 2962 Anna
2337 2908 2715 2979 prophetissa
2743 2906 2810 2962 δι.

2200 2996 2459 3051 XXXIII.
2495 2998 2612 3051 Deo
2644 2996 2825 3067 igitur
2881 3000 3163 3064 testante,
3213 3002 3268 3052 et
3328 2997 3548 3069 Spiritu
3576 3003 3778 3054 sancto

2130 3104 2251 3142 una
2273 3086 2682 3140 testimonium
2712 3085 3027 3154 ferente,et
3046 3087 3276 3141 Christo
3294 3087 3548 3142 dicente.
3575 3108 3605 3140 ‹‹
3627 3087 3777 3153 Quid

2137 3196 2160 3224 ι
2186 3193 2279 3230 me
2308 3174 2572 3246 quaeritis
2605 3174 2966 3244 interﬁcere,
2999 3175 3306 3230 hominem
3339 3177 3439 3248 qui
3470 3177 3777 3232 veritatem

2132 3289 2159 3316 «
2184 3265 2349 3320 vobis
2380 3264 2613 3318 locutus
2655 3281 2786 3318 sum
2837 3263 2931 3318 3’?
2966 3286 2985 3312 ι
3035 3264 3445 3320 obmutescant
3490 3264 3776 3332 haeretici,

2134 3356 2234 3427 qui
2257 3354 2613 3410 humanitati
2638 3354 3778 3426 contradicunt.Contradicuntnamque

2544 3471 2784 3552 "Almo..-
3175 3471 3318 3552 ibﬂid:
3375 3471 3420 3507 ²³
3453 3472 3587 3526 Luc.
3629 3473 3775 3552 111:].

2871 3540 3012 3597 ibid.
3061 3543 3149 3598 36.
3200 3543 3248 3577 ⁸2
3292 3545 3457 3599 Joan.
3504 3561 3601 3610 vii,
3663 3545 3776 3611 20;

2132 3757 2263 3796 cum
2295 3739 2538 3805 Irenaeo,
2573 3737 2842 3809 Origene,
2893 3737 3218 3809 multisque
3271 3739 3406 3794 aliis
3456 3741 3676 3796 Latinis
3722 3745 3780 3795 et

2133 3812 2348 3868 GPiBCiS
2370 3809 2732 3866 auctoribus.
2761 3811 3022 3880 Eamque
3071 3811 3388 3881 genuinam
3423 3811 3602 3881 hujus
3660 3811 3774 3867 loci

2132 3884 2449 3939 lectionem
2481 3886 2649 3953 putat
2673 3881 2840 3936 Joan.
2900 3881 3206 3949 Millesius,
3242 3883 3336 3936 cui
3368 3882 3624 3938 libenter
3670 3899 3773 3937 as-

2133 3955 2378 4012 sentior.

2205 4028 2280 4097 (4)
2313 4030 2422 4082 Pro
2451 4028 2567 4096 ipso
2598 4025 2803 4097 oblata.
2831 4025 2946 4097 Par
2966 4029 3258 4079 turturum
3281 4041 3401 4079 non
3423 4042 3528 4096 pro
3550 4025 3774 4081 infante

2133 4096 2293 4165 nato,
2329 4097 2432 4154 sed
2462 4113 2567 4168 pro
2601 4096 2984 4168 immunditia
3029 4113 3334 4168 puerperae
3393 4098 3770 4166 offerebatur,

2132 4172 2309 4226 Levit.
2343 4167 2530 4233 xu,’6,
2559 4167 2990 4239 primogenitus
3020 4184 3154 4222 vero
3184 4167 3194 4168 ί
3231 4168 3382 4223 ualis
3413 4174 3539 4223 erat
3583 4170 3772 4239 Jesus,

2132 4260 2251 4294 non
2286 4242 2576 4294 sacriﬁcio
2611 4239 2712 4294 sed
2746 4239 2934 4294 pretio
2982 4186 3405 4294 rediméiiatur.
3437 4241 3619 4294 Exodi
3649 4259 3771 4294 xm-

2132 4260 2251 4297 non
2286 4242 2576 4297 sacriﬁcio
2611 4239 2712 4294 sed
2746 4239 2934 4309 pretio
2982 4239 3405 4298 redimebatur.
3437 4241 3619 4295 Exodi
3649 4259 3771 4311 xm,

2135 4317 2218 4368 13.
2260 4314 2318 4368 ld
2349 4316 2551 4368 Patres
2582 4328 2699 4366 non
2727 4311 3100 4366 attendentes
3149 4329 3257 4383 par
3315 4317 3606 4367 turturum
3667 4329 3772 4383 pro

2130 4387 2361 4441 Christo
2384 4384 2648 4440 oblatum
2680 4383 2742 4437 in
2792 4383 3150 4437 sacrificium
3199 4384 3398 4438 dixere
3438 4401 3450 4450 ;
3485 4383 3772 4439 addentes

2130 4459 2426 4512 Christum
2458 4457 2568 4512 hac
2598 4454 2976 4521 cmremonia,
3017 4455 3120 4509 sed
3174 4463 3544 4510 sacramento
3578 4461 3770 4523 tenus,

2132 4535 2440 4600 purgatum
2457 4535 2514 4583 et
2539 4528 2972 4583 sanctificatum
3005 4527 3662 4600 esse,quemadmodum
3685 4531 3776 4582 est

2129 4599 2234 4672 per
2252 4599 2621 4671 baptismum
2654 4604 3065 4672 regeneratus.
3093 4599 3232 4672 Vide
3266 4599 3422 4672 inter
3459 4599 3776 4672 innumera

2128 4669 2275 4736 loca,
2310 4669 2579 4742 Eustath.
2609 4671 2881 4725 Antioch.
2914 4669 3070 4742 apud
3129 4670 3506 4742 Theodoret.,
3555 4671 3769 4742 dialog.

2128 4748 2180 4809 2,
2213 4762 2268 4814 p.
2303 4747 2363 4798 91
2396 4760 2409 4809 ;
2439 4741 2673 4814 Maxim.
2705 4742 2968 4802 Taurin.,
2993 4741 3199 4795 homil.
3229 4746 3277 4809 1,
3311 4743 3383 4796 De
3410 4749 3556 4810 grat.
3581 4741 3773 4812 baptf;

2127 4813 2441 4870 Auctorem
2472 4813 2677 4869 homil.
2708 4816 2767 4867 in
2800 4828 3005 4868 occurs.
3045 4815 3196 4870 Dom.
3221 4830 3242 4877 ;
3267 4815 3574 4879 Athanas.,
3627 4819 3770 4869 tom.

2124 4888 2195 4953 II,
2229 4888 2346 4942 sive
2377 4885 2473 4952 ΙΙΙ,
2503 4901 2632 4957 pag.
2665 4887 2790 4949 419,
2816 4901 2875 4957 ιι.
2912 4887 2943 4937 6
2967 4884 3201 4957 ;Fulg.,
3234 4901 3410 4940 serm.
3440 4888 3516 4940 De
3544 4884 3774 4942 circum-

2124 4961 2243 5025 cis.,
2270 4975 2327 5012 n.
2363 4959 2396 5011 4
2429 4963 2486 5011 et
2514 4955 2568 5023 6,
2589 4955 2731 5011 nov.
2769 4956 2908 5010 edit.
2946 4973 2958 5022 ;
2992 4955 3178 5028 Fulgl,
3211 4974 3267 5028 p,
3301 4960 3426 5020 666,
3478 4963 3536 5012 et
3589 4974 3766 5014 serm.

2125 5045 2249 5099 seq.
2283 5031 2355 5084 De
2378 5031 2602 5101 puriﬁc.
2654 5030 2720 5081 B.
2781 5030 2946 5093 Man,
3006 5044 3064 5101 n.
3112 5029 3168 5101 8,
3220 5046 3277 5099 p.
3312 5031 3408 5082 671
3441 5047 3453 5094 ;
3486 5029 3768 5101 Origenes

2125 5046 2249 5099 seq.
2283 5046 2355 5084 ue
2378 5046 2602 5153 gum/lc.
2654 5046 2720 5081 ιι.
2781 5046 2946 5093 man,
3006 5046 3064 5108 ni.
3112 5046 3164 5091 δ,
3220 5046 3277 5110 ρ..
3312 5046 3408 5082 om
3441 5047 3453 5094 ;
3486 5046 3768 5101 urigenes

2125 5105 2347 5155 textum
2425 5141 2435 5151 .
2475 5101 2660 5165 Lucaa,
2685 5117 2734 5154 ο.
2775 5116 2832 5164 ιι,
2895 5101 2982 5164 24,
3044 5104 3126 5154 ita
3156 5099 3297 5165 legit
3328 5101 3484 5155 hom.
3519 5102 3552 5154 8
3576 5104 3634 5155 in
3665 5105 3768 5157 Le-

2125 5117 2347 5155 textum
2383 5117 2435 5153 δ.
2475 5117 2660 5165 Lucaa,
2685 5117 2734 5154 ο.
2775 5117 2832 5164 ιι,
2895 5117 2982 5164 ze,
3044 5117 3126 5154 ita
3156 5117 3209 5154 ie
3253 5117 3297 5154 ιι
3329 5117 3484 5155 nom.
3519 5117 3552 5154 δ
3576 5118 3634 5155 ιη
3665 5117 3768 5157 Le-

2122 5174 2218 5226 vit.
2253 5190 2272 5225 :
2310 5174 2586 5226 Venerunt
2611 5177 2868 5241 parentes
2896 5172 3034 5238 ejus,
3069 5177 3128 5225 ut
3157 5117 3417 5242 σέϐη-ειη
3441 5189 3542 5242 pro
3573 5189 3635 5226 eo
3667 5173 3770 5228 ho-

2121 5245 2306 5305 stiam,
2340 5247 2474 5309 etc.,
2509 5248 2567 5296 et
2593 5241 2800 5298 homil.
2839 5243 2980 5296 14in
3014 5244 3142 5305 Luc,
3177 5241 3281 5308 sic,
3313 5251 3374 5298 ut
3406 5241 3633 5298 daretur
3653 5262 3769 5299 mu-

2120 5330 2220 5368 nus
2246 5331 2352 5384 pro
2380 5329 2460 5385 eo.
2493 5315 2638 5368 Hinc
2668 5314 2818 5368 forte
2858 5313 3189 5383 profectum
3244 5315 3403 5385 quod
3460 5316 3520 5370 in
3570 5316 3766 5370 officio

2125 5384 2562 5439 Puriﬁcationis
2607 5386 2934 5439 etiamnum
2967 5385 3236 5439 canimus
3263 5384 3277 5439 ἐ
3310 5387 3638 5442 Obtulerunt
3665 5402 3766 5456 pro

2120 5473 2178 5511 eo
2203 5473 2313 5526 par
2343 5463 2642 5518 turturum,
2675 5462 2785 5510 etc.
2814 5456 3011 5510 Potuit
3040 5456 3218 5511 etiam
3249 5473 3319 5512 ea
3351 5459 3590 5512 Patrum
3635 5474 3667 5511 o
3715 5458 3763 5511 i-

2121 5529 2220 5582 nio
2247 5527 2726 5582 nroﬁcisci.auod
2759 5528 2820 5581 in
2855 5533 3014 5582 textu
3043 5529 3176 5582 Luc.
3220 5545 3279 5582 ιι.
3313 5531 3401 5582 22.
3454 5530 3653 5582 Graaco
3672 5476 3760 5582 Ie-

2121 5529 2220 5583 nio
2247 5527 2726 5598 proﬁcisci,quod
2759 5528 2820 5581 in
2855 5533 3014 5582 textu
3043 5529 3176 5583 Luc.
3220 5545 3279 5595 ιι,
3313 5531 3401 5591 22,
3454 5530 3653 5583 ῦνωοο
3673 5527 3760 5583 le-

2121 5605 2328 5672 gerent
2355 5598 2546 5672 vulgo,
2579 5600 2876 5672 Postquam
2905 5600 3121 5672 impleti
3147 5605 3273 5672 sunt
3319 5599 3434 5653 dies
3474 5601 3766 5668 purgatio-

2119 5669 2226 5742 nis,
2249 5687 2370 5749 non
2397 5671 2537 5744 eius,
2557 5675 2627 5730 ut
2647 5670 2826 5731 modo
2846 5669 3121 5746 legimus,
3155 5670 3260 5726 sed
3288 5685 3491 5727 eorum.
