4138 6264
353 381 464 442 ’171

1422 381 1488 441 S.
1536 379 1849 442 CYRILLI
1891 377 2306 442 HIEROSOL.
2356 381 2724 442 ARCHIEP.

3645 386 3770 446 7'72

1603 754 2328 851 ΚΑΤΗΧΗΣΙΣ
2396 757 2512 850 II‘

1794 948 2202 1004 ΦΩΤΙΖΟΜΕΝ
2211 949 2300 1002 ΩΝ
2309 985 2321 1000 .

356 1317 440 1370 Ἐν
473 1314 878 1389 Ἰεροσολύμοις
903 1311 1304 1389 σχεδιασθεῖσα,
1335 1313 1413 1377 εἰς
1440 1312 1524 1381 τὸ,
1560 1313 1950 1387 Σταυρωθέντα
1995 1314 2085 1368 καὶ
2137 1313 2390 1387 ταφέντα·
2423 1313 2512 1368 καὶ
2543 1313 2843 1390 ἀνάγνωσις
2889 1317 2948 1372 ἐκ
3001 1321 3098 1372 τοῦ
3154 1317 3395 1375 Ἡσαΐου·
3452 1321 3634 1395 Κυριε,
3677 1318 3761 1382 τίς

424 1403 702 1460 ἰπίστευσε
732 1408 801 1478 τῇ
833 1404 971 1478 ἀκοῇ
1003 1405 1187 1478 ἡμῶν,
1219 1407 1310 1459 καί
1341 1405 1369 1458 ὁ
1405 1401 1652 1478 βραχίων
1688 1401 1888 1479 Κυρίου
1919 1403 2028 1458 τίνι
2057 1402 2411 1479 ἀπεκαλύφθη
2447 1422 2460 1474 ;
2493 1403 2583 1458 καὶ
2606 1403 2749 1475 έξῆς·
2778 1406 2867 1468 Ὠς
2899 1402 3167 1463 ποόὸατον
3202 1407 3291 1463 ἐπὶ
3344 1410 3556 1488 σφαγὴν
3589 1408 3762 1485 ἢχθη,

423 1496 513 1551 καὶ
539 1496 604 1551 τὰ
631 1497 773 1567 ἑξῆς.

987 1823 1668 1913 CATECHF-SIS
1746 1823 1947 1908 XIII
1995 1822 2474 1912 ILLUMIN
2494 1823 3116 1916 ANDORUM.

344 2031 764 2103 Hierosolymis
795 2030 1214 2103 extemporalis
1239 2030 1416 2097 dicta,
1449 2029 1510 2085 in
1541 2028 1691 2084 illud
1725 2045 1738 2083 :
1769 2029 2104 2098 Cruciﬁrum
2134 2033 2186 2082 et
2213 2028 2504 2099 sepultum.
2531 2032 2599 2084 Et
2629 2030 2802 2086 lectio
2837 2048 2908 2086 ex
2939 2031 3090 2088 Isaia
3122 2049 3136 2088 :
3192 2035 3438 2100 Domine,
3470 2035 3594 2104 quis
3644 2051 3769 2090 cre-

413 2123 558 2178 didit
588 2122 805 2177 auditui
828 2129 1032 2190 nostro,
1055 2128 1106 2176 et
1139 2120 1422 2176 brachium
1452 2121 1671 2176 Domini
1691 2120 1780 2174 cui
1807 2118 2108 2175 revelatum
2137 2125 2216 2174 est
2244 2119 2289 2154 ³⁹
2317 2119 2344 2174 ‘?
2369 2125 2428 2175 et
2457 2120 2518 2176 in
2550 2122 2938 2192 sequentibus
2974 2139 2987 2177 :
3021 2124 3179 2179 Sicut
3223 2126 3338 2179 ovis
3394 2124 3468 2179 ad
3517 2126 3759 2179 occisio-

416 2228 538 2268 nem
567 2213 760 2268 ductus
789 2212 833 2246 ‘°
865 2211 960 2283 (1),
987 2216 1098 2266 etc.

419 2560 461 2612 Ι.
489 2557 768 2613 Gloriatio
793 2573 933 2612 sane
967 2556 1242 2611 Ecclesiae
1267 2555 1574 2611 catholicae
1614 2559 1702 2609 est
1719 2551 1981 2626 quaelibet

2185 2553 2255 2609 A'.
2289 2553 2570 2628 Καύχημα
2626 2557 2700 2627 (2)
2763 2555 2856 2628 μὲν
2917 2559 3016 2625 τῆς
3071 2558 3374 2628 καθολικῆς
3425 2558 3759 2631 Ἐκκλησίας

353 2647 569 2702 Christi
601 2646 752 2700 actio
775 2661 787 2698 :
815 2645 1235 2717 gloriationum
1254 2661 1388 2699 vero
1422 2644 1865 2716 gloriatio,crux
1884 2647 1991 2696 est.

349 2735 516 2800 Quod
567 2734 749 2806 probe
796 2733 1022 2788 callens
1069 2732 1289 2787 Paulus
1320 2732 1434 2788 ait:
1482 2733 1618 2786 Mihi
1647 2737 1828 2785 autem
1854 2730 1996 2784 absit

344 2825 602 2894 gloriari,
634 2826 743 2879 nisi
773 2827 832 2878 in
873 2841 1033 2879 cruce
1065 2824 1270 2878 Christi
1296 2824 1361 2876 ⁴¹.
1395 2821 1825 2877 Admirandum
1857 2819 1990 2890 qui-

347 2915 481 2970 dem
513 2915 625 2968 fuit
653 2919 712 2968 et
741 2913 913 2977 illud,
949 2917 1013 2966 ut
1061 2929 1251 2967 caecus
1284 2929 1318 2967 a
1348 2912 1649 2967 nativitate
1683 2912 1743 2965 in
1773 2909 1993 2965 Siloam

345 3005 530 3059 visum
559 3004 849 3075 reciperet
878 3002 925 3038 ⁴²
951 3020 963 3057 :
990 3003 1092 3058 sed
1124 3003 1267 3073 quid
1295 3003 1407 3058 hoc
1451 3003 1525 3058 ad
1569 3019 1754 3058 caecos
1813 3000 1992 3055 totius

345 3093 975 3163 universi‘IMagnum,
1037 3097 1097 3146 et
1152 3109 1331 3164 supra
1384 3098 1680 3160 naturam,
1715 3093 1990 3148 Lazarum

343 3182 807 3253 quatriduanum
858 3199 1166 3255 resurgere
1197 3181 1243 3217 ‘3
1292 3182 1442 3238 :sed
1505 3183 1631 3238 haec
1661 3188 1858 3239 tamen
1913 3181 1988 3237 ad

339 3272 512 3326 illum
543 3288 730 3326 unum
763 3273 1001 3343 pertigit
1026 3273 1244 3344 gratia;
1279 3272 1422 3343 quid
1454 3274 1753 3341 autem,ad
1773 3273 1986 3343 eosqui

339 3359 402 3413 in
423 3359 699 3414 universo
719 3359 858 3414 orbe
873 3361 1130 3432 peccatis
1154 3362 1367 3415 mortui
1403 3363 1635 3416 erant“
1653 3361 1680 3416 ?
1704 3361 1987 3429 Mirabile,

343 3448 502 3518 quod
537 3448 801 3519 quinque
833 3467 1014 3520 panes
1048 3450 1108 3503 in
1165 3450 1355 3504 millia
1381 3451 1692 3506 hominum
1724 3451 1988 3523 quinque

342 3536 527 3590 fontis
560 3537 747 3592 instar
777 3538 974 3593 cibum
1035 3540 1472 3610 suppeditarint
1490 3539 1576 3595 ‘5:
1607 3539 1707 3594 sed
1741 3539 1883 3611 quid
1916 3541 1989 3595 ad

345 3642 446 3680 eos
479 3627 578 3696 qui
612 3627 672 3681 in
704 3627 843 3682 orbe
877 3633 995 3683 toto
1036 3629 1384 3700 ignorantiae
1440 3629 1598 3685 fame
1630 3630 1984 3701 premeban-

342 3720 438 3770 tur
465 3717 938 3772 “?Admirabile
988 3736 1231 3789 prorsus
1281 3719 1424 3774 solvi
1484 3719 1820 3786 mulierem,
1880 3736 1988 3790 per

339 3803 542 3860 decem
575 3812 633 3860 ct
662 3813 794 3861 octo
821 3824 1010 3862 annos
1054 3825 1088 3863 a
1131 3808 1346 3864 Satana
1402 3808 1702 3877 alligatam
1733 3807 1816 3862 ‘7:
1880 3808 1984 3863 sed

2105 2641 2193 2696 καὶ
2219 2648 2363 2697 πᾶσα
2385 2643 2575 2717 πρᾶξις
2618 2645 2872 2716 Χριστοῦ·
2933 2646 3202 2722 καύχημα
3261 2645 3318 2702 δὲ
3364 2653 3473 2702 τῶν
3530 2669 3755 2725 καυχη-

2108 2730 2290 2803 μάτων
2333 2733 2360 2786 ὁ
2393 2733 2642 2807 παυρὸς.
2706 2733 2806 2788 Καὶ
2853 2738 3013 2788 τοῦτο
3064 2737 3350 2810 γινώσκων
3409 2737 3437 2792 ὁ
3515 2737 3753 2811 Παῦλος,

2105 2818 2288 2896 φησίν
2338 2822 2494 2894 Ἐμοὶ
2555 2819 2612 2877 δὲ
2676 2825 2750 2896 μή
2808 2824 3021 2896 γένοιτο
3073 2825 3400 2892 καυχᾶσθαι,
3463 2825 3507 2880 εἰ
3569 2833 3646 2898 μη
3701 2827 3750 2882 έν

2101 2914 2180 2982 τῷ
2237 2916 2449 2986 σταυρῷ
2504 2916 2601 2966 τοῦ
2660 2916 2902 2986 Χριστοῦ
2953 2917 3044 2984 (3).
3115 2912 3431 2986 Θαυμαστὸν
3496 2915 3590 2987 μὶν
3648 2915 3748 2991 γὰρ

2101 2999 2167 3068 ἦν
2198 3001 2260 3055 τὸ
2289 3000 2379 3055 καὶ
2401 3000 2605 3075 τυφλὸν
2639 3001 2696 3057 ἐκ
2729 3009 2946 3078 γενετῆς
3001 3001 3053 3058 ἐν
3109 3007 3188 3075 τῷ
3249 3003 3485 3076 Σιλωὰμ
3514 3000 3752 3060 ἀναϐλέ-

2101 3093 2218 3162 ψαι·
2254 3089 2397 3146 ἀλλὰ
2442 3091 2495 3146 τὶ
2551 3092 2686 3166 πρὸς
2742 3090 2868 3154 τοὺς
2925 3091 3167 3166 τυφλοὺς
3217 3100 3317 3160 τῆς
3368 3093 3746 3165 οἰκουμένης,

2102 3179 2255 3253 Μέγα
2289 3180 2383 3252 μὶν
2411 3179 2502 3234 καὶ
2536 3181 2667 3255 ὑπὲρ
2725 3179 2881 3258 φύσιν
2934 3181 2998 3235 τὸ
3054 3181 3144 3235 τὸν
3205 3183 3451 3256 Λάζαρον
3511 3184 3746 3256 τετραή-

2105 3288 2266 3341 μερον
2301 3269 2613 3337 ἀναστῆναι·
2650 3267 2794 3323 ἀλλὰ
2827 3268 3024 3344 μέχρις
3082 3268 3288 3324 ἐκείνου
3320 3273 3400 3342 (4)
3465 3270 3630 3342 μόνου
3687 3271 3752 3340 ἦν

2099 3359 2133 3424 ἡ
2166 3355 2350 3432 χάρις,
2381 3359 2432 3412 τί
2470 3355 2528 3412 δὲ
2557 3358 2695 3431 ⁴ιτρὸς
2718 3359 2852 3419 τοὺς¹
2879 3356 2930 3411 ἐν
2960 3361 3028 3431 τῇ
3062 3357 3359 3433 οἰκουμένῃ
3390 3365 3508 3421 ταῖς
3566 3361 3744 3434 ἁμαρ-

2095 3446 2237 3508 τίαις
2291 3446 2770 3521 νενεκρωμένους;
2829 3449 3144 3520 Θαυμαστὸν
3205 3448 3266 3502 τὸ
3315 3451 3558 3523 πηγάσαι
3616 3469 3741 3524 τρο-

2099 3538 2204 3613 φῆν
2237 3537 2392 3590 πέντε
2424 3534 2618 3610 ἄρτους
2650 3536 2728 3597 εἷς
2785 3535 2914 3598 τοὺς
2955 3537 3461 3611 πεντακισχιλίους·
3507 3537 3652 3592 ἀλλά
3697 3536 3748 3591 τί

2096 3623 2232 3700 πρὸς
2255 3625 2381 3688 τοὺς
2414 3625 2794 3698 λιμώσσοντας
2827 3626 2878 3680 ἐν
2923 3627 3167 3701 ἀγνωσία
3223 3629 3360 3681 κατὰ
3415 3633 3585 3682 πᾶσαν
3645 3629 3743 3695 τήν

2098 3717 2418 3790 οἰκουμένην
2457 3737 2470 3786 ;
2505 3718 2819 3790 Θαυμαστὸν
2851 3717 2914 3771 τὸ
2945 3716 3176 3786 λυθῆναι
3340 3720 3438 3787 τὴν
3469 3717 3592 3773 δέκα
3647 3717 3735 3771 καὶ

2097 3806 2240 3862 ὀκτὼ
2272 3802 2363 3874 ἔτη
2398 3803 2691 3878 δεδεμένην
2728 3807 2831 3860 ὑπὸ
2860 3811 2960 3860 τοῦ
3003 3811 3235 3861 Σατανᾶ·
3300 3805 3447 3862 ἀλλὰ
3494 3807 3546 3862 τί
3598 3806 3735 3878 πρὸς

335 3895 477 3965 quid
510 3896 621 3951 hoc
661 3897 813 3952 183
865 3899 914 3952 si
947 3898 1021 3952 ad
1048 3914 1255 3952 omnes
1286 3915 1395 3953 nos
1429 3904 1678 3970 spectes,
1718 3899 1819 3968 qui
1853 3915 1981 3970 pec-

2099 3899 2242 3969 ἡμᾶς
2273 3897 2475 3956 πάντας
2507 3893 2635 3956 τοὺς
2663 3899 2782 3956 ταῖς
2843 3900 3046 3969 σειραῖς
3095 3900 3203 3950 τῶν
3265 3897 3544 3968 ἁμαρτιῶν
3573 3897 3734 3966 ἡμῶν

333 3990 601 4040 catorum
635 3990 978 4041 nostrorum
1017 3987 1243 4042 catenis
1274 3988 1580 4042 constricti
1613 4005 1854 4043 eramus
1884 3989 1932 4022 ‘3
1964 3991 1986 4042 Ρ

332 4075 403 4127 At
461 4075 652 4129 crucis
708 4092 930 4130 corona
984 4076 1112 4145 [seu
1171 4076 1400 4147 gloria],
1463 4082 1522 4130 et
1579 4093 1679 4131 eos
1722 4077 1822 4148 qui
1881 4093 1987 4148 per

335 4161 727 4234 ignorantiam
763 4165 901 4219 ι)ωοί
950 4170 1120 4219 erant
1149 4165 1524 4236 illuminavit,
1557 4172 1614 4220 et
1643 4183 1850 4221 omnes
1877 4166 1984 4221 sub

335 4258 573 4320 peccato
613 4252 883 4308 detentos
937 4253 1128 4322 solvit,
1185 4260 1242 4308 et
1297 4255 1640 4311 universum
1674 4255 1986 4312 hominum

337 4340 631 4396 mundum
663 4341 934 4396 redemit.

2093 3982 2552 4057 καταδεδεμένους
2582 4002 2595 4052 ;
2628 3986 2686 4040 Ὀ
2717 3981 2774 4038 δὲ
2813 3988 2910 4038 τοῦ
2966 3989 3199 4057 σταυροῦ
3249 3984 3532 4062 στέφανος,
3594 3982 3746 4062 ἐφω-

2093 4075 2377 4149 ταγώγησε
2412 4073 2504 4145 μὶν
2535 4072 2664 4134 τοὺς
2697 4074 2748 4127 ἐν
2780 4073 3018 4149 ἀγνωσία
3046 4073 3309 4151 τυφλοὺς,
3339 4073 3496 4130 ἔλυσε
3527 4071 3585 4128 δὲ
3614 4075 3749 4127 πάν-

2093 4185 2186 4224 τας
2215 4162 2341 4224 τοὺς
2374 4162 2476 4216 ὑπὸ
2505 4167 2604 4230 τῆς
2630 4161 2898 4236 ἁμαρτίας
2942 4161 3367 4237 κατεχομένους,
3399 4161 3488 4216 καὶ
3541 4160 3748 4234 κόσμον

2097 4255 2226 4311 ὅλον
2261 4252 2561 4326 ἀνθρώπων
2594 4249 2963 4326 ἐλυτρώσατο.

399 4491 448 4525 ³9
479 4493 726 4569 ξδίιηιτιιι,
762 4499 810 4550 1.
842 4493 890 4527 ⁴⁰
921 4493 1072 4569 ibid.
1099 4495 1224 4569 7._“_
1254 4495 1377 4549 Gal.
1413 4513 1485 4563 vr,
1522 4499 1605 4551 14.
1632 4499 1678 4532 ⁴²
1707 4499 1873 4556 Joan.
1909 4517 1981 4566 Ix,

2099 4505 2132 4553 τι
2164 4515 2286 4569 seq.
2312 4496 2356 4531 ‘3
2387 4498 2552 4552 Joan.
2586 4512 2666 4563 xx,
2691 4495 2779 4563 39,
2813 4498 2898 4549 44.
2932 4494 2977 4530 ⁴⁴
3013 4496 3224 4568 Ephes.
3278 4513 3340 4568 ιι,
3377 4501 3424 4550 1.
3461 4496 3507 4531 ⁵⁵
3537 4497 3742 4552 Matth.

330 4581 446 4630 xw,
470 4567 556 4618 2t.
591 4563 638 4598 ⁸⁸
669 4568 847 4620 Amos
878 4583 993 4635 vm,
1025 4568 1105 4619 11.
1139 4567 1181 4600 ⁴⁷
1207 4567 1341 4622 Luc.
1375 4585 1498 4635 xm,
1535 4569 1618 4638 11,
1658 4571 1742 4623 13.
1777 4570 1822 4605 ⁴⁸
1848 4563 1981 4626 ΡιῸι

2155 4574 2242 4624 2'2.

401 4717 478 4782 (1)
508 4717 587 4770 Ea
617 4715 792 4772 lectio
823 4719 1215 4773 conﬁrmatur
1244 4736 1314 4774 ex
1343 4736 1402 4776 n.
1436 4721 1487 4772 4.

397 4786 472 4855 (2)
507 4792 802 4861 Καυχημα,
837 4797 946 4845 etc.
979 4792 1095 4845 Hoc
1125 4791 1364 4845 initium
1397 4790 1683 4845 orationis
1707 4791 1972 4848 imitatus

330 4864 692 4934 estsanctus
719 4863 1010 4932 Ephraam,
1044 4863 1134 4917 vel
1167 4863 1384 4934 potius,
1415 4864 1514 4933 qui
1573 4862 1878 4917 homiliam
1911 4867 1974 4919 In

328 4930 600 5007 piviﬁcam
625 4930 858 5007 crucem,
891 4934 998 4988 sub
1049 4930 1182 5003 ejus
1225 4930 1469 4989 nomine
1531 4951 1598 4988 ex
1628 4935 1802 4989 variis
1849 4943 1974 4990 tum

329 5000 516 5068 ipsius
541 5003 731 5080 sancti
753 5000 1176 5080 EphraamJum
1199 5007 1716 5080 alioruquatrum
1741 5007 1974 5063 laciniis

329 5073 782 5148 consarcinavit.
819 5076 909 5148 Sic
936 5083 1132 5148 autem
1183 5095 1252 5132 ea
1285 5079 1501 5148 occipit
1532 5079 1622 5133 ed.
1658 5078 1821 5134 Oxon
1876 5081 1970 5134 Gr.

2085 4718 2285 4789 Ἰησοῦ,
2317 4718 2448 4773 loco
2482 4718 2566 4787 Χρ
2580 4719 2746 4771 ιστοῦ.

2155 4787 2230 4861 (4)
2267 4789 2469 4846 Μόνου.
2503 4789 2682 4864 Illud,
2723 4787 2912 4859 μόνου,
2961 4790 3102 4864 satis
3161 4790 3384 4860 alioqui
3413 4863 3420 4864 ί
3445 4791 3514 4864 in»
3540 4788 3739 4864 μέχρις

2084 4860 2825 4933 ἰηιριιθοιιιωηειάᾶὶἀίωυε
2854 4878 2923 4915 ex
2953 4861 3151 4926 Coisl.,
3189 4864 3349 4933 Reg,
3394 4862 3557 4918 Colb.
3581 4860 3730 4930 Mox,

2086 4936 2232 5002 loco,
2271 4932 2426 4986 πέντε
2458 4929 2682 5004 ἄρτους,
2711 4940 2846 5000 etc,
2872 4933 3158 5004 scriptum
3203 4929 3503 5004 reperitur
3526 4934 3586 4987 in
3616 4937 3732 4989 Hoc

2087 5014 2144 5063 et
2181 5000 2616 5078 Casaubnjtt'évre
2647 5000 2927 5077 ἄρτοιςᾸη
2950 5000 3176 5078 _Cblb.év
3211 5000 3364 5078 πέντε
3391 5003 3575 5078 ἄρτοις
3607 5009 3732 5078 τοῖς

2084 5075 2574 5149 πεντακισχιλίοις.
2609 5073 2867 5147 Ιῐιῐὶθςη
2922 5073 2996 5136 εἷς
3057 5076 3214 5128 πέντε
3273 5073 3468 5146 ἄρτους
3500 5075 3579 5138 εἷς
3607 5075 3734 5139 τοὺς

328 5158 458 5238 pag.
617 5159 630 5196 :
665 5145 813 5228 Πᾶσα
844 5145 1004 5217 ἑορτὴ
1059 5147 1148 5235 καὶ
1205 5143 1542 5238 πρᾶξις-τοῦ
1585 5149 1780 5238 Κυρίου
1811 5152 1970 5238 ἡμῶν

2099 5143 2819 5238 πεντακισχιλίους.11υθϐὶί6
2846 5149 3008 5219 Regii
3043 5149 3263 5203 codicis
3295 5143 3736 5204 vitiosa.Ambm

329 5214 510 5294 Ἰησοῦ
543 5216 808 5294 Χριστοῦ,
863 5214 1258 5294 ,σωτηρία-καῖ
1313 5214 1580 5294 καύχημα
1621 5214 1780 5292 ἡμῶν
1835 5214 1971 5294 ’ἔστι

325 5288 432 5366 Eii»:
459 5289 719 5366 "incubv‘
778 5285 1057 5366 καύχημα-
1105 5285 1163 5342 δὲ
1218 5285 1595 5366 καυχημᾌὶτων
1630 5285 1676 5345 δ’
1711 5292 1967 5366 έσταυρός.

330 5355 718 5438 $i_milis_\'ero
753 5355 931 5438 etiam
966 5355 1218 5438 habetur
1249 5355 1546 5418 sententia
1571 5365 1728 5435 apud
1771 5355 1971 5438 Cyrill.

326 5429 518 5506 Ale_x.,
555 5431 874 5506 iriSophon.
912 5450 995 5498 ιιι,
1029 5435 1112 5496 18,
1148 5450 1276 5506 pag.
1305 5439 1427 5503 623,
1462 5445 1519 5489 et
1548 5429 1834 5497 Damasci.
1870 5438 1972 5492 lib.

327 5518 377 5556 ιν
403 5502 486 5580 ρθ
529 5503 750 5580 βρεμι.
807 5506 891 5557 11.
948 5502 1298 5580 Ante—nisa
1357 5502 1546 5580 πρᾶξις
1620 5509 1974 5580 particulam

323 5569 413 5626 καί
471 5573 811 5630 addidimus
865 5593 939 5631 ex
973 5576 1174 5644 Coisl.,
1208 5579 1370 5650 Reg,
1401 5569 1591 5646 Colb.,
1623 5569 1740 5634 Roe
1763 5586 1821 5635 et
1867 5583 1977 5637 Ca-

326 5644 491 5701 saub.
527 5647 698 5703 codd.

326 5661 491 5701 SilllD.
527 5661 698 5702 COGG.

393 5718 469 5789 (3)
501 5723 605 5773 Τοῦ
638 5721 898 5796 Χριστοῦ.
933 5720 1135 5791 Coisl.,
1169 5723 1334 5795 Reg,
1366 5721 1556 5790 Colb.,
1589 5723 1709 5780 Roe
1732 5721 1974 5795 habent,

2085 5219 2462 5295 prioresnon
2496 5219 2689 5295 malm-

2155 5296 2228 5361 (ὅ)
2261 5293 2373 5358 Τὴν
2409 5287 2535 5343 δέκα
2567 5289 2654 5342 καὶ
2687 5287 2852 5354 ὂκτώ,
2912 5296 3037 5361 etc.
3086 5291 3340 5346 Verbum
3390 5288 3620 5361 ἔχουσαν
3667 5292 3736 5361 in

2087 5357 2260 5420 editis
2294 5357 2551 5436 pesitum
2589 5363 2743 5436 inter
2769 5362 2868 5427 τήν
2904 5370 2963 5416 et
2987 5357 3134 5436 δέκα,
3165 5379 3298 5417 cum
3335 5359 3742 5436 propterBeSt-

2089 5436 2255 5509 μένην
2290 5433 2564 5509 sequens
2595 5435 2842 5509 penitus
2896 5433 3308 5509 redundaret,
3339 5433 3738 5509 expunximus

2087 5505 2432 5564 auctoritate
2462 5506 2631 5560 codd.
2666 5506 2866 5572 Coisl.,
2895 5507 3057 5576 Reg,
3079 5507 3264 5567 Colb.,
3297 5508 3436 5565 Roe.
3461 5505 3735 5575 Casaub.,

2087 5581 2260 5636 Grod.
2287 5580 2470 5635 Paulo
2499 5579 2768 5651 inferius,
2803 5585 2938 5651 post
2957 5575 3106 5650 ἡμᾶς
3139 5579 3467 5651 adjecimus
3509 5575 3734 5646 πάντας,

2087 5670 2158 5707 ex
2187 5651 2351 5708 Colb.
2385 5656 2443 5706 et
2476 5649 2648 5705 Grod.
