4138 6264
377 299 508 360 ’173

948 297 1437 363 CATECHESIS
1480 299 1645 358 XIII.
1694 298 1796 358 DE
1840 297 2643 362 CHRISTO'CRUCIFIXO
2688 303 2786 363 ET
2829 303 3203 366 SEPULTO.

3671 308 3788 366 774

448 432 525 489 Β’.
560 430 665 488 Καὶ
729 432 804 504 μὴ
833 429 1113 505 θαυμάσῃς
1169 429 1215 484 εἷ
1273 430 1481 502 κόσμος
1534 426 1668 491 ὅλος
1715 427 2023 504 ἐλυτρώθη.

2213 432 2281 486 ΙΙ.
2317 434 2514 504 Neque
2567 433 2672 489 tibi
2729 435 2949 490 mirum
2997 436 3284 504 videatur,
3345 442 3534 493 totum
3582 439 3788 495 orbem

379 521 457 577 Οὐ
487 521 590 595 γὰρ
623 520 690 588 ἦν
727 518 1014 594 ἅνθρωπος
1063 519 1231 592 ψιλὸς
1285 516 1430 573 ἀλλὰ
1485 519 1611 580 Υἱὸς
1663 522 1801 573 Θεοῦ
1863 538 2033 590 μονο-

376 611 564 684 γενής,
622 611 650 663 ὁ
725 610 1218 683 ὑπεραποθνήσκων
1253 651 1267 665 .
1329 608 1582 683 Καίτοιγε
1639 605 1857 683 ἴσχυσεν
1917 606 2036 670 ένὸς

379 696 579 773 ἀνδρὸς
608 703 705 752 τοῦ
767 695 949 770 Ἀδὰμ
1005 699 1040 767 ἡ
1109 696 1370 770 ἁμαρτία,
1430 696 1653 753 θάνατον
1710 695 1924 771 ἐνέγκαι
1954 698 2035 766 τῷ

380 786 595 860 κόσμῳ.
639 787 703 841 El
757 785 816 842 δὲ
870 791 949 858 τῷ
1005 787 1407 861 παραπτώματι
1462 791 1560 842 τοῦ
1612 787 1749 855 ἑνὸς,
1809 785 2034 844 θάνατος

378 873 724 932 ἐϐασίλευσεν
782 882 861 940 είς
915 881 1009 933 τὸν
1063 879 1293 951 κόσμον·
1350 882 1471 940 πῶς
1522 879 1653 952 ούχί
1699 875 1909 950 μᾶλλον
1961 877 2032 948 τῇ

381 964 698 1041 δικαιοσύνῃ
731 971 828 1022 τοῦ
860 966 974 1030 ένὸς
1019 970 1055 1036 ἡ
1092 969 1205 1036 ζωὴ
1271 967 1576 1042 βασιλεύσει
1611 985 1625 1036 ;
1685 969 1776 1022 καὶ
1836 965 1881 1021 εἰ
1909 966 2034 1020 τότε

379 1052 468 1110 διὰ
496 1057 560 1111 τὸ
592 1055 752 1126 ξύλον
795 1063 896 1125 τῆς
951 1055 1206 1132 βρώσεως
1252 1051 1625 1127 ἐξεϐλήθησαν
1669 1055 1730 1110 ἐκ
1773 1053 2034 1127 παραδεί-

381 1161 498 1199 σου·
534 1147 637 1220 ἇρα
687 1142 774 1200 διὰ
829 1144 892 1201 τό
951 1144 1112 1217 ξύλον
1166 1147 1369 1216 Ἰησοῦ,
1426 1149 1518 1200 νῦν
1575 1144 1946 1220 εὐκοπώτερον
1979 1143 2033 1197 οἱ

384 1233 730 1296 πιστεύοντες
765 1235 844 1298 εἷς
899 1232 1224 1310 παράδεισον
1282 1233 1382 1289 οὐκ
1437 1233 1832 1290 εἰσελεύσονται
1867 1252 1880 1302 ;
1914 1232 1976 1288 Εἰ
2003 1232 2031 1286 ὁ

380 1323 820 1398 πρωτόπλαστος
869 1323 976 1378 ἀπὸ
1027 1329 1128 1399 γῆς
1183 1320 1406 1397 ἤνεγκεν
1460 1322 1837 1396 οῗκουμενικὸν
1870 1323 2033 1386 θάνα-

380 1431 492 1468 τον’
529 1412 798 1474 ὁπλάσας
853 1412 1016 1467 αὐτὸν
1074 1413 1180 1468 ἀπὸ
1237 1419 1364 1488 γῆς,
1399 1414 1502 1488 ἄρα
1553 1411 1616 1467 ού
1673 1411 1820 1490 φέρει
1884 1412 2028 1481 ζωὴν

380 1501 630 1572 αἰώνιον,
690 1502 852 1564 αὐτὸς
885 1497 958 1555 ὥν
989 1504 1022 1570 ἡ
1057 1504 1169 1571 ζωή
1201 1523 1215 1572 ς
1269 1501 1332 1555 Εἰ
1393 1502 1581 1564 Φινεὲς
1634 1501 1912 1570 ζηλώσας,
1940 1501 2032 1554 καὶ

379 1591 588 1646 ἀνελὼν
626 1593 702 1664 (1)
730 1592 822 1646 τὸν
876 1590 1264 1665 αἰσχροποιὸν,
1291 1591 1594 1646 κατέπαυσε
1620 1594 1718 1646 τοῦ
1767 1594 1901 1645 Θεοῦ
1928 1590 2029 1660 τὴν

378 1681 566 1754 ὀργήν·
597 1681 808 1749 Ἰησοῦς
861 1678 960 1734 οὐκ
989 1680 1161 1734 ἄλλον
1219 1678 1449 1748 ἀνελὼν,
1481 1677 1609 1734 ἀλλ’
1661 1679 1848 1734 ἑαυτὸν
1882 1676 2032 1733 ἀντί-

377 1769 572 1845 λυτρον
607 1766 906 1839 παραδοὺς,
927 1771 1030 1845 ἄρα
1059 1768 1160 1837 τὴν
1185 1769 1354 1843 ὀργὴν
1387 1767 1448 1824 ού
1483 1765 1600 1824 λύει
1631 1769 1733 1838 τήν
1766 1766 1901 1823 κατὰ
1920 1770 2028 1822 τῶν
2059 1802 2108 1867 Β

377 1859 682 1934 ἀνθρώπων
715 1879 736 1925 ;

454 2039 524 2094 I".
558 2039 648 2105 Μὴ
679 2036 856 2091 τοίνυν
917 2035 1377 2111 έπαισχυνώμεθα
1427 2041 1510 2110 τῷ
1539 2040 1752 2112 σταυρῷ
1779 2039 1877 2092 τοῦ
1909 2041 2031 2089 Σω-

377 2132 568 2200 τῆρος,
601 2123 749 2181 ἀλλὰ
785 2124 1000 2198 μᾶλλον
1056 2124 1478 2201 ἐγκαυχώμεθα.
1520 2126 1580 2182 Ὁ
1610 2126 1710 2201 γὰρ
1742 2123 1906 2200 λόγος
1932 2127 2030 2178 τοῦ

373 2220 632 2290 σταυροῦ,
701 2215 987 2278 Ἰουδαίοις
1051 2211 1144 2287 μέν
1204 2214 1315 2270 ἐστι
1367 2213 1690 2285 σκάνδαλον,
1748 2211 1921 2272 ἔθνεσι
1971 2209 2031 2270 δὶ

375 2305 580 2377 μωρία,
612 2307 749 2377 ἡμῖν
783 2301 842 2360 δὲ
872 2304 1136 2378 σωτηρία.
1183 2306 1281 2361 Καὶ
1326 2310 1445 2368 τοῖς
1477 2307 1572 2379 μὲν
1620 2305 2030 2381 ἀπολλυμένοις

375 2395 559 2468 μωρία
589 2393 720 2449 ἐστί’
752 2399 871 2456 τοῖς
924 2391 982 2449 δὲ
1040 2393 1377 2466 σωζομένοις
1407 2397 1565 2467 ἡμῖν,
1619 2392 1849 2469 δύναμις
1891 2403 2027 2454 Θεοῦ

379 2482 546 2539 ἐστιν.
581 2483 657 2540 Οὐ
689 2484 790 2558 γὰρ
821 2484 888 2553 ἦν
936 2481 1101 2556 ψιλὸς
1133 2482 1436 2558 ἅνθρωπος,
1493 2486 1671 2547 καθὼς
1731 2485 1964 2560 εἴρηται,
1998 2489 2026 2544 ὁ

377 2572 874 2645 ὑπεραποθνήσκων
907 2617 924 2644 ,
985 2571 1130 2627 ἀλλὰ
1215 2573 1340 2634 Υἱὸς
1393 2578 1528 2628 Θεοῦ
1577 2575 1704 2636 Θεὸς
1761 2575 2023 2652 ένανθρω-

373 2663 576 2731 πήσας.
614 2663 760 2730 Εἶτα,
792 2663 854 2716 τὸ
889 2663 982 2734 μὲν
1031 2661 1118 2715 ἐπὶ
1178 2663 1422 2723 Μωσέως
1473 2658 1752 2736 πρόϐατον
1815 2668 2022 2742 μακρὰν

373 2749 629 2820 ἀπήλασε
656 2750 747 2804 τὸν
781 2748 1169 2825 ὀλοθρεύοντα’
1196 2751 1260 2806 τὸ
1291 2748 1347 2806 δὲ
1384 2755 1484 2816 τοῦ
1537 2756 1671 2808 Θεοῦ
1727 2749 2020 2826 πρόϐατον,

365 2841 428 2895 τὸ
459 2844 612 2915 αἷρον
645 2843 744 2910 τήν
777 2842 1045 2916 ἁμαρτίαν
1075 2845 1173 2895 τοῦ
1219 2841 1452 2915 κόσμου,
1479 2841 1623 2898 πολὺ
1677 2843 1890 2918 μᾶλλον
1925 2846 2024 2902 οὐκ

367 2929 670 3004 ἠλευθέρου
712 2934 819 2984 τῶν
880 2931 1212 3003 ἁμαρτιῶν;
1267 2930 1448 2987 Ἀλλὰ
1475 2932 1537 2986 τὸ
1597 2933 1692 3006 μὲν
1745 2934 1881 3007 αἷμα
1922 2941 2020 2991 τοῦ

369 3018 576 3095 ἀλόγου
607 3014 892 3095 προϐάτου
945 3020 1044 3088 τήν
1101 3019 1374 3094 σωτηρίαν
1430 3027 1686 3097 παρεῖχε,
1743 3025 1807 3079 τὸ
1838 3023 1896 3080 δὲ
1923 3031 2020 3081 τοῦ

368 3113 711 3184 Μονογενοῦς
741 3106 887 3163 πολὺ
923 3107 1134 3182 μᾶλλον
1167 3107 1227 3163 ού
1251 3109 1410 3178 σώζει
1436 3128 1450 3179 ;
1486 3108 1556 3167 Ei’
1577 3133 1660 3174 τις
1705 3112 1923 3168 ἀπιστεῖ
1949 3118 2018 3188 τῇ

2141 521 2515 593 redemptum
2546 539 2694 579 esse.
2727 523 2773 559 ⁴⁹
2807 528 2932 580 Non
2980 525 3139 580 enim
3190 525 3386 582 nudus
3437 529 3635 598 homo,
3685 529 3788 584 sed

2138 612 2478 684 unigenitus
2510 614 2610 668 Dei
2642 614 2824 670 Filius
2857 621 3000 683 erat,
3054 617 3154 687 qui
3183 633 3252 672 ea
3281 633 3460 674 causa
3491 620 3789 675 morieba-

2138 706 2252 757 tur.
2286 705 2356 758 Et
2377 703 2617 774 quidem
2647 705 2825 760 unius
2856 705 2962 759 viri
2991 705 3179 760 Adam
3202 713 3512 777 peccatum
3536 715 3786 765 mortem

2138 791 2358 847 inferre
2399 793 2621 848 mundo
2656 795 2838 849 valuit
2881 795 2975 864 (3).
3033 795 3089 848 Si
3139 800 3338 850 autem
3378 797 3557 852 unius
3614 800 3790 854 ruina

2138 897 2298 936 mors
2330 883 2594 953 regnavit
2613 883 2674 937 in
2706 882 2998 938 mundum
3020 883 3088 949 ⁸ο,
3110 901 3216 938 cur
3236 902 3357 940 non
3387 886 3577 941 multo
3605 889 3793 958 magis

2137 985 2243 1042 per
2273 972 2448 1025 unius
2471 972 2771 1042 justitiam
2802 979 3120 1045 regnatura
3151 973 3227 1028 sit
3258 975 3375 1029 vita
3396 976 3423 1029 ?
3452 977 3522 1030 Et
3571 977 3619 1030 si
3653 982 3794 1032 tunc

2137 1075 2244 1130 per
2285 1060 2511 1132 lignum
2569 1061 2642 1115 de
2683 1079 2799 1132 quo
2861 1063 3115 1118 ederunt
3155 1061 3174 1136 [
3214 1068 3492 1134 parentes
3552 1067 3791 1140 nostri]

2139 1149 2311 1221 ejecti
2344 1155 2482 1205 sunt
2507 1150 2578 1206 de
2626 1151 2902 1222 paradiso
2933 1152 2974 1186 ⁶¹
3003 1170 3016 1218 ;
3051 1169 3195 1206 num
3255 1169 3361 1224 per
3387 1155 3526 1209 Jesu
3559 1155 3789 1226 lignum

2139 1254 2300 1294 nunc
2332 1239 2519 1294 multo
2551 1240 2786 1296 facilius
2818 1241 2878 1295 in
2921 1241 3263 1312 paradisum
3313 1260 3431 1297 non
3461 1243 3788 1316 ingressuri

2139 1332 2278 1382 sunt
2299 1328 2609 1385 credentes
2633 1329 2660 1384 ?
2684 1329 2739 1385 Si
2764 1330 2993 1402 primus
3015 1331 3326 1386 hominum
3347 1333 3418 1386 de
3439 1339 3593 1388 terra
3615 1334 3788 1390 ﬁctus

2138 1418 2532 1473 universalem
2562 1424 2814 1474 mortem
2858 1420 3093 1486 attulit;
3156 1421 3257 1490 qui
3316 1421 3488 1476 illum
3546 1424 3718 1479 ﬁnxit
3758 1441 3788 1478 θ

2137 1509 2296 1561 terra
2314 1506 2382 1574 ⁸³,
2415 1523 2633 1572 nonne,
2659 1524 2792 1562 cum
2825 1508 2950 1578 ipse
2985 1509 3062 1564 sit
3084 1509 3200 1564 vita
3219 1509 3283 1576 ⁵³,
3310 1516 3594 1567 aeternam
3610 1514 3789 1569 vitam

2138 1596 2386 1650 afferet?
2415 1597 2471 1651 Si
2504 1597 2758 1652 Phinees
2783 1596 2905 1652 zelo
2937 1614 3246 1666 accensus,
3291 1599 3646 1672 interempto
3682 1602 3790 1657 fua-

2139 1683 2228 1739 daa
2257 1685 2508 1740 actionis
2538 1691 2799 1751 auctore,
2836 1687 2987 1742 iram
3032 1688 3134 1742 Dei
3189 1687 3546 1758 placavit“;
3596 1691 3785 1760 Jesus,

2137 1790 2259 1829 non
2280 1775 2463 1830 alium
2486 1775 2872 1841 interﬁciens,
2897 1775 3000 1831 sed
3023 1778 3410 1848 semetipsum
3431 1778 3494 1833 in
3526 1780 3786 1850 pretium

2145 1863 2386 1919 tradens
2415 1863 2486 1932 ⁵⁸,
2520 1865 2792 1935 nunquid
2820 1865 2972 1920 iram
3015 1865 3292 1921 adversus
3341 1867 3614 1923 homines
3664 1886 3786 1924 non

2143 1953 2421 2010 dissslvet
2449 1954 2476 2009 ?

2213 2044 2309 2098 IlI.
2346 2045 2424 2099 Ne
2457 2061 2566 2100 nos
2597 2044 2796 2115 itaque
2831 2043 3052 2116 pudeat
3083 2045 3271 2099 crucis
3304 2045 3638 2114 Salvatoris,
3662 2048 3782 2104 imo

2141 2133 2335 2203 potius
2367 2131 2438 2188 de
2469 2149 2540 2188 ea
2558 2133 2900 2203 gloriemur.
2945 2132 3198 2187 Verbum
3243 2133 3402 2188 enim
3453 2136 3643 2190 crucis
3690 2137 3786 2191 Ju—

2142 2220 2286 2276 daeis
2317 2221 2556 2292 quidem
2589 2221 2935 2277 scandalum
2967 2227 3076 2288 est,
3107 2221 3435 2293 gentilibus
3461 2240 3595 2278 vero
3643 2225 3791 2280 stul-

2144 2311 2272 2366 titia
2299 2309 2365 2376 ⁵⁸,
2400 2316 2458 2365 et
2487 2311 2659 2366 nobis
2693 2310 2872 2368 salus.
2903 2311 2972 2364 Et
3001 2309 3093 2364 his
3123 2310 3364 2380 quidem
3392 2312 3492 2382 qui
3515 2317 3786 2383 pereunt,

2141 2399 2393 2454 stultitia
2415 2403 2542 2466 est;
2577 2398 2748 2454 nobis
2799 2404 2997 2453 autem
3030 2398 3130 2469 qui
3184 2398 3324 2452 salvi
3381 2400 3577 2466 ﬁmus,
3605 2401 3785 2454 virtus

2139 2490 2240 2544 Dei
2301 2495 2390 2545 est
2414 2487 2482 2544 ⁵⁷.
2516 2491 2641 2544 Non
2674 2488 2834 2543 enim
2885 2489 3039 2543 sicut
3091 2493 3177 2542 est
3230 2487 3452 2543 dictum
3474 2489 3539 2556 ⁸⁸,
3589 2492 3786 2545 nudus

2139 2579 2316 2634 homo
2349 2585 2476 2634 erat
2505 2580 2605 2649 qui
2651 2578 2840 2632 nostri
2883 2578 3070 2650 gratia
3115 2579 3520 2645 moriebatur;
3556 2581 3658 2635 sed
3696 2582 3784 2636 Fi-

2138 2668 2253 2723 lius
2286 2668 2386 2722 Dei
2418 2669 2591 2734 Deus,
2625 2667 2801 2721 homo
2832 2667 3042 2722 factus.
3076 2668 3219 2720 Tum
3262 2683 3418 2733 vero,
3463 2684 3651 2739 agnus
3684 2670 3784 2726 ille

2137 2759 2350 2830 Moysis
2383 2759 2651 2813 instituto
2683 2762 2975 2812 mactatus
3007 2755 3212 2827 procul
3243 2756 3482 2811 arcebat
3529 2765 3785 2814 vastato-

2136 2862 2262 2901 rem
2292 2844 2383 2913 5ί’;
2430 2849 2627 2917 Agnus
2691 2850 2888 2899 autem
2949 2844 3048 2898 Dei
3110 2844 3209 2913 qui
3270 2844 3427 2898 tollit
3478 2853 3786 2916 peccatum

2138 2935 2344 2990 mundi
2369 2936 2433 3001 °°,
2468 2951 2667 2989 nonne
2700 2933 2887 2988 multo
2918 2932 3102 3003 magis
3132 2949 3165 2986 a
3196 2934 3452 3003 peccatis
3487 2934 3785 2992 liberarit?

2137 3027 2218 3079 Ac
2236 3024 2474 3095 sanguis
2497 3023 2738 3095 quidem
2761 3021 3187 3077 irrationabilis
3211 3021 3331 3077 ovis
3355 3023 3607 3078 salutem
3627 3026 3788 3080 exhi-

2136 3113 2348 3180 bebat;
2385 3112 2680 3184 Unigeniti
2711 3128 2846 3166 vero
2880 3110 3120 3182 sanguis
3152 3126 3271 3164 non
3299 3112 3485 3183 magis
3530 3113 3784 3173 salutem

371 3166 598 3270 δυνάμει
654 3203 752 3252 τοῦ
842 3166 1263 3272 σταυρωθέντος,
1337 3197 1624 3268 ἐξεταζέτω
1699 3201 1828 3265 τοὺς
1906 3166 2024 3258 Sat:

2139 3204 2388 3259 afferat?
2437 3201 2494 3256 Si
2543 3201 2676 3272 quis
2720 3199 2997 3256 Cruciﬁxi
3043 3199 3242 3254 virtuti
3291 3200 3617 3256 increditus
3672 3209 3783 3272 est,

373 3307 559 3360 μονας’
595 3285 640 3342 ε⁹ί
671 3308 755 3348 τις
790 3287 859 3341 οὐ
894 3287 1138 3342 πιστεύει
1166 3291 1282 3348 τοῖς
1316 3285 1524 3362 λόγοις,
1582 3292 1878 3346 πιστευέτω
1907 3298 2024 3355 τοῖς

366 3378 736 3451 φαινομένοις,
780 3374 992 3430 Πολλοὶ
1050 3376 1185 3430 κατᾶ
1239 3376 1336 3445 τήν
1393 3372 1724 3449 οἰκουμένην
1749 3378 2022 3454 ἐσταυριό-

367 3479 558 3537 οησαν,
591 3465 720 3522 ἀλλ’
754 3461 948 3519 οὐδένα
1005 3467 1338 3534 πτήσσουσιν
1393 3466 1444 3519 οἱ
1503 3463 1776 3540 δαίμονες·
1834 3474 1932 3524 τοῦ
1964 3467 2021 3524 δὶ

365 3556 497 3630 ὑπὲρ
559 3558 634 3624 (2)
692 3557 853 3626 ἡμῶν
913 3553 1319 3624 σταυρωθέντος
1375 3558 1620 3628 Χριστοῦ
1676 3557 1765 3612 καὶ
1825 3559 1888 3612 τὸ
1919 3579 2019 3629 ση-

369 3651 520 3718 μεῖον
558 3642 762 3706 ξ’δόντες
797 3641 962 3716 μόνον
1001 3646 1100 3696 τοῦ
1154 3646 1408 3718 σταυροῦ,
1440 3645 1547 3714 πτή
1564 3665 1779 3700 σσουσιν
1814 3647 1866 3700 οἱ
1899 3644 2016 3701 δαί-

2130 3296 2553 3363 percunctetur
2584 3291 2921 3354 daemonas;
2958 3289 3005 3344 si
3037 3289 3172 3359 quis
3203 3289 3394 3343 verbis
3426 3307 3547 3345 non
3573 3293 3783 3361 credit,

2131 3381 2308 3436 rebus
2340 3380 2677 3450 conspicuis
2703 3379 2924 3433 credat.
2960 3377 3121 3432 Multi
3152 3394 3258 3448 per
3287 3378 3492 3434 orbem
3519 3382 3784 3436 cruciﬁxi

2133 3475 2307 3537 sunt;
2333 3470 2435 3525 sed
2467 3469 2701 3524 nullum
2725 3484 2926 3522 eorum
2954 3471 3168 3538 pavent
3198 3467 3499 3524 daemones
3523 3487 3535 3523 :
3563 3471 3786 3526 Christi

2129 3565 2351 3626 autem,
2385 3559 2573 3613 nostri
2596 3558 2784 3629 gratia
2812 3556 3104 3622 cruciﬁxi,
3136 3556 3225 3610 vel
3256 3557 3450 3628 ipsum
3501 3559 3789 3616 duntaxat

2127 3649 2320 3704 crucis
2353 3648 2585 3720 signum
2607 3647 2934 3718 conspicati
2992 3645 3293 3700 daemones
3345 3656 3783 3718 expavescunt:

439 3775 484 3808 ιθ
521 3775 646 3828 Vid.
671 3789 822 3827 num.
857 3774 908 3836 3,
941 3772 971 3823 6
1005 3773 1064 3823 et
1092 3773 1180 3826 33.
1239 3769 1286 3805 ⁵ο
1317 3773 1482 3827 Rom.
1543 3788 1597 3839 v,
1634 3775 1718 3828 17.
1778 3772 1821 3808 ⁶¹
1855 3774 1999 3829 Gen.

2139 3777 2262 3839 .22,
2320 3775 2409 3829 ‘23.
2466 3773 2513 3808 5’
2570 3774 2712 3828 Cen.
2746 3789 2808 3839 ιι,
2872 3775 2920 3825 7.

2975 3771 3020 3806 ⁸³
3047 3773 3191 3828 Joan
3251 3791 3360 3841 xiv,
3395 3779 3445 3829 6.
3533 3773 3580 3806 ⁵⁴
3610 3775 3782 3832 Num.

369 3863 499 3908 xxv,
533 3847 586 3912 8,
622 3849 705 3899 11.
771 3844 814 3878 ⁸³
843 3845 867 3897 Ι
898 3842 1044 3898 Tim.
1079 3860 1141 3908 ιι,
1174 3844 1225 3896 6.
1286 3841 1334 3876 ⁵⁸
1364 3844 1384 3898 l
1416 3843 1546 3899 Cor.
1601 3861 1642 3909 1,
1704 3847 1789 3909 18,
1822 3847 1909 3900 23.
1963 3845 2009 3881 ⁵⁷

2139 3846 2185 3900 1.
2241 3848 2326 3915 t8,
2357 3848 2448 3900 54.
2498 3844 2544 3880 ⁵⁸
2585 3846 2751 3915 Supr.
2787 3861 2846 3899 n.
2880 3847 2933 3899 2.
2984 3841 3030 3877 ‘9
3056 3844 3234 3901 Exod.
3265 3863 3365 3914 xu,
3392 3849 3480 3900 23.
3542 3846 3587 3881 ⁸ο
3615 3847 3786 3903 Joan.

369 3935 410 3983 ι,
453 3920 540 3971 29.

449 4039 624 4112 (mia!
657 4036 886 4112 ἀνελών.
918 4041 999 4094 Ea
1032 4039 1205 4112 verba
1235 4039 1333 4094 hic
1373 4056 1622 4112 prorsus
1663 4041 2021 4109 necessaria,

375 4120 436 4168 et
470 4130 504 4167 a
559 4111 778 4184 Cyrillo
830 4111 1220 4184 sequentibus
1273 4111 1465 4184 verbis
1508 4111 1830 4181 insinuata,
1881 4131 2023 4184 sup-

373 4182 664 4257 plevimus
709 4199 791 4257 gex
849 4183 1248 4257 Coisl.,_Re_g.,
1306 4182 1494 4257 Colb.,
1554 4185 1696 4257 Ro‘e,
1750 4182 2024 4257 Casaub.,

376 4253 551 4329 Grod.
587 4254 763 4326 paulo
791 4260 925 4329 post
965 4253 1290 4329 articulum
1313 4256 1422 4306 τῶν
1458 4261 1595 4309 ante
1624 4253 1926 4329 ἀνθρώπων
1957 4272 2028 4311 ex

373 4328 539 4386 Colb.
575 4325 1068 4397 Roeet’Casaub.
1103 4325 1454 4397 adjecimus.

444 4402 520 4471 (2)
552 4402 658 4471 Τοῦ
693 4394 936 4471 ξδὶΑὑπὲρ,
973 4394 1210 4471 etc._Ea
1235 4397 1445 4471 verba__
1468 4413 1658 4471 usque
1716 4398 1797 4471 ad,
1843 4397 2027 4467 πτήσ-

371 4465 554 4523 quem
603 4469 654 4524 οὶ
689 4465 963 4540 δαίμονες,
999 4469 1214 4536 inclus,
1251 4470 1311 4523 in
1354 4465 1660 4536 editisfet
1703 4470 1837 4524 aliis
1885 4465 2027 4524 mss.

368 4543 564 4610 libris,
591 4547 832 4613 propter
849 4541 1195 4596 eorumdem
1213 4540 1627 4613 repetitionem
1645 4541 1868 4612 (credo)
1886 4559 2032 4612 prai-

374 4611 672 4680 termissa,
694 4611 1067 4669 restituimus
1087 4613 1226 4668 huic
1246 4611 1375 4667 lOco
1409 4628 1477 4666 ex
1508 4611 1677 4667 codd.
1702 4615 1820 4668 Roe
1844 4611 1903 4666 et
1922 4613 2030 4668 Ca-

375 4687 542 4742 saub.
563 4685 809 4741 omnino
829 4690 966 4740 sunt
989 4702 1058 4740 ex
1083 4691 1279 4739 mente
1303 4690 1360 4739 et
1381 4683 1531 4754 stylo
1547 4685 1805 4739 auctoris
1819 4684 2031 4739 nostri.

377 4758 522 4812 Vide
546 4758 701 4812 infra
730 4774 790 4812 n.
825 4757 890 4810 36
923 4762 980 4811 et
1009 4759 1215 4823 40,cat.
1251 4758 1370 4810 4n.
1401 4759 1483 4811 13.
1520 4755 1790 4818 Millesio,
1823 4755 2027 4810 verisi-

375 4831 695 4884 millimum
713 4799 1430 4897 videturglossamentum
1453 4799 1790 4883 esse.Utere
1819 4827 2029 4895 lector,
2070 4799 2111 4862 θ

369 4901 599 4974 judicio
621 4908 742 4955 tuo.
768 4901 1083 4974 Sicautem
1106 4899 1370 4974 loquitur
1391 4899 1681 4971 Eugebius
1699 4899 2028 4974 Cassarien-

379 4970 481 5039 sis,
507 4973 619 5034 vel,
643 4979 711 5027 ut
733 4972 832 5027 alii
856 4970 1151 5041 judicant,
1173 4971 1300 5041 ejus
1333 4970 1926 5037 successorAcacius,
1949 4970 2022 5024 li-

379 5045 486 5099 bro
515 5044 779 5100 secundo
802 5045 878 5098 De
906 5045 1324 5104 resurrectione,
1359 5043 1513 5105 init.,
1549 5043 1608 5096 in
1641 5043 1868 5098 Bibliot.
1917 5043 2026 5097 PP.

372 5117 577 5184 Lugd.,
609 5124 751 5172 tom.
789 5115 877 5180 IV,
917 5131 1046 5186 pag.
1083 5116 1147 5168 17
1176 5130 1188 5167 :
1247 5115 1350 5178 Qui
1411 5116 1777 5181 excorcizant,
1819 5131 2032 5168 crucem

374 5189 597 5242 Domini
655 5189 943 5242 nominant
984 5193 1036 5240 et
1084 5187 1577 5248 resurrectionem;
1608 5192 1660 5239 et
1707 5189 1764 5239 in
1811 5188 2032 5240 nomine

371 5261 492 5330 ejus
523 5261 620 5331 qui
648 5267 898 5314 mortuus
928 5264 1006 5311 est
1053 5265 1106 5312 et
1161 5259 1464 5331 resurrexit
1493 5258 1885 5331 _increpantes,
1919 5273 2032 5331 non

367 5328 431 5386 ut
465 5328 838 5387 inbbedientes
869 5335 919 5383 et
945 5330 1380 5384 contradicentes
1411 5328 1611 5383 habent
1635 5329 1921 5397 dwmones,
1939 5329 2033 5384 sed

369 5404 734 5458 obaudientes
759 5408 810 5457 et
841 5400 1238 5457 consentientes
1267 5402 1743 5455 resurrectionem.

441 5475 518 5546 (3)
555 5478 784 5530 Mortem
805 5475 1014 5546 inferre
1045 5474 1251 5546 mundo
1277 5473 1476 5546 valuzt.
1508 5473 1693 5546 Quam
1723 5475 1977 5527 mortem
2005 5471 2034 5526 ?

372 5543 722 5628 corporisne
755 5545 962 5626 solius,
996 5544 1288 5628 anetinanm
1319 5544 1532 5628 animas
1559 5543 1938 5628 ‘t‘utramque,
1965 5559 2032 5599 ac

379 5614 763 5690 potissimum
783 5617 1022 5690 animas,
1046 5617 1375 5690 signiﬁcari
1391 5632 1433 5690 a_
1453 5614 1671 5690 Cyrillo
1694 5632 2030 5690 censemus.

382 5685 583 5749 Primo
615 5691 812 5763 enim,
827 5687 904 5746 de
933 5703 1006 5744 ea
1032 5685 1226 5746 morte
1244 5685 1544 5762 judicium
1572 5685 1890 5746 ferendum
1920 5691 2030 5760 est,

2135 4059 2204 4097 ex
2218 4042 2333 4096 vita
2358 4057 2391 4096 a
2419 4041 2648 4095 Christo
2681 4040 2912 4094 invecta
2933 4056 3111 4110 quam
3134 4039 3224 4093 illi
3253 4042 3521 4112 Opponit.
3549 4045 3681 4098 Raro
3704 4057 3803 4097 au-

2137 4121 2276 4179 tem,
2308 4119 2374 4167 ut
2404 4129 2472 4166 ex
2504 4113 2794 4185 subjectis
2823 4116 3002 4185 patet,
3035 4114 3150 4185 cita
3182 4118 3398 4185 aeterna
3430 4119 3536 4174 est.
3572 4115 3800 4185 ingres-

2140 4203 2239 4240 sus
2273 4185 2332 4238 in
2366 4183 2732 4254 paradisum,
2782 4183 2882 4236 iraa
2935 4183 3145 4236 divina)
3177 4183 3452 4253 placatio.
3486 4183 3732 4240 libertas
3767 4201 3801 4240 θ.

2136 4255 2414 4328 peccatis,
2451 4261 2560 4309 etc.
2597 4255 2720 4309 Uno
2755 4255 2926 4328 verbo
2960 4255 3074 4309 vita
3105 4272 3235 4324 qum
3261 4273 3366 4328 per
3399 4256 3672 4312 Christum
3703 4273 3790 4310 re-

2137 4326 2290 4397 gnat,
2325 4343 2446 4381 non
2479 4332 2569 4380 est
2599 4326 2922 4396 corporalis
2944 4328 3176 4398 mortiis
3192 4327 3283 4382 cui
3319 4344 3556 4398 semper
3580 4344 3788 4383 mane-

2139 4417 2271 4454 mus
2303 4398 2562 4464 obnoxii,
2598 4398 2700 4452 sed
2728 4397 2954 4469 peccati
2987 4399 3330 4453 destructio.
3369 4397 3662 4465 Secundo,
3699 4415 3792 4453 su-

2139 4488 2246 4543 pra
2276 4469 2519 4543 tradidit
2549 4486 2713 4543 num.
2753 4474 2801 4543 1,
2831 4471 3180 4543 ominesgsub
3233 4476 3472 4543 peccato
3522 4471 3794 4543 detentos

2142 4538 2294 4606 esse,
2346 4541 2548 4602 πάντας
2597 4538 2724 4600 τοὺς
2752 4539 2853 4593 ὑπὸ
2882 4541 2982 4612 τῇς
3040 4538 3306 4616 ἁμαρτίας
3364 4541 3792 4616 κατεχομένους·

2142 4631 2394 4684 quorum
2427 4628 2456 4667 e
2489 4629 2737 4668 numero
2768 4629 2841 4667 ne
2873 4629 3051 4683 quem
3080 4613 3358 4684 excipias,
3413 4613 3548 4669 mox
3598 4613 3798 4669 subdit

2142 4686 2487 4758 universum
2519 4685 2830 4758 hominum
2862 4701 3049 4758 genus
3082 4700 3115 4758 a
3144 4685 3793 4758 Christoredemptum,

2141 4755 2346 4828 κόσμον
2382 4752 2510 4808 ὅλον
2555 4752 3274 4828 ἀνθρώπωνήέλυτρώσατο.
3329 4752 3621 4826 Dixitque-
3645 4752 3797 4828 prae?-

2145 4827 2305 4884 terea
2336 4827 2609 4882 homines
2640 4828 2947 4900 universos
2968 4827 3243 4900 _quarla_te
3268 4833 3428 4900 patet
3449 4829 3630 4890 orbis.
3648 4827 3795 4900 pec-

2140 4901 2285 4972 catis
2321 4904 2771 4972 mortuos_esse,
2804 4895 3018 4972 :obcév
3051 4899 3118 4972 τῇ
3153 4895 3448 4972 οἰκουμένῃ
3476 4905 3594 4961 ταῖς
3627 4895 3772 4970 ἁμαρ

2137 4969 2280 5033 τίαις
2308 4969 2767 5040 νενεκρωμένους.
2804 4969 3018 5030 Tertio,
3055 4969 3227 5024 docet
3259 4969 3433 5027 num.
3455 4975 3544 5038 33,
3587 4969 3796 5027 omnes

2141 5043 2417 5098 homines
2445 5044 2561 5096 Deo
2593 5059 2700 5113 per
2730 5047 3037 5112 peccatum
3068 5041 3342 5097 inimicos
3374 5042 3578 5106 fuisse,
3613 5050 3670 5099 et
3700 5044 3797 5098 id—

2141 5115 2296 5170 circo
2333 5114 2508 5170 morti
2540 5131 2646 5186 per
2686 5113 2786 5166 Dei
2822 5113 3179 5186 sententiam
3235 5115 3660 5170 condemnatos
3690 5132 3702 5182 ;
3741 5120 3800 5170 et

2141 5187 2362 5242 aeierna
2383 5200 2515 5241 vere
2546 5185 2618 5240 ab
2648 5185 2776 5256 ipso
2810 5190 2998 5239 morte
3032 5185 3387 5256 puniendos.
3414 5189 3526 5242 nisi
3556 5187 3796 5254 Christi,

2142 5260 2312 5328 cujus
2338 5258 2576 5330 justitia
2598 5258 2792 5330 major
2818 5263 2947 5330 erat
2965 5274 3143 5327 quam
3173 5261 3551 5328 peccantium
3584 5258 3801 5329 iniqui-

2143 5327 2253 5389 tas.
2287 5327 2608 5385 satisfactio
2640 5327 3098 5397 intercessisset,
3133 5327 3191 5384 et
3214 5347 3379 5386 num.
3413 5335 3476 5385 13
3498 5327 3800 5386 Christum

2141 5407 2396 5456 mortem
2430 5417 2550 5455 non
2582 5399 2820 5472 fugisse,
2847 5408 3074 5455 netotus
3098 5405 3339 5471 peccatis
3364 5404 3616 5458 interiret
3639 5418 3799 5455 mun-

2142 5475 2261 5529 dus.
2291 5475 2529 5540 Quarto,
2562 5471 2858 5544 Christum
2891 5472 3276 5544 afﬁrmatpro
3303 5476 3556 5544 peccatis
3581 5472 3800 5544 nostris

2141 5551 2444 5601 mortuum
2474 5561 2487 5612 ;
2514 5542 2673 5615 quod
2695 5548 2814 5598 tota
2845 5543 2956 5599 hac
2987 5542 3284 5601 catechesi
3303 5542 3540 5615 pluries
3561 5542 3802 5615 repetit,

2144 5622 2204 5673 at
2233 5617 2509 5674 eumdem
2533 5612 2712 5671 docet
2740 5633 2846 5688 pro
2881 5617 3157 5672 omnibus
3198 5612 3498 5670 mortuum
3533 5627 3698 5688 num,
3742 5612 3800 5688 ᾖ,

2140 5689 2200 5763 4,
2229 5694 2319 5762 29,
2353 5691 2465 5747 33:
2495 5705 2705 5747 omnes
2738 5677 2874 5761 ergo
2897 5689 3158 5761 peccatis
3190 5690 3458 5742 mortuos
3499 5677 3798 5736 credebat.
