4138 6264
343 410 459 468 ΤΠ

341 537 438 594 risv
501 538 752 610 σταυρὸν,
810 534 998 605 ἐπειδὴ
1052 534 1171 592 οἶδα
1226 538 1324 606 τὴν
1381 536 1689 593 ἂνάστασιν.
1769 534 1834 592 Εἰ
1891 537 1994 612 γὰρ

343 627 677 701 σταυρωθεὶς
710 626 1009 697 ἆπέμεινεν,
1045 626 1147 680 οὐκ
1183 623 1244 680 ἂν
1283 623 1414 688 ἴσως
1466 625 1828 700 ὡμολόγησα*
1879 644 2005 678 συν-

345 718 551 789 έκρυψα
589 716 688 791 γὰρ
747 715 889 789 τάχα
947 715 1066 787 ἐμῷ
1124 712 1457 787 διδασκάλῷ.
1519 713 1888 776 Ἀναστάσεως
1947 710 2005 768 δὲ

343 805 438 860 τὸν
472 807 699 880 σταυρὸν
735 802 1086 878 διαδεξαμένη
1101 826 1146 875 ς,
1182 804 1283 858 οὐκ
1312 802 1716 879 ἐπαισχύνομαι
1778 800 2004 879 διηγού-

358 915 542 968 μενος.

927 405 1403 468 CATECHESIS
1449 407 1614 468 XIII.
1661 404 1760 464 DE
1803 404 2148 466 CHRISTO
2189 405 2608 467 CRUCIFIXO
2651 405 2747 465 ET
2790 403 3176 467 SEPULTO.

3629 408 3760 474 ,778

2025 559 2079 625 Α
2108 537 2320 592 ticulas
2350 555 2422 593 ex
2453 539 2566 592 hoc
2594 537 2724 593 loco
2755 554 2862 608 per
2889 538 3234 593 universum
3261 538 3389 609 jam
3420 539 3626 595 orbem
3645 540 3770 596 dis-

2117 626 2402 682 tributum
2432 632 2521 682 est
2549 625 2615 678 5°.
2649 628 2895 682 Crucem
2927 628 3235 693 confiteor,
3283 629 3771 700 quandoquidem

2114 717 2611 772 resurrectionem
2643 716 2814 771 novi:
2850 716 2897 771 si
2931 716 3091 771 enim
3137 718 3455 773 cruciﬁxus
3505 719 3586 774 ita
3633 737 3768 790 per-

2113 806 2453 871 mansisset,
2487 805 2796 860 confessus
2825 804 2976 859 forte
2992 821 3113 860 non
3131 822 3345 872 essem,
3371 824 3607 878 unaque
3630 826 3765 865 cum

2113 911 2245 950 meo
2276 895 2557 967 magistro
2615 893 2794 966 [eam]
2852 893 3382 950 abscondidissem.
3440 897 3583 951 Cum
3627 915 3762 954 vero

347 1002 588 1041 crucem
619 985 975 1041 resurrectio
1008 985 1086 1040 sit
1114 988 1454 1052 consecuta,
1483 983 1654 1039 illam
1683 981 1914 1038 edicere
1945 997 2068 1037 non
2098 999 2193 1038 me
2223 983 2424 1055 pudet.

417 1163 494 1220 ΕΓ.
530 1166 667 1216 Πᾶσι
698 1162 795 1235 μὲν
828 1162 917 1216 οὗν
952 1161 1160 1234 ὁμοίως
1216 1155 1475 1235 ἕνσαρκος
1533 1155 1606 1214 ὤν
1656 1159 1992 1234 ἐσταυρώθη·

350 1250 478 1307 ἀλλ’
511 1253 574 1306 οὗ
609 1249 698 1305 διὰ
723 1250 819 1313 τὰς
852 1248 1054 1324 ὁμοίας
1086 1249 1374 1325 ἁμαρτίας.
1407 1249 1484 1306 Οὐ
1543 1251 1646 1324 γὰρ
1698 1246 1787 1303 διὰ
1836 1247 1995 1326 φιλο-

349 1340 666 1415 χρηματίαν
699 1339 852 1414 ἢχθη
900 1337 977 1401 εἷς
1040 1341 1289 1394 θάνατον·
1341 1337 1730 1410 ἆκτημοσύνης
1776 1337 1877 1414 γὰρ
1925 1337 1994 1406 ἦν

350 1426 703 1490 διδάσκαλος.
737 1426 881 1486 Οὐδὲ
930 1426 1000 1483 δι’
1057 1426 1345 1500 ἐπιθυμίαν
1395 1423 1775 1496 κατεδικάσθη·
1836 1425 1995 1488 αὐτὸς

343 1518 445 1595 γὰρ
503 1517 648 1592 λέγει
707 1522 910 1592 σαφῶς·
966 1518 1066 1578 Ὃς
1124 1515 1212 1572 ἐὰν
1268 1511 1521 1591 ἐμϐλέψῃ
1584 1514 1798 1590 γυναικὶ
1856 1514 1993 1588 πρὸς

339 1608 404 1662 τὸ
462 1607 819 1678 ἐπιθυμῆσαι,
874 1603 985 1676 ἤδη
1047 1605 1372 1680 ἐμοίχευσεν
1450 1606 1642 1674 αὐτήν.
1720 1605 1800 1661 Οὐ
1858 1604 1996 1658 κατὰ

341 1699 665 1773 προπέτειαν
707 1694 918 1768 πλήξας
974 1696 1009 1766 ἢ
1063 1695 1253 1768 τύψας·
1315 1689 1532 1771 ἔστρεφε
1590 1694 1689 1768 γὰρ
1745 1693 1832 1747 καὶ
1891 1694 1990 1762 τὴν

341 1787 520 1859 ἄλλην
554 1788 776 1862 σιαγόνα
804 1791 882 1858 τῷ
905 1785 1185 1841 τύπτοντι.
1219 1785 1294 1840 Οὔ
1348 1789 1445 1840 τοῦ
1495 1785 1665 1856 νόμου
1717 1803 1992 1859 καταφρο-

339 1881 528 1948 νήσας·
563 1877 630 1945 ἦν
663 1876 766 1952 γὰρ
794 1879 892 1931 τοῦ
948 1875 1122 1947 νόμου
1179 1873 1504 1944 πληρωτής.
1566 1872 1638 1926 Οὐ
1697 1893 1994 1950 προφητην

343 1963 697 2041 λοιδορήσας·
732 1965 891 2026 αὐτὸς
929 1963 1027 2039 γὰρ
1059 1965 1126 2033 ἦν
1161 1964 1188 2017 ὁ
1221 1963 1324 2018 ὑπὸ
1379 1967 1487 2017 τῶν
1538 1966 1835 2039 προφητῶν
1885 1983 1989 2032 κη-

339 2056 692 2129 ρυσσόμενος.
749 2053 864 2111 Οὐκ
917 2053 1292 2125 ἀποστερήσας
1353 2053 1562 2124 μισθόν·
1624 2049 1812 2124 ἀμισθὶ
1886 2050 1990 2126 γὰρ

335 2146 425 2199 καὶ
459 2142 663 2220 δωρεὰν
697 2144 1035 2217 ἐθεράπευεν.
1071 2140 1148 2199 Οὐ
1206 2141 1397 2215 λόγοις
1442 2140 1722 2212 ἁμαρτὼν,
1758 2138 1818 2193 οὐ
1851 2140 1993 2204 πρά-

343 2235 506 2305 ξεσιν,
567 2233 670 2289 οὐκ
729 2233 1105 2306 ἐνθυμήσισιν·
1166 2231 1260 2292 "Oc
1320 2228 1584 2304 ἁμαρτίαν
1641 2227 1739 2284 οὐκ
1797 2226 1993 2296 ἐποίη-

335 2344 446 2389 σεν,
489 2320 615 2378 οὐδὲ
675 2321 868 2397 εὐρὲθη
931 2319 1094 2382 δόλος
1151 2317 1204 2374 ἐν
1261 2323 1342 2390 τῷ
1400 2317 1632 2392 στόματι
1683 2317 1869 2372 αὐτοῦ·
1930 2317 1995 2379 ὃς

333 2410 764 2486 λοιδορούμενος
871 2409 972 2465 οὐκ
1075 2405 1470 2483 ἀντελοιδόρει,
1571 2407 1800 2481 πάσχων
1887 2405 1992 2461 οὐκ

333 2499 578 2570 ἠπείλει·
614 2502 643 2555 ὁ
675 2498 848 2563 ἐλθὼν
881 2497 970 2554 ἐπὶ
1003 2501 1077 2571 (1)
1132 2498 1194 2552 τὸ
1251 2497 1420 2560 πάθος
1471 2497 1575 2551 οὐκ
1631 2493 1798 2564 ὂίκων,
1861 2492 1990 2550 ἀλλ’

335 2591 496 2646 ἑκὼν·
529 2587 626 2644 κᾶν
681 2611 764 2652 τις
807 2587 1240 2662 παραιτούμενος
1299 2584 1426 2660 εἴπῃ
1485 2586 1576 2640 καὶ
1629 2589 1748 2655 νῦν,
1795 2584 1990 2648 Ἵλεὼς

335 2700 444 2749 σοι,
505 2678 686 2754 Κύριε,
746 2676 886 2750 λέξει
944 2676 1133 2731 πάλιν·
1183 2677 1385 2749 Ὕπαγε
1444 2673 1618 2728 ὀπίσω
1691 2694 1816 2746 μου,
1877 2679 1987 2727 Σα-

335 2789 428 2823 ταν
437 2789 488 2824 α.

2177 1164 2241 1217 ν.
2273 1160 2322 1195 ⁷ο
2350 1162 2678 1217 Cruciflxus
2707 1161 2907 1233 itaque
2957 1166 3066 1228 est,
3119 1163 3395 1218 similiter
3435 1168 3502 1218 ut
3547 1180 3757 1221 omnes

2105 1267 2282 1306 carne
2311 1250 2618 1323 prmditus,
2651 1250 2754 1306 sed
2785 1268 2906 1306 non
2935 1256 3177 1322 propter
3224 1252 3446 1308 similia
3493 1259 3754 1324 peccata.

2105 1341 2229 1394 Non
2261 1340 2420 1394 enim
2453 1345 2696 1410 propter
2724 1340 3112 1410 pecuniarum
3130 1340 3514 1412 cupiditatem
3546 1341 3756 1398 ductus

2105 1433 2196 1483 est
2223 1428 2296 1484 ad
2328 1433 2580 1483 mortem
2608 1446 2620 1482 :
2653 1428 2870 1499 inopia;
2903 1429 3122 1500 quippe
3174 1434 3232 1484 et
3288 1430 3756 1487 abdicandarum

2103 1518 2551 1588 possessionum
2579 1517 2785 1572 doctor
2808 1522 2935 1572 erat
2959 1535 2972 1583 ;
3005 1534 3126 1572 non
3151 1518 3224 1572 ob
3244 1519 3626 1575 libidinosam
3655 1537 3756 1575 cu-

2104 1608 2369 1679 pidinem
2403 1607 2719 1662 damnatus
2743 1623 2756 1660 :
2781 1607 2910 1678 ipse
2943 1608 3104 1662 enim
3125 1608 3345 1664 diserte
3370 1609 3547 1664 dicit:
3574 1633 3600 1658 «
3619 1611 3756 1676 Qui-

2104 1718 2132 1746 ‹‹
2157 1713 2391 1767 cunque
2414 1697 2474 1751 in
2518 1696 2832 1751 mulierem
2864 1696 3189 1767 inspexerit
3217 1697 3292 1752 ad
3322 1699 3757 1770 concupiscen-

2104 1785 2265 1850 dum,
2283 1786 2411 1858 jam
2426 1803 2552 1841 eam
2572 1786 2920 1842 maechando
2945 1786 3179 1842 violavit
3197 1788 3238 1821 '“
3267 1809 3318 1841 ».
3343 1789 3468 1842 Non
3493 1788 3660 1858 quasi
3685 1805 3755 1844 ex

2104 1877 2436 1948 petulantia
2469 1878 2808 1948 quempiam
2856 1878 3252 1948 percussisset
3302 1879 3450 1935 185
3497 1884 3599 1933 aut
3623 1896 3754 1934 ver-

2100 1966 2367 2022 berasset
2398 1982 2409 2019 :
2439 1966 2694 2036 prasbuit
2721 1967 2880 2022 enim
2913 1972 2971 2020 et
2999 1967 3246 2022 alteram
3277 1968 3582 2024 maxillam
3614 1986 3751 2039 per-

2103 2056 2349 2112 cutienti
2381 2054 2449 2112 7’.
2484 2058 2610 2111 Non
2640 2057 2797 2126 quod
2828 2056 3018 2128 legem
3076 2058 3570 2129 contempsisset:
3623 2059 3750 2129 ipse

2104 2145 2263 2200 enim
2294 2145 2485 2218 legem
2517 2145 2881 2218 adimplebat
2907 2145 2972 2200 ⁷³.
3016 2148 3142 2201 Non
3192 2147 3349 2217 quod
3397 2148 3748 2219 prophetam

2102 2234 2398 2290 affecisset
2415 2234 2777 2290 contumelia
2797 2251 2809 2288 :
2833 2235 2961 2306 ipse
2984 2236 3142 2290 enim
3164 2240 3292 2290 erat
3310 2236 3410 2305 qui
3443 2253 3478 2291 a
3499 2237 3748 2308 prophe-

2102 2323 2177 2376 tis
2199 2322 2630 2393 praenuntiatus
2654 2327 2744 2378 est
2770 2322 2834 2378 ³⁷⁸.
2859 2323 2986 2377 Non
3019 2323 3187 2393 quasi
3218 2325 3556 2380 mercedem
3585 2325 3747 2380 frau-

2101 2410 2337 2466 dasset:
2371 2411 2498 2482 ipse
2529 2411 2691 2465 enim
2722 2411 2851 2466 sine
2894 2412 3084 2482 pretio
3141 2417 3200 2466 et
3248 2412 3429 2484 gratis
3481 2413 3746 2468 curabat.

2099 2501 2224 2554 Non
2256 2499 2472 2568 verbis,
2505 2515 2624 2554 non
2657 2500 2959 2570 operibus,
2989 2518 3112 2556 non
3155 2501 3612 2573 cogitationibus
3643 2501 3749 2557 ad-

2098 2588 2283 2642 misso
2302 2587 2678 2658 peccatoullo
2701 2605 2712 2641 :
2735 2610 2761 2638 ‹‹
2781 2588 2886 2653 Qui
2905 2595 3214 2660 peccatum
3233 2607 3352 2644 non
3365 2589 3748 2658 fecit,necin-

2103 2681 2342 2732 uventus
2364 2681 2455 2732 est
2478 2676 2649 2733 dolus
2671 2677 2733 2733 in
2759 2695 2858 2733 ore
2891 2679 3049 2751 ejus;
3074 2680 3175 2750 qui
3208 2679 3487 2735 conviciis
3512 2679 3743 2755 appeti-

2101 2786 2124 2816 α
2151 2770 2266 2832 tus,
2289 2783 2410 2821 non
2431 2766 2726 2822 referebat
2745 2769 3075 2824 convicium
3097 2785 3110 2835 ;
3135 2785 3270 2823 cum
3294 2773 3616 2839 pateretur,
3631 2768 3743 2823 mi-

333 2875 436 2914 nas
465 2873 574 2913 non
604 2859 909 2913 intentabat
936 2858 980 2892 ⁷⁸
1008 2874 1020 2911 :
1057 2855 1158 2927 qui
1189 2855 1262 2910 ad
1293 2853 1633 2925 passionem
1665 2853 1830 2907 venit
1858 2869 1980 2907 non
2011 2852 2249 2921 invitus,
2285 2854 2386 2909 sed
2418 2859 2630 2925 sponte
2661 2872 2768 2911 sua
2797 2856 2869 2928 (3)
2895 2877 2910 2922 ;
2946 2862 3006 2912 et
3037 2857 3083 2911 si
3107 2857 3241 2927 quis
3264 2873 3394 2912 eam
3411 2857 3738 2928 deprecans

333 2949 513 3004 etiam
545 2964 703 3003 nunc
734 2948 927 3003 dicat:
961 2948 1241 3016 Propitius
1274 2945 1377 2998 tibi
1396 2945 1530 3012 (sis),
1567 2945 1790 2998 Domine
1819 2943 1896 2996 7‘:
1934 2942 2152 2997 iterum
2183 2944 2300 2998 aiet
2329 2944 2480 2998 illud
2509 2960 2522 2998 :
2562 2946 2711 3000 Vade
2743 2953 2871 3016 post
2899 2963 3002 3014 me,
3037 2947 3250 3001 Satana
3279 2945 3345 3000 ⁷⁷.

401 3036 461 3104 ζ’.
497 3035 599 3090 Καὶ
633 3032 807 3095 θὲλεις
867 3053 930 3107 γε
986 3033 1294 3098 πεισθῆναι,
1350 3029 1432 3084 ὅτι
1485 3027 1620 3084 ἑκὼν
1673 3027 1838 3096 ἦλθεν
1889 3027 1976 3082 ἐπὶ
2011 3032 2054 3098 ο

323 3125 386 3179 τὸ
418 3122 624 3191 πάθος;
659 3123 726 3178 Οἱ
757 3121 944 3176 λοιποὶ
1001 3121 1096 3193 μὲν
1144 3116 1362 3180 ἄκοντες
1417 3117 1867 3186 ἀποθνήσκουσιν,
1920 3117 1977 3170 οἱ

326 3212 654 3288 ἀγνοοῦντες
686 3214 782 3285 (2)·
816 3211 973 3273 οὗτος
1030 3206 1088 3263 δὲ
1130 3207 1394 3283 προέλεγε
1439 3207 1563 3282 περὶ
1603 3210 1700 3262 τοῦ
1751 3206 1973 3266 πάθους·

399 3337 443 3372 ⁸³
477 3338 609 3393 Vid.
645 3343 754 3391 cat.
787 3339 843 3403 4,
874 3353 934 3390 n.
971 3337 1056 3389 14.
1105 3333 1180 3407 ,⁷ο
1216 3333 1342 3389 Vid.
1371 3339 1480 3389 cat.
1511 3335 1564 3399 4,
1596 3336 1710 3407 n._9
1743 3336 1913 3407 et_lO.
1989 3332 1994 3346 '

2106 3333 2267 3386 [atth.
2308 3349 2357 3403 ν,
2390 3333 2512 3407 2§.__
2542 3330 2602 3407 ‘73
2631 3333 2832 3390 Matth.
2866 3352 2916 3404 ν,
2949 3337 3054 3404 39;
3089 3353 3240 3407 xxvr,
3272 3339 3359 3392 67.

2167 3033 2252 3085 VI.
2288 3030 2463 3086 Visne
2496 3031 2750 3102 amplius
2781 3033 3150 3103 persuaderi,
3197 3034 3354 3105 quod
3404 3039 3613 3105 sponte
3663 3033 3739 3090 ad

2088 3118 2427 3191 passionem
2457 3119 2666 3174 venit?
2693 3120 2899 3175 Caneri
2930 3121 3172 3192 quidem
3194 3123 3360 3176 inviti
3380 3124 3736 3192 moriuntur,

2091 3207 2191 3279 qui
2223 3207 2410 3262 fatum
2469 3224 2642 3263 suum
2699 3208 3006 3280 ignorant;
3066 3211 3194 3282 ipse
3250 3217 3448 3267 autem
3506 3212 3578 3267 de
3633 3229 3740 3268 sua

3452 3338 3497 3373 ⁷³
3534 3337 3739 3394 Matth.

328 3425 368 3476 ι,
406 3409 488 3463 t7.
566 3407 614 3442 7‘
643 3409 808 3464 Joan.
846 3425 884 3475 ι,
913 3409 1002 3461 45.
1080 3405 1127 3442 ⁷⁵
1154 3407 1180 3460 Ι
1209 3407 1363 3460 Petr.
1395 3422 1457 3473 ιι,
1489 3408 1577 3472 22,
1611 3405 1698 3460 23.
1776 3402 1823 3440 ⁷⁸
1853 3407 1994 3459 Matt

2106 3421 2203 3472 ινι,
2235 3402 2349 3460 22.
2400 3404 2442 3438 ⁷⁷
2474 3403 2619 3458 ibid.
2653 3409 2742 3462 23.

330 3551 428 3606 nec
457 3551 602 3590 vana
632 3532 822 3606 opinio
853 3538 930 3587 est
959 3532 1282 3606 redemptio.
1344 3530 1551 3606 Verba,
1587 3527 1647 3606 οὗ
1689 3526 1983 3606 φαντασιώ-

330 3601 428 3673 δης
462 3611 521 3661 et
541 3600 854 3676 sequentia
870 3619 1056 3673 usque
1080 3600 1154 3657 ad
1176 3602 1210 3669 ἠ
1236 3600 1483 3676 σωτηρία
1500 3601 1664 3676 incl.,
1690 3600 1981 3676 quasipro-

329 3670 464 3749 pter
490 3670 804 3749 repetitas»
833 3670 1004 3730 voces
1053 3670 1431 3749 φαντασιῴδής
1465 3673 1493 3726 ὁ
1523 3670 1764 3749 θάνατος,
1806 3670 1983 3749 facile

329 3744 403 3804 ab
435 3744 902 3804 amanuensibus
932 3744 1302 3818 praetermitti
1324 3751 1587 3818 potuere,
1611 3744 1982 3818 restituimus

340 3837 409 3875 ex
437 3821 608 3876 codd.
641 3819 825 3890 Coisl.
849 3814 1081 3890 etfReg.
1106 3834 1184 3890 ac
1206 3814 1498 3890 ver—sione
1547 3815 1834 3890 Grodecii.
1863 3814 1985 3890 _qui

340 3897 540 3947 tamen
574 3908 779 3946 vocem
810 3886 924 3942 ἐπεί
955 3886 1074 3944 non
1105 3889 1264 3960 legit.
1295 3891 1358 3943 In
1390 3887 1519 3942 cod.
1543 3887 1712 3960 iColb.
1733 3955 1747 3960 _
1775 3886 1983 3940 eadem

341 3980 473 4034 qua;
515 3964 576 4017 in
611 3962 786 4018 editis
818 3955 1390 4034 praetermittuntur;
1436 3959 1671 4034 at_loco
1705 3955 1750 4010 εἶ
1781 3975 1983 4034 φαντα-

339 4028 566 4104 σῖιώδης,
597 4028 902 4107 legitur—0i}
935 4028 1333 4107 φαντασ-ιώ-δῃς,
1368 4031 1524 4102 quod
1557 4047 1693 4107 cum
1748 4028 1824 4083 sit
1867 4028 1986 4107 ini-

341 4108 485 4161 tium
505 4102 751 4177 phrasis
775 4102 1030 4169 omissze,
1054 4103 1454 4177 indubitatum
1483 4107 1571 4177 est
1593 4102 1983 4177 ejuspragter-

336 4172 643 4233 missionis
675 4178 910 4248 signum
942 4193 1010 4230 ac
1029 4175 1361 4247 vestigium.
1382 4173 1618 4248 Similes
1642 4173 1738 4248 isti
1760 4172 1986 4248 haben;-

340 4255 436 4304 tur
467 4244 802 4316 sententiis,
836 4253 946 4302 cat.
981 4249 1034 4314 4,
1067 4263 1126 4300 n.
1158 4244 1212 4312 4,
1253 4263 1314 4302 n.
1374 4249 1426 4307 9,
1477 4251 1536 4299 et
1583 4244 1740 4316 infra
1785 4260 1844 4299 n.
1893 4245 1982 4296 37.

337 4320 505 4386 Quod
530 4327 736 4375 contra
768 4315 975 4374 Omnes
1009 4319 1275 4385 Docetas,
1308 4321 1366 4370 et
1411 4316 1474 4370 in
1523 4315 1733 4387 primis
1782 4319 1987 4369 contra

337 4392 692 4448 Manichaaos
719 4391 965 4445 dictum.

2093 3534 2242 3585 state
2262 3545 2393 3611 ‘n‘on
2423 3530 2723 3611 moriendi
2773 3531 3153 3611 conjunctam
3201 3533 3741 3611 intelligit:__alia1_n

2093 3617 2246 3676 sane
2262 3601 2553 3676 libertatis
2575 3619 2705 3672 quae
2726 3601 3032 3676 praamium
3051 3601 3534 3676 meretur,qiioad
3548 3604 3741 3659 homi-

2093 3689 2202 3726 nes
2232 3672 2292 3726 in
2326 3673 2436 3726 hoc
2468 3678 2644 3739 statu,
2677 3672 2981 3729 notionem
3011 3692 3133 3730 non
3164 3672 3374 3731 habuit
3424 3694 3494 3732 ex
3541 3682 3654 3732 cat.
3682 3677 3737 3742 4,

2094 3760 2152 3797 n.
2172 3747 2273 3816 7217.
2308 3745 2401 3816 Ac
2419 3744 2716 3816 Christum
2746 3746 3009 3816 potuisse
3040 3764 3159 3802 non
3190 3749 3342 3803 mori
3375 3748 3591 3802 diserte
3637 3763 3734 3800 ex-

2093 3815 2300 3885 primit
2345 3814 2436 3868 his
2457 3885 2468 3888 _
2480 3815 2674 3888 verbis
2704 3814 2766 3870 nI
2799 3833 2956 3888 seq.:
2991 3817 3187 3872 Volens
3216 3818 3455 3874 inimicis
3484 3817 3733 3885 concedo,

2093 3888 2204 3939 nisi
2223 3888 2364 3940 enim
2385 3885 2574 3940 oellem
2593 3904 2702 3941 non
2721 3885 2900 3956 ﬁeret}
2917 3894 2974 3943 et
2995 3906 3052 3943 n.
3076 3891 3160 3942 l6.
3183 3889 3441 3944 Animam
3453 3906 3562 3959 pro
3581 3889 3734 3944 nobis

2087 3959 2298 4030 posuit,
2330 3959 2559 4030 guqndo
2603 3959 2807 4030 voluit;
2860 3966 2913 4014 et
2961 3963 3160 4014 iterum
3205 3963 3456 4030 sumpsit,
3514 3961 3738 4030 quando

2093 4029 2286 4102 potuit.
2322 4027 2434 4082 Sed
2465 4045 2600 4083 cum
2632 4029 2694 4102 in
2721 4030 2950 4102 Christo
2982 4031 3199 4102 duplex
3244 4027 3642 4097 sit—voluntas,
3676 4029 3748 4084 ad

2096 4099 2511 4174 humanamne
2526 4117 2603 4174 an
2616 4101 2696 4174 ad
2717 4101 2975 4157 divinam
2993 4099 3306 4174 pertineat,
3322 4103 3508 4174 quaeri
3529 4105 3747 4174 potest.

2097 4171 2177 4225 De
2198 4171 2459 4225 humana
2476 4172 2762 4244 Cyrillum
2785 4174 2946 4244 loqui
2971 4171 3093 4228 non
3117 4174 3320 4230 dubito
3341 4171 3358 4228 Ξ
3381 4171 3615 4230 ηᾶῐιίὶη
3645 4189 3754 4244 po-

2099 4247 2317 4316 stremo
2343 4259 2520 4311 quem
2566 4243 2734 4298 citavi
2768 4243 2918 4310 loco,
2954 4247 3038 4300 sic
3072 4246 3363 4316 loquitur:
3388 4248 3506 4301 Non
3538 4252 3753 4299 tantum

2090 4315 2457 4388 peccavimus,
2489 4321 2760 4388 quantum
2789 4317 2899 4370 ille
2903 4319 3056 4387 juste
3084 4315 3215 4386 egit,
3248 4317 3348 4388 qui
3377 4320 3619 4371 animam
3640 4331 3749 4384 pro

2097 4384 2250 4438 nobis
2273 4387 2462 4460 posuit
2491 4387 2714 4460 quando
2743 4384 2935 4443 voluit.
2970 4384 3416 4460 Haacjustarum
3442 4388 3745 4460 actionum

2099 4455 2325 4510 mentio
2359 4455 2620 4530 hominis
2654 4459 2913 4530 pr0pria,
2948 4460 2996 4514 si
3029 4455 3154 4516 haec
3185 4460 3469 4516 conferas
3505 4475 3638 4513 cum
3672 4458 3746 4512 iis

2101 4543 2232 4602 quin
2262 4527 2540 4597 praesenti
2574 4527 2736 4583 num.
2765 4527 2817 4602 Β,
2852 4529 3135 4602 loquitur.
3171 4532 3267 4586 Ait
3296 4537 3584 4602 prmterea
3612 4545 3750 4602 eum

413 4609 489 4676 (1)
519 4606 582 4661 '0
614 4602 788 4666 ἐλθὼν
824 4601 930 4676 ἐπί,
968 4609 1085 4676 θὶς.
1105 4600 1472 4676 Codd._Re_g.,
1497 4598 1678 4676 .Coisl.
1716 4597 1854 4676 Boe,
1888 4597 1998 4676 Ca:
2030 4603 2077 4668 D
2108 4597 2294 4676 libere
2320 4604 2643 4676 mortuum,
2678 4601 2778 4670 qui
2810 4597 2977 4676 nullo
3009 4597 3502 4676 avaritiam-pravae
3525 4599 3753 4671 cupidi-

342 4669 534 4744 saub.,
569 4677 787 4744 Ottob.,
821 4672 996 4728 θέλων
1027 4671 1195 4741 ἦλθεν
1227 4670 1314 4724 ἐπὶ
1345 4669 1630 4744 τόὲπάθοςο
1650 4670 2000 4744 volensvenit

339 4751 415 4804 ad
429 4739 981 4818 passione-mﬂPaulo
1015 4739 1190 4812 infra,
1220 4744 1350 4818 loco
1375 4739 1580 4818 _lévei,
1634 4739 2002 4812 scripsimus,

340 4815 507 4892 λέξει,
542 4836 610 4874 ex
640 4817 844 4886 Coisl.,
881 4819 1022 4884 Roe,
1056 4815 1328 4884 Casaub.,
1363 4815 1536 4869 Grod.

410 4927 488 4997 (2)
519 4924 586 4980 Οἱ
617 4922 958 4997 ἀγνοοῦντες.
992 4925 1074 4977 Ex
1104 4921 1273 4997 codd.
1308 4919 1498 4997 C_olb.,
1532 4918 1733 4997 Ottob.
1753 4959 1768 4985 ,
1802 4919 1922 4997 Boe
1949 4921 2007 4972 et

338 4990 612 5059 Casaub.,
648 4990 698 5048 ὀί
733 4995 1042 5066 posuimus
1091 5010 1196 5064 pro
1247 4993 1282 5059 ἡ
1333 4993 1554 5066 Sensus
1600 4990 1860 5066 auctoris
1913 5005 2002 5042 se-

340 5068 602 5126 cundum
626 5062 952 5139 impressos
978 5062 1340 5139 est,c_zpteros
1363 5064 1578 5117 invitos
1601 5062 1752 5139 mori
1769 5067 1997 5139 autne-

343 5142 621 5196 scientes.
650 5131 730 5193 At'
749 5138 807 5192 id
839 5138 961 5191 vult
980 5136 1257 5208 Cyrillus,
1292 5140 1557 5199 caeteros,
1588 5134 1688 5204 qui
1712 5131 2004 5203 supplicio

343 5214 523 5267 vitam
552 5211 792 5272 finiunt,
816 5210 1030 5264 invitos
1056 5208 1234 5273 mori;
1268 5223 1401 5261 cum
1423 5211 1672 5260 mortem
1691 5220 1867 5274 quam
1883 5219 2004 5257 non

347 5282 736 5357 pi-aaviderint
770 5283 1026 5350 effugere
1058 5296 1178 5333 non
1210 5278 1484 5357 licuerit:
1525 5277 1819 5357 Christum
1867 5290 2004 5328 vero

342 5347 558 5427 sponte
593 5369 834 5425 passum
868 5347 1019 5420 esse,
1053 5367 1186 5405 cum
1234 5350 1586 5427 intentatam
1640 5347 1748 5402 sibi
1797 5361 2004 5400 necem

336 5420 692 5500 praevidens,
725 5427 980 5495 effugere
1013 5429 1209 5477 tamen
1239 5420 1520 5475 noluerit.

410 5536 486 5606 (3)
526 5537 640 5606 Non
674 5533 881 5606 invitus
912 5531 1006 5586 sed
1051 5535 1252 5606 sponte
1299 5544 1417 5606 sua.
1483 5527 1642 5580 Hanc
1700 5525 2005 5606 veritatem

338 5597 704 5678 fuse'probat
725 5603 851 5669 hic;
881 5597 1216 5678 repetitque
1239 5599 1491 5678 inferius
1513 5613 1678 5678 num.
1713 5597 1778 5648 33
1808 5600 2003 5678 etca‘t.

341 5682 427 5747 14,
457 5666 518 5733 η’.
547 5679 598 5730 8.
634 5677 776 5730 Eam
802 5666 934 5747 vero
953 5666 1306 5727 liber-tatem
1333 5670 1408 5747 ab
1455 5669 1620 5747 omni
1652 5666 2006 5747 necessitate

341 5739 704 5824 expeditam,
739 5750 798 5800 et
826 5744 1032 5799 liberae
1063 5759 1308 5815 prorsus
1339 5739 1819 5810 e1ectionis,cum
1841 5743 2010 5808 pote-

667 5864 930 5925 PA'rnOL.
976 5861 1087 5922 Gn.
1132 5858 1394 5922 XXXlil.

2112 4668 2227 4734 nis,
2260 4674 2361 4724 aut
2391 4668 2742 4741 perpetrata;
2799 4671 3096 4728 violentia;
3138 4668 3352 4728 merito
3408 4674 3468 4729 in
3519 4668 3756 4727 crucem

2115 4745 2427 4822 actusest:
2457 4741 2528 4796 de
2559 4743 2799 4797 homine
2825 4744 3055 4822 Christo
3116 4761 3177 4799 se
3194 4744 3386 4822 _loqui
3439 4743 3754 4822 signiﬁcat.

2113 4811 2331 4893 Adjicit
2356 4829 2530 4893 num._
2548 4830 2678 4893 seq.
2713 4831 2848 4869 eum
2881 4820 3162 4887 tanquam
3194 4811 3376 4893 Deum
3409 4811 3756 4893 ab'aaterno

2115 4883 2352 4964 quidem
2386 4883 2780 4964 gloriﬁcatum
2813 4903 2942 4941 esse
2966 4883 3163 4964 {nunc
3191 4904 3333 4951 vero,
3361 4888 3425 4941 in
3457 4887 3756 4958 passione,

2113 4955 2430 5027 gloriﬁcari
2447 4961 2723 5027 reportan
2733 4962 2846 5011 tem
2860 4958 3158 5027 patientize
3177 4955 3478 5024 coronam,
3488 4975 3555 5012 ex
3568 4961 3757 5012 morte

2114 5025 2297 5105 nulla
2310 5026 2796 5105 necessitate,sed
2809 5025 3138 5105 voluntarie
3153 5036 3588 5105 suscepta,cum
3617 5028 3760 5105 obe-

2115 5096 2353 5167 dientiaa
2377 5096 2682 5167 prmmium
2717 5099 2996 5154 certando
3028 5096 3345 5160 evinceret:
3371 5101 3463 5154 τὸν
3492 5106 3592 5167 τῆς
3627 5099 3759 5152 ὑπο-

2118 5171 2291 5248 μονῆς
2322 5166 2722 5249 ἀγωνιζόμενος
2778 5169 3055 5249 στέφανον.
3105 5172 3424 5249 ΟΠΟΙΠςΜῘΟΔ
3467 5166 3592 5228 haec
3639 5187 3762 5249 non

2114 5239 2502 5319 moriendiin
2536 5239 2764 5319 Christo
2797 5239 3075 5319 potestas,
3102 5260 3232 5298 cum
3261 5245 3389 5314 ejus
3412 5243 3764 5319 impeccabif

2114 5310 2300 5390 litate,
2335 5317 2393 5364 et
2423 5310 2705 5390 imposito
2755 5310 3049 5390 moriendi
3104 5310 3397 5390 praecepto
3455 5310 3762 5370 conciliari

2114 5384 2323 5462 possit,
2359 5384 2638 5462 quoniam
2669 5384 2922 5462 (_Iyrillus
2943 5384 3336 5462 quaestionem
3361 5387 3511 5462 hanc
3534 5405 3653 5462 non
3674 5390 3763 5441 at-

2115 5454 2266 5528 tigit,
2300 5454 2528 5507 omitto.
2565 5454 2751 5528 Yerba
2801 5454 2984 5511 Petri
3016 5459 3346 5528 sequentia,
3401 5454 3590 5516 Ἵλεώς
3653 5475 3761 5525 σοι,

2116 5523 2559 5604 Kopiehveteres
2591 5526 2828 5604 Latinos
2854 5530 3055 5584 Patres
3086 5523 3518 5604 secutus'verti,
3565 5523 3763 5604 Propi-f

2118 5596 2225 5650 tius
2257 5596 2357 5649 tibi
2385 5597 2476 5662 sis,
2508 5598 2777 5661 Domine;
2825 5617 3167 5670 quanquam
3217 5602 3363 5655 mihi
3421 5606 3646 5656 certum
3665 5596 3768 5652 ﬁsit

2119 5683 2254 5740 eum
2296 5683 2533 5722 sensum
2566 5684 2715 5735 esse,
2747 5671 3031 5740 Propitius
3063 5672 3166 5726 tibi
3197 5674 3274 5726 sit
3302 5673 3475 5736 Deus,
3501 5671 3722 5740 Domine
3746 5682 3766 5721 .'

2119 5738 2231 5793 hoc
2257 5743 2366 5810 est,
2393 5740 2458 5793 Id
2478 5755 2512 5793 a
2543 5747 2593 5794 te
2621 5740 2758 5796 Deus
2788 5738 3032 5809 avertat;
3063 5743 3220 5815 quod
3251 5743 3473 5814 Optime
3503 5738 3770 5805 vulgatus

3314 5855 3393 5914 25
