4118 6264
404 278 560 351 πέττια
1490 281 1557 342 8.
1594 280 1919 344 'CYRILLI
1961 279 2378 344 HEROSOL.
2423 283 2795 348 ARCHIEP.
3124 292 3126 294 ’
3735 285 3855 348 780

435 421 715 496 passione
744 417 1055 492 prasdixit:
1088 419 1226 474 Ecce
1257 415 1512 473 tradetur
1539 416 1715 471 Filius
1745 417 1981 472 hominis
2026 421 2086 471 ut

2203 411 2342 471 Ἰδοὺ
2401 413 2762 490 παραδίδοται
2820 418 2848 472 6
2905 417 3029 480 Υἱὸς
3084 420 3182 472 τοῦ
3267 419 3555 493 ἀνθρώπου
3642 420 3722 481 εἷς
3794 422 3855 476 τὸ

439 512 802 580 cruciﬁgatur
828 509 894 565 ⁷⁸.
958 508 1162 564 Scisne
1220 505 1608 578 quamobrem
1665 512 1920 560 mortem
1969 520 2086 560 non

2201 505 2599 578 σταυρωθῆναι.
2633 503 2802 570 Οἶδας
2832 503 2890 561 δὲ
2919 504 3009 561 διὰ
3035 505 3090 561 τί
3118 507 3209 562 τὸν
3243 507 3470 571 θάνατον
3503 508 3603 562 οὐκ
3663 502 3852 586 ἔφυγεν

436 600 658 673 refugit
686 599 790 653 ille
817 596 1128 653 hominum
1159 611 1367 652 amans
1389 595 1418 651 ‘l
1447 596 1519 650 Ut
1548 611 1622 650 ne
1655 600 1812 649 totus
1833 595 2086 665 peccatis

2202 593 2230 646 6
2262 592 2692 670 φιλάνθρωποςς
2725 601 2836 650 Ἰνα
2871 598 2946 669 μή
2978 593 3109 659 ὅλος
3143 601 3213 670 (1)
3243 603 3364 660 ταῖς
3396 599 3694 674 ἁμαρτίαις
3723 599 3851 654 ἀπό-

2201 679 2366 751 ληται
2426 684 2453 737 6
2508 703 2734 758 κοσμος·
2796 685 2936 741 Ἰδοὺ
2996 681 3354 760 ἀναϐαίνομεν
3410 687 3487 749 εἷς
3548 687 3853 763 Ἰεροσόλυ-

2205 792 2300 844 μα,
2359 772 2450 826 καὶ
2513 771 2949 848 παραδοθήσεται
3035 777 3062 830 6
3149 777 3274 837 Υἱὸς
3359 780 3454 830 τοῦ
3538 777 3850 852 ἀνθρώπου,

2198 859 2290 914 καὶ
2345 860 2801 937 σταυρωθήσεται·
2860 865 2951 919 καὶ
3009 864 3197 920 πάλιν·
3260 866 3535 940 Ἐστήριξε
3562 867 3626 921 τὸ
3686 868 3849 943 πρόσ-

2201 970 2350 1003 ωπον
2428 951 2619 1020 αὐτοῦ,
2704 954 2783 1017 εἷς
2867 952 3235 1030 Ἰερουσαλὴμ
3314 956 3656 1028 πορεύεσθαι.
3746 959 3844 1013 Καὶ

2200 1033 2378 1102 θέλεις
2405 1043 2610 1112 γνῶναι
2644 1046 2850 1116 σαφῶς,
2885 1041 2968 1098 ὅτι
3002 1040 3130 1114 δόξα
3160 1042 3273 1098 ἐστὶ
3301 1047 3381 1116 τῷ
3413 1045 3596 1114 Ἰησοῦ
3626 1047 3655 1100 6
3691 1067 3848 1102 σταυ-

2201 1127 2334 1199 ρός;
2369 1127 2530 1182 αὐτοῦ
2558 1127 2720 1184 ἄκουε
2751 1130 3026 1205 λέγοντος,
3081 1133 3170 1186 καὶ
3222 1133 3298 1204 μή
3344 1131 3500 1204 ἐμοῦ.
3553 1133 3846 1208 ΙΙροεδίδου

2200 1215 2229 1270 6
2261 1214 2468 1277 Ἰούδας
2500 1218 2774 1292 ἀγνώμων
2831 1221 3126 1295 γενόμενος
3178 1222 3315 1296 πρὸς
3367 1222 3459 1276 τὸν
3525 1221 3844 1279 οἰκοδεσπόο

2196 1323 2320 1377 την·
2380 1307 2581 1383 ἀρτίως
2644 1309 2874 1382 ἐξελθὼν
2930 1312 3036 1366 ἀπὸ
3093 1314 3366 1386 τραπέζης
3436 1315 3522 1368 καὶ
3585 1318 3844 1389 ποτήριον

2197 1394 2455 1469 εὐλογίας
2486 1398 2650 1463 πιὼν,
2687 1399 2804 1454 ἀντὶ
2825 1401 3076 1473 πόματος
3093 1401 3367 1475 σωτηρίας
3385 1407 3457 1473 (2)
3482 1405 3620 1476 αἷμα
3641 1402 3845 1460 δίκαιον

2199 1484 2386 1560 ἐκχέαι
2444 1487 2660 1555 ἤθελεν·
2717 1490 2777 1546 Ὁ
2835 1489 3025 1554 ἐσθίων
3086 1492 3282 1567 ἄρτους
3341 1491 3527 1562 αὐτοῦ,
3591 1494 3850 1570 ἐμεγάλυ-

2196 1595 2282 1629 νεν
2308 1573 2390 1629 ἐπ’
2439 1576 2597 1631 αὐτὸν
2647 1580 3001 1654 πτερνισμόν·
3050 1580 3248 1653 ἀρτίως
3289 1582 3346 1636 αἱ
3391 1587 3574 1658 χεῖρες
3621 1585 3716 1646 τὰς
3766 1585 3848 1640 εὖ·

2199 1662 2388 1740 λογίας
2417 1663 2698 1740 ἐδέχοντο,
2729 1667 2821 1722 καὶ
2854 1667 3054 1743 ἀρτίως
3082 1666 3170 1724 διὰ
3199 1671 3260 1724 τὸ
3291 1668 3547 1745 ἀργύριον
3580 1679 3682 1741 τῆς
3717 1694 3849 1749 προ-

442 690 565 746 suis
588 688 1032 761 disperderetur
1046 686 1325 741 mundus.
1369 686 1498 740 Ecce
1523 685 1864 740 ascendimus
1894 686 2091 739 Hiero-

441 780 730 850 solymam,
763 783 814 832 et
845 778 1098 832 tradetur
1125 775 1297 831 Filius
1326 776 1560 830 hominis
1584 780 1635 828 et
1652 776 2004 844 cruciﬁgetur
2023 773 2088 829 7°.

441 871 512 925 Et
541 885 748 924 rursus
777 884 791 923 :
821 868 1091 922 Firmavit
1120 867 1320 934 faciem
1350 881 1527 931 suam,
1553 870 1615 918 ut
1645 865 1749 918 iret
1799 865 1858 917 in
1886 865 2091 918 Hieru-

442 958 611 1015 salem
640 956 706 1010 ⁸ο.
759 956 938 1028 Cupis
993 959 1195 1026 aperte
1253 969 1608 1026 cognoscere
1668 967 1904 1007 crucem
1955 952 2093 1007 Jesu

441 1047 692 1122 gloriam
724 1062 854 1102 esse
875 1043 902 1099 ?
928 1043 1066 1100 audi
1098 1059 1219 1098 non
1249 1057 1367 1112 me,
1401 1041 1505 1097 sed
1553 1039 1724 1096 illum
1776 1039 1833 1095 id
1888 1038 2093 1095 dicen-

444 1145 583 1196 tem.
645 1122 942 1195 Prodebat
996 1152 1133 1192 eum
1190 1134 1389 1202 Iudas,
1471 1133 1738 1206 ingratus
1809 1131 2090 1188 adversus

442 1226 939 1302 patremfamilias
966 1225 1192 1281 factus:
1223 1239 1434 1279 recens
1473 1239 1506 1278 a
1537 1239 1748 1278 mensa
1795 1236 2088 1294 egressus,

444 1336 512 1375 ac
543 1315 979 1374 benedictionis
1008 1314 1191 1371 calice
1221 1318 1458 1386 potatus
1486 1311 1553 1378 εί,
1584 1328 1692 1383 pro
1714 1311 1923 1366 salutis
1949 1314 2091 1381 potu

447 1407 798 1480 sanguinem
822 1405 1053 1478 justum
1085 1402 1390 1460 effundere
1421 1401 1622 1457 voluit.
1681 1401 1788 1467 Qui
1835 1399 2092 1456 mandu-

446 1497 617 1554 cabat
649 1511 832 1568 panes
862 1494 1013 1566 ejus,
1048 1492 1450 1566 magnificavit
1501 1506 1680 1562 super
1725 1489 1896 1544 illum
1949 1505 2087 1560 sup-

441 1585 875 1659 plantationem
903 1585 971 1640 ⁸³.
1004 1583 1189 1638 Paulo
1229 1587 1366 1638 ante
1398 1597 1610 1636 manus
1641 1580 1770 1651 ejus
1827 1578 2089 1650 eulogias

447 1675 575 1747 [seu
605 1673 903 1729 benedicti
934 1673 1107 1745 panis
1137 1670 1358 1744 partes]
1389 1668 1757 1741 recipiebant
1781 1684 1795 1722 :
1819 1667 2088 1723 etstatim

441 1771 686 1838 propter
723 1768 1032 1837 argentum
1077 1778 1192 1833 quo
1240 1761 1641 1833 proditionem
1689 1763 1896 1831 pactus
1939 1763 2086 1825 erat,

2199 1749 2380 1816 δοσίας
2407 1755 2499 1810 τὸν
2541 1755 2767 1819 θάνατον
2825 1760 3198 1828 κατεσκεύαζε.
3243 1761 3360 1815 ’Καὶ
3420 1759 3726 1837 ἐλεγχθεὶς,
3758 1764 3846 1818 καὶ

445 1858 701 1910 mortem
732 1851 1211 1909 machinabatur.
1247 1852 1328 1905 Ac
1359 1849 1785 1921 deprehensus,
1821 1863 1955 1902 cum
1986 1862 2086 1902 au-

447 1944 690 1998 divisset
718 1942 906 1998 illud:
944 1943 1024 1997 Tu
1049 1941 1246 1996 dixisti
1272 1937 1339 2009 ⁸³,
1369 1955 1578 1994 rursus
1629 1937 1841 2004 exivit;
1877 1934 2093 1992 deinde

447 2032 596 2087 dixit
623 2033 832 2087 lesus:
881 2031 1042 2085 Venit
1097 2029 1236 2084 hora
1291 2033 1354 2083 ut
1399 2028 1740 2098 gloriﬁcatur
1779 2026 1955 2081 Filius
2001 2026 2092 2079 ho-

447 2123 610 2177 minis
638 2119 703 2176 ⁸⁸.
739 2120 946 2188 Viden,
981 2118 1277 2190 quomodo
1331 2133 1567 2173 crucem
1621 2115 1920 2188 propriam
1978 2113 2090 2169 sibi

444 2209 696 2282 gloriam
729 2225 857 2265 esse
885 2208 1178 2265 noverat?
1205 2207 1252 2242 ⁸⁸
1283 2206 1508 2262 Deinde
1540 2206 1722 2261 Isaias
1762 2221 1926 2260 serra
1973 2203 2091 2258 dis-

445 2305 641 2356 sectus
659 2299 943 2372 probrum
961 2315 1082 2354 non
1103 2297 1566 2370 putat,Christus
1585 2312 1720 2351 vero
1738 2312 1844 2368 pro
1865 2292 2091 2349 mundo

443 2389 708 2446 moriens
729 2388 1013 2460 probrum
1036 2387 1248 2443 ducet?
1268 2388 1422 2443 Nunc
1443 2385 1782 2456 gloriﬁcatus
1807 2391 1884 2440 est
1918 2383 2094 2439 Filius

438 2479 672 2535 hominis
702 2478 748 2515 ⁸⁸
773 2495 786 2534 :
818 2495 941 2534 non
971 2478 1130 2550 quod
1161 2477 1328 2549 prius
1359 2477 1546 2550 gloria
1575 2480 1841 2543 careret;
1870 2473 2090 2547 gloriﬁ-

437 2573 602 2625 catus
635 2568 798 2624 enim
831 2571 957 2624 erat
983 2568 1166 2638 gloria
1217 2583 1383 2638 quam
1435 2567 1630 2620 habuit
1668 2571 1797 2620 ante
1826 2567 2093 2619 constitu-

437 2661 638 2714 tionem
669 2657 863 2713 mundi
891 2656 954 2711 ⁸⁷.
991 2656 1146 2712 180
1205 2657 1421 2712 Verum
1474 2660 1539 2710 ut
1598 2655 1749 2709 Deus
1793 2653 2088 2725 gloriﬁca-

435 2747 611 2803 batur
639 2747 712 2803 ab
743 2753 967 2803 aaterno
994 2765 1007 2814 ;
1039 2744 1217 2802 modo
1246 2751 1392 2800 vero
1449 2743 1914 2816 gloriﬁcabatur,
1949 2741 2090 2796 dum

439 2838 742 2908 patientiae
773 2841 1032 2910 gestaret
1067 2850 1370 2891 coronam.
1425 2835 1554 2889 Non
1603 2836 1804 2888 coacte
1850 2829 2094 2901 reliquit

441 2927 640 2991 vitam,
671 2943 865 2998 neque
891 2925 944 2980 vi
966 2924 1148 2981 allata
1169 2929 1464 2980 mactatus
1489 2921 1710 2988 est,sed
1740 2919 2088 2975 voluntarie.

441 3015 592 3072 Audi
625 3015 765 3087 quid
797 3015 988 3071 dicat:
1021 3017 1353 3070 Potestatem
1383 3012 1552 3068 habeo
1574 3011 1821 3082 ponendi
1849 3011 2091 3064 animam

438 3123 652 3170 meam;
679 3111 730 3160 et
756 3110 1081 3175 potestatem
1110 3105 1280 3159 habeo
1335 3105 1535 3158 iterum
1580 3099 1829 3156 sumendi
1872 3114 1989 3153 eam
2019 3094 2086 3152 ⁸⁸.

2199 1842 2434 1908 ἀκούσας
2459 1845 2542 1915 τὸ,
2587 1845 2662 1900 Σὺ
2721 1848 2894 1920 εἴπας,
2954 1846 3118 1902 πάλιν
3165 1848 3406 1919 ἐξῆλθεν.
3461 1853 3604 1906 Ἐἶτα
3663 1851 3842 1928 ἔλεγεν

2199 1934 2227 1988 6
2287 1935 2520 2004 Ἰησοῦς.
2581 1935 2880 2007 Ἐλήλυθεν
2940 1941 2975 2008 ἡ
3037 1937 3154 2016 ὥρα
3199 1940 3288 1994 ἳνα
3341 1938 3573 2016 δοξασθῇ
3635 1944 3664 1998 6
3723 1945 3844 2007 Υἳὸς

2195 2027 2294 2078 τοῦ
2335 2024 2650 2100 ἀνθρώπου.
2683 2025 2910 2090 Βλέπεις
2964 2033 3082 2090 πῶς
3131 2027 3284 2100 δόξαν
3335 2029 3538 2086 οἰκείαν
3589 2030 3712 2088 οἶδε
3756 2035 3844 2090 τὸν

2197 2111 2468 2186 σταυρόνς
2510 2113 2642 2169 Εἶτα
2699 2113 2918 2181 Ἡσαΐας
2977 2117 3075 2191 μὲν
3129 2117 3378 2191 πρισθεῖς
3434 2119 3533 2175 οὐκ
3589 2121 3846 2198 αἰσχύνε-

2194 2221 2306 2271 ται,
2335 2203 2568 2277 Χριστός
2591 2201 2651 2258 δὲ
2713 2205 2845 2280 ὑπὲρ
2899 2207 3110 2280 κόσμου
3164 2205 3432 2262 τελευτῶν
3493 2209 3851 2286 αἰσχυνθήσε-

2197 2308 2328 2360 ται;
2368 2295 2482 2347 Νῦν
2543 2289 2803 2365 ἐδοξάσθη
2836 2295 3020 2359 ὁΥἱὸς
3075 2301 3171 2351 τοῦ
3229 2298 3542 2370 ἀνθρώπου·
3605 2301 3713 2377 οὐχ
3769 2301 3849 2358 ὅτι

2199 2379 2466 2455 πρότερον
2497 2381 2597 2437 οὐκ
2646 2383 2763 2458 εἶχε
2807 2384 2907 2453 τήν
2965 2379 3142 2456 δόξαν·
3203 2383 3597 2460 δεδοξασμένος
3655 2391 3756 2466 γὰρ
3784 2391 3849 2461 ἧν

2192 2472 2262 2542 τῇ
2295 2467 2449 2544 δόξῃ,
2507 2474 2576 2544 τῇ
2635 2472 2742 2546 πρὸ
2803 2469 3122 2541 καταϐολῆς
3180 2474 3414 2548 κόσμου·
3475 2477 3602 2532 ἀλλ’
3661 2477 3848 2550 ἐδοξά-

2199 2563 2316 2629 ζετο
2353 2561 2448 2632 μὶν
2478 2559 2552 2622 ὥς
2586 2561 2716 2624 Θεὸς
2767 2562 2867 2618 ἀεί·
2928 2561 3020 2618 νῦν
3083 2562 3141 2618 δὲ
3197 2563 3498 2636 ἐδοξαξετο,
3558 2573 3658 2634 τῆς
3717 2570 3850 2624 ὑπο-

2199 2657 2372 2722 μονῆς
2406 2653 2650 2727 φορήσας
2681 2653 2771 2737 τὸν
2802 2652 3080 2732 στέφανον.
3115 2655 3229 2712 Οὐκ
3280 2657 3632 2730 ἀναγκαστῶς
3678 2659 3850 2736 ἀφῆκε

2192 2741 2293 2807 τήν
2325 2742 2488 2812 ζωὴν,
2521 2739 2649 2796 οὑδέ
2705 2743 3021 2819 βιοσφαγῶς
3080 2747 3150 2817 (3)
3211 2746 3440 2820 ανῃρέθη
3507 2747 3635 2801 ἀλλ’
3693 2749 3848 2803 ἑκου-

2196 2827 2344 2890 σίως·
2405 2827 2566 2884 ἄκουε
2620 2831 2674 2885 τί
2735 2830 2901 2906 λέγει·
2959 2832 3238 2903 Ἐξουσίαν
3298 2833 3410 2908 ἔχω
3503 2836 3675 2889 θεῖναι
3743 2839 3848 2907 τὴν

2195 2919 2380 2992 ψυχήν
2435 2929 2560 2990 μου,
2611 2919 2701 2974 καὶ
2759 2919 3000 2989 ἐξουσίαν
3061 2921 3176 2997 ἔχω
3234 2923 3395 2978 πάλιν
3478 2919 3661 2978 λαϐεῖν
3745 2925 3844 2980 αὗ-

2195 3006 2314 3075 τήν.
2350 3005 2698 3079 Βουλόμενος
2727 3013 2999 3086 συγχωρῶ
3049 3016 3166 3073 τοῖς
3218 3011 3467 3087 ἐχθροῖς·
3513 3013 3561 3065 εἴ
3606 3012 3711 3088 γὰρ
3766 3015 3844 3086 μὴ

2197 3089 2536 3168 ἐϐουλόμην,
2587 3097 2685 3152 οὐκ
2721 3097 2947 3175 ἐγίνετο.
3004 3100 3180 3163 Ἵῐλθε
3232 3100 3411 3154 τοίνυν
3469 3099 3526 3155 ὲκ
3582 3102 3850 3178 προαιρέ-

438 3193 656 3248 Volens
684 3193 946 3248 inimicis
977 3191 1238 3249 concedo
1264 3209 1278 3248 :
1310 3190 1426 3247 nisi
1459 3189 1619 3246 enim
1672 3187 1907 3252 vellem,
1961 3201 2083 3241 non

2199 3204 2330 3246 σεως
2359 3183 2445 3240 ἐπὶ
2477 3192 2540 3241 τις
2569 3188 2761 3257 πάθος,
2791 3189 3004 3264 χαίρων
3031 3188 3118 3243 ἐπὶ
3147 3194 3226 3260 τῷ
3270 3190 3683 3264 κατορθώματι,
3738 3213 3855 3263 μει-

441 3281 630 3337 ﬁeret.
663 3281 841 3335 Venit
869 3281 1050 3352 igitur
1071 3297 1144 3335 ex
1171 3280 1358 3335 libero
1390 3277 1694 3350 praposito
1732 3276 1806 3331 ad
1859 3274 2084 3346 passio-

437 3387 597 3437 nem,
629 3369 892 3443 gaudens
914 3368 986 3425 de
1009 3369 1222 3426 eximio
1245 3385 1444 3442 opere,
1478 3365 1851 3423 laetabundus
1882 3364 1954 3420 de
1986 3380 2086 3419 co-

435 3476 603 3528 rona,
634 3459 923 3531 plaudens
963 3459 1076 3514 sibi
1107 3459 1179 3514 de
1211 3458 1523 3515 hominum
1572 3456 1796 3513 salute:
1847 3470 2085 3510 crucem

433 3564 557 3603 non
584 3547 962 3617 erubescens,
994 3547 1246 3603 salutem
1268 3547 1428 3603 enim
1446 3545 1625 3600 dabat
1642 3543 1792 3599 orbi.
1820 3541 1866 3578 ⁸9
1885 3544 1930 3598 Ν
1937 3557 2087 3612 eque

435 3636 594 3692 enim
624 3636 756 3691 vilis
788 3640 914 3693 erat
940 3635 1119 3692 homo
1152 3635 1252 3708 qui
1284 3634 1639 3708 patiebatur,
1675 3631 1778 3688 sed
1810 3632 1963 3686 Deus
1994 3629 2085 3686 in-

433 3724 814 3797 humanatus,
849 3725 1040 3797 deque
1068 3723 1422 3780 obedientias
1452 3722 1698 3796 praemio
1751 3720 2081 3777 decertans.

507 3816 626 3871 VII.
667 3816 884 3870 Verum
913 3813 1332 3870 contradicunt
1357 3812 1567 3880 Judaei,
1586 3827 1817 3882 semper
1846 3808 1922 3864 ad
1942 3826 2082 3865 con-

428 3902 858 3960 tradictionem
887 3904 1099 3976 parati,
1132 3907 1193 3958 et
1233 3901 1308 3958 ad
1359 3902 1538 3958 ﬁdem
1592 3916 1841 3973 segnes:
1887 3898 1972 3953 ita
2021 3902 2086 3954 ut

2197 3277 2328 3328 σιῶν
2361 3273 2453 3328 ἐπὶ
2479 3273 2560 3348 τῷ
2590 3275 2858 3354 στεφάνῳ,
2895 3277 3318 3354 εὐφραινόμενος
3350 3277 3438 3334 ἐπὶ
3487 3283 3556 3352 τῇ
3601 3285 3709 3334 τῶν
3760 3283 3854 3336 ἀν-

2194 3363 2426 3436 θρώπων
2471 3367 2736 3438 σωτηρίᾳ·
2794 3365 2893 3421 οὐκ
2940 3366 3407 3442 έπαισχυνόμενος
3451 3369 3542 3422 τὸν
3600 3371 3850 3444 σταυρόν·

2194 3444 2362 3520 ἔσωζε
2389 3451 2492 3527 γὰρ
2517 3455 2617 3522 τήν
2649 3453 3001 3528 οἰκουμένην.
3035 3455 3113 3513 Οὐ
3166 3457 3267 3532 γὰρ
3315 3457 3382 3526 ἧν
3431 3453 3722 3532 ἅνθρωπος
3773 3460 3829 3516 εὖ

2191 3541 2359 3610 τελής
2389 3541 2418 3594 ὁ
2446 3542 2701 3616 πάσχων,
2752 3543 2898 3599 ἀλλά
2955 3545 3084 3606 Θεὸς
3137 3543 3580 3618 ἐνανθρωπήσας,
3624 3547 3715 3601 καὶ
3764 3547 3851 3602 τὸν

2191 3633 2291 3698 τῆς
2326 3628 2610 3703 ὑπομονῆς
2644 3632 3049 3706 ἀγωνιζόμενος
3076 3633 3261 3697 ἆθλον.

2265 3807 2334 3864 Ζ“.
2369 3805 2527 3864 Ἀλλ’
2556 3809 2928 3887 ἀντιλέγουσιν
2959 3815 3034 3884 (4)
3067 3812 3119 3866 οἱ
3177 3809 3455 3882 Ἰουδαῖοι,
3512 3814 3566 3868 οἱ
3613 3815 3843 3870 πάντοτε

2194 3894 2270 3958 εἰς
2299 3896 2610 3974 ἁντίῤῥησιν
2641 3897 2878 3974 ἕτοιμοι,
2933 3902 3020 3956 καὶ
3071 3900 3296 3977 ὀκνηροὶ
3334 3905 3468 3977 πρὸς
3517 3903 3720 3960 πίστιν·
3772 3905 3845 3965 ὡς

505 4057 552 4094 τε
580 4058 781 4113 Matth.
816 4073 964 4121 xxvi,
998 4060 1052 4110 2.
1129 4054 1178 4090 7°
1208 4055 1408 4110 Matth.
1445 4071 1538 4123 xx,
1575 4057 1659 4110 13.
1735 4051 1782 4088 ⁸ο
1812 4052 1950 4107 Luc.
1977 4068 2082 4125 ιιι,Δ

2251 4051 2295 4087 ει
2329 4052 2490 4107 Joan.
2527 4070 2646 4119 xm,
2681 4056 2768 4110 30.
2846 4056 2894 4090 ⁸³
2921 4056 3075 4112 Psal.
3107 4075 3200 4120 xL.
3230 4061 3314 4111 10.
3393 4056 3440 4092 ⁸³
3475 4059 3835 4125 Matth.xxvi,

439 4133 526 4185 25.
633 4130 680 4164 ¹⁶⁴
703 4131 869 4184 Joan.
903 4144 1004 4195 χιι,
1051 4129 1138 4182 23.
1245 4127 1293 4162 ⁸⁵
1328 4128 1464 4182 Vide
1493 4133 1600 4182 cat.
1649 4129 1701 4194 2,
1753 4125 1931 4178 η.14.

431 4200 481 4238 '9
509 4200 586 4259 id.
618 4217 771 4272 supr.
803 4217 862 4254 η.
897 4203 916 4254 1
952 4205 1004 4254 et
1034 4201 1087 4267 2,
1121 4205 1174 4254 et
1201 4200 1354 4268 infra
1372 4216 1429 4255 η.
1464 4200 1550 4253 16.

2034 4119 2083 4155 ⁸⁸
2113 4122 2277 4177 Joan.
2314 4141 2435 4192 xm,
2469 4127 2557 4179 31.

2659 4125 2706 4160 ⁸⁷
2737 4128 2900 4183 Joan.
2954 4146 3086 4196 xvu,
3117 4133 3170 4197 5,
3204 4132 3291 4186 24.
3395 4128 3444 4163 ⁸⁸
3467 4132 3632 4186 Joan.
3668 4149 3723 4199 x,
3759 4132 3842 4185 18.

430 4359 636 4411 noster
666 4353 962 4425 interpres
994 4353 1307 4425 expressit,
1334 4352 1493 4425 Absit
1517 4358 1650 4425 apte,
1683 4351 1926 4425 Domine.
1952 4350 2084 4425 Haac
2117 4347 2162 4413 D
2192 4353 2376 4425 retur,
2407 4349 2501 4406 vix
2533 4351 2660 4408 sine
2683 4353 2861 4425 micis
2893 4359 2951 4408 et
2980 4355 3248 4410 frustulis
3271 4355 3489 4410 avulsis
3513 4358 3574 4410 in
3604 4372 3848 4411 manum

431 4428 592 4483 enim
625 4431 750 4480 erat
779 4420 1139 4495 deprecandi
1171 4423 1311 4479 mali
1343 4424 1498 4495 apud
1544 4423 1775 4478 Judzros
1807 4420 2083 4477 formula.

433 4498 575 4552 Vide
611 4499 658 4552 II
690 4499 828 4569 Reg.
862 4497 1169 4569 xxi_,_20;I
1226 4496 1482 4567 Paralip.
1542 4510 1620 4564 xi,
1675 4498 1761 4549 19.
1823 4496 1933 4549 Isa.
1980 4508 2091 4560 LIV,

433 4574 498 4624 10
545 4566 872 4624 secundum
906 4566 1071 4622 LXX.

505 4640 584 4712 (1)
612 4641 727 4712 Ἵνα
761 4639 839 4712 μή
873 4635 1032 4712 ὅλοις,ι
1061 4642 1175 4694 etc.
1223 4639 1318 4712 Exi
1356 4636 1536 4712 codd:
1580 4636 1756 4712 Cois].
1808 4641 1866 4691 et
1913 4635 2087 4712 Grod.

433 4705 643 4794 scripsi
662 4705 794 4795 819:;
825 4705 956 4765 loco
983 4705 1152 4794 ὅλως,
1172 4711 1445 4792 funditus.
1474 4707 1655 4764 Plane
1676 4709 1947 4790 ﬁrmatur
1963 4709 2088 4764 haec

433 4783 608 4839 lectio
634 4799 702 4837 ex
730 4800 804 4838 ns
827 4799 958 4854 quas
977 4781 1458 4854 scribitCyrillus
1475 4796 1639 4854 num.
1666 4783 1754 4847 33,
1789 4780 2086 4835 Christum

435 4860 737 4910 mortuum
769 4853 920 4922 esse,
953 4869 1028 4908 ne
1061 4870 1132 4908 ex
1162 4853 1399 4909 decreto
1435 4869 1552 4924 quo
1587 4853 1738 4907 Deus
1771 4857 2085 4924 peccantes

435 4925 610 4996 morti
645 4921 1131 4989 addixit,omnes
1161 4921 1503 4980 interimere
1535 4921 2087 4996 cogeretur,aaivraq

436 4993 668 5048 ἀνελεῖν.
702 4997 1049 5066 Quanquam
1077 4996 1321 5066 perinde
1344 5002 1432 5052 est
1460 4993 1746 5050 utrumvis
1770 4995 2080 5066 scribatur.

433 5069 501 5120 In
524 5065 794 5136 sequenti
829 5063 907 5120 ex
933 5063 1094 5120 Luca
1114 5074 1413 5132 contextu,
1448 5067 1767 5122 articulum
1813 5063 1878 5118 τό
1905 5067 2082 5122 verbo

432 5135 724 5209 πρόσωπον
759 5137 1120 5208 ρι’ωῧχίιιιιιε
1145 5155 1215 5193 ex
1245 5139 1412 5195 codd.
1437 5138 1638 5206 Coisl.,
1661 5139 2080 5208 Roe,Casaub.,

433 5208 597 5263 COlb.
630 5212 690 5262 et
716 5223 882 5263 sacro
912 5213 1093 5262 textu.

501 5281 576 5366 (ξ)
609 5277 778 5366 ᾹΑχτὶ
835 5277 1090 5366 πόματος
1144 5279 1444 5366 σωτηρίας,
1509 5297 1615 5351 pro
1661 5287 1801 5350 potu
1864 5283 2076 5366 salutis.

434 5348 572 5406 Cod.
607 5349 794 5423 Col_b._,
824 5348 942 5423 ἀντὶ
973 5348 1205 5423 αἳματος
1237 5348 1537 5423 σωτηρίου,
1558 5348 1680 5421 pro—
1697 5356 1962 5423 sanguine
1989 5370 2080 5409 sa-

430 5423 602 5476 lutari
629 5421 720 5474 vel
752 5419 1076 5476 Saluatoris.
1109 5423 1236 5476 Mox
1263 5419 1482 5490 ἤθελεν,
1515 5419 1690 5478 voluit
1722 5419 1985 5480 ex'Coisl.
2022 5430 2079 5479 et

429 5491 774 5566 Reg.__cod_d_.
808 5508 876 5548 ac
908 5491 1078 5566 Grod.
1132 5493 1480 5566 scripsimus
1529 5511 1635 5566 pro
1686 5491 1874 5566 ἦλθεν.
1922 5497 2076 5562 Quas

384 5580 390 5587 '
427 5562 678 5638 Cyrillus
701 5563 796 5618 hic
817 5562 1080 5638 appellat
1099 5562 1316 5638 plurali
1335 5562 1584 5638 numero
1607 5565 1889 5638 eulogias,
1924 5568 2075 5624 sacri

425 5634 599 5710 panis
630 5634 972 5693 communio
995 5634 1117 5693 esti
1132 5635 1233 5708 qui
1255 5652 1390 5693 cum
1415 5634 2073 5710 frangendodistribue-

2197 4422 2338 4498 dari
2358 4429 2627 4493 poterat:
2662 4424 2734 4479 de
2767 4427 2980 4498 quibus
3029 4427 3200 4481 micis
3229 4427 3359 4482 vide
3394 4433 3503 4483 cat.
3538 4430 3623 4496 23,
3660 4445 3717 4482 n.
3753 4432 3844 4483 2i.

2198 4493 2380 4548 Paulo
2412 4500 2566 4577 post,
2595 4493 2895 4577 inemo—rise
2926 4498 3094 4577 lapsu
3127 4503 3261 4577 post
3306 4493 3629 4577 discessum
3678 4499 3846 4555 ludas

2199 4567 2579 4638 pronuntiata
2614 4567 2758 4622 dicit
2777 4585 2812 4623 a
2836 4567 3065 4624 Christo
3090 4567 3296 4625 verba:
3329 4571 3490 4625 Venit
3518 4571 3676 4638 hora,
3705 4577 3843 4634 etc.,

2197 4655 2327 4714 qua)
2360 4645 2494 4693 ante
2516 4655 2752 4714 coenam
2775 4640 2893 4696 alia
2921 4643 3226 4698 occasione
3263 4643 3421 4698 dicta
3477 4647 3636 4712 sunt,
3689 4641 3845 4714 apud

2194 4711 2384 4773 Joan.,
2418 4727 2470 4765 c.
2508 4711 2594 4777 l2,
2629 4729 2676 4767 v.
2705 4713 2795 4765 ‘23.

2265 4782 2336 4850 (3)
2396 4782 3050 4857 Βι-οσφαγῶςπηνὶοίθηια
3104 4791 3156 4838 et
3229 4787 3569 4857 repugnanti
3627 4785 3844 4857 inﬂicta

2191 4861 2384 4908 morte.
2420 4853 2548 4907 Vox'
2571 4853 2696 4909 haec
2728 4853 3106 4910 librariorum
3136 4853 3461 4911 inscitia‘in
3493 4873 3638 4912 mss.
3672 4853 3839 4911 libris

2193 4925 2342 5005 inire
2369 4931 2665 5005 corrupta.
2702 4927 2802 4980 Est
2832 4926 2892 5005 in
2923 4929 3050 5005 Βοε⁸
3079 4933 3136 4981 et
3165 4929 3438 5005 Casaub,
3484 4927 3798 5005 βιοσφαγῶν
3825 4951 3839 4992 ς

2190 4995 2250 5050 in
2283 4998 2446 5072 Reg.,
2484 4995 2910 5072 βιαίως-φυγῶν,
2931 4999 3202 5072 _vi0_lenter
3224 4995 3635 5072 fugiensfquai
3668 4995 3840 5072 lectio

2191 5083 2310 5122 non
2335 5068 2767 5145 improbabilia.
2790 5068 2994 5145 Coisl.,
3020 5069 3212 5145 βιαίως
3237 5071 3438 5145 φαγών.
3464 5068 3838 5145 Ateamdem

2189 5155 2389 5211 vocem
2421 5139 2674 5208 Cyrillus
2706 5145 2951 5211 usurpat
2982 5139 3135 5196 infra
3166 5139 3333 5197 num:
3356 5145 3444 5207 33,
3467 5143 3637 5197 nulla
3659 5144 3719 5197 in
3741 5159 3836 5197 co-

2189 5209 2420 5266 dicibus
2452 5213 2759 5285 scripturae
2791 5209 3088 5285 varietate.
3125 5215 3338 5269 Vocem
3370 5214 3656 5276 ἑκουσίως,
3704 5229 3834 5285 quea

2185 5298 2338 5358 mox
2355 5284 2757 5358 consequitur,
2793 5300 2862 5338 ex
2891 5283 3064 5340 codd.
3100 5285 3296 5355 =Joisl.,
3346 5289 3507 5358 Reg.,
3560 5283 3738 5340 Colb.‘
3781 5289 3838 5340 et

2187 5354 2361 5410 Grod.
2401 5354 2663 5426 supplevi
2673 5372 2822 5426 mus.

2255 5427 2328 5497 (4)
2362 5421 2531 5500 ’ᾼλλν
2557 5423 2953 5500 ἀντιλέγουσιν.
3014 5428 3152 5492 Qua)
3190 5434 3522 5500 sequuntur
3565 5428 3688 5484 fere
3743 5444 3835 5482 us-

2186 5513 2301 5567 que
2324 5497 2409 5570 ad
2441 5499 2623 5553 ﬁnem
2655 5497 3052 5564 catecheseos,
3081 5500 3162 5554 ita
3187 5497 3406 5554 similia
3439 5507 3580 5555 sunt
3612 5501 3685 5555 iis
3707 5516 3837 5570 qum

2185 5569 2347 5644 apud
2368 5570 2648 5644 Ruﬁnum
2679 5570 3042 5644 legunturin
3070 5571 3436 5644 expositione
3459 5569 3840 5644 ejusdem’a‘r:

2183 5636 2351 5696 ticuli
2387 5641 2669 5713 Symboli,
2704 5636 2880 5714 quem
2912 5641 3007 5696 hic
3045 5636 3257 5699 tractat
3286 5636 3563 5714 Cyrillus,
3597 5650 3664 5698 ut
3691 5636 3839 5699 mihi
