4118 6264
427 290 539 384 ⁵183

1477 322 1544 386 S.
1596 323 1912 386 CYRILLI
1955 315 2370 383 HIEROSOL.
2417 319 2780 382 ARGHIEP.

3729 331 3853 390 ’184

422 455 798 512 verberatum
828 453 1014 510 fuisse
1045 454 1348 512 Christum
1377 457 1422 492 “
1449 474 1461 510 :
1495 474 1617 512 non
1649 457 1828 512 debes
1878 454 2076 527 explo.

2193 455 2354 508 τοῦτο
2409 451 2748 528 γέγραπται;
2808 453 3102 521 Ἦκουσας,
3166 453 3249 507 ὅτι
3309 453 3358 508 ἐν
3439 457 3602 528 κήπῳ
3659 457 3852 514 ἐσταυ-

421 563 578 613 rare,
595 546 885 618 scriptum
906 563 981 602 ne
1005 546 1154 602 illud
1179 564 1414 618 quoque
1433 547 1547 603 sit?
1569 548 1802 602 Audisti
1828 548 1889 602 in
1911 549 2081 600 horto

427 636 782 692 cruciﬁxum
817 652 946 690 esse
972 636 1014 671 9"
1045 652 1058 690 :
1093 653 1214 691 non
1248 636 1429 692 debes
1459 637 1763 708 inquirere
1795 642 1996 691 utrum
2028 639 2086 689 et

425 726 540 782 hoc
563 725 850 796 scriptum
875 724 992 780 sit?
1015 725 1246 780 Audisti
1267 726 1507 798 triginta
1527 726 1822 798 argenteis
1843 741 2084 780 venum-

423 815 627 871 datum
656 830 786 869 esse
812 812 859 849 ’3
883 831 895 868 :
929 830 1049 869 non
1084 814 1266 870 debes
1295 815 1648 886 prophetam
1675 815 1776 885 qui
1799 815 1911 869 hoc
1934 813 2083 868 dixit

425 902 733 958 addiscere
750 903 777 958 ?
798 903 1029 959 Audisti
1053 910 1217 958 aceto
1242 909 1508 975 potatum
1534 920 1663 959 esse
1684 903 1730 938 ’9
1756 921 1768 956 :
1802 903 1912 958 hoc
1934 919 2078 973 quo-

423 1010 538 1064 que
565 992 664 1048 ubi
690 992 978 1064 scriptum
1003 993 1080 1048 sit
1101 993 1362 1049 addisce.
1396 993 1628 1048 Audisti
1651 1009 1864 1064 corpus
1896 992 1956 1046 in
1978 1008 2081 1063 pe-

429 1087 520 1138 tra
549 1083 877 1154 repositum
907 1081 1114 1149 fuisse,
1148 1087 1208 1137 et
1237 1082 1583 1154 impositum
1605 1082 1864 1154 lapidem
1889 1083 1934 1136 ¹;
1960 1097 2080 1136 non

425 1171 606 1226 debes
629 1176 686 1226 et
706 1171 885 1243 hujus
902 1171 988 1227 rei
1008 1187 1041 1226 a
1057 1171 1346 1243 propheta
1365 1173 1629 1244 recipere
1647 1169 2082 1226 testimonium?

427 1261 661 1317 Audisti
716 1278 849 1316 cum
916 1260 1250 1317 latronibus
1309 1260 1738 1316 cruciﬁxum”:
1798 1277 1920 1314 non
1976 1259 2081 1314 de-

423 1349 530 1407 bes
564 1351 762 1407 scitari
793 1367 870 1406 an
903 1355 960 1405 et
991 1350 1142 1406 illud
1171 1351 1457 1422 scriptum
1477 1351 1504 1405 ‘I
1549 1350 1782 1406 Audisti
1813 1349 1972 1420 quod
2004 1348 2080 1404 sit

422 1440 692 1511 sepultus
719 1441 742 1474 ³
767 1457 781 1508 ;
812 1457 934 1495 non
965 1445 1022 1496 te
1053 1445 1286 1512 oportet
1315 1440 1632 1512 inspicere,
1664 1456 1740 1494 an
1772 1444 1932 1494 certo
1969 1437 2077 1494 ali-

423 1529 555 1584 cubi
591 1529 662 1584 de
694 1529 1005 1600 sepultura
1035 1529 1323 1601 scriptum
1351 1529 1474 1584 sit?
1504 1529 1736 1584 Audisti
1768 1527 1927 1599 quod
1982 1544 2078 1582 re-

425 1619 722 1674 surrexit‘
745 1635 758 1673 :
781 1635 904 1674 non
927 1619 1108 1674 debes
1138 1619 1465 1689 inquirere,
1488 1635 1633 1674 num
1655 1623 1711 1673 te
1742 1617 1834 1672 his
1858 1616 2076 1671 doctri-

422 1707 518 1763 nis
542 1707 820 1763 ludamus
843 1708 870 1763 ?
896 1709 1084 1765 Sermo
1130 1709 1291 1764 enim
1329 1714 1514 1764 noster
1543 1715 1595 1763 et
1617 1707 1946 1778 praedicatio
1973 1721 2078 1760 no-

423 1803 544 1853 stra
573 1813 684 1852 non
713 1799 773 1852 in
795 1799 1254 1868 persuasibilibus
1303 1798 1555 1853 humana
1582 1798 1878 1868 sapientiae
1904 1796 2076 1851 verbis

2189 1800 2275 1850 νῦν
2286 1840 2299 1864 ,
2382 1795 2496 1850 ἐπεὶ
2587 1793 2916 1850 διαλύονται·

425 1888 670 1942 consistit
698 1887 738 1942 ⁸.
772 1887 900 1942 Non
933 1886 1258 1958 sophistica
1286 1903 1448 1941 nunc
1479 1886 1860 1942 instruuntur
1889 1885 2079 1940 artiﬁ-

421 1975 534 2041 cia,
570 1975 863 2048 siquidem
893 1976 1022 2047 ipsa
1047 1975 1488 2030 dissolvuntur:
1527 1991 1648 2030 non
1679 1973 1872 2030 verbis
1902 1973 2080 2030 verba

420 2058 1250 2136 vincuntur,quandoquidem
1264 2065 1326 2120 in
1342 2064 1577 2120 irritum
1591 2063 1861 2120 abeunt:°
1873 2079 2075 2118 verum

415 2153 788 2225 pradicamus
839 2153 1111 2210 Christum
1150 2155 1475 2222 cruciﬁxum
1503 2151 1546 2222 ⁷,
1581 2170 1711 2225 quas
1741 2169 1836 2208 res
1876 2153 1935 2207 in
1967 2168 2070 2208 an-

420 2247 716 2298 tecessum
751 2259 784 2297 a
813 2241 1121 2313 prophetis
1148 2243 1472 2314 praadicata
1502 2246 1610 2297 est.
1644 2244 1728 2298 Tu
1749 2240 2080 2310 vero,testi-

421 2331 624 2387 monia
654 2331 975 2402 accipiens,
1009 2347 1078 2386 ea
1130 2331 1191 2385 in
1241 2331 1418 2387 corde
1465 2337 1564 2386 tuo
1615 2331 1879 2405 obsigna.
1931 2332 2076 2386 Cum

424 2427 623 2478 autem
655 2437 726 2475 ea
754 2436 966 2492 magno
1017 2437 1268 2477 numero
1310 2421 1448 2488 sint,
1496 2427 1555 2477 et
1602 2428 1834 2494 tempus
1858 2423 1984 2492 jam
2015 2421 2077 2476 in

427 2512 746 2579 angustum
777 2508 1182 2575 contrahatur,
1244 2526 1452 2580 pauca,
1485 2515 1551 2564 ut
1587 2510 1746 2575 licet,
1782 2527 1912 2580 quae
1944 2509 2077 2580 plus

421 2596 710 2652 momenti
731 2595 1012 2664 habeant,
1031 2613 1192 2653 nunc
1210 2597 1369 2652 audi.
1399 2601 1470 2652 At
1493 2602 1552 2652 tu
1575 2597 1712 2652 inde
1730 2601 2079 2670 argumenta

425 2689 691 2759 captans,
716 2684 982 2741 laborem
1015 2687 1269 2758 suscipe,
1329 2690 1388 2740 et
1439 2703 1569 2756 quae
1616 2687 1848 2758 reliqua
1905 2691 2080 2742 erunt

428 2775 726 2848 perquire.
761 2777 876 2830 Nec
909 2775 1070 2830 enim
1100 2776 1175 2832 ad
1214 2776 1624 2848 accipiendum
1678 2782 1907 2833 tantum
1939 2794 2078 2848 por-

428 2871 611 2933 recta,
643 2881 845 2921 verum
877 2864 1056 2921 etiam
1086 2864 1161 2921 ad
1190 2866 1556 2936 operandam
1584 2872 1859 2938 prompta
1877 2866 1981 2921 tibi
2004 2865 2081 2920 sit

428 2973 641 3012 manus
671 2954 714 3010 ⁸.
749 2955 961 3012 Omnia
989 2956 1356 3028 gratiﬁcatur
1385 2958 1558 3012 Deus.
1586 2958 1786 3028 Siquis
1819 2957 1979 3012 enim
1996 2972 2081 3011 ve-

427 3052 602 3101 strum
630 3044 886 3115 deﬁcitur
911 3047 1205 3116 sapientia,
1229 3047 1469 3116 postulet
1500 3047 1568 3101 ab
1599 3063 1659 3102 eo
1690 3045 1791 3117 qui
1840 3045 2080 3116 largitur

2191 542 2365 613 ρώοη·
2408 541 2508 596 οὐκ
2538 540 2780 618 ὀφείλεις
2838 539 2970 596 ἰδεῖν
3028 543 3074 596 εί
3131 542 3222 597 καὶ
3279 542 3442 599 τοῦτο
3496 545 3842 620 γέγραπταις

2188 631 2479 702 Ἤκουσας,
2550 632 2632 685 ὅτι
2691 629 2979 705 τριάκοντα
3063 632 3342 706 ἀργυρίοις
3424 633 3660 710 ἐπράθη’
3743 638 3845 693 οὐκ

2190 717 2425 795 ὀφείλεις
2463 720 2650 792 μαθεῖν
2681 719 2772 773 τὸν
2824 718 3048 774 εἴπόντα
3074 725 3234 775 τοῦτο
3266 725 3554 799 προφήτην
3589 744 3601 792 ς
3636 726 3836 780 ’Πκουο

2190 829 2308 878 σας,
2339 807 2422 863 ὅτι
2456 809 2712 877 ἐποτίσθη
2747 804 2886 878 ὅξος·
2926 809 3061 880 μάθε
3116 811 3206 864 καὶ
3258 816 3419 866 τοῦτο
3480 817 3585 867 ποῦ
3643 814 3844 890 γέγρα-

2187 917 2336 954 πται.
2370 899 2657 969 Ἤκουσας,
2689 898 2773 952 ’ὁτι
2804 896 2857 952 ἐν
2910 899 3080 974 πὲτρᾳ
3123 900 3353 970 άπετέθη
3400 901 3462 955 τὸ
3517 907 3698 976 σῶμα,
3748 905 3842 959 καὶ

2189 984 2337 1048 λίθος
2371 986 2616 1057 ἐπετέθη³
2680 986 2779 1042 οὐκ
2835 986 3076 1064 ὀφείλεις
3134 984 3319 1043 λαϐεῖν
3374 990 3463 1044 καὶ
3521 992 3722 1062 ταύτην
3782 992 3844 1048 ἐκ

2184 1081 2282 1131 τοῦ
2315 1079 2600 1154 προφήτου
2628 1078 2727 1144 τήν
2762 1077 3055 1154 μαρτυρίαν
3084 1098 3096 1146 ;
3131 1079 3422 1149 Ἤκουσας,
3474 1081 3560 1134 δτι
3611 1081 3837 1155 λῃσταῖς

2187 1168 2621 1241 συνεσταυρώθη·
2681 1167 2780 1222 οὐκ
2829 1166 3063 1245 ὀφείλεις
3113 1166 3243 1222 ἰδεῖν
3287 1169 3330 1222 εί
3385 1170 3474 1224 καὶ
3523 1176 3687 1226 τοῦτο
3744 1172 3837 1246 γε·

2185 1279 2456 1335 γραπταις
2512 1261 2808 1327 ”Ηκουσας,
2860 1259 2941 1314 ὅτι
2999 1258 3190 1334 ἐτάφηα
3252 1259 3349 1314 οὐκ
3408 1261 3647 1338 ὀφείλεις
3706 1262 3834 1318 ἰδεῖν

2187 1347 2232 1403 εί
2266 1347 2521 1424 ἀσφαλῶς
2561 1368 2666 1402 που
2724 1349 2797 1421 (1)
2853 1350 2921 1403 τὰ
2977 1348 3098 1423 περῖ
3156 1355 3330 1426 ταφῆς
3392 1350 3833 1426 ἀναγέγραπταις

2186 1440 2478 1505 “Ήκουσας,
2511 1438 2594 1490 ὅτι
2629 1437 2844 1508 ἀνέστη·
2880 1438 2982 1492 οὐκ
3024 1437 3264 1514 ὀφείλεις
3319 1436 3452 1494 ἰδεῖν
3514 1442 3590 1512 μὴ
3646 1442 3833 1511 παίζο-

2190 1528 2284 1601 μὲν
2319 1549 2376 1582 σε
2408 1533 2576 1582 ταῦτα
2625 1525 3009 1598 διδάσκοντες;
3057 1529 3118 1584 Ὁ
3169 1530 3272 1603 γὰρ
3319 1528 3480 1606 λόγος
3524 1533 3688 1602 ἡμῶν
3745 1533 3834 1587 καὶ

2181 1618 2244 1672 τὸ
2303 1619 2560 1691 κήρυγμα
2626 1619 2787 1689 ἡμῶν
2875 1618 2977 1671 οὐκ
3060 1617 3111 1672 ἐν
3196 1620 3402 1672 πειθοῖς
3489 1619 3838 1693 ἀνθρωπίνης

2183 1707 2373 1780 σοφίας
2410 1705 2617 1781 λόγοις.
2679 1705 2754 1760 Οὐ
2813 1705 3122 1779 σοφιστικαὶ
3180 1706 3500 1762 κατασκευαὶ
3559 1713 3835 1764 κινοῦνται

3007 1795 3069 1850 οὗ
3158 1795 3356 1870 λόγὸυς
3439 1802 3659 1852 νικῶσιν
3740 1801 3836 1871 (2),

2186 1883 2300 1940 ἐπεὶ
2340 1883 2732 1961 παραλύονται·
2794 1882 2941 1940 ἀλλὰ
2983 1885 3326 1958 κηρύσσομεν
3376 1889 3600 1962 χριστὸν
3652 1886 3835 1942 ἐσταυ-

2187 1974 2458 2050 ρωμένον,
2491 1973 2550 2028 ἐκ
2579 1978 2875 2048 προφητῶν
2926 1973 3035 2045 ἤδη
3093 1975 3289 2030 τούνου
3331 1977 3839 2052 προκηρυχθὲντος.

2189 2063 2263 2119 Σὺ
2295 2061 2352 2118 δὲ
2386 2084 2478 2137 μοι
2512 2060 2795 2136 δεξάμενος
2825 2063 2919 2124 τὰς
2983 2063 3300 2138 μαρτυρίας,
3357 2063 3713 2142 ἐναφράγισαι
3768 2068 3834 2139 τῇ

2184 2151 2380 2229 καρδίᾳ
2405 2152 2623 2216 ταύτας.
2657 2153 2892 2208 Πολλῶν
2924 2150 2980 2207 δὲ
3011 2152 3208 2226 οὐσῶν,
3240 2156 3328 2208 καὶ
3359 2159 3454 2209 τοῦ
3484 2155 3694 2231 χρόνου
3717 2152 3834 2210 λοι-

2184 2243 2285 2298 πὸν
2317 2249 2417 2312 τῆς
2477 2242 2622 2317 ὥρας
2675 2241 2750 2304 είς
2811 2239 2996 2317 ὀλίγον
3055 2245 3558 2322 περιγραφομένου,
3623 2243 3832 2318 ὀλίγας,

2187 2333 2261 2395 ὡς
2321 2332 2582 2408 ἐγχωρεῖ,
2642 2332 2735 2393 τὰς
2793 2333 3129 2407 κυριωτέρας
3185 2329 3414 2388 ἄκουσον
3477 2338 3585 2390 νῦν.
3639 2329 3834 2389 Λαϐὼν

2187 2421 2245 2477 δὲ
2272 2423 2368 2486 τὰς
2395 2421 2667 2499 ἀφορμὰς,
2699 2425 2857 2494 γενοῦ
2884 2417 3203 2498 φιλόπονος,
3251 2422 3340 2476 καὶ
3391 2421 3694 2493 ἐκζήτησον
3740 2425 3835 2485 τὰς

2188 2509 2501 2571 λειπούσας.
2539 2509 2626 2576 Mi]
2667 2509 2766 2581 γὰρ
2798 2506 2935 2563 ἔστω
2997 2511 3075 2583 (3)
3121 2531 3204 2563 σοι
3261 2512 3294 2579 ἡ
3329 2510 3455 2586 χεὶρ
3491 2513 3654 2583 μόνον
3689 2511 3834 2566 ἐκτε-

2186 2600 2391 2672 ταμένη
2428 2597 2504 2661 εἷς
2553 2598 2616 2652 τὸ
2674 2593 2885 2668 λαϐεῖν,
2945 2596 3091 2653 ἀλλᾶ
3135 2599 3225 2653 καὶ
3275 2599 3350 2661 εἰς
3399 2601 3460 2655 τὸ
3519 2601 3834 2676 ἐργάζεσθαι

2184 2685 2427 2761 ἕτοιμος.
2461 2685 2643 2743 Πάντα
2673 2687 2802 2748 Θεὸς
2837 2687 3123 2762 χαρίζετπι
3290 2688 3354 2745 Εἰ
3401 2691 3503 2764 γὰρ
3551 2711 3637 2751 τις
3685 2691 3834 2763 ὑμῶν

2188 2777 2433 2833 λείπεται
2467 2775 2676 2850 σοφίας,
2734 2775 2953 2831 αΐτείτω
3011 2777 3157 2850 παρὰ
3211 2781 3306 2831 τοῦ
3367 2775 3614 2840 διδόντος
3679 2780 3836 2849 θεοῦ,

2186 2866 2274 2922 καὶ
2309 2865 2562 2939 λήψεται.
2596 2866 2691 2928 ’⁷ος
2714 2869 2833 2927 ταῖς
2868 2865 3152 2938 ὑμετέραις
3178 2865 3362 2941 εὐχαῖς
3553 2866 3645 2920 καὶ
3691 2868 3831 2936 ἡμῖν

2187 2946 2527 3022 παράσχοιτο
2557 2951 2674 3008 τοῖς
2734 2944 2950 3021 λέγουσι
3007 2946 3070 3001 τὸ
3129 2946 3320 3016 εἰπεῖν,
3373 2946 3459 3000 καὶ
3517 2946 3643 3019 ὑμῖν
3705 2950 3828 3007 τοῖς

2190 3037 2446 3093 ἀκούουσι
2474 3035 2536 3089 τὸ
2566 3038 2862 3089 πιστεῦσαι.

431 3137 542 3189 Deo
570 3135 612 3201 ⁸,
645 3138 702 3188 et
731 3133 1001 3205 accipiet.
1034 3133 1143 3200 Qui
1172 3134 1450 3206 precibus
1480 3136 1688 3191 vestris
1721 3139 2015 3204 exoratus,
2049 3135 2109 3188 et
2135 3129 2328 3196 nobis,
2365 3126 2464 3198 qui
2495 3125 2672 3180 verba
2697 3124 2968 3194 facimus,
3001 3124 3218 3193 dicere,
3257 3130 3316 3180 et
3343 3124 3524 3194 vobis,
3559 3126 3660 3195 qui
3721 3141 3825 3181 au-

429 3221 589 3289 ditis,
623 3221 866 3277 credere
897 3223 1182 3279 concedat
1208 3223 1220 3277 ι

501 3311 597 3366 ΙΧ.
630 3311 976 3375 Ουωταῐῐιιιε
1020 3310 1196 3383 igitur
1241 3328 1373 3383 quas
1417 3311 1489 3367 de
1536 3313 1814 3384 passione
1863 3309 2076 3366 Christi

2259 3299 2742 3372 Π.Ζητείσθωσαν
2773 3301 2954 3355 τοίνυν
2998 3303 3133 3374 ἡμῖν
3190 3321 3244 3354 αι
3297 3301 3422 3375 περὶ
3478 3304 3576 3355 τοῦ
3633 3302 3836 3363 παθους

435 3403 618 3472 agunt
649 3399 1008 3455 testimonia.
1041 3400 1438 3456 Convenimus
1470 3401 1648 3469 enim,
1682 3418 1803 3457 non
1837 3406 1905 3456 ut
1933 3415 2079 3472 pure

434 3488 987 3560 contemplatricem
1018 3489 1453 3562 Scripturarum
1485 3491 1919 3562 expositionem
1950 3489 2063 3545 efﬁ-

433 3575 661 3632 ciamus
691 3592 871 3644 nunc,
906 3574 1008 3632 sed
1038 3581 1104 3632 ut
1130 3577 1330 3649 potius
1361 3577 1432 3633 de
1482 3577 1575 3634 his
1633 3596 1763 3650 quaa
1821 3575 2080 3633 credidi-

505 3700 552 3738 ⁸⁸
579 3701 744 3756 Joan.
772 3718 890 3768 xix,
924 3703 1013 3768 34,
1036 3703 1123 3755 3'7.
1229 3699 1277 3734 97
1307 3702 1453 3757 ibid.
1513 3705 1600 3758 41.

440 3775 462 3808 ³
492 3772 635 3828 ibid.
671 3774 757 3846 38.
914 3771 1058 3830 ibid.
1090 3775 1179 3840 59,
1203 3776 1296 3846 _6Q.
1403 3773 1425 3806 ⁴
1456 3775 1591 3830 Luc.
1619 3793 1774 3846 χχιιι,
1807 3777 1894 3832 34.

433 3863 469 3914 ι,
506 3846 595 3901 23.
671 3845 692 3880 ⁸
722 3844 899 3901 Eccli.
932 3861 1003 3912 ιν,
1036 3846 1123 3898 36.
1199 3842 1223 3878 ⁹
1251 3845 1369 3899 Jac.
1404 3862 1441 3913 ι,
1474 3848 1526 3902 5.

464 3970 574 4053 _(l)
604 3966 894 4046 Ἀσφαλῶς
924 3989 1053 4026 που.
1085 3969 1443 4026 Particulam
1467 3990 1573 4024 που
1624 3989 1694 4026 ex
1743 3975 1879 4044 Reg.
1914 3971 2079 4043 adje-

427 4058 638 4098 crmus.

505 4115 576 4184 (2)
607 4111 710 4195 96"
737 4112 902 4195 λόγοι
960 4112 1158 4195 Λόγους
1211 4112 1457 4195 νικῶσιν.
1516 4115 1600 4195 E_x
1656 4113 1858 4195 Coisl.,
1916 4115 2078 4195 Reg.”

431 4182 564 4258 l'toe'
584 4190 644 4240 et
671 4182 918 4258 casaub‘.
952 4182 1528 4258 ξοΐῖρείωιιελόγους
1561 4186 1690 4240 loco
1723 4183 1931 4258 λόγοις,
1957 4182 2078 4240 Ali-

429 4261 521 4310 ter
542 4256 603 4310 in
632 4256 823 4322 Colb.,
855 4253 1154 4328 οὐγλόγόυς
1185 4253 1466 4328 κινοῦμεν,
1497 4273 1605 4311 non
1648 4253 1920 4312 sermones
1961 4259 2078 4327 agi-

429 4333 626 4382 tamus.
659 4328 758 4382 Ait
785 4326 1045 4399 Cyrillus‘
1065 4343 1128 4382 se
1156 4326 1437 4399 adversus
1468 4329 1822 4398 sophisticos
1873 4326 2079 4383 adver-

426 4398 720 4470 sariorum
753 4398 1080 4470 sermones,
1123 4398 1303 4470 simili
1325 4399 1645 4470 verborum
1676 4406 1964 4470 apparatu
1989 4400 2079 4454 di-

434 4469 554 4543 vini
581 4469 906 4526 testimonii
929 4469 1279 4543 auctoritate
1307 4469 1611 4539 destituto,
1635 4469 2039 4543 noh’pugnare
2063 4488 2076 4538 ;

431 4542 572 4612 quia
603 4541 1354 4624 in‘hujusmodi‘conilicotu
1385 4558 1554 4624 (equo
1579 4543 1737 4624 jure,
1770 4541 2080 4624 vel'potius

429 4629 602 4684 requa
631 4612 910 4685 utrinque
941 4612 1254 4668 verborum
1280 4612 1342 4667 in
1374 4612 1596 4668 ventos
1611 4612 1959 4668 abeuntium
1989 4629 2080 4668 va-

429 4684 615 4741 nitate
649 4691 927 4742 certatur.
958 4684 1180 4740 Similis
1202 4688 1292 4738 est
1317 4685 1510 4739 Nostri
1534 4685 1830 4739 sententia
1853 4686 2081 4741 hom.in

421 4756 701 4829 Earalyt.,
734 4775 794 4812 n.
827 4759 931 4811 i3:
964 4753 1138 4829 Λόγον
1185 4753 1338 4828 λόγῳ
1389 4753 1646 4829 μάχεται,
1695 4754 1758 4808 τὸ
1812 4752 1868 4808 δὲ
1920 4752 2074 4829 ἔργον

420 4823 900 4901 ἄμαχόνίεενηιο
947 4823 1068 4901 cum
1113 4823 1357 4901 sermone
1391 4823 1708 4901 'concertat,
1749 4844 1898 4901 _0pus
1943 4823 2076 4901 itero

429 4898 800 4970 insuperabile
829 4906 925 4955 est.
960 4900 1050 4970 Sic
1072 4900 1231 4970 Nan,
1255 4916 1436 4953 carm.
1461 4898 2034 4970 Tetrasticho,p.i56
2061 4915 2073 4952 :

429 4966 594 5042 Λόγῲ
623 4968 845 5042 παλαίει
879 4973 981 5029 πᾶς
1017 4966 1202 5042 λόγος.
1236 4972 1306 5024 Et
1333 4987 1516 5042 carm.
1551 4969 1734 5025 lamb.
1766 4966 1932 5041 18,_p.
1969 4973 2034 5024 19
2063 4986 2076 5023 :

1703 3705 1745 3739 ⁸⁸
1777 3703 1978 3760 Matth.
2034 3717 2186 3768 xxvx,
2238 3703 2323 3754 15.

1703 3793 1774 3829 IV.
1807 3777 1894 3829 34.
1999 3773 2023 3807 ⁵
2054 3774 2077 3829 l
2111 3773 2238 3828 Cor.
2276 3788 2337 3829 ιι.
2369 3772 2402 3823 4

2155 3789 2238 3827 or.
2276 3788 2337 3837 ιι,
2369 3788 2423 3825 4.

2185 3391 2284 3448 τοῦ
2312 3394 2548 3466 Χριστοῦ
2576 3389 2887 3465 μαρτυρίαι·
2938 3387 3380 3460 συνεληλύθαμεν
3429 3391 3531 3465 γὰρ
3584 3389 3647 3444 οὗ
3701 3395 3834 3465 Γραο

2193 3487 2305 3561 φῶν
2338 3480 2596 3555 ἐξήγησιν
2635 3481 2976 3553 θεωρητικήν
3027 3480 3353 3549 ποιήσασθαι
3395 3483 3512 3550 νῦν,
3567 3476 3716 3533 ἀλλὰ
3756 3498 3840 3532 πι-

2195 3576 2591 3640 στοποιηθῆναι
2646 3567 2858 3642 μᾶλλον
2910 3567 3033 3642 περὶ
3092 3569 3164 3622 ὧν
3220 3569 3674 3640 πεπιστεύκαμεν.
3733 3571 3839 3635 Τῆς

2428 3698 2473 3732 9’
2515 3698 2695 3779 {oena
2731 3714 2846 3779 xxx,
2899 3699 2986 3779 29,
3038 3697 3125 3779 3(_).
3224 3696 3484 3779 _’_Matth;
3533 3696 3844 3779 xxvxr,n60.

2527 3769 2546 3802 ⁶
2584 3767 2723 3822 Vide
2780 3768 2923 3822 hom.
2958 3770 3015 3821 in
3067 3769 3314 3837 Paralyt.
3365 3786 3423 3822 η.
3457 3771 3510 3822 9.
3615 3765 3636 3800 7
3668 3768 3694 3820 Ι
3721 3769 3846 3822 Cor.

2193 3966 2692 4037 sitCotelerius,in
2706 3965 2869 4037 Notis
2882 3965 2955 4037 ad
2974 3969 3175 4037 cap.19
3194 3966 3458 4037 epistolae
3473 3968 3688 4023 S.Barn
3698 3969 3836 4024 abte.

2263 4041 2339 4110 (4)
2398 4035 2576 4110 Πάντα
2636 4035 2765 4110 Θεὸς
2819 4035 3120 4109 χαρίζεται,
3179 4035 3375 4093 Οίηηία
3429 4042 3570 4095 Deus
3627 4044 3835 4109 gratiﬁ-

2191 4109 2367 4166 catur.
2405 4109 2570 4162 Varie
2598 4109 2853 4163 refertur
2883 4110 3007 4164 haec
3034 4110 3330 4165 sententia
3360 4111 3419 4163 in
3454 4128 3597 4166 mss.
3645 4112 3830 4177 Colb.,

2191 4180 2355 4235 Παντὶ
2389 4178 2615 4254 Χριστος
2673 4177 2988 4254 χαρίζεταιχ
3034 4181 3279 4235 Christus
3335 4183 3505 4237 cui-vis
3547 4185 3834 4254 gratiﬁca-

2193 4261 2301 4309 tur.
2338 4251 2659 4324 Grodecius
2686 4253 2896 4305 vertit:
2926 4253 3172 4307 Christus
3220 4255 3279 4324 in
3322 4251 3572 4324 omnibus
3620 4258 3830 4324 gratiﬁ-

2190 4326 2426 4397 cabitur.
2471 4323 2608 4379 Cod.
2651 4325 2806 4397 _Reg.
2862 4324 3094 4397 vitiose,
3157 4322 3332 4377 Πάντα
3374 4321 3507 4397 ,Θεῷ
3561 4321 3834 4397 χαρίζετε,

2192 4395 2350 4466 quod
2376 4394 2776 4449 revocandum
2806 4395 2881 4468 ad
2927 4395 3244 4468 lectionem
3296 4394 3607 4468 vulgatam.
3641 4394 3836 4452 'Paulo

2191 4473 2341 4539 post,
2371 4472 2638 4539 extrema
2665 4467 2854 4539 sancti
2883 4467 3079 4521 Jacobi
3114 4467 3309 4533 verba,
3345 4467 3584 4522 diversae
3610 4485 3645 4522 a
3670 4485 3840 4523 sacro

2192 4537 2352 4594 textu
2388 4537 2596 4610 recitat
2616 4538 2891 4610 Cyrillus.
2911 4540 2985 4592 At
3002 4539 3161 4610 ipsas
3183 4540 3448 4610 Apostoli
3471 4555 3640 4593 voces
3662 4539 3836 4610 codd.

2192 4556 2352 4594 texw
2388 4556 2596 4592 reeitat
2616 4556 2891 4609 hymnus.
2911 4556 3017 4592 At]
3068 4556 3161 4593 sas
3183 4556 3448 4610 ApOStou
3471 4556 3640 4593 voces
3662 4556 3836 4594 coua.

2189 4613 2353 4680 Beg.,
2381 4609 2561 4664 Coisl.
2597 4614 2654 4662 et
2683 4609 2845 4664 Colb.
2893 4556 3211 4680 exhilient:
3267 4608 3495 4680 Αἷτείτω
3539 4609 3688 4680 παρὰ
3740 4612 3839 4664 τοῦ

2189 4677 2434 4752 διδόντος
2465 4681 2598 4752 Θεοῦ
2630 4682 2787 4732 πᾶσιν
2821 4677 3031 4748 ἁπλῶς;
3063 4680 3152 4734 καὶ
3188 4681 3263 4752 μή
3311 4677 3688 4750 ὀνειδίζοντος,
3748 4680 3834 4736 καὶ

2189 4750 2473 4823 δοθήσεται
2506 4749 2671 4819 αὐτῷ.
2703 4752 2945 4806 Postulet
2983 4771 3016 4807 a
3073 4749 3302 4823 Deo‘qui
3334 4755 3431 4808 dat
3462 4749 3712 4810 omnibus
3745 4757 3834 4808 in-

2186 4827 2609 4896 diﬂ'erentertet
2638 4839 2747 4876 non
2779 4825 3097 4893 ea'probrat,
3130 4832 3183 4878 et
3213 4826 3437 4879 dabitur
3466 4829 3532 4880 ei.

2259 4889 2331 4968 (5)
2361 4889 2694 4968 Ὑμετέραις.
2745 4889 2935 4949 rest—ris
2987 4898 3260 4965 precibus.
3309 4898 3394 4951 Ita
3438 4897 3829 4965 restituimus,

2185 4966 2646 5039 Ιοοοὴμετὲραις,
2679 4969 2878 5039 nostris
2905 4983 2971 5020 ex
2994 4968 3161 5022 codd.
3189 4970 3349 5039 Reg,
3383 4970 3499 5023 Roe
3527 4975 3584 5023 et
3633 4968 3827 5034 Grod.,

427 5033 595 5124 Λόγιρ
638 5037 739 5126 γάρ
800 5038 912 5094 ἐστι
970 5033 1301 5126 πᾶς’λόγος
1350 5040 1681 5126 ᾁντίστατος.
1742 5033 1895 5097 Nam.
1936 5043 2076 5096 ratio

2189 5045 2244 5094 et
2270 5033 2565 5126 similibus
2593 5036 2792 5126 Cyrilli
2814 5038 2952 5126 “loci
2980 5055 2992 5092 :
3039 5055 3233 5126 [supra
3256 5033 3461 5126 ,‘hujus
3492 5033 3828 5126 (ipsiusAan

415 5115 620 5181 quaevis
649 5113 882 5182 alteram
904 5113 1248 5182 pugnantem
1281 5114 1459 5169 habet.

487 5185 566 5253 (3)
601 5182 692 5248 Μή
744 5179 925 5248 ἔστωξ
966 5179 1077 5237 etc.
1139 5184 1445 5240 Sententia
1503 5189 1590 5238 est
1647 5183 2067 5250 Ecclesiastici,

423 5269 601 5325 quam
634 5253 888 5324 Cyrillus
919 5271 988 5310 ex
1018 5257 1309 5310 memoria
1330 5254 1800 5325 recitans,paulo
1822 5255 2072 5310 diversis

415 5324 608 5399 verbis
639 5325 862 5399 retulit.
891 5326 1167 5399 [1069601,
1205 5327 1460 5382 habetur
1482 5345 1578 5378 σου
1605 5324 1666 5380 in
1699 5326 2070 5399 Goisl.,Re_g.,

414 5397 556 5469 Boe,
575 5396 822 5469 Casaub.
846 5396 1006 5469 velut
1033 5397 1095 5451 in
1125 5413 1292 5469 sacro
1320 5403 1505 5469 textu.
1536 5399 1711 5469 Deest
1741 5396 2067 5469 ἐκτεταμένη

413 5467 474 5542 in
506 5468 626 5523 Roe
657 5473 716 5542 et
745 5467 994 5542 gasaub.
1028 5466 1285 5542 [foco_ei<_
1333 5468 1396 5542 τρ
1433 5466 1772 5542 ἐργάζεσθαι
1815 5464 2067 5542 ἕτοιμος,

416 5538 634 5612 legitur
662 5539 722 5594 in
757 5537 984 5603 Bibliis,
1015 5536 1092 5598 εἷς
1148 5537 1236 5612 τὸί
1259 5536 1577 5612 ᾇποδιδόναι
1637 5536 2069 5612 συνεσταλμενη,

416 5555 634 5668 Ιῗίειῐω·
662 5557 722 5594 1n
757 5555 984 5603 bimus,
1015 5555 1092 5598 εις
1148 5557 1211 5592 το
1259 5555 1577 5595 αποοιοοναι
1637 5555 2068 5612 συνεσταΑμενη,

413 5628 446 5666 a
517 5611 856 5669 reddendum
887 5617 1186 5666 contracta.
1221 5611 1399 5667 Plura
1431 5613 1503 5668 de
1535 5613 1780 5667 diversis
1834 5619 2068 5668 sancto-

411 5699 544 5742 rum
557 5685 801 5742 Patrum
815 5683 996 5758 hujus
1013 5681 1343 5740 testimonii
1360 5683 1817 5757 allegationibus
1829 5699 2070 5755 conges-

2184 5111 2334 5182 meri
2367 5110 2557 5176 initio,
2591 5107 2717 5182 φέρε
2745 5112 2864 5168 ταῖς
2895 5107 3178 5182 ὑμετέραὶς
3220 5107 3427 5182 εὐχαῖς.
3489 5107 3611 5167 Cat.
3653 5115 3734 5176 l2,
3768 5127 3825 5164 n.

2179 5185 2234 5248 4,
2268 5177 2395 5254 φέρε
2422 5183 2490 5250 τῇ
2521 5177 2615 5254 τοῦ
2650 5183 2888 5254 Χριστοῦ
2910 5177 3116 5253 χάριτι,
3168 5177 3420 5254 καῖ’·ἱαῖς
3467 5185 3573 5235 τῶν
3627 5182 3826 5253 παρόν-

2180 5273 2288 5306 των
2321 5251 2533 5324 εὐχαῖς.
2567 5252 2715 5324 Loco
2742 5251 2816 5324 τὸ
2847 5251 3038 5314 εἰπεῖν,
3075 5271 3144 5308 ex
3173 5253 3343 5308 codd.
3392 5254 3593 5320 Coisl.,
3645 5251 3829 5321 COlb.,

2183 5328 2344 5396 Reg,
2379 5323 2518 5390 Hoe,
2552 5323 3179 5396 Casaub.iscripsimus
3208 5324 3271 5376 τὸ
3301 5324 3496 5396 εἰπεῖν,
3521 5326 3579 5380 id
3628 5332 3833 5396 postu-

2182 5395 2343 5453 lante
2363 5395 2910 5462 sensu,etmembro
2935 5397 3205 5467 opposito
3227 5395 3316 5448 καὶ
3355 5397 3480 5467 ὑμῖν
3513 5398 3576 5450 τὸ
3607 5395 3832 5450 πιστεῦ-

2181 5488 2291 5522 σαι.
2317 5467 2459 5522 Vide
2494 5468 2708 5521 Procat.
2746 5483 2804 5521 n.
2843 5468 2927 5522 17.
2960 5471 3138 5522 Meum
3169 5475 3245 5522 est
3294 5469 3496 5533 dicere.
3531 5476 3684 5524 tuum
3714 5483 3837 5523 vero

2180 5541 2254 5595 ad
2282 5556 2417 5610 opus
2445 5538 2692 5610 aggredi,
2727 5543 2841 5594 etc.
2878 5557 2890 5606 ;
2923 5544 2980 5593 et
3003 5545 3116 5594 cat.
3150 5543 3234 5608 16,
3269 5557 3328 5595 n.
3364 5544 3434 5595 2:
3471 5541 3675 5597 Gratiae
3706 5554 3839 5610 opus

2178 5619 2258 5667 est
2287 5609 2763 5682 nobisiconcedere
2796 5618 2858 5664 ut
2887 5613 3150 5680 inoffense
3182 5612 3492 5682 loquamur,
3524 5620 3576 5667 et
3607 5609 3755 5667 vobis
3779 5616 3840 5665 ut

2177 5699 2300 5739 cum
2324 5681 2701 5750 intelligentia
2730 5683 2991 5738 audiatis.
