4138 6264
292 380 411 440 785

874 371 1362 433 CATECHESIS
1403 369 1571 431 XIII.
1617 371 1721 431 DE
1764 367 2098 430 CHRISTO
2143 369 2574 434 CRUCIFIXO
2613 374 2712 435 ET
2757 374 3133 437 SEPULTO.

3600 375 3719 439 786

306 510 402 584 μὲν
439 507 530 562 οὗν
563 503 862 580 παρουσίας
920 504 1100 572 Ἰησοῦ
1157 505 1380 570 πρῶτον
1436 497 1598 572 ἐδέξω
1627 498 1722 562 τὰς
1754 519 1955 573 μαρτυ-

2081 516 2203 555 mus
2259 504 2434 558 certis
2487 505 2863 562 documentis
2919 508 3358 565 convincamur.
3418 509 3489 565 Et
3545 514 3721 567 antea

304 599 444 674 piaq'
477 597 566 651 καὶ
621 594 704 649 δτι
754 593 841 647 ἐπὶ
903 590 1180 660 θαλάσσης
1235 588 1653 662 περιεπάτησεν,
1685 594 1708 651 (
1735 589 1822 644 Ἐν
1854 588 1956 663 γὰρ

306 686 554 760 θαλάσσῃ
645 689 679 753 ὴ
768 679 894 743 ὁδός
980 683 1150 752 σου,)
1221 680 1545 754 γέγραπται,
1640 680 1956 753 [Περιπα-

307 783 418 834 τῶν
448 781 525 847 (1)
584 775 672 830 ἐπὶ
734 771 1033 840 θαλάσσης,
1065 771 1138 830 ὡς
1195 767 1278 823 ἐπ’
1334 765 1630 844 ἐδάρους,]
1687 768 1776 822 καὶ
1835 769 1957 841 περί

304 867 580 943 διαφόρων
637 861 831 917 ἶᾶσεων
890 860 1185 934 μαρτυρίαν
1236 853 1428 920 ἔλαϐες
1487 856 1708 913 ἄλλοτε.
1750 858 1955 932 Ἀρχο-

309 945 615 1031 μῖαισοίνυν
648 952 767 1015 ’ὅθεν
822 950 884 1004 τὸ
941 950 1111 1012 πάθος
1165 945 1386 1020 ἤρξατο.
1447 944 1661 1006 Ἰούδας
1721 945 1787 1014 ἦν
1818 948 1895 1018 (2)
1929 946 1956 1000 ὁ

302 1042 602 1122 προδότης,
635 1041 726 1095 καὶ
755 1039 938 1102 ἐλθὼν
974 1037 1026 1107 ἐξ
1085 1033 1325 1097 ἐναντίας
1383 1035 1472 1090 καὶ
1533 1035 1681 1102 στὰς,
1715 1033 1962 1109 εἰρηνικᾶ

303 1135 482 1209 λὲγων
541 1132 632 1187 καὶ
689 1127 972 1201 πολεμικᾶ
1018 1123 1450 1194 κατασκευάζων.
1512 1125 1666 1198 Λέγει
1714 1122 1806 1178 οὖν
1834 1124 1959 1198 περὶ

300 1225 498 1281 τούτου
531 1224 559 1277 ὁ
591 1216 930 1292 Ψαλμῳδός·
991 1217 1058 1272 Oi
1117 1215 1268 1294 φίλοι
1330 1235 1434 1288 μου
1492 1213 1582 1268 καὶ
1615 1214 1666 1268 οἱ
1722 1213 1954 1283 πλησίον

319 1335 424 1390 μου
485 1313 537 1383 ἐξ
594 1309 836 1372 ἐναντίας
919 1327 1024 1380 μου
1104 1303 1332 1381 ἤγγισαν
1413 1303 1502 1358 καὶ
1565 1297 1814 1372 ἔστησαν·
1868 1300 1958 1356 καὶ

301 1403 470 1462 πάλιν
503 1421 515 1434 ·
624 1396 1048 1466 ἹῙπαλόνθησαν
1161 1395 1213 1448 οἱ
1295 1391 1448 1466 λόγοι
1560 1391 1735 1446 αὐτῶν
1827 1392 1957 1468 ὑπὲρ

301 1492 486 1551 ἔλαιον
522 1535 535 1560 ,
605 1489 696 1544 καὶ
780 1486 938 1542 αὐτοί
1013 1483 1112 1539 είσι
1173 1480 1393 1559 βολίδας
1428 1525 1440 1538 .
1501 1482 1687 1556 Χαῖρε,
1743 1476 1956 1539 «ραςςι.

301 1586 391 1641 καὶ
434 1577 727 1656 παρεδίδου
777 1578 871 1632 τὸν
905 1572 1230 1630 διδάσκαλον
1265 1571 1341 1634 εἷς
1375 1572 1622 1636 θάνατον.
1657 1570 1771 1628 Οὐκ
1829 1569 1956 1645 ᾑδὲ-

305 1684 407 1742 σθη
438 1675 536 1726 τοῦ
582 1668 840 1742 λέγοντος
897 1672 996 1733 τὴν
1054 1662 1380 1734 ὑπόμνησιν’
1441 1657 1644 1727 Ἰούδα,
1678 1659 1957 1738 φιλήματι

305 1764 396 1818 τὸν
451 1760 574 1814 Υἱὸν
632 1762 730 1812 τοῦ
808 1754 1096 1828 ἀνθρώπου
1163 1748 1529 1826 παραδίδως;
1607 1747 1801 1824 σχεδὸν
1854 1750 1955 1826 γὰρ

301 1855 465 1908 τοῦτο
495 1849 632 1921 πρὸς
664 1845 821 1901 αὐτὸν
857 1841 1063 1916 ἔλεγεν*
1124 1841 1532 1913 Ὑπομνήσθητι
1588 1842 1686 1903 τῆς
1726 1843 1954 1894 σεαυτοῦ
1990 1868 2034 1933 Β

305 1938 684 2016 προσηγορίας
721 1978 733 1991 .
802 1931 1008 1993 Ἰοῦδας
1057 1929 1302 1986 καλεῖται
1361 1926 1780 2004 ἐξομολόγησιςο
1834 1950 1956 1984 συν-

308 2031 456 2101 ἐθου,
489 2021 682 2089 ἔλαϐες
723 2023 786 2079 rd
845 2022 1125 2098 ἀργύριον,
1180 2018 1579 2093 ἐξομοΛόγησαι
1636 2019 1956 2094 ταχέωςοὉ

309 2121 439 2181 θεὸς
475 2164 488 2186 ,
540 2118 640 2185 τὴν
696 2113 896 2169 αἷνεσίν
995 2132 1098 2183 μου
1181 2111 1255 2182 μὴ
1316 2110 1752 2183 παρασιωπήσῃς
1795 2152 1810 2181 ν
1873 2109 1955 2166 ὅτι

313 2210 489 2282 στόμα
549 2205 882 2280 ἀμαρτωλοῦ
938 2202 1028 2256 καὶ
1088 2201 1264 2272 στόμα
1323 2197 1511 2254 δολίου
1542 2198 1625 2253 ἐπ’
1683 2198 1779 2271 ἐμὶ
1802 2199 1958 2268 ἠνοί-

314 2302 465 2376 χθη·
527 2296 806 2366 ἐλάλησαν
857 2296 928 2365 (3)
987 2293 1103 2346 κατ’
1152 2289 1291 2364 ἐμοῦ
1343 2288 1568 2376 γλώσσῃ
1631 2286 1810 2354 δολία,
1870 2290 1961 2346 καὶ

314 2375 505 2462 λόγοις
569 2385 758 2459 μίσους
806 2381 1117 2436 ἐκύκλωσαν
1181 2400 1263 2452 με.
1321 2379 1442 2435 "Ott
1491 2375 1548 2431 δὲ
1575 2379 1648 2452 (4)
1677 2398 1817 2442 τινες
1871 2377 1961 2432 καὶ

311 2478 418 2532 ἀπὸ
450 2471 748 2551 ἀρχιερέων
776 2477 1045 2546 παρῆσαν,
1079 2468 1170 2523 καὶ
1211 2467 1293 2522 ὅτι
1324 2467 1430 2541 πρὸ
1457 2471 1566 2520 τῶν
1622 2465 1811 2521 πυλῶν
1860 2473 1963 2537 τῆς

311 2565 533 2626 πόλεως
564 2566 627 2631 ἦν
659 2563 724 2616 τὰ
755 2559 944 2632 δεσμὰ,
987 2556 1224 2628 ἤκουσας
1278 2555 1493 2632 πρώην·
1555 2554 1602 2610 εἳ
1657 2577 1717 2632 γε
1750 2577 1965 2629 μνημο-

312 2657 487 2715 νεύεις
515 2659 618 2721 τῆς
661 2650 965 2725 ἐξηγήσεως
1021 2649 1113 2701 τὸν
1167 2647 1354 2720 καιρὸν
1408 2645 1496 2699 καὶ
1549 2645 1640 2700 τὸν
1671 2645 1840 2700 τόπον
1869 2649 1965 2700 τοῦ

317 2743 546 2819 ψαλμοῦ
601 2737 883 2814 εἰρηκότος
920 2779 933 2805 ,
995 2737 1145 2798 ὅπως
1224 2735 1584 2810 Ἐπὲστρεψαν
1667 2733 1742 2795 εἷς
1812 2733 1966 2788 ἐσπὲ-

321 2856 416 2911 ραν
449 2880 465 2906 ,
518 2831 608 2887 καὶ
664 2829 936 2901 ἐλιμωξαν
998 2827 1071 2888 ὡς
1129 2825 1306 2893 κύνες,
1364 2825 1456 2880 καὶ
1514 2823 1826 2879 ἐκυκλωσαν
1865 2823 1965 2878 πό-

323 2923 434 2980 λιν.

389 3014 447 3071 ι’.
481 3012 690 3068 Ἄκουε
718 3007 807 3063 καὶ
842 3004 931 3062 διὰ
969 3005 1036 3060 τὰ
1087 3005 1380 3081 τριάκοντα
1433 3001 1686 3078 ἀργύρια.
1721 2999 1832 3059 Καί
1863 3000 1970 3076 ἐρῶ

315 3102 455 3178 πρὸς
510 3098 726 3160 αὐτούς·
779 3097 844 3153 Ei
918 3093 1094 3150 καλὸν
1153 3093 1390 3148 ἐνώπιον
1453 3092 1605 3165 ὑμῶν
1659 3091 1792 3158 ἐστὶ,
1851 3088 1973 3146 δότε

326 3193 417 3246 τὸν
477 3189 668 3263 μισθόν
755 3208 858 3258 μου
917 3187 994 3255 (5)
1028 3227 1042 3255 ,
1101 3182 1135 3252 ἢ
1185 3181 1501 3250 ἀπείπασθε,
1558 3180 1648 3235 καὶ
1705 3179 1772 3235 τὰ
1827 3181 1969 3253 ἑξῆς.

323 3279 538 3340 Ἀλλος
576 3277 782 3351 μισθός
819 3296 912 3348 μοι
937 3275 1064 3347 παρ’
1101 3274 1252 3346 ὑμῶν
1283 3275 1636 3348 χρεωστεῖται
1688 3270 1973 3346 θεραπείας

316 3367 544 3444 τυφλῶν
576 3369 668 3422 καὶ
716 3364 946 3440 χωλῶν,
1004 3362 1097 3417 καὶ
1158 3359 1328 3417 ἄλλον
1387 3355 1676 3434 λαμϐάνωο
1725 3359 1970 3444 ἀντίῗμὶν

324 3443 673 3534 εὐχαριστίας
733 3453 976 3524 ἀτιμίαν,
1031 3451 1146 3506 ἀντὶ
1205 3448 1262 3504 δὲ
1316 3450 1738 3521 προσκυνήσεως
1796 3443 1973 3522 ὕϐριν.

323 3547 559 3610 Βλέπεις
590 3550 710 3606 πῶς
742 3539 995 3617 προεῖδεν
1025 3544 1059 3610 ἡ
1119 3539 1305 3615 Γραφὴ
1357 3537 1425 3592 τὰ
1477 3537 1817 3612 πράγματα;
1878 3537 1976 3592 Καὶ

319 3633 552 3708 ἔστησαν
609 3636 701 3690 τὸν
767 3633 956 3705 μισθόν
1021 3650 1125 3702 μου
1178 3630 1469 3700 τριάκοντα
1534 3627 1801 3703 ἀργυροῦς
1837 3671 1848 3683 .
1912 3632 1978 3680 Ὦ

322 3727 675 3803 προφητικῆς
709 3717 983 3796 ἀκριϐείας
1021 3720 1032 3774 l
1069 3717 1141 3772 ὣν
1165 3715 1385 3785 πολλῆς
1417 3717 1678 3779 συνέσεως
1703 3713 1980 3778 ἀπλανοῦς

325 3818 648 3891 ΙΙνεύματος
707 3817 780 3886 (6)
833 3811 986 3886 ἁγίου
1014 3811 1026 3866 ί
1084 3809 1160 3866 Οὐ
1191 3808 1294 3884 γὰρ
1323 3805 1450 3863 δέκα
1481 3809 1646 3878 εἶπεν,
1680 3807 1804 3863 οὐδὲ
1836 3807 1980 3864 εἷ’κο-

397 3976 442 4011 ¹⁰
475 3971 694 4031 Catech.
730 3972 816 4024 12.
851 3984 909 4022 n.
959 3968 1045 4033 15,
1105 3972 1158 4019 et
1187 3972 1294 4022 cat.
1350 3967 1436 4032 11,
1472 3981 1532 4019 n.
1566 3967 1655 4019 23.
1732 3964 1776 4000 “
1821 3966 1970 4022 Psal.

2081 3984 2216 4034 τινι,
2269 3969 2357 4020 20.
2437 3963 2484 4000 ¹²
2539 3963 2644 4019 Job
2699 3981 2778 4034 1x,
2811 3966 2864 4018 8.
2943 3964 2987 4000 ¹⁸
3017 3966 3136 4020 Cat.
3200 3965 3288 4035 11,
3349 3981 3410 4022 n.

330 4053 416 4116 10,
451 4063 511 4103 n.
549 4047 634 4098 13.
701 4039 941 4116 λέξεαι.
963 4054 1161 4116 _xxx1v,
1193 4041 1292 4116 20._
1363 4035 1410 4116 ίξ
1439 4036 1591 4116 Psal.
1620 4053 1859 4116 _xxx_vn,
1913 4043 1998 4096 12.

695 4112 819 4152 19.20
849 4109 1003 4165 Psal.
1065 4123 1212 4177 cvm,
1276 4109 1324 4176 1,
1383 4111 1435 4163 2-

326 4137 468 4184 xxn,
501 4118 588 4171 48.

914 4181 961 4215 ³⁵
992 4180 1132 4235 ibid.

326 4192 375 4226 "
404 4190 575 4245 Zach.
610 4203 690 4251 χι,
724 4187 810 4238 12.

1541 4107 1585 4144 ²¹
1620 4109 1821 4165 Matth.
1880 4127 2034 4181 xxvx,
2065 4112 2155 4168 47.
2232 4109 2280 4143 ²²
2306 4111 2367 4164 in
2401 4108 2632 4164 homilia
2686 4107 2947 4178 quadam.

2069 591 2308 661 quidem
2342 592 2388 626 ¹⁰
2417 595 2760 651 testimonia
2788 596 3067 668 accepisti
3091 597 3162 652 de
3189 597 3444 654 adventu
3469 601 3623 656 Jesu.
3649 604 3719 656 Et

2070 681 2226 751 quod
2268 699 2445 754 super
2503 685 2650 740 mari
2698 685 3039 753 ambularit,
3088 687 3175 759 (In
3205 689 3352 742 mari
3409 689 3569 745 enim
3624 690 3720 746 via

2069 775 2164 824 tua
2195 769 2286 839 ¹¹,)
2317 773 2601 844 scriptum
2641 778 2747 840 est,
2800 775 2818 846 [
2848 774 3154 830 Ambulans
3196 792 3360 846 super
3388 781 3554 846 mari,
3588 783 3717 833 tan-

2068 875 2233 929 quam
2262 877 2426 930 super
2454 861 2566 916 solo
2589 863 2650 928 ¹¹,
2671 862 2689 932 ]
2707 867 2766 916 et
2793 862 2865 917 de
2887 863 3136 919 diversis
3166 866 3574 922 curationibus
3604 868 3718 922 ali-

2068 946 2128 1002 bi
2161 947 2204 982 ¹³
2232 949 2638 1004 testimonium
2670 950 2823 1005 188
2864 952 3167 1023 accepisti.
3220 954 3510 1025 Incipiam
3543 955 3721 1028 igitur

2068 1036 2226 1091 unde
2257 1037 2450 1108 passio
2479 1054 2688 1094 exorsa
2704 1045 2794 1094 est
2813 1056 2825 1094 :
2846 1041 3023 1096 Judas
3045 1041 3157 1096 fuit
3177 1042 3463 1114 proditor,
3498 1044 3718 1116 quique

2070 1141 2141 1180 ex
2170 1125 2413 1181 adverso
2442 1127 2605 1181 venit
2634 1133 2692 1182 et
2722 1130 2904 1197 stetit,
2936 1130 3186 1200 paciﬁca
3207 1131 3457 1203 loquens
3479 1132 3548 1202 “,
3575 1133 3715 1188 dum

2069 1213 2311 1270 hostilia
2357 1215 2733 1272 moliebatur.
2791 1218 2943 1273 Dicit
2976 1219 3155 1291 igitur
3203 1221 3276 1275 de
3328 1238 3397 1276 eo
3451 1223 3713 1278 Psaltes:

2069 1325 2099 1353 ι(
2130 1305 2318 1359 Amici
2343 1305 2458 1360 mei
2482 1311 2541 1360 et
2568 1307 2820 1378 proximi
2844 1308 2960 1362 mei
2983 1324 3053 1362 ex
3069 1308 3311 1365 adverso
3333 1311 3479 1366 mihi
3501 1328 3713 1385 appro-

2069 1415 2099 1443 ‹‹
2131 1394 2586 1464 pinquaverunt,
2620 1401 2677 1449 et
2702 1400 2994 1452 steterunt
3013 1396 3077 1452 ¹⁵.
3103 1401 3444 1470 Rursumque
3469 1417 3481 1454 :
3506 1401 3712 1456 Molliti

2070 1504 2098 1532 «
2131 1488 2271 1537 sunt
2292 1500 2599 1538 sermones
2631 1501 2836 1540 eorum
2877 1503 3056 1557 super
3085 1486 3302 1555 oleum,
3337 1494 3394 1543 et
3437 1489 3549 1560 ipsi
3578 1497 3718 1545 sunt

2071 1594 2097 1622 α
2116 1571 2318 1643 jacula
2346 1573 2406 1628 ¹⁶.
2442 1572 2626 1639 Salve,
2662 1573 2846 1628 Rabbi
2871 1573 2932 1628 ‘7.
2971 1596 2999 1623 »
3041 1575 3227 1630 Simul
3260 1576 3502 1631 tradidit
3531 1580 3713 1651 magi-

2069 1664 2256 1715 strum
2281 1661 2340 1714 in
2361 1666 2611 1715 mortem
2639 1678 2651 1715 :
2675 1678 2784 1716 nec
2803 1662 3092 1718 reveritus
3118 1668 3208 1718 est
3236 1663 3711 1723 admonitionem

2067 1746 2555 1818 dicentiszJuda,
2616 1749 2797 1804 osculo
2856 1751 3058 1804 Filium
3123 1750 3359 1806 hominis
3413 1753 3656 1807 tradis"
3686 1753 3713 1807 ?

2066 1834 2240 1901 Illum
2275 1836 2431 1890 enim
2465 1836 2557 1889 his
2588 1837 2758 1907 quasi
2799 1837 2994 1894 verbis
3022 1838 3457 1910 compellabat:
3489 1841 3591 1895 Tui
3621 1841 3712 1914 ip-

2065 1933 2187 1988 sius
2217 1933 2478 1988 nominis
2500 1935 2811 1990 recordare
2838 1951 2850 1988 :
2882 1935 3472 2010 Judaslconfessionem
3497 1945 3668 1996 sonat
3695 1957 3707 1995 :

2064 2028 2272 2094 pactus
2290 2041 2373 2094 es,
2414 2029 2723 2095 argentum
2761 2026 3064 2096 accepisti,
3093 2024 3256 2081 ocius
3295 2027 3579 2084 confitere
3604 2050 3631 2080 ι(
3663 2030 3707 2086 Ο

2071 2133 2098 2164 ι
2118 2115 2293 2182 Deus,
2317 2113 2554 2168 laudem
2574 2131 2765 2170 meam
2789 2132 2865 2170 ne
2897 2116 3172 2184 tacueris,
3199 2116 3340 2188 quia
3360 2133 3425 2173 os
3449 2123 3716 2189 peccato-

2069 2204 2203 2258 «ris
2254 2209 2312 2257 et
2359 2221 2424 2258 os
2473 2203 2663 2258 dolosi
2707 2220 2885 2275 super
2924 2220 3019 2259 me
3049 2211 3321 2276 apertum
3355 2211 3486 2275 est;
3538 2206 3719 2262 locuti

2070 2315 2098 2344 «
2125 2298 2263 2347 sunt
2284 2298 2490 2347 contra
2519 2309 2612 2348 me
2642 2293 2845 2364 lingua
2865 2293 3075 2350 dolosa
3097 2299 3156 2349 et
3195 2295 3572 2351 sermonibus
3597 2295 3717 2351 odii

2072 2381 2639 2436 «circumdederunt
2662 2398 2754 2436 me
2780 2381 2913 2439 "-20.
2942 2403 2969 2432 »
3018 2382 3181 2448 Quod
3223 2388 3424 2439 autem
3472 2384 3717 2456 quidam

2073 2471 2252 2526 etiam
2270 2487 2303 2525 a
2320 2470 2689 2541 principibus
2712 2471 3086 2528 sacerdotum
3100 2472 3400 2528 aderant"
3413 2515 3427 2542 ,
3446 2474 3721 2545 quodque

2074 2566 2210 2616 ante
2234 2560 2388 2614 fores
2414 2560 2665 2615 civitatis
2687 2559 2954 2632 (injecta)
2988 2565 3127 2616 sunt
3158 2562 3413 2630 vincula,
3447 2562 3722 2618 audivisti

2075 2667 2268 2721 nuper
2298 2650 2383 2703 ’3:
2419 2649 2466 2703 si
2525 2654 2724 2704 tamen
2776 2654 2978 2705 mente
3007 2651 3230 2706 retines
3291 2651 3722 2723 expositionem

2075 2738 2290 2812 psalmi
2352 2743 2584 2809 tempus
2643 2743 2700 2791 et
2756 2737 2953 2792 locum
3011 2739 3391 2811 assignantis,
3427 2739 3724 2811 quomodo

2083 2852 2103 2879 ι
2130 2829 2405 2884 Conversi
2440 2832 2580 2882 sunt
2608 2828 2682 2882 ad
2710 2843 3035 2899 vesperam,
3062 2832 3120 2883 et
3148 2827 3366 2884 famem
3397 2829 3557 2900 passi
3586 2834 3727 2885 sunt

2079 2939 2107 2969 (ι
2140 2923 2208 2972 ut
2236 2933 2434 2982 canes,
2468 2921 2529 2970 et
2556 2916 3081 2972 circumdederunt
3100 2917 3398 2973 civitatem
3419 2918 3484 2974 ”.
3519 2941 3548 2969 ››

2149 3007 2217 3061 Χ.
2252 3004 2408 3059 Audi
2439 3004 2616 3077 igitur
2636 3008 2696 3058 et
2743 3004 2816 3058 de
2866 3005 3107 3078 triginta
3127 3006 3444 3078 argenteis.
3467 3007 3726 3065 Etdicam

2081 3096 2362 3165 adipsos:
2392 3095 2454 3150 Si
2512 3094 2709 3149 bonum
2752 3095 2902 3149 vobis
2951 3093 3192 3164 videtur,
3253 3096 3381 3152 date
3435 3098 3734 3154 mercedem

2087 3202 2282 3247 meam,
2316 3190 2412 3238 aut
2441 3184 2708 3252 abnegate
2730 3184 2795 3239 ³⁸.
2834 3188 2892 3238 et
2918 3200 3049 3254 qua)
3081 3190 3432 3256 sequuntur.
3464 3186 3597 3242 Alia
3624 3187 3730 3242 mi-

2784 3235 2795 3239 -
2841 3235 2888 3238 --
2926 3235 3044 3254 γ--
3081 3235 3431 3256 --ιη---η
3464 3235 3597 3242 -----
3624 3235 3705 3242 --

2003 3235 2050 3299 C
2089 3274 2216 3329 hia
2244 3272 2408 3327 vobis
2471 3271 2718 3328 debetur
2776 3288 3004 3328 merces
3047 3274 3373 3331 curationis
3422 3292 3736 3345 caecorum,

2085 3362 2556 3432 claudorumque
2586 3379 2600 3429 ;
2634 3366 2692 3416 et
2718 3361 2898 3416 aliam
2951 3363 3174 3435 accipio
3205 3380 3218 3418 :
3268 3380 3372 3436 pro
3405 3365 3738 3438 gratiarum

2088 3453 2342 3518 actione,
2377 3451 2836 3518 contumeliam;
2875 3468 2981 3523 pro
3013 3451 3378 3522 adoratione,
3425 3454 3729 3527 injuriam.

2089 3545 2262 3599 Vides
2284 3542 2583 3614 quomodo
2609 3543 2909 3614 Scriptura
2925 3543 3124 3599 futura
3169 3547 3459 3617 praanovit
3482 3563 3494 3600 :
3524 3549 3596 3602 Et
3617 3554 3734 3604 sta-

2090 3640 2312 3689 tuerunt
2333 3632 2628 3686 mercedem
2674 3648 2848 3687 meam
2895 3634 3127 3703 triginta
3146 3641 3433 3704 argenteos
3452 3635 3516 3691 ³⁸.
3545 3637 3589 3692 Ο
3612 3653 3742 3708 pro-

2089 3723 2282 3796 phetas
2303 3737 2640 3776 sermonem
2669 3720 2742 3776 ad
2765 3722 3052 3777 amussim
3079 3727 3351 3778 exactum
3380 3723 3392 3778 ι
3426 3742 3459 3779 o
3489 3724 3739 3781 multam

2088 3831 2198 3870 nec
2231 3815 2530 3866 errantem
2555 3810 2806 3882 Spiritus
2855 3811 3043 3866 sancti
3085 3809 3579 3884 intelligentiam!
3614 3815 3740 3869 Non

3477 3969 3564 4031 12,
3631 3975 3742 4025 cat.

2709 4036 2752 4070 1⁷
2812 4037 3013 4091 Matth.
3066 4052 3254 4104 xxxvn,
3311 4039 3400 4092 49.
3506 4037 3552 4073 ³⁸
3605 4039 3741 4095 Luc.

3053 4108 3098 4144 ³³
3128 4108 3284 4164 Psal.
3338 4125 3492 4180 mu,
3542 4112 3596 4178 Ἰ,
3655 4114 3741 4166 1ὃ.

2106 4039 2148 4076 ¹⁶
2178 4037 2332 4099 Psal.
2365 4053 2480 4100 xxv,
2511 4038 2602 4090 22.

401 4348 476 4418 (1)
519 4341 860 4418 Περ-ιπατῶν,
923 4341 1034 4418 etc.
1096 4335 1261 4418 lianc
1319 4334 1628 4416 scripturae
1663 4334 1884 4418 "locum
1919 4352 1987 4391 ex
2017 4337 2064 4402 D
2095 4339 2187 4392 rat
2214 4335 2277 4418 in
2309 4333 2556 4418 homilia
2585 4331 2842 4418 quadam
2875 4332 3281 4405 superioribus
3311 4331 3520 4389 diebus
3549 4333 3612 4389 in
3645 4351 3738 4406 sy-

331 4406 762 4475 sola'Gro'decii
795 4406 1066 4464 versione
1097 4406 1192 4461 hic
1229 4406 1618 4478 inseruimusi.
1663 4407 1978 4478 Scripsisse

331 4489 640 4562 Cyrillum,
670 4488 734 4537 ut
758 4499 864 4562 nos
883 4479 1274 4562 restituimus,
1298 4477 1468 4562 facile
1485 4477 1770 4548 probatur
1791 4477 1807 4545 ξ
1831 4479 1989 4562 quod

333 4548 401 4618 eo
432 4559 560 4616 Jobi
593 4548 721 4612 loco
755 4553 1039 4617 detracto,
1089 4549 1332 4604 verbum
1388 4548 1686 4621 γέγραπται
1721 4548 1988 4620 pendens

331 4630 716 4701 relinquitur.
751 4628 1054 4701 Praeterea
1074 4622 1272 4701 locum
1304 4621 1621 4701 scriptura:
1646 4621 1757 4701 hoc
1789 4621 1862 4701 de_
1883 4638 1987 4701 ar—

336 4693 617 4779 gumento
652 4716 712 4754 se
746 4694 1152 4779 superioribus
1178 4693 1988 4779 catec‘liesi‘buslcitass‘e‘in‘si-

333 4764 500 4833 fluat.
552 4775 737 4826 Istum
775 4764 972 4823 autem
1002 4765 1128 4820 Jobi
1159 4764 1360 4818 citavit
1389 4770 1500 4818 cat.
1557 4767 1640 4832 11,
1676 4782 1736 4820 n.
1771 4767 1859 4819 23.
1893 4765 1985 4818 Al-

335 4856 531 4905 terum
566 4859 721 4908 vero,
757 4842 818 4893 In
850 4840 991 4893 mari
1021 4840 1112 4891 via
1143 4836 1477 4908 tua.palam
1503 4835 1574 4890 ab
1608 4852 1675 4890 eo
1719 4853 1825 4908 per
1871 4853 1984 4908 pa-

334 4915 664 4977 renthesim
697 4911 870 4980 interj
882 4915 1096 4973 ectum,
1132 4907 1346 4980 nullibi
1370 4907 1660 4979 allegavit.

405 4993 481 5060 (2)
517 4982 722 5043 Ἰούδας
747 4977 1006 5049 ἦνῘΗδη
1037 4980 1107 5033 de
1137 4978 1298 5033 Judaa
1330 4977 1667 5049 proditione
1707 4977 1988 5033 exscribit

519 5077 606 5113 US.

337 5065 606 5120 Ruﬁnus.
1732 5120 1742 5130 ο
1901 5119 1912 5130 .

407 5135 485 5205 (3)
512 5126 846 5205 Ἑλάλησαν.
897 5121 1070 5205 Editi,
1119 5120 1209 5205 καὶ
1257 5116 1557 5205 ἐλάλῖησαν.
1605 5121 1983 5201 Οοῐῃιιῃριιο-

336 5191 498 5273 ηέπί,
535 5217 666 5273 qua}
698 5191 758 5251 in
791 5194 1312 5273 psalmi-cpntextu
1350 5193 1536 5273 abest,
1591 5191 1985 5273 exﬁpunximus

338 5264 1126 5347 auctoritate-wild:poislu
1160 5267 1279 5347 Reg
1307 5305 1322 5344 ,
1356 5264 1608 5347 Colliget
1639 5264 1731 5347 Gr.
1771 5329 1796 5347 υ

410 5350 484 5416 (4)
514 5349 634 5400 Ὅτι
667 5339 746 5416 δὲ.
761 5336 1272 5416 _Particu1am_:_wuf1
1303 5335 1570 5416 in‘editis
1602 5332 1984 5416 anteiri-po-

339 5403 536 5483 sitam,
562 5411 932 5475 sustulimus,
957 5425 1026 5483 ex
1044 5407 1208 5483 codd.
1234 5406 1432 5483 Cois.l.,
1459 5409 1575 5483 Reg
1607 5446 1619 5466 ,
1644 5404 1808 5483 Colb.
1843 5406 1982 5483 μου,

339 5473 567 5547 ἆεεαυῖ)
591 5505 605 5546 ς
633 5491 692 5540 at
713 5487 848 5554 Reg.
885 5473 1126 5554 et_Goisl
1180 5480 1308 5533 loco
1341 5473 1732 5554 {inscriptum
1766 5474 1987 5554 habent

342 5546 408 5617 εἷ.
445 5560 628 5616 Paulo
659 5546 825 5627 post:
847 5552 1080 5627 turbata
1118 5550 1479 5627 constructio
1507 5546 1590 5627 sic
1626 5547 1745 5627 legi
1767 5546 1944 5627 debet
1970 5564 1982 5600 :

341 5615 529 5705 stan
544 5615 914 5705 μονεύειςτῇς
964 5619 1284 5705 ,ἐξηγήσεως
1311 5623 1406 5673 τοῦ
1435 5618 1656 5705 φαυλμοῦ
1685 5615 1986 5705 ἐθρηκότος

339 5689 434 5761 τὸκῖ
463 5689 651 5773 κάίρὸν
684 5697 775 5752 καὶ
803 5689 894 5750 τὸν
916 5689 1104 5750 τόπον.
1126 5695 1288 5751 Hanc
1319 5689 1982 5766 expositionemattule-

2092 4407 2230 4464 naxi
2263 4405 2668 4478 pronuntiata.

2589 4471 2969 4564 ptaedv'pou‘.
3021 4474 3426 4564 Coddigqisl.
3455 4480 3520 4564 et
3572 4478 3736 4564 llegz,

2093 4543 2226 4603 δότε
2245 4543 2642 4621 στήσαντες-τὸν
2669 4543 2884 4621 μιοθ-όν,
2909 4551 3043 4616 etc.,
3075 4545 3577 4621 quemadmodum
3600 4543 3737 4621 legi-

2089 4626 2187 4676 tur
2220 4623 2279 4676 in
2310 4616 2450 4675 mss.
2487 4616 2910 4689 Alexandrino,
2944 4623 3003 4672 et
3032 4616 3189 4689 apud
3213 4618 3388 4688 Cyril.
3426 4618 3591 4673 Alex.

2165 4694 2238 4764 (6)
2274 4689 2609 4764 'Artluvoﬁg
2638 4688 2970 4764 Dvaépuch,
3029 4688 3139 4764 etc.
3176 4690 3250 4764 _I_l;
3310 4689 3480 4764 codd.
3514 4691 3634 4764 Roe
3683 4694 3742 4744 et

2092 4756 2340 4821 Casaub.
2373 4769 2432 4818 et
2462 4763 2615 4818 Grod
2647 4803 2660 4829 ,
2692 4756 2789 4814 καί
2832 4756 3132 4821 ἀπλανοῦς.
3175 4759 3330 4816 Illud
3360 4756 3638 4821 απλανοῦς
3671 4778 3739 4816 ex

2089 4834 2293 4908 Cyrilli
2318 4835 2468 4908 style
2497 4850 2617 4908 n_0_n
2650 4828 2741 4887 ad
2776 4828 3105 4908 illveépiaroc
3161 4830 3340 4908 ἁγίου,
3365 4832 3468 4908 sed
3499 4839 3560 4888 at
3588 4830 3741 4908 συνέ-

2091 4901 2225 4988 etiam
2252 4901 2466 4988 referri
2485 4904 2741 4988 ividetur‘.
2773 4907 2842 4984 _In
2881 4903 3056 4988 Coisl.
3118 4908 3177 4958 et
3207 4901 3369 4988 'Reg:
3402 4904 3532 4959 loco
3579 4901 3740 4988 ᾁγίου

2090 4978 2342 5052 habetur
2373 4974 2579 5052 σοφίας.
2613 4977 2693 5029 Ex
2723 4975 2817 5029 his
2848 4973 3125 5052 omnibus
3156 4973 3366 5052 conﬁci
3397 4982 3598 5052 posset
3625 4973 3739 5052 ista

2089 5049 2264 5120 lectio
2295 5041 2580 5120 perquam
2613 5045 2960 5120 commoda:
2994 5048 3062 5120 νῼ
3092 5041 3310 5120 πολλῆς
3358 5041 3618 5110 caveam
3646 5047 3736 5101 καὶ

2089 5113 2363 5182 ἀπλανοῦς
2392 5113 2701 5190 [Ῐνεύματος
2728 5113 3106 5192 ἁγίου-σοφίας
3130 5116 3143 5172 l
3177 5118 3220 5173 0
3247 5113 3549 5192 mamimam
3571 5121 3737 5174 intel-

2091 5194 2398 5279 ligentiam,
2431 5198 2482 5279 εἰ
2512 5189 2848 5279 ἱηεζναηιὲπξ
2876 5189 3119 5279 Spiritus
3158 5190 3337 5270 sancti
3364 5192 3690 5279 sapientiam

2091 5255 2237 5330 Mvox,
2271 5255 2400 5335 loco
2443 5255 2701 5335 ἀκριϐᾣς,
2761 5259 2849 5314 καὶ
2905 5255 3004 5335 δ’-σα
3052 5259 3143 5335 iv,
3193 5260 3262 5335 in
3296 5255 3493 5335 __cod'd.
3527 5264 3646 5335 Boe
3677 5269 3737 5317 et

2088 5329 2335 5423 pasaétib.
2385 5329 2597 5423 legitur
2643 5334 2753 5423 hpc
2798 5331 3026 5423 rmodo':
3056 5330 3208 5423 ᾜπεὶ
3263 5329 3354 5384 οὗν
3412 5332 3737 5423 προείρηκα,

2089 5401 2348 5481 ἀκριϐῶς,
2379 5401 2471 5481 καῖ
2495 5403 2641 5481 γπόσα
2669 5403 3059 5481 ἦνε-Οιιαῃάολ,
3080 5405 3257 5474 igitur
3309 5401 3738 5481 a_ccurate_'pr_ae—

2089 5474 2232 5545 diari,
2249 5478 2458 5549 etquod
2473 5475 2903 5549 fuerunt_._Hanc
2926 5475 3242 5531 lectionem
3266 5477 3348 5530 uti
3375 5474 3710 5549 emendatio

2088 5567 2227 5606 nem
2251 5545 2898 5622 commendatMilesius
2925 5563 2936 5600 :
2959 5563 3090 5616 quas
3113 5554 3310 5622 tamen
3331 5552 3397 5600 ut
3413 5545 3486 5600 ad
3509 5549 3727 5622 textum

2089 5623 2427 5694 quadraret,
2462 5618 2779 5694 legendum
2807 5613 3356 5692 ἲοινθιξπροείρηχας,
3381 5613 3726 5685 ρνκάἰατιέιὶ.

2163 4481 2238 4548 (5)
2264 4476 2398 4530 Ἁότε
2442 4478 2534 4530 τόν
