4118 6264
326 407 448 468 789

910 404 1390 467 CATECHESIS
1433 404 1596 467 XIII.
1645 403 1750 466 DE
1789 403 2125 466 CHRISTO
2168 405 2591 468 CRUCIFIXO
2633 407 2734 468 ET
2781 405 3166 471 SEPULTO.

3632 408 3752 470 790

327 541 398 611 τῇ
429 540 588 612 ψυχῇ
626 535 824 604 αὐτῶν,
877 535 960 590 ὅτι
1021 529 1411 608 βεϐούλευνται
1469 539 1540 606 (1)
1604 534 1810 609 βουλὴν
1869 554 1959 588 πο·

2088 551 2232 604 rum,
2293 539 2426 607 quia
2483 539 2866 595 consultarunt
2917 539 3206 596 consilium
3254 557 3494 612 pravum
3554 546 3748 598 contra

327 626 498 701 νηράν
531 627 648 680 καθ’
709 625 928 692 ἑαυτῶν,
990 623 1254 686 εἰπόντες·
1317 626 1581 697 Δήσωμεν
1609 624 1701 679 τὸν
1739 621 1975 692 δίκαιον,

327 717 410 772 ὅτι
445 713 793 789 δύσχρηστος
821 717 957 787 ἡμῖν
989 712 1122 772 ἐστι.
1158 712 1256 768 Καὶ
1287 713 1529 783 ἀληθῶς,
1573 712 1707 770 Οὐαὶ
1737 717 1805 787 τῇ
1864 717 1976 788 ψυ-

327 809 405 881 χῇ
433 804 634 860 αὐτῶν
666 807 756 859 καί
792 801 1104 879 βλέπωμεν.
1157 803 1382 864 Ἦσαῒας
1445 803 1540 874 μὲν
1573 801 1824 876 ἐπρίσθη,
1884 805 1975 858 καὶ

325 894 656 969 ἐθεραπεύθη
687 893 823 966 μετά
849 897 1017 948 ταῦτα
1044 894 1072 948 6
1105 891 1258 956 λαός.
1291 893 1554 966 Ἱερεμίας
1595 891 1670 954 εἰς
1705 887 1973 968 βόρϐορον

325 982 532 1039 λάκκου
563 977 856 1052 ἐνεϐλήθη,
889 979 1016 1036 ἀλλ’
1041 979 1186 1052 ῗιάθη
1211 984 1318 1036 τῶν
1339 978 1614 1038 Ἰουδαίων
1646 982 1708 1035 τὸ
1736 985 1972 1056 τραῦμα·

329 1073 652 1147 μικρότερον
689 1071 792 1146 γὰρ
823 1072 916 1142 ἦν,
947 1068 1137 1141 ἐπειδή
1172 1070 1245 1132 εἷς
1295 1069 1602 1146 ἄνθρωπον.
1658 1067 1884 1140 Ἐπειδὴ
1919 1068 1976 1127 δὲ

327 1161 426 1218 οὐκ
488 1162 566 1224 εἰς
621 1159 932 1236 ἄνθρωπον,
989 1159 1115 1216 ἀλλ’
1172 1159 1248 1221 εἷς
1305 1161 1434 1216 Θεὸν
1494 1159 1976 1234 ἐνανθρωπήσαντα

323 1249 572 1325 ἥμαρτον
606 1248 884 1318 Ἰουδαῖοι,
918 1249 1053 1308 Οὐαὶ
1083 1252 1152 1322 τῇ
1187 1253 1342 1324 ψυχῇ
1374 1248 1568 1306 αὐτῶν.
1602 1281 1668 1291 -
1709 1251 1970 1322 Δήσωμεν

320 1342 414 1396 τὸν
473 1339 704 1397 δίκαιον.
763 1341 905 1414 Ἀρά
953 1339 1052 1394 οὐκ
1102 1336 1319 1394 ἐδύνατο
1378 1336 1536 1394 λῦσαι
1595 1339 1802 1409 ἑαυτὸν,
1864 1337 1975 1413 ἐρεῖ

319 1452 429 1496 τις,
465 1431 492 1484 6
525 1429 690 1491 λύσας
723 1428 782 1484 ἐκ
814 1426 1028 1501 δεσμῶν
1093 1429 1326 1492 θανάτου
1383 1429 1754 1503 τετραήμερον
1789 1429 1972 1497 Λάζα-

324 1541 441 1596 ρον,
474 1519 561 1574 καὶ
586 1517 790 1593 ΙΙέτρον
815 1517 874 1572 ἐκ
904 1515 1116 1590 δεσμῶν
1159 1515 1426 1592 σιδηρέων
1459 1516 1707 1594 φυλακῆς
1757 1514 1924 1580 λύσας
1955 1536 1968 1587 ;

319 1612 579 1682 Ἐτοιμοι
612 1609 1064 1684 παρειστήκεισαν
1119 1606 1343 1683 ἄγγελοι
1404 1605 1671 1683 λέγοντες·
1733 1605 1972 1684 Διαρρή-

2087 627 2309 696 seipsos,
2341 627 2613 684 dicentes:
2672 631 2928 698 Ligemus
2975 630 3213 699 justum,
3259 633 3395 700 quia
3443 632 3744 686 incommo-

2086 714 2188 771 dus
2213 721 2288 770 est
2315 716 2538 771 nobis".
2581 718 2724 772 Vere
2756 719 3064 782 omnnino,
3114 719 3203 773 ινω
3235 720 3432 775 animo:
3462 721 3737 790 ipsorum;

2087 804 2264 876 idque
2305 805 2627 862 videamus.
2660 807 2844 863 Isaias
2874 806 3118 878 quidem
3157 813 3353 863 sectus
3403 813 3512 874 est,
3545 816 3604 864 et
3631 826 3736 882 po-

2085 896 2262 967 pulus
2290 903 2496 968 postea
2524 904 2765 955 senatus
2795 904 2905 955 est.
2936 899 3221 956 Jeremias
3271 900 3333 955 in
3361 917 3594 956 caenum
3623 901 3737 956 laci

2085 985 2351 1058 dejectus
2380 986 2465 1042 3‘:
2519 1004 2722 1044 verum
2774 994 3044 1044 curatum
3087 994 3178 1044 est
3233 990 3346 1045 hoc
3401 989 3737 1046 Judaaorum

2083 1073 2334 1142 vulnus;
2369 1076 2546 1146 quod,
2580 1094 2716 1132 cum
2748 1077 2808 1132 in
2838 1078 3141 1133 hominem
3166 1083 3478 1150 peccatum
3502 1078 3736 1148 fuisset,

2084 1161 2270 1218 levius
2303 1169 2447 1220 erat.
2491 1166 2572 1220 Ex
2603 1181 2719 1237 quo
2746 1182 2882 1221 vero
2915 1183 3036 1222 non
3067 1167 3128 1221 in
3178 1167 3506 1235 hominem,
3541 1167 3644 1222 sed
3677 1168 3737 1222 in

2085 1253 2268 1307 Deum
2300 1253 2754 1310 inhumanatum
2794 1261 3117 1328 peccarunt
3161 1256 3370 1324 Judaai,
3409 1258 3504 1312 Vm
3535 1259 3734 1312 animos

2083 1357 2288 1396 eorum.
2307 1372 2374 1382 —
2387 1344 2638 1412 Ligemus
2639 1345 2878 1413 justum.
2903 1345 3620 1418 Nonne,inquietaliquis,
3641 1364 3702 1402 se
3716 1379 3736 1388 -

2081 1428 2277 1500 ipsum
2299 1429 2522 1486 solvere
2540 1437 2791 1502 poterat,
2826 1433 2926 1504 qui
2955 1432 3420 1504 quatriduanum
3453 1434 3732 1490 Lazarum

2079 1517 2331 1573 vinculis
2354 1519 2561 1574 mortis
2574 1520 2902 1590 exsolvit“,
2928 1523 3288 1593 Petrumque
3311 1523 3518 1578 ferreis
3533 1540 3730 1578 carce-

2079 1607 2162 1661 ris
2192 1607 2416 1662 catenis
2449 1607 2730 1663 exemit”
2755 1609 2767 1664 ι
2802 1609 2997 1665 Parati
3028 1609 3279 1666 aderant
3302 1610 3499 1682 angeli
3522 1611 3727 1666 dicen-

2081 1701 2206 1753 tes:
2241 1697 2654 1767 Disrumpamus
2699 1700 2920 1754 vincula
2968 1715 3154 1754 eorum
3184 1697 3253 1767 ³⁸,
3296 1715 3499 1754 verum
3541 1700 3724 1755 absti-

2078 1790 2226 1840 nent
2253 1785 2390 1851 vim,
2451 1787 2734 1857 quoniam
2781 1787 2843 1842 id
2901 1789 3149 1844 suﬂ'erre
3178 1787 3365 1843 voluit
3415 1789 3722 1848 Dominus.

322 1701 500 1772 ξωμεν
557 1697 686 1759 τοὺς
743 1696 976 1770 δεσμοὺς
1038 1695 1235 1752 αὐτῶν·
1297 1695 1444 1752 ἀλλά
1509 1697 1821 1772 ἀνέχονται,
1882 1694 1972 1753 διὰ

321 1788 384 1843 τὸ
413 1787 588 1842 θὲλειν
619 1788 909 1860 ὑπομεῖναι
939 1790 1100 1841 τοῦτο
1131 1787 1220 1840 τὸν
1281 1784 1576 1856 Δεσπότην.
1611 1783 1784 1840 Πάλιν
1813 1783 1965 1862 ⁴ἤχθη

323 1877 410 1932 ἐπὶ
442 1871 820 1952 πρεσϐυτέρων
856 1873 935 1938 εἲς
966 1877 1268 1951 κριτήριον.
1300 1877 1488 1950 Ἐχεις
1515 1871 1625 1946 ἤδη
1669 1876 1769 1945 τὴν
1828 1896 1959 1950 μαρ-

2077 1874 2297 1929 ltcrum
2330 1875 2654 1946 productus
2710 1882 2800 1932 est
2855 1893 3056 1933 coram
3115 1877 3448 1932 senioribus
3476 1877 3538 1932 in
3561 1877 3724 1949 judi-

322 1967 534 2042 1uplav'
599 1965 772 2026 Αὐτὸς
853 1964 1050 2039 Κύριος
1105 1964 1182 2026 εἷς
1239 1963 1418 2038 κρίσιν
1490 1961 1606 2036 ἥξει
1669 1963 1804 2037 μετά
1857 1969 1959 2020 τῶν

2076 1964 2233 2019 cium
2268 1963 2338 2019 ³³.
2369 1966 2496 2020 Jam
2526 1965 2709 2022 habes
2732 1965 3178 2022 testimonium:
3215 1987 3240 2018 ι
3275 1968 3408 2038 Ipse
3439 1967 3724 2022 Dominus

318 2051 701 2130 πρεσϐυτέρων
757 2059 858 2110 τοῦ
917 2052 1075 2125 λαοῦ,
1145 2052 1236 2108 καὶ
1303 2053 1436 2127 μετὰ
1514 2057 1620 2108 τῶν
1679 2053 1959 2131 ἀρχόντων

2073 2075 2103 2104 ‹‹
2135 2054 2197 2110 in
2221 2055 2520 2128 judicium
2571 2056 2770 2112 veniet
2824 2074 2960 2112 cum
3017 2055 3351 2113 senioribus
3407 2057 3634 2131 populi,
3667 2063 3727 2112 et

316 2146 500 2201 αὐτοῦ.

2073 2164 2102 2194 ‹‹
2135 2159 2272 2199 cum
2303 2144 2674 2216 principibus
2706 2145 2834 2217 ejus
2864 2146 2930 2201 ω.

393 2236 487 2291 ll".
551 2231 725 2290 Ἀλλὰ
780 2231 1056 2308 ἐρωτήσας
1118 2231 1145 2286 6
1205 2229 1514 2308 ἀρχιερεὺς,
1573 2231 1664 2286 καὶ
1734 2230 1959 2296 ἀκούσας

2143 2233 2292 2288 ΧΙΙΙ.
2327 2233 2370 2269 ⁴¹
2416 2233 2526 2290 Sed
2575 2234 2947 2308 interrogans
2994 2233 3273 2307 princeps
3322 2235 3719 2304 sacerdotum,

315 2325 416 2394 τήν
450 2321 737 2394 ἀλήθειαν,
773 2323 1080 2396 ἀγανακτεῖ.
1110 2320 1208 2374 Καὶ
1239 2321 1267 2375 6
1315 2321 1481 2384 κακὸς
1511 2324 1694 2376 κακῶν
1757 2322 1959 2396 ὑπηρέ-

2073 2322 2271 2378 audita
2300 2323 2544 2379 veritate
2574 2323 2919 2396 indignatur
2946 2323 3026 2380 ηε
3084 2329 3144 2379 et
3184 2323 3378 2379 malus
3424 2323 3718 2380 malorum

307 2434 413 2482 της
451 2415 528 2486 (2)
559 2409 748 2467 δίδωσι
782 2411 1050 2486 ῥάπισμαο
1082 2409 1173 2465 καὶ
1228 2409 1291 2465 τὸ
1349 2410 1667 2483 πρόσωπον,
1697 2410 1759 2466 16
1813 2409 1957 2486 λάμ-

2073 2413 2342 2469 minister
2371 2415 2605 2486 alapam
2663 2414 2896 2487 impigit
2940 2414 3025 2480 ⁴³;
3083 2414 3383 2486 faciesque
3431 2415 3555 2482 illa,
3585 2432 3716 2486 qua)

310 2507 414 2578 ψαν
448 2504 521 2565 ὡς
553 2505 579 2558 6
604 2500 996 2577 ἤλιθς,χερσὶν
1029 2502 1254 2574 ἀνόμοις
1283 2499 1646 2576 ῥαπιζόμενον
1675 2495 1954 2577 ἠνέσχετο.

2073 2505 2207 2560 olim
2239 2510 2305 2559 ut
2335 2504 2422 2558 sol
2444 2503 2897 2574 resplenduerat
2912 2502 3273 2573 “,manibus
3303 2503 3529 2575 iniquis
3545 2504 3712 2560 allidi

311 2593 413 2646 Καὶ
442 2590 605 2646 ἄλλοι
635 2590 884 2655 ἐλθόντες
913 2589 1212 2662 ἐμπτύουσι
1264 2594 1342 2662 τῷ
1380 2590 1684 2664 προσώπῳ,
1715 2594 1812 2646 τοῦ
1869 2587 1958 2647 διὰ

2073 2594 2367 2662 sustinuit;
2392 2594 2612 2665 aliique
2631 2593 2937 2649 venientes
2961 2593 3321 2666 inspuuntin
3341 2593 3568 2650 vultum
3583 2594 3712 2666 ejus

311 2681 554 2736 πτυελοῦ
611 2685 679 2753 (3)
725 2682 816 2736 τὸν
876 2680 936 2735 ἐκ
991 2685 1215 2756 γενετῆς
1269 2677 1476 2754 τυφλὸν
1507 2679 1953 2754 θεραπεύσαντος.

2073 2686 2163 2756 qui
2195 2703 2301 2757 per
2331 2691 2571 2756 sputum
2601 2701 2824 2741 caseum
2848 2689 3054 2741 natum
3084 2684 3456 2740 curavarat“.
3493 2706 3522 2735 «
3554 2685 3714 2741 Hcec-

306 2775 484 2826 Ταῦτα
542 2769 720 2844 Κυρίῳ
802 2767 1196 2826 ἀνταποδίδοτε
1251 2789 1266 2841 ;
1322 2767 1491 2832 Οὗτος
1551 2767 1684 2833 λαὸς
1743 2770 1952 2844 μωρὸς,

2073 2797 2090 2825 κ
2115 2775 2246 2830 cine
2263 2774 2509 2830 redditis
2526 2774 2816 2830 Domino?
2836 2775 2990 2830 I90
3009 2773 3110 2829 Hic
3131 2774 3385 2846 populus
3408 2773 3624 2830 stultus
3655 2780 3714 2828 et

301 2861 393 2916 καὶ
486 2860 615 2936 ούχῖ
676 2858 861 2939 σοφός.
952 2859 1050 2915 Καὶ
1111 2861 1139 2914 6
1178 2861 1468 2935 προφήτης
1551 2860 1949 2933 ἀποθαυμάζων

2073 2885 2092 2918 I
2108 2881 2230 2920 non
2254 2863 2558 2935 sapiens“.
2581 2885 2610 2913 »
2625 2864 3025 2935 Etprophetes
3041 2863 3345 2919 admirans
3364 2862 3510 2919 dicit
3531 2881 3588 2918 :«
3605 2863 3714 2918 Do-

300 2950 458 3023 φησί·
519 2950 710 3025 Κύριε,
770 2948 853 3012 τίς
913 2947 1194 3005 ἐπίστευσε
1236 2952 1306 3023 τῇ
1365 2949 1502 3023 ἀκοῇ
1559 2951 1767 3023 ἡμῶν;
1824 2950 1951 3004 ἄπι-

2073 2953 2419 3024 «mine,quis
2433 2952 3103 3024 crediditprsedicationi
3116 2952 3710 3008 nostrm“?»lncredi-

299 3061 425 3095 στον
444 3039 548 3116 γὰρ
578 3039 643 3095 τὸ
673 3045 924 3116 πρᾶγμα,
958 3039 1002 3093 εἰ
1036 3039 1164 3102 Θεὸς
1197 3041 1296 3112 (4),
1324 3042 1458 3095 Θεοῦ
1488 3039 1635 3111 Υἱὸς,
1666 3037 1755 3094 καὶ
1817 3039 1952 3114 βρα-

2073 3043 2194 3099 )ἰ1ἱε
2214 3043 2475 3116 profecto
2499 3059 2593 3098 res
2614 3043 2938 3110 est,Deum,
2962 3043 3064 3098 Dei
3084 3043 3298 3098 Filium
3321 3047 3380 3098 et
3399 3041 3712 3098 brachium

304 3132 447 3206 χίων
482 3128 704 3202 Κυρίου,
735 3133 903 3185 ταῦτα
944 3128 1227 3202 ὑπομένει.
1276 3126 1438 3185 Ἀλλ’
1465 3127 1554 3182 ’ἱνα
1615 3129 1690 3201 μή
1723 3129 1952 3198 ἀπιστή-

2073 3133 2338 3189 )οιιιίιιὶ⁴³
2368 3134 2484 3188 ista
2513 3132 2761 3204 perpeti.
2795 3131 2908 3188 Sed
2938 3149 3013 3188 ne
3043 3132 3104 3188 id
3143 3131 3386 3188 credere
3429 3137 3711 3188 recusent

305 3241 470 3275 σωσιν
503 3221 554 3275 οἱ
588 3220 918 3293 σωζόμενοι,
973 3218 1279 3296 προγράφει
1331 3218 1393 3273 τὸ
1447 3221 1667 3292 Πνεῦμα
1701 3217 1765 3273 τὸ
1797 3219 1944 3294 ἅγιον

308 3309 324 3330 9
557 3309 570 3330 Ι
718 3311 762 3330 υ
923 3313 950 3325 ν
1031 3309 1085 3330 \l
1139 3329 1147 3330 κ
1234 3329 1283 3330 κ.
1344 3307 1519 3330 Ιηῖκὶκ
1582 3308 1675 3330 ,_,\-
1747 3308 1761 3330 ς
1828 3307 1937 3330 ili,

2073 3223 2163 3295 qui
2193 3223 2335 3278 salvi
2363 3223 2534 3293 ﬁunt,
2583 3223 2696 3280 hoc
2725 3220 2998 3293 praedicit
3045 3221 3296 3294 Spiritus
3346 3227 3586 3278 sanctus
3639 3239 3712 3278 ex

305 3309 366 3365 ἐκ
393 3309 690 3385 προσώπου
718 3311 974 3385 Χριστοῦ,
1031 3309 1286 3384 λέγοντος
1341 3307 1521 3380 (αὐτὸς
1577 3308 1680 3383 γὰρ
1739 3308 1768 3362 6
1823 3307 1947 3363 τότε

2073 3326 2315 3382 persona
2343 3309 2578 3379 Christi,
2610 3308 2863 3364 dicentis
2911 3309 3062 3381 (ipse
3108 3308 3269 3364 enim
3317 3307 3420 3380 qui
3467 3313 3610 3364 tunc
3641 3324 3711 3364 ea

300 3403 469 3455 ταῦτα
499 3397 709 3466 λαλῶν,
756 3397 975 3471 ὕστερον
1036 3400 1256 3473 παρῇν)·
1310 3397 1417 3454 Τὸν
1476 3398 1647 3452 νῶτόν
1685 3418 1789 3471 μου
1848 3395 1943 3453 δέ-

2073 3400 2428 3472 ,oquebatur,
2458 3404 2664 3471 postea
2697 3415 2961 3470 praesens
2991 3403 3119 3455 erat
3139 3397 3237 3471 ‘9):
3274 3398 3500 3454 Dorsum
3525 3415 3706 3454 meum

303 3487 453 3546 δωκα
510 3493 584 3562 (5)
641 3487 716 3552 εἰς
779 3487 1060 3562 μάστιγαςθ
1121 3485 1360 3548 Πιλᾶτος
1443 3485 1544 3562 γὰρ
1601 3485 1760 3541 αὐτὸν
1807 3506 1945 3564 φρα-

2073 3491 2182 3545 iedi
2206 3493 2265 3544 in
2289 3488 2512 3559 ﬂagella
2538 3487 2624 3542 5°:
2680 3487 2904 3543 Pilatus
2937 3488 3096 3543 enim
3147 3504 3284 3544 eum
3337 3487 3703 3561 ﬂagellatum

302 3578 589 3654 γελλώσας
648 3575 958 3654 παρέδωκεν
1022 3575 1100 3638 εἷς
1155 3576 1219 3630 τὸ
1276 3577 1674 3650 σταυρωθῆναι·
1732 3575 1827 3638 τὰς
1887 3574 1945 3630 δὲ

2073 3578 2300 3634 :radidit
2327 3578 2402 3634 ad
2432 3577 2897 3650 cruciﬁgendum
2924 3575 2972 3613 ⁵ί
2999 3592 3013 3632 :
3037 3599 3065 3628 «
3095 3576 3367 3633 maxillas
3383 3594 3519 3635 vero
3540 3594 3704 3634 meas

303 3671 554 3745 σιαγόνας
623 3689 728 3741 μου
811 3667 888 3730 εἰς
973 3664 1305 3744 ῥαπίσματα·
1385 3665 1448 3720 τὸ
1509 3661 1567 3720 δὲ
1651 3663 1942 3739 πρόσωπόν

2073 3689 2086 3719 ι
2116 3669 2177 3724 in
2207 3667 2429 3740 alapas,
2448 3668 2661 3722 faciem
2691 3682 2826 3722 vero
2849 3682 3044 3722 meam
3075 3683 3196 3722 non
3229 3667 3410 3723 averti
3433 3683 3467 3723 a
3486 3667 3704 3739 probro

308 3780 414 3833 μου
473 3757 577 3813 οὐκ
640 3757 950 3833 ἀπέστρεψα
995 3755 1102 3810 ἀπὸ
1182 3753 1449 3828 αἰσχύνης
1520 3753 1941 3827 ἐμπτυσμάτωνο

2073 3781 2082 3806 ι
2109 3755 2487 3830 sputorum".
2519 3777 2546 3804 ››
2570 3755 2746 3821 Quasi
2777 3755 3038 3811 diceret:
3071 3755 3410 3811 Prasvidens
3441 3757 3598 3828 quod
3629 3775 3704 3812 ne

306 3848 608 3924 μονονουχὶ
670 3847 869 3916 λέγων’
929 3843 1228 3921 Προειδὼς,
1291 3845 1373 3900 ὅτι
1410 3843 1672 3918 μέλλουσι
1703 3844 1942 3918 τύπτειν,

2073 3846 2420 3902 rerberaturi
2447 3851 2606 3915 sunt,
2639 3861 2832 3917 neque
2877 3844 3180 3900 maxillam
3227 3845 3436 3900 leviter
3465 3845 3703 3902 deﬂexi.

302 3937 430 3994 οὐδὲ
458 3937 758 4013 ἐπλαγίασα
787 3938 885 4006 τήν
917 3938 1143 4010 σιαγόνα
1199 3955 1325 4008 μου.
1379 3938 1500 3996 Πῶς
1557 3935 1661 4011 γὰρ
1705 3929 1940 4008 ἔμελλον

2073 3935 2357 4004 ὶιιοωοάο
2389 3936 2551 3991 enim
2583 3935 2907 4007 discipulos
2935 3934 3010 3990 ad
3041 3938 3294 3990 mortem
3323 3951 3432 4007 pro
3458 3935 3704 3990 veritate

297 4033 524 4104 νευροῦν
555 4027 682 4090 τοὺς
721 4025 964 4100 μαθητὰς
999 4025 1076 4088 εἰς
1105 4027 1195 4080 τὸν
1223 4025 1353 4097 ὑπὲρ
1385 4022 1643 4094 ἀληθείας
1694 4022 1941 4096 θάνατον,

295 4117 342 4172 εἰ
377 4119 536 4183 αὐτὸς
564 4118 818 4191 ἠγωνίων
847 4120 1012 4170 τοῦτο
1046 4134 1060 4183 ;
1095 4113 1236 4189 Ἐγὼ
1294 4109 1502 4190 ἔλεγον·
1535 4114 1598 4171 Ὀ
1655 4112 1831 4190 φιλῶν
1868 4117 1942 4190 (θ)

288 4213 394 4281 τήν
437 4209 622 4283 ψυχὴν
681 4206 866 4274 αὐτοῦ,
925 4200 1179 4259 ἀπολέσει
1239 4203 1430 4273 αὐτήνο
1467 4203 1514 4257 εἶ
1569 4200 1942 4280 ἒφιλοζώησα,

292 4300 410 4360 πῶς
469 4295 774 4365 ἐδίδασκον,
837 4295 913 4366 μὴ
973 4290 1221 4367 πράττων
1282 4291 1310 4346 ὃ
1363 4288 1683 4362 ἐδίδασκον;
1721 4296 1939 4366 Πρῶτον

291 4387 404 4459 οὖν,
437 4385 596 4448 αὐτὸς
653 4385 782 4446 Θεὸς
843 4381 915 4438 ὢν
975 4383 1080 4438 ὑπὸ
1139 4381 1441 4456 ἀνθρώπων
1494 4385 1661 4437 ταῦτα
1710 4383 1940 4458 πάσχων

2055 4026 2389 4082 obeundam
2411 4025 2780 4093 roborarem,
2803 4024 2854 4079 si
2874 4025 2986 4079 hoc
3017 4023 3143 4096 ipse
3163 4039 3560 4095 pavescerem.
3586 4026 3702 4096 Ego

2053 4117 2212 4171 dixi:
2247 4115 2354 4181 Qui
2402 4122 2551 4170 amat
2609 4117 2848 4170 animam
2903 4130 3080 4185 suam,
3117 4114 3333 4186 "perdet
3388 4130 3507 4169 eam
3534 4115 3580 4148 ⁸³
3601 4133 3623 4178 ;
3654 4113 3700 4168 si

2051 4207 2182 4261 vitae
2212 4223 2419 4261 amans
2449 4205 2717 4273 fuissem,
2750 4203 3048 4276 quomodo
3090 4203 3388 4270 docerem,
3439 4220 3560 4258 non
3611 4203 3701 4258 fa-

2051 4298 2214 4354 ciens
2240 4314 2372 4368 quae
2401 4296 2674 4352 docerem
2697 4294 2724 4350 ?
2754 4295 2923 4350 Prius
2953 4295 3132 4369 igitur
3178 4293 3326 4368 ipse,
3375 4310 3512 4349 cum
3544 4299 3702 4348 esset

2051 4388 2227 4455 Deus,
2259 4386 2385 4441 haec
2415 4384 2487 4440 ab
2518 4383 2864 4440 hominibus
2883 4383 3004 4456 pati
3039 4383 3341 4453 sustinuit,
3375 4387 3442 4440 ut
3465 4400 3576 4439 nos
3598 4383 3701 4437 ho-

361 4599 409 4634 3‘
427 4599 539 4652 Isa.
572 4612 656 4662 ιιι,
687 4597 741 4665 9,
776 4594 861 4649 10.
921 4593 966 4665 ³⁸
995 4595 1210 4649 Jerem.
1244 4607 1472 4658 xxxvm,
1509 4593 1560 4647 6.
1603 4591 1666 4665 ξε
1692 4592 1858 4665 Joan.
1890 4609 1959 4661 xl,

2076 4633 2091 4658 ,
2114 4593 2204 4647 44.
2253 4591 2297 4665 ⁸7
2325 4592 2457 4665 Act.
2481 4608 2579 4659 xu,
2609 4591 2664 4647 7.
2705 4591 2780 4665 Ᾱ³⁸
2809 4589 2966 4665 Psal.
3003 4608 3068 4665 ιι,
3096 4592 3150 4648 3.
3208 4589 3258 4625 3°
3282 4591 3495 4665 Matth.
3518 4608 3693 4659 xxvu,

287 4674 378 4727 59.
438 4669 487 4703 ⁴⁰
517 4660 744 4734 Ιεειζιιι,
776 4667 858 4720 14.
888 4664 930 4699 δί
969 4665 1094 4720 Vid.
1131 4669 1241 4718 cat.
1277 4665 1361 4728 l2,
1394 4679 1451 4716 η.
1485 4665 1537 4718 4.
1594 4660 1641 4734 ‘fl
1673 4664 1872 4718 Matth.
1907 4681 1959 4719 ιι

2073 4665 2188 4723 .63.
2248 4664 2476 4719 “Joan.
2509 4679 2670 4733 xvm,
2699 4662 2789 4719 22.
2839 4662 2884 4697 “
2914 4663 3114 4718 Matth.
3171 4680 3309 4734 xvn,
3341 4667 3394 4720 2.
3454 4663 3498 4698 “
3523 4665 3690 4720 Joan.

282 4761 366 4812 1x,
399 4745 450 4799 6.
511 4741 557 4775 ⁴⁶
589 4741 755 4794 Deut.
791 4753 969 4806 xxxu,
1001 4740 1054 4791 6.
1116 4733 1160 4769 ⁸⁷
1189 4737 1298 4790 Isa.
1332 4751 1448 4804 Lm,
1481 4737 1531 4791 1.
1590 4733 1638 4768 ⁸⁸
1666 4734 1808 4792 ibid.
1861 4734 1910 4770 ⁴⁹
1939 4737 1959 4792 ι

2082 4752 2181 4806 ιιι,
2213 4737 2267 4794 6.
2311 4735 2360 4769 ⁵ο
2389 4737 2500 4791 Isa.
2534 4751 2586 4803 L,
2619 4738 2673 4790 6.
2731 4735 2773 4770 ⁸¹
2822 4735 3001 4790 Mars.
3033 4751 3127 4806 xv,
3189 4733 3301 4792 15.
3331 4734 3381 4770 ⁵³
3411 4736 3525 4792 Isa.
3557 4752 3611 4806 L,
3658 4738 3689 4789 6

277 4816 326 4852 ⁸³
372 4816 536 4870 Joan.
569 4828 670 4877 xu,
702 4813 791 4866 25.

358 5021 437 5091 (1)
517 5010 934 5097 Βεϐούλευνται.
1006 5013 1202 5097 Editi”
1246 5013 1488 5097 terunt.“
1553 5006 1932 5097 βεϐούλευται,

2073 5090 2082 5097 _
2114 5013 2189 5097 (4)
2220 5013 2280 5069 Εἰ
2313 5015 2464 5097 Θεόςζ
2496 5014 2673 5097 Editi,
2708 5015 2785 5097 εἷς
2833 5011 3005 5097 Θεόςζ
3044 5030 3186 5097 unus
3228 5015 3499 5097 Παιδί-Εἰ
3525 5092 3533 5097 Δ
3556 5016 3687 5076 cod.

289 5085 446 5159 Quos
478 5088 924 5146 emendavimus
956 5102 1026 5141 ex
1056 5085 1568 5155 codd.Colb.,Roe
1602 5087 1851 5142 Casaub.
1875 5093 1934 5143 et
1967 5085 2005 5092 '
2042 5085 2723 5160 Regioiemendavimus,
2745 5087 2920 5160 juxta
2967 5086 3639 5160 Ruﬁnumscribentem
3673 5105 3686 5146 :

288 5157 454 5220 sacro
491 5167 671 5218 textu.
712 5228 721 5232 Α
947 5231 950 5232 ν
1059 5229 1071 5232 _
1267 5231 1271 5232 ν
1358 5229 1366 5232 Α
1452 5229 1465 5232 Α
1637 5228 1648 5232 Α
1760 5228 1775 5232 _
1804 5229 1839 5232 __
1866 5229 1902 5232 μ
2042 5157 2372 5232 Incredibile
2394 5159 2541 5215 enim
2562 5166 2662 5229 est,
2711 5157 2774 5215 ut
2826 5159 2964 5214 Deus
3004 5157 3107 5216 Dei
3160 5158 3336 5214 Filius
3357 5176 3552 5232 passus
3582 5162 3690 5216 ista

357 5241 429 5306 (2)
479 5233 543 5289 Ὁ
600 5228 993 5306 κακὸςμκακῶν
1053 5229 1197 5306 ὑπηρ
1247 5229 1576 5306 Articulum
1629 5228 1657 5282 6
1707 5228 1932 5285 addidi-

2073 5231 2277 5306 licqtur,
2292 5236 2414 5306 ‘etc.

286 5297 423 5363 mus
451 5323 520 5361 ex
541 5305 729 5370 Colb.,
771 5301 1057 5374 Casaub.,
1096 5297 1214 5357 lloe
1269 5306 1328 5355 et
1401 5304 1566 5373 Reg,
1621 5307 1679 5356 et
1732 5317 1929 5357 vocem

2111 5303 2186 5374 (5)
2218 5297 2454 5374 Δέδωκα.
2488 5302 2665 5370 Editi,
2726 5297 2986 5374 δέδωκανο
3046 5319 3196 5374 quos
3239 5301 3688 5359 emendavimus

281 5383 485 5441 κακῶν,
519 5395 589 5434 ex
623 5375 854 5447 duobus
885 5373 1117 5447 primis:
1156 5441 1167 5447 ᾳ
1294 5438 1309 5447 _
1367 5445 1388 5447 ἡ
1623 5443 1636 5447 _
1851 5443 1861 5447 Α
2041 5389 2110 5447 ex
2139 5373 2309 5447 codd.
2345 5376 2463 5430 Roe
2493 5373 2824 5447 et_(_3asaub.
2853 5373 3142 5447 InUCoi’sl.
3177 5378 3236 5430 et
3274 5377 3413 5447 Reg.
3450 5375 3685 5447 legitur,

353 5454 429 5522 (3)
464 5438 559 5502 Διὰ
590 5444 848 5502 πτυελοῦ.
884 5438 1035 5522 L969
1092 5438 1564 5522 διᾶπηλοῦηρεῖ
1600 5443 1820 5522 lutum,
1847 5443 1929 5522 ita

284 5513 661 5593 reposuimus
693 5537 762 5573 ex
794 5517 964 5572 codd.
991 5518 1118 5603 ﬁge
1153 5521 1210 5569 et
1237 5513 1484 5570 Casaub.
1518 5513 1681 5599 Coll).
1726 5513 1924 5582 habet,

286 5589 374 5648 διά
405 5590 614 5656 σιέλου,
658 5597 716 5645 et
768 5592 928 5661 Reg.,
983 5599 1078 5661 δια
1126 5581 1330 5661 σίελον,
1377 5603 1482 5656 per
1535 5586 1927 5661 salivam.__Ex

322 5608 374 5648 ιά
405 5608 614 5656 σιεΛου,
658 5608 716 5645 et
768 5608 928 5656 neg.,
988 5608 1078 5640 οια
1126 5608 1330 5652 σιεΛον,
1377 5608 1482 5656 per
1535 5608 1785 5656 sauvam.

281 5665 523 5720 πτυελοῦ
541 5653 738 5736 palam
766 5653 1087 5717 estvambas
1114 5653 1436 5730 scripturas
1451 5654 1636 5728 πηλοῦ
1657 5663 1716 5713 et
1736 5653 1926 5712 σιέλου

281 5743 453 5798 natas
476 5752 626 5793 esse.

2039 5439 2236 5517 ἔδωκα,
2263 5446 2434 5517 juxta
2464 5445 2623 5513 LXX,
2651 5448 2818 5517 Rom.
2860 5445 3003 5501 edit.

2111 5517 2188 5586 (6)
2219 5515 2285 5592 Ὁ
2312 5515 2510 5592 φιλῶν.
2543 5519 2630 5572 Ita
2659 5515 2800 5592 editi
2832 5521 2891 5572 et
2941 5515 3138 5592 caeteri
3169 5515 3338 5572 codd.
3392 5516 3565 5587 juxta
3597 5521 3684 5592 te-

2037 5603 2246 5661 norem
2274 5588 2453 5661 hujus
2484 5588 2793 5661 sententiaa
2843 5589 3001 5661 apud
3056 5589 3221 5645 Joan.
3274 5603 3403 5658 cap.
3436 5604 3533 5654 xu,
3588 5591 3675 5642 25.

2034 5658 2192 5734 Atin
2219 5657 2382 5716 Colb.
2413 5661 2645 5734 legitur,
2703 5659 2765 5716 Ὀ
2822 5657 3016 5734 εὑρών,
3065 5665 3132 5716 ut
3178 5657 3678 5718 commemoratur

2035 5729 2236 5787 Matth.
2269 5747 2398 5805 cap.
2429 5729 2499 5802 x,‘
2518 5733 2606 5790 39.
