4118 6264
343 409 460 469 ’191

1421 400 1485 460 S.
1532 400 1850 463 CYRILLI
1895 398 2316 463 HIEBOSOL.
2362 397 2728 461 ARCHIEP.

3649 402 3764 461 792

344 542 537 598 mines
569 538 714 594 talia
737 541 945 610 postea
973 536 1046 592 ab
1073 535 1419 591 hominibus
1463 534 1592 606 ejus
1632 551 1811 590 causa
1857 551 1999 606 per-

2120 532 2388 608 ἧνείχετο,
2419 531 2507 585 ἳνα
2549 529 2829 605 ἄνθρωποι
2887 531 2992 584 ὑπὸ
3041 529 3344 602 ἀνθρώπων
3409 531 3546 603 μετὰ
3601 535 3762 588 ταῦτα

347 631 468 705 peti
499 646 620 684 non
652 627 922 700 puderet.
977 625 1153 680 Vides
1197 625 1326 679 hinc
1355 641 1389 678 a
1419 623 1726 695 prophetis
1779 623 1999 679 diserte

343 721 744 794 praenuntiata
773 717 976 772 fuisse.
1011 716 1183 770 Plura
1212 731 1347 768 vero
1373 714 1808 785 Scripturarum
1843 714 2003 768 testi-

343 812 552 868 monia
581 814 824 882 propter
855 806 1139 878 temporis
1171 805 1492 876 angustias,
1528 809 1594 858 ut
1625 809 1761 859 ante
1793 803 1999 870 dixi“,

344 897 884 972 praetermittimus.
952 895 1008 948 Si
1055 895 1190 965 quis
1248 894 1408 949 enim
1465 894 1668 948 omnia
1727 898 2000 947 accurate

343 986 750 1061 perquisierit,
782 983 949 1039 nulla
977 982 1192 1038 Christi
1223 999 1424 1037 rerum
1457 981 1681 1052 absque
1732 982 1996 1036 testimo-

344 1077 444 1132 nio
475 1077 869 1147 relinquetur.

414 1167 556 1222 XIV.
584 1165 818 1238 Ligatus
849 1163 1007 1218 venit
1030 1162 1306 1233 aCaipha
1340 1161 1413 1217 ad
1445 1161 1700 1217 Pilatum
1731 1159 1796 1214 ⁵⁸.
1831 1162 1998 1214 Anne

342 1260 403 1312 et
440 1256 551 1310 hoc
573 1253 969 1326 perscriptum
1013 1252 1132 1307 est?
1152 1254 1221 1306 Et
1245 1252 1476 1321 ligantes
1497 1253 1677 1321 ipsum
1706 1251 1787 1321 (1)
1820 1249 2001 1304 abdu-

341 1349 548 1399 xerunt
580 1342 683 1413 [in]
712 1358 941 1397 munera
990 1343 1111 1410 regi
1137 1342 1316 1394 Jarim
1348 1338 1420 1394 ⁵⁸.
1455 1341 1668 1395 Verum
1701 1338 2004 1408 obstrepet

341 1433 558 1503 aliquis
591 1447 797 1486 eorum
832 1430 931 1502 qui
964 1430 1154 1502 arguti
1182 1433 1320 1484 sunt
1342 1429 1402 1483 in
1436 1429 1754 1484 audiendo:
1776 1428 1999 1482 Pilatus

340 1539 442 1577 rex
474 1538 595 1576 non
628 1525 755 1576 erat
806 1521 895 1591 (ut
924 1519 1165 1574 interim
1216 1518 1406 1574 multa
1431 1517 1506 1573 ad
1538 1535 1666 1573 eam
1721 1517 1997 1588 quaestio-

341 1627 478 1666 nem
502 1609 865 1681 pertinentia
886 1607 1584 1680 omittamus):quomodo
1617 1607 1796 1679 igitur
1818 1609 2002 1677 ligan-

347 1706 423 1755 τες
453 1716 573 1752 eum
600 1699 949 1753 abduxerunt
980 1700 1038 1752 in
1068 1714 1299 1751 mune-ra
1328 1699 1494 1766 regi?
1521 1700 1595 1751 At
1638 1697 1764 1768 lege
1813 1697 2000 1750 Evan—

348 1789 572 1861 gelium
592 1805 610 1842 :
639 1788 886 1844 Audiens
915 1785 1131 1842 Pilatus
1161 1786 1341 1856 ipsum
1371 1801 1480 1840 esse
1519 1801 1554 1839 a
1602 1784 1861 1851 Galilma,
1892 1784 1999 1838 mi-

343 1879 413 1932 sit
442 1893 561 1931 eum
595 1878 668 1930 ad
721 1876 990 1930 Herodem
1037 1874 1102 1928 ⁵⁷.
1165 1873 1426 1929 Herodes
1456 1879 1654 1928 autem
1714 1879 1838 1927 tum
1894 1890 1998 1927 rex

2120 1865 2410 1929 Γαλιλαίας
2442 1911 2456 1936 ,
2534 1865 2838 1940 ἀνέπεμψεν

346 1971 493 2032 erat,
520 1970 578 2019 et
599 1964 804 2020 aderat
825 1964 1270 2035 Hierosolymis.
1303 1965 1373 2016 Et
1402 1963 1528 2017 vide
1569 1963 1877 2034 Prophetas
1909 1978 2011 2016 se-

347 2055 550 2110 dulam
573 2053 940 2126 diligentiam
968 2071 980 2108 :
1015 2069 1303 2108 munerum
1330 2053 1490 2106 enim
1515 2053 1630 2106 loco
1651 2052 1847 2123 ipsum
1872 2053 2014 2107 mis-

353 2161 486 2199 sum
520 2159 647 2198 esse
674 2143 775 2198 ait.
811 2145 966 2198 Facti
994 2149 1121 2197 sunt
1153 2143 1313 2196 enim
1339 2141 1524 2212 {amici
1568 2143 1781 2196 Pilatus
1811 2148 1862 2195 et
1895 2143 2012 2195 He-

354 2234 512 2288 rodes
542 2235 601 2286 in
628 2233 716 2287 die
744 2232 846 2287 illa
875 2234 949 2286 ad
977 2231 1209 2286 invicem
1235 2247 1247 2284 :
1283 2238 1447 2286 antea
1499 2231 1657 2284 enim
1689 2230 2012 2286 inimicitias

365 2324 688 2379 exercebant
718 2320 784 2376 ⁵⁸.
820 2321 1076 2376 Decebat
1113 2321 1273 2375 enim
1304 2327 1369 2374 ut
1417 2319 1539 2388 ille,
1573 2321 1674 2390 qui
1708 2326 1924 2375 terram
1957 2327 2015 2374 et

360 2413 572 2468 caelum
605 2411 1025 2483 pacificaturus
1057 2416 1185 2464 erat
1207 2408 1276 2476 59,
1306 2410 1534 2480 priores
1564 2409 1879 2480 (omnium)
1909 2426 2009 2481 eos

355 2520 390 2559 a
419 2503 636 2573 quibus
667 2500 1180 2556 condemnabatur
1209 2499 1570 2570 paciﬁcaret.
1603 2500 1821 2556 Aderat
1843 2518 2014 2556 nam-

363 2609 478 2663 que
509 2591 636 2662 ipse
668 2590 954 2644 Dominus
985 2591 1082 2658 qui
1109 2589 1429 2643 reconciliat
1459 2589 1626 2642 corda
1670 2591 2010 2660 principium

351 2686 520 2734 terra:
554 2677 621 2732 ⁸ο.
669 2679 822 2732 Tene
855 2677 1279 2747 prOphetarum
1323 2676 1687 2747 exploratam
1741 2677 1917 2732 ﬁdem
1950 2667 2010 2733 et

353 2767 836 2823 testiﬁcationem
867 2781 1087 2821 veram.

348 2947 496 3001 191
552 2947 667 3000 XV.
730 2945 1038 3001 Admirare
1090 2945 1408 3000 Dominum
1457 2944 1815 3016 judicatum.
1852 2947 2001 3001 Pas-

355 3053 454 3091 sus
487 3040 577 3090 est
607 3052 668 3090 se
709 3052 742 3091 a
774 3035 1062 3090 militibus
1110 3034 1202 3106 agi
1235 3039 1295 3089 et
1325 3035 1542 3090 versari
1578 3035 1802 3090 Pilatus
1834 3035 2004 3090 sede-

350 3125 454 3180 bat
475 3125 755 3197 judicans
783 3125 826 3160 ⁶¹
861 3143 872 3179 :
907 3131 965 3179 et
1018 3125 1118 3196 qui
1150 3125 1212 3179 in
1264 3125 1472 3180 dextra
1518 3126 1708 3180 Patris
1766 3125 2000 3192 sedet“,

349 3219 512 3268 stans
535 3214 918 3284 judicabatur
937 3213 1004 3268 ⁸³.
1041 3214 1301 3285 Populus
1330 3214 1400 3269 ab
1435 3215 1562 3285 ipso
1597 3231 1626 3269 e
1657 3220 1815 3270 terra
1831 3217 1999 3287 Egy-

2103 1235 2250 1314 ⁸Ἀρα
2306 1247 2396 1299 καί
2453 1250 2616 1299 τοῦτο
2669 1243 2972 1320 γέγραπται

2114 619 2183 675 δι’
2215 621 2375 675 αὐτὸν
2406 625 2635 675 τοιαῦτα
2663 618 2970 680 πάσχοντες
3031 619 3108 690 μῆ
3157 618 3566 693 αἰσχυνθῶμεν.
3625 619 3755 676 Βλέο

2112 731 2256 780 πεις,
2289 711 2372 764 δτι
2421 710 2510 763 καὶ
2562 709 2731 764 ταῦτα
2786 712 2970 786 σαφῶς
2997 707 3346 784 προέγραψαν
3380 709 3432 763 οἱ
3464 716 3758 785 προφῆται.

2114 798 2338 860 Πολλὰς
2372 796 2430 853 δὲ
2459 803 2566 853 τῶν
2602 801 2830 875 Γραφῶν
2873 797 3168 873 μαρτυρίας
3200 796 3290 852 διὰ
3317 799 3378 852 τὸ
3407 802 3506 852 τοῦ
3563 799 3763 874 χρόνου

2111 889 2295 943 στενὸν
2343 887 2785 964 παρατρέχομεν,
2846 887 2920 948 ὡς
2975 892 3266 961 προεῖπον.
3326 886 3388 943 Ei
3447 887 3548 962 γὰρ
3594 889 3766 943 πάντα

2112 979 2367 1049 ζητήσειέ
2394 999 2478 1042 τις
2505 972 2952 1053 ἀκριϐῶς,οὗδὶν
3011 981 3119 1031 τῶν
3179 981 3276 1031 τοῦ
3326 978 3565 1052 Χριστοῦ
3623 999 3760 1053 πρα-

2108 1067 2334 1144 γμάτων
2360 1067 2672 1142 ἀμάρτυρον
2704 1065 3213 1143 καταλειφθήσεται.

2180 1161 2279 1213 IA‘.
2313 1156 2490 1220 Δεθείς
2514 1155 2681 1224 ἦλθεν
2741 1154 2848 1209 ἀπὸ
2903 1158 3003 1208 τοῦ
3059 1153 3275 1233 Καῖάφα
3329 1155 3467 1231 πρὸς
3500 1155 3757 1214 Πιλᾶτον.

3034 1261 3048 1313 ;
3105 1244 3208 1301 Καὶ
3263 1242 3524 1315 δήσαντες
3604 1244 3760 1300 αὐτὸν

2106 1335 2388 1409 ἀπήγαγον
2451 1334 2597 1405 ξένια
2673 1337 2754 1405 τῷ
2817 1333 3037 1408 βασιΛεῖ
3093 1333 3321 1409 Ἰαρείμ.
3392 1333 3552 1392 Ἀλλ’
3614 1336 3754 1390 ὑπο-

2105 1422 2394 1498 κρούειτις
2425 1427 2532 1477 τῶν
2571 1421 2734 1492 ὀξέως
2792 1422 3178 1497 ἀκροωμένωνο
3241 1421 3481 1484 Πιλᾶτος
3537 1423 3634 1477 οὐκ
3688 1424 3756 1492 ἦν

2111 1509 2387 1586 βασιλεύς·
2423 1512 2534 1583 (ἳνα
2570 1509 2709 1572 τέως
2740 1508 3142 1585 παραλίπωμεν
3195 1511 3262 1564 τὰ
3326 1510 3514 1566 πολλὰ
3541 1514 3637 1565 τοῦ
3668 1516 3760 1581 ζη-

2105 1603 2353 1673 τήματος
2591 1603 2710 1662 πῶς
2765 1599 2944 1653 τοίνυν
3007 1596 3271 1669 δήσαντες
3318 1599 3501 1668 αὐτὸν,
3545 1602 3725 1674 ἀπήγα

2105 1711 2202 1766 γον
2253 1690 2395 1762 ξένια
2441 1694 2520 1761 τῷ
2581 1687 2843 1764 βασιλεῖς
2902 1685 3086 1743 Ἀλλὰ
3135 1688 3399 1765 ἀνάγνωθι
3456 1689 3520 1744 τὸ
3582 1689 3754 1765 Εὐαγ-

2105 1777 2316 1854 γέλιονο
2366 1777 2626 1840 Ἀκούσας
2714 1776 2952 1839 Πιλᾶτος
3013 1777 3176 1832 αὐτὸν
3264 1778 3398 1832 εἶναι
3483 1778 3589 1832 ἀπὸ
3661 1785 3757 1848 τῆς

2952 1865 3112 1921 αὐτὸν
3225 1866 3362 1942 πρὸς
3489 1863 3757 1940 ’Πρώδηψ

2119 1953 2369 2030 Ἡρώδης
2399 1952 2456 2009 δὲ
2484 1955 2551 2023 ἦν
2581 1954 2703 2010 τότε
2729 1953 3002 2030 βασιλεὺς,
3034 1954 3124 2009 καὶ
3179 1962 3356 2031 παρῆν
3415 1955 3466 2010 ἐν
3525 1957 3758 2030 Ἰεροσο-

2122 2043 2344 2118 λύμοις.
2378 2045 2478 2100 Καὶ
2518 2043 2685 2119 βλέπε
2740 2047 2841 2098 τοῦ
2871 2047 3158 2122 προφήτου
3188 2046 3288 2115 τήν
3348 2039 3647 2120 ἀκρίϐειανο
3683 2045 3762 2114 ξέ-

2120 2154 2208 2187 νια
2235 2134 2336 2208 γάρ
2366 2154 2526 2207 φησιν
2560 2135 2636 2206 (3)
2697 2132 2856 2187 αὑτὸν
2915 2133 3272 2187 ἀπεστάλθαιο
3325 2135 3609 2208 Ἐγένοντο
3665 2134 3761 2210 γὰρ

2120 2221 2275 2298 φίλοι
2336 2221 2366 2276 ὅ
2415 2242 2474 2276 τε
2529 2223 2770 2284 Πιλᾶτος
2826 2223 2916 2276 καὶ
2994 2223 3022 2277 ὁ
3070 2220 3321 2296 Ἡρώδης
3382 2223 3432 2277 ἐν
3503 2223 3642 2296 αὖτῇ
3698 2225 3764 2294 τῇ

2118 2311 2303 2384 ἡμέρᾳ
2363 2310 2479 2383 μετ’
2539 2309 2828 2380 ἀλλήλων·
2890 2317 3258 2386 προϋπῆρχον
3317 2313 3421 2387 γὰρ
3482 2311 3533 2366 ἐν
3595 2309 3764 2387 ἔχθρᾳ

2118 2400 2287 2463 ὅντες.
2347 2402 2590 2476 Ἐπρεπε
2644 2401 2745 2477 γὰρ
2799 2405 2877 2472 τῷ
2933 2399 3194 2474 μέλλοντι
3244 2402 3609 2475 εἷρηνοποιεῖν
3667 2409 3762 2471 τῆν

2115 2497 2216 2566 γῆν
2248 2489 2464 2545 καὶτὸν
2497 2490 2749 2565 οὐρανὸν,
2807 2491 3059 2565 πρώτους
3109 2489 3306 2556 αὐτοὺς
3360 2491 3488 2554 τοὺς
3544 2489 3764 2546 καταδι-

2116 2577 2376 2647 κάζοντας
2437 2579 2600 2634 αὐτὸν
2657 2578 3101 2654 εἷρηνομοιῆσαι’
3179 2581 3268 2633 καὶ
3348 2581 3450 2654 γὰρ
3507 2587 3684 2654 παρῆν
3735 2580 3762 2632 ὁ

2117 2667 2320 2744 Κύριος
2353 2666 2536 2738 αὐτὸς,
2598 2669 2625 2722 ὁ
2688 2666 3036 2723 διαλλάσσων
3092 2666 3315 2744 καρδίας
3340 2668 3623 2744 ἀρχόντων
3687 2671 3759 2740 (4)

2113 2765 2214 2827 τῆς
2257 2764 2386 2832 γῆς.
2455 2758 2593 2833 Ἔχε
2642 2762 2750 2813 τῶν
2811 2762 3110 2836 προφητῶν
3157 2759 3256 2828 τήν
3309 2753 3607 2833 ἀκρίϐειαν,
3666 2757 3758 2811 καὶ

2115 2845 2300 2919 ἀληθῆ
2339 2853 2658 2924 μαρτυρίαν.

2188 2939 2290 2994 ΙΕ“.
2345 2936 2630 3011 Θαύμασον
2685 2937 2779 2991 τὸν
2837 2939 3160 3013 κρινόμενον
3206 2938 3422 3013 Κύριοι·
3479 2938 3746 3010 ἠνέσχετο

2115 3029 2218 3085 ὑπὸ
2249 3033 2592 3104 στρατιωτῶν
2641 3029 2906 3105 ἀγόμενος
2970 3031 3060 3084 καὶ
3119 3030 3438 3108 φερόμενοςο
3522 3027 3747 3091 Πιλᾶνος

2113 3117 2390 3187 ἐκαθέζετο
2420 3119 2641 3194 κρίνων,
2672 3119 2760 3173 καὶ
2795 3119 2824 3173 ὁ
2851 3117 2902 3173 ἐν
2947 3117 3092 3190 δεξιᾷ
3118 3124 3216 3176 τοῦ
3274 3121 3484 3196 Πατρὸς
3532 3113 3751 3188 καθεζό-

2117 3229 2299 3281 μενος,
2333 3209 2498 3271 ἑστὼς
2523 3208 2760 3284 ἐκρίνετο
2974 3212 3031 3268 Ὀ
3091 3208 3279 3272 λαὸςὸ
3333 3209 3628 3283 λυτρωθεὶς
3671 3209 3756 3264 ὑπ’

346 3302 453 3374 pti,
490 3279 555 3355 et
576 3301 708 3355 aliis
741 3319 812 3356 ex
846 3302 992 3356 locis
1023 3279 1325 3357 multoties
1374 3279 1659 3357 liberatus
1709 3304 1771 3357 in
1803 3279 1997 3374 ipsum

2120 3279 2293 3354 αὐτοῦ-
2334 3300 2393 3354 ἐκ
2441 3307 2543 3376 γῆς
2588 3279 2884 3375 ⁷Αἰγύπτου
2939 3300 3029 3355 καὶ
3090 3299 3402 3364 ἀλλαχόθεν
3438 3279 3758 3370 ὴπολλάκις,

346 3389 816 3445 vociferabatur:
881 3389 1046 3453 Tolle,
1095 3391 1244 3458 tolle,
1295 3395 1551 3459 cruciﬁge
1601 3409 1721 3446 eum
1759 3391 1824 3446 ⁸⁵.
1875 3393 1998 3457 Qua

347 3479 420 3534 de
451 3495 648 3546 causa,
683 3495 716 3532 o
759 3478 993 3533 Judaei?
1039 3479 1196 3549 quod
1227 3497 1416 3535 caecos
1464 3487 1686 3535 vestros
1729 3481 1999 3536 curavit?

343 3568 436 3623 vel
467 3567 622 3638 quod
655 3567 898 3622 claudos
927 3573 1149 3622 vestros
1181 3569 1488 3624 ambulare
1518 3570 1998 3642 iecit,etreliqua

349 3657 640 3712 beneficia
669 3656 962 3712 contulit?
987 3659 1076 3712 Ita
1104 3663 1169 3712 ut
1197 3663 1442 3730 stupens
1469 3660 1760 3731 propheta
1783 3659 1854 3714 de
1885 3660 1996 3714 hoc

2111 3389 2225 3441 κατ’
2284 3387 2447 3442 αὐτοῦ
2525 3384 2674 3443 ἐϐὅα’
2726 3389 2876 3463 Αἶρε,

2107 3477 2300 3547 Διάτί,
2339 3476 2383 3531 ὦ
2442 3475 2698 3535 Ἰουδαῖοι
2733 3499 2746 3549 ;

2108 3566 2414 3641 ράπευσεν;
2465 3567 2593 3624 ἀλλ’
2625 3569 2708 3624 ὅτι
2765 3568 2893 3630 τοὺς
2951 3567 3176 3643 χωλοὺς
3237 3570 3390 3642 ὑμῶν
3445 3574 3761 3644 περιπατεῖν

2105 3657 2347 3730 ἐποίησε,
2407 3660 2497 3715 καὶ
2544 3661 2613 3714 τὰ
2671 3659 2841 3715 Αοιπὰ
2895 3664 3004 3714 τῶν
3062 3659 3376 3735 εὐεργεσιῶν
3434 3661 3754 3736 παρέσχενς

2965 3390 3100 3463 αἶρε,
3181 3389 3498 3464 σταύρωσον
3568 3388 3750 3444 αὐτόν.

2812 3481 2892 3533 ὅτι
2945 3478 3073 3540 τοὺς
3126 3478 3369 3544 τυφλοὺς
3428 3481 3580 3552 ὑμῶν
3645 3479 3756 3534 ἐθε-

421 3865 465 3900 “
519 3883 576 3921 η.
610 3868 662 3921 8.
720 3866 764 3901 ⁸⁸
794 3867 995 3923 Matth.
1027 3869 1305 3939 xxvm,_2.
1368 3865 1413 3939 δέ’
1445 3867 1575 3922 Ose.
1603 3885 1666 3939 rx,
1701 3871 1756 3939 '7.
1828 3865 1876 3900 ⁵⁷
1909 3867 2000 3921 ιω

2120 3883 2268 3933 mu,
2297 3871 2348 3935 6,
2383 3872 2436 3924 7.
2493 3868 2540 3902 ⁵⁸
2567 3869 2710 3925 ibid.
2748 3873 2833 3924 12.
2883 3869 2932 3905 ⁵9
2963 3871 3187 3926 Coloss.
3222 3887 3262 3939 ι,
3295 3874 3384 3925 20.
3443 3870 3614 3926 6°.lob
3644 3887 3749 3939 xu,

353 3938 445 3992 21.
521 3939 564 3974 ⁶¹
599 3939 800 3993 Matth.
832 3955 1005 4007 xxvu,
1040 3941 1125 3993 19.
1201 3936 1249 3970 ⁶²
1271 3937 1425 3994 Psal.
1449 3954 1553 4006 cxv,
1587 3938 1639 3994 1.
1715 3937 1761 3973 ⁸³
1791 3939 1991 3993 Matth.

2120 3955 2201 4006 ιιι,
2236 3941 2321 3996 11.
2397 3939 2445 3973 ⁶⁴
2466 3941 2629 3998 Joan.
2656 3958 2776 4009 XIX,
2809 3945 2895 3998 15.

437 4150 453 4221 (
465 4151 512 4221 1)
536 4153 790 4221 Ligantes
817 4154 1016 4222 ipsum,
1050 4157 1160 4206 etc.
1184 4152 1350 4206 Hunc
1382 4152 1544 4206 Oseaa
1588 4151 1784 4204 locum
1818 4149 2007 4221 Cyril-

351 4221 444 4275 lus
480 4229 612 4292 post
641 4223 954 4288 Justinum,
986 4223 1183 4289 Dia10g
1217 4265 1228 4283 ,
1263 4240 1314 4292 ῃ
1351 4223 1477 4284 331,
1513 4229 1569 4274 et
1600 4224 1847 4275 Rutilius
1871 4226 2003 4291 post

350 4294 662 4363 Cyrillum.
696 4294 928 4348 Christo
964 4293 1035 4348 ad
1063 4293 1409 4348 Pilatum.et
1443 4293 1580 4346 inde
1615 4293 1686 4346 ad
1713 4293 2001 4347 llerodem

349 4365 534 4418 misso
567 4365 1037 4430 accommodant,
1061 4366 1161 4434 qui
1192 4365 1483 4419 diversam
1509 4380 1751 4435 prorsus
1777 4365 1839 4418 in
1864 4381 1998 4434 pro-

349 4435 585 4516 phetico
620 4442 779 4516 textu
811 4437 1267 4516 intelligentiam
1300 4437 1503 4516 habet.
1531 4436 1776 4491 Omissis
1821 4435 1998 4516 variis

351 4508 964 4578 interpretationibus,
1001 4525 1070 4563 ea
1100 4508 1226 4562 sola
1255 4524 1392 4562 vera
1424 4514 1669 4578 estquae
1693 4508 1995 4578 propheta;

354 4577 546 4651 locum
585 4580 864 4648 intelligit
893 4581 965 4634 de
1019 4587 1259 4651 argento
1292 4586 1350 4633 et
1379 4577 1747 4651 muneribus,
1792 4577 1825 4632 a
1861 4595 1996 4649 rege
2026 4583 2074 4644 [)

350 4649 751 4705 Israelitarum
779 4649 1188 4706 Manaliem'ad
1223 4651 1372 4705 Pliul
1402 4650 1776 4720 Assyriorum
1799 4666 1997 4720 regem

361 4723 581 4795 missis.
618 4725 822 4778 auxilii
858 4723 1088 4778 emendi
1117 4723 1324 4795 gratia.
1358 4723 1422 4776 ln
1455 4721 1549 4795 his
1587 4721 1790 4795 donis_
1811 4737 1996 4795 unum

357 4794 604 4848 vitulum
635 4813 902 4864 aureum,
938 4813 1006 4850 ex
1061 4792 1152 4849 his
1199 4811 1345 4866 quos
1401 4793 1733 4866 Jeroboamp
1763 4792 2000 4846 Bethele

354 4872 657 4948 posuerat.
692 4867 874 4922 fuisse
903 4864 1387 4948 feruntsEtihuic‘
1410 4864 1736 4948 narrationi
1757 4881 2001 4945 prorsus

352 4936 506 5010 (avet
537 4939 773 5010 (iriecus
804 4940 1104 5010 prOphetaa
1128 4939 1469 5010 textus.Rex
1499 4936 1600 4990 ille
1621 4936 1998 5010 Assyriorum

355 5005 984 5082 diciturJarinifquod
1047 5010 1341 5082 significat
1370 5009 1679 5082 _silija_rum,
1741 5005 1860 5061 Sive
1908 5007 2000 5082 ita

354 5077 722 5151 scripserunt
753 5077 889 5133 LXX
921 5077 1300 5151 Interpretes,
1335 5080 1452 5134 sive
1482 5079 1858 5133 librariorum
1889 5077 1995 5151 gin-

357 5148 776 5224 curiamutata
805 5151 881 5224 sit
910 5148 1210 5224 postrema
1242 5153 1439 5205 littera
1478 5151 1509 5224 β
1543 5151 1601 5224 in
1655 5171 1713 5218 μ,
1749 5149 1995 5224 quodin

360 5218 985 5294 simililmsivocabuiis
1012 5239 1275 5294 persaipe
1308 5218 1614 5293 contingit.
1642 5218 1782 5294 Nam
1808 5221 1866 5274 in
1889 5222 2000 5274 He-

357 5288 516 5364 braao
542 5297 629 5364 est
656 5291 885 5345 Jaribut
911 5301 968 5347 et
988 5288 1047 5347 in
1071 5288 1326 5349 editione
1352 5288 1549 5348 (ἔντειοᾶ
1569 5293 1996 5364 Complutensi,

354 5361 526 5436 q_uod_
543 5361 936 5436 Hieronymus
959 5365 1131 5419 vertit
1152 5365 1677 5436 ulto-ri,defensori.
1707 5361 1794 5417 Ad
1821 5365 1994 5436 perﬁ-

356 5431 633 5507 ciendum
665 5431 864 5507 Cyrilli
900 5451 1162 5502 sensum,
1218 5437 1318 5505 qui
1376 5454 1574 5507 regem
1620 5435 1787 5489 illum
1818 5431 1996 5489 .larim

356 5503 644 5556 Herodem
681 5504 822 5557 dicit
870 5521 1021 5568 esse,
1056 5523 1172 5561 non
1219 5503 1323 5561 abs
1353 5525 1415 5560 re
1447 5503 1557 5561 erit
1596 5507 1749 5561 hanc
1776 5507 1993 5569 Ruﬁni,

351 5592 529 5646 quam
558 5576 741 5629 nostri
759 5577 956 5631 verbis
973 5577 1599 5646 subjicit.scntentiam
1625 5579 1994 5632 subnectere.

357 5647 420 5702 Et
457 5647 588 5700 bene
617 5647 858 5714 addidit,
879 5651 1075 5714 Jarim,
1109 5650 1258 5717 quod
1288 5657 1362 5703 est
1394 5651 1682 5719 Sylvester.
1716 5651 1832 5704 Non
1856 5655 1999 5703 enim

355 5725 474 5773 erat
512 5721 750 5774 Herodes
779 5721 844 5776 de
874 5721 1031 5776 domo
1060 5720 1251 5784 Israel,
1283 5737 1379 5774 nec
1407 5723 1473 5775 de
1492 5725 1651 5775 vinea
1692 5720 1793 5774 illa
1823 5721 2000 5774 Israe-

355 5790 510 5846 litica
523 5808 545 5856 ;
575 5793 663 5846 sed
694 5799 811 5847 erat
832 5794 1190 5864 Sylvester,id
1214 5792 1525 5849 estexsilva
1539 5791 1996 5860 alienigenarum.

2188 4147 2403 4221 (2)_T&
2460 4147 2646 4203 πολλὰ
2700 4153 2800 4203 τοῦ
2861 4150 3200 4221 ζητήματος.
3273 4149 3435 4221 Colb.
3514 4149 3755 4221 omittit,

2113 4218 2318 4275 πολλά.
2339 4224 2453 4277 Nos
2481 4224 2576 4274 τοῦ
2610 4223 2924 4292 ζητήματος
2957 4218 3088 4277 loco
3123 4218 3426 4292 ζητούμενα
3448 4220 3754 4292 posuimus

2114 4309 2183 4374 ex
2208 4294 2418 4374 goisl.)
2449 4296 2610 4374 Reg,
2643 4289 2829 4374 Golb.,
2853 4289 3306 4374 .RoeuCas‘aub.‘
3342 4289 3481 4348 Post
3540 4289 3757 4374 βασιλεῖ

2111 4366 2350 4420 additur
2381 4363 2441 4422 in
2475 4363 2668 4431 editis,
2706 4364 2930 4436 Ἰαρείμ.
2993 4365 3160 4430 Quod
3218 4381 3350 4419 cum
3386 4363 3752 4434 superfluum

2107 4437 2394 4503 videatur,
2455 4453 2522 4491 ac
2579 4437 2732 4491 desit
2789 4439 2850 4491 in
2899 4437 3068 4492 codd.
3103 4437 3383 4508 praefatis,
3418 4450 3751 4506 expungere

2107 4525 2224 4562 non
2260 4527 2464 4564 sumus
2495 4509 2682 4562 veriti.

2183 4583 2256 4655 (3)
2283 4579 2450 4655 Ξένια
2478 4579 2578 4655 γάρ
2603 4599 2787 4655 φησιν.
2839 4581 3039 4655 Voces,
3099 4578 3228 4655 γάρ-
3261 4598 3446 4654 φησιν,
3506 4593 3593 4655 ex_
3629 4591 3749 4655 n9-

2111 4647 2353 4706 minatis
2375 4647 2558 4708 modo
2583 4647 2752 4706 codd.
2787 4652 3094 4719 posuimus
3114 4647 3186 4704 in
3215 4647 3411 4705 locum
3446 4647 3752 4719 particula:

2106 4721 2287 4774 τοίνυν
2322 4725 2522 4778 nescio
2555 4721 2850 4792 quomodo
2882 4723 2997 4776 huc
3031 4722 3292 4777 invectae.
3328 4723 3408 4776 Ea
3437 4727 3636 4775 tamen
3660 4735 3750 4773 re-

2111 4794 2304 4918 tiqent
2328 4796 2503 4881 codd.
2542 4797 2661 4849 Roe
2706 4799 2764 4847 et
2793 4793 3041 4849 Casaub.
3103 4793 3232 4848 loco
3286 4792 3594 4864 particulas
3623 4807 3755 4846 cau-

2111 4883 2176 4918 sa
2203 4885 2253 4918 lS
2275 4885 2398 4918 γαρ.

2110 4883 2253 4920 $3.118
2275 4885 2398 4920 γαρ.

2179 4885 2514 5010 ίὶῗᾙέιρρδίας
2547 4933 2855 5010 ἀρχόντων.
2890 4937 2954 4991 in
3015 4935 3210 5010 editis,
3268 4931 3490 5010 καρδίας
3540 4929 3749 5005 ἀνθρώο

2105 5027 2222 5060 πων
2258 5007 2727 5082 ᾀρχόντωνέεὶο.
2764 5009 2976 5063 Vocem
3034 5007 3358 5082 amenti-mes,
3387 5024 3549 5082 qua;
3582 5020 3748 5082 sacro

2108 5077 2691 5151 textuis’uperaddita
2711 5077 3176 5144 est,auctoritate
3199 5077 3747 5151 codd.Coisl.,ljeg.,

2106 5151 2266 5206 Colb.
2285 5144 2618 5207 etC-rodecii
2639 5152 3006 5206 sustulimus.
3027 5151 3357 5206 Notandum
3373 5166 3573 5204 vocem
3594 5144 3750 5200 διαλ-

2107 5219 2344 5286 λάσσων,
2378 5242 2510 5294 qua!
2565 5224 2915 5277 naturaliter
2952 5223 3306 5278 reconciliare
3338 5219 3748 5294 signiﬁcat,in

2105 5294 2248 5349 Jobo
2274 5293 2456 5350 alium
2491 5311 2731 5350 sensum
2764 5295 3001 5360 habere,
3036 5311 3250 5365 nempe
3284 5293 3626 5363 pemnutare,
3657 5293 3748 5344 in-

2107 5374 2221 5420 reri
2229 5383 2317 5421 61‘3
2325 5411 2336 5421 .

2180 5441 2254 5508 (ὅ)
2281 5435 2576 5506 Ἐκρίνετο,
2599 5438 2984 5507 judicabatur.
3019 5437 3335 5508 Sequimur
3355 5437 3451 5491 hic
3497 5435 3750 5505 scriptu-

2107 5524 2233 5563 ram
2267 5509 2684 5566 codd.Coisl.et
2713 5510 3019 5578 Reg.,quaz
3050 5507 3293 5579 propter
3313 5507 3748 5579 oppositionem

2108 5581 2278 5634 Pilati
2306 5581 2636 5652 judicantis
2668 5577 3334 5652 vidertur’opportunior.
3355 5577 3547 5652 quam
3573 5577 3747 5632 lectio

2105 5651 2357 5722 vulgata,
2391 5670 2520 5721 quin
2551 5653 2684 5718 fert,
2715 5651 2999 5723 ἠξέσχετο,
3057 5651 3146 5704 vel
3179 5659 3242 5704 ut
3293 5651 3480 5716 Colb.,
3524 5652 3642 5723 Boe
3689 5654 3750 5702 et

2107 5721 2353 5781 Casaub.
2387 5724 2626 5791 habent,
2657 5721 2932 5796 ἠνείχετο,
2952 5723 3296 5794 patiebatur,
3349 5722 3636 5778 tolerabat.
