4118 6264
344 383 464 444 793

925 373 1404 443 OATECHESIS
1445 375 1610 440 XIII.
1656 377 1758 438 DE
1801 374 2136 438 CHRISTO
2177 375 2596 440 CRUGIFIXO
2638 377 2742 440 ET
2782 378 3157 444 SEPULTO.

3632 384 3758 446 794

346 514 446 585 ὡς,
505 503 915 583 ἐπλησσὸμενον
976 507 1067 562 τὸν
1123 509 1415 587 προφήτην
1475 507 1562 564 καὶ
1619 509 1741 584 περὶ
1802 506 1984 562 τούτοι

2111 508 2302 566 dicat:
2328 533 2357 561 «
2392 512 2577 584 Super
2597 530 2773 585 quem
2793 513 3109 586 aperuistis
3127 533 3191 571 os
3213 521 3475 574 vestrum
3497 523 3555 573 et
3577 535 3761 592 super

349 601 552 679 λέγειν·
609 601 732 657 Ἐπὶ
786 599 906 654 τίνα
959 597 1210 668 ἡνοίξατε
1282 599 1345 652 τὸ
1429 597 1605 672 στόμα
1665 599 1817 671 ὑμῶν
1849 639 1863 666 ,
1910 596 2001 651 καὶ

350 691 439 746 ἐπὶ
526 688 647 744 τίνα
721 685 1027 762 ἐχαλάσατε
1108 687 1208 756 τῆν
1296 685 1550 762 γλῶσσαν
1644 689 1843 761 ὑμῶνς
1911 686 1998 741 καὶ

345 779 508 835 αὐτὸν
535 779 627 833 τὸν
684 776 884 851 Κύριον
943 775 996 830 ἐν
1060 777 1372 850 προφήταις
1431 775 1632 852 λέγειν·
1669 777 2000 853 Ἐγενήθηή

345 864 700 943 κληρονομία
763 886 872 938 μου
932 863 1082 938 ἐμοὶ,
1143 865 1218 926 ὡς
1278 865 1418 920 λέων
1479 865 1531 920 ἐν
1592 863 1804 938 δρυμῷ·
1867 862 2005 919 ἔδω..

347 978 437 1013 κεν
469 955 552 1012 ἐπ’
611 953 709 1028 ἐμὲ
765 955 866 1023 τῆν
925 954 1110 1032 φωνὴν
1170 952 1359 1024 αὐτῆς·
1417 951 1506 1009 διὰ
1549 958 1712 1010 τοῦτο
1771 953 2003 1027 ἐμίσησα

344 1047 535 1117 αὐτήν.
569 1045 687 1103 Οὐκ
717 1044 822 1119 ἐγὼ
852 1045 1274 1119 παρῃτθσάμην,
1307 1041 1433 1099 ἀλλ’
1484 1043 1638 1100 αὐτοί
1699 1064 1765 1118 με
1820 1063 2005 1118 παρῃ-

344 1137 605 1206 τήσαντο·
642 1131 731 1188 διὰ
777 1135 940 1188 τοῦτο
1000 1129 1319 1196 ἀκολούθως
1378 1129 1520 1206 λέγω
1581 1133 1674 1206 (1)·
1737 1132 2002 1208 Ἐγκατα-

346 1222 587 1280 λέλοιπα
608 1221 700 1276 τὸν
737 1220 883 1276 οἶκόν
919 1241 1050 1293 μου.

421 1313 510 1382 Ιζ’.
542 1311 874 1386 Κρινόμενος
924 1309 1136 1364 ἐσιώπα
1192 1309 1268 1373 ὡς
1327 1309 1696 1386 ὑπερπάσχειν
1751 1309 1842 1364 τὸν
1902 1316 2002 1364 Πι-

336 1402 526 1475 λᾶτον,
577 1403 666 1457 καὶ
730 1399 928 1475 λέγειν·
991 1399 1106 1458 Ούκ
1132 1398 1350 1462 ἀκούεις
1377 1399 1432 1456 τί
1463 1399 1614 1455 οὗτοί
1675 1421 1770 1455 σου
1824 1421 1998 1456 κατα-

344 1495 764 1567 μαρτυροῦσινς
823 1488 934 1564 οὐχ
995 1485 1077 1544 ὅτι
1137 1483 1260 1562 ᾔδει
1317 1490 1408 1544 τὸν
1466 1490 1812 1563 κρινόμενον,
1873 1486 2001 1544 ἀλλ’

2109 622 2138 649 ‹‹
2162 617 2338 670 quem
2363 600 2609 673 linguaR
2627 609 2878 658 vestram
2899 603 3198 660 laxavistis
3219 604 3268 638 ⁸⁵
3287 605 3315 660 ‘I
3337 629 3363 655 ››
3380 607 3626 679 ipseque
3649 610 3760 665 Do-

2107 690 2308 745 minus
2331 691 2391 745 in
2417 693 2721 763 pr0phetis
2770 694 3075 748 referatzu
3102 693 3255 748 facta
3303 700 3393 749 est
3438 695 3758 754 haareditas

2108 800 2135 828 ‹‹
2171 795 2303 834 mea
2334 780 2482 834 mihi
2513 781 2666 836 sicut
2690 781 2780 836 leo
2813 782 2873 836 in
2906 781 3051 837 silva
3075 798 3087 837 :
3108 782 3271 837 dedit
3297 789 3502 838 contra
3534 802 3626 840 me
3657 804 3753 842 vo-

2108 889 2136 917 «ι
2169 885 2296 923 cem
2329 886 2496 924 suam
2523 886 2536 924 :
2577 877 2889 941 propterea
2917 870 3052 926 odio
3097 887 3227 926 eam
3255 871 3436 926 habui
3469 871 3535 927 ⁸⁸.
3571 895 3599 921 ››
3632 875 3758 929 Non

2107 973 2210 1029 ego
2243 973 2373 1012 eam
2401 958 2613 1030 abjeci,
2655 958 2759 1013 sed
2808 959 2921 1030 ipsi
2973 959 3321 1030 abjecerunt
3367 975 3484 1014 me.
3529 960 3756 1017 Idcirco

2106 1054 2542 1120 consequenter
2563 1048 2694 1105 dico
2719 1065 2733 1106 :
2757 1050 3040 1120 Dereliqui
3067 1050 3288 1105 domum
3317 1067 3492 1106 meam
3524 1051 3589 1109 ⁷⁷.

2180 1316 2325 1370 XVI.
2358 1313 2661 1371 Judicatus
2693 1315 2925 1372 tacebat
2942 1315 3016 1371 ‘3:
3042 1316 3125 1372 ita
3148 1321 3216 1372 ut
3243 1335 3351 1389 pro
3374 1319 3502 1391 ipso
3527 1324 3760 1392 patere-

2107 1408 2204 1459 tur
2233 1403 2476 1471 Pilatus,
2503 1407 2560 1458 et
2585 1403 2841 1460 diceret:
2872 1427 2890 1452 ι
2925 1406 3049 1460 Non
3073 1404 3241 1460 audis
3263 1407 3406 1477 quid
3433 1407 3518 1462 illi
3553 1414 3761 1465 contra

2109 1515 2136 1544 «
2169 1497 2223 1548 te
2247 1493 2644 1548 testiﬁcantur
2666 1492 2714 1527 ⁸9
2733 1494 2761 1549 ?
2785 1516 2812 1543 »
2835 1511 2958 1549 non
2990 1495 3151 1565 quod
3183 1511 3318 1550 eum
3369 1497 3631 1553 novisset
3660 1499 3760 1570 qui

343 1576 597 1660 ἐφοϐήθη
656 1580 719 1634 τὸ
776 1585 876 1647 τῆς
937 1578 1129 1632 ἐαυτοῦ
1181 1579 1437 1651 γυναικὸς
1502 1579 1580 1650 (2)
1637 1577 1880 1632 ἐνύπνιον
1937 1579 1984 1633 τε

2100 1582 2502 1654 judicabatur,
2537 1583 2639 1638 sed
2671 1584 2872 1638 uxoris
2903 1601 3023 1638 suae
3056 1584 3352 1639 somnium
3393 1585 3502 1639 sibi
3539 1587 3762 1658 signiﬁ-

344 1667 672 1726 ἀποσταλέν.
730 1667 828 1722 Καί
859 1667 887 1721 6
921 1669 1133 1736 Ἰησοῦς
1192 1665 1418 1723 ἐσιώπα.
1481 1667 1640 1742 Λέγει
1687 1667 1716 1721 6
1746 1663 1984 1740 Ψαλμῳ·

2107 1678 2303 1728 catum
2317 1673 2690 1727 metuebat".
2712 1674 2959 1728 EtJesus
2978 1672 3228 1728 tacebat.
3246 1673 3754 1730 DicitPsalmista:

345 1755 459 1822 δός·
493 1759 595 1815 Καὶ
647 1755 915 1832 ἐγενόμην
967 1753 1097 1810 ὠσεὶ
1145 1755 1430 1830 ἄνθρωπος
1480 1754 1580 1810 οὐκ
1626 1755 1862 1826 ἀκούων,
1910 1760 1984 1809 κα

2108 1784 2136 1812 ‹‹
2151 1763 2220 1815 Et
2241 1761 2432 1816 factus
2453 1777 2584 1816 sum
2611 1762 2763 1816 sicut
2783 1763 2960 1817 homo
2975 1778 3095 1816 non
3118 1761 3389 1831 audiens,
3421 1767 3480 1816 et
3503 1779 3623 1817 non
3657 1763 3756 1817 ha-

344 1846 445 1902 οὐκ
475 1842 620 1922 ἔχων
653 1844 706 1900 ἐν
737 1849 818 1917 τῷ
849 1844 1081 1916 στόματι
1114 1842 1280 1898 αὐτοῦ
1337 1842 1627 1918 ἐλεγμούς·
1659 1844 1748 1898 καὶ
1801 1843 1984 1899 πάλιν·

344 1933 734 1945 .-......
926 1927 1202 1945 ...ι
1529 1929 1914 1945 ...ηε

2109 1873 2138 1902 ‹‹
2161 1851 2307 1906 bens
2329 1851 2390 1904 in
2415 1868 2514 1905 ore
2537 1868 2643 1906 suo
2663 1851 3050 1908 refutationes
3070 1850 3216 1905 ⁷¹.Εε
3246 1854 3443 1906 iterum
3465 1854 3612 1924 :Ego
3645 1869 3751 1908 au-

341 1934 487 2009 Ἐγὼ
519 1933 576 1988 δὲ
607 1933 737 1988 ὡσεὶ
795 1933 982 2010 κωφὸς
1013 1931 1117 1986 οὐκ
1171 1927 1396 2005 ἤκουον,
1453 1932 1544 1986 καὶ
1597 1933 1725 1987 ὡσεὶ
1784 1929 1984 1996 ἂλαλος

2106 1963 2133 1990 ι(
2161 1946 2279 1994 tem
2303 1945 2585 2010 tanquam
2616 1939 2830 1994 surdus
2851 1956 2972 1994 non
2994 1939 3329 2008 audiebam,
3355 1944 3413 1993 et
3442 1939 3595 1994 sicut
3620 1956 3755 1994 mu-

343 2023 442 2078 οὑκ
473 2021 704 2095 ἀνοίγων
728 2024 790 2076 τὸ
823 2023 999 2094 στόμα
1030 2019 1216 2076 αὐτοῦ.
1250 2021 1522 2083 Ἤκουσας
1552 2021 1618 2074 τὰ
1644 2021 1766 2095 περὶ
1798 2019 1984 2076 τούτου

2105 2035 2248 2085 «tus
2284 2047 2404 2085 non
2436 2029 2709 2101 aperiens
2736 2046 2801 2084 os
2834 2045 3007 2084 suum
3027 2029 3094 2098 ⁷³,
3129 2052 3156 2079 ››
3181 2045 3313 2100 qnaa
3344 2028 3418 2083 ad
3467 2029 3579 2084 hoc
3610 2029 3750 2084 atti-

334 2111 426 2165 καὶ
457 2111 749 2185 πρότερον,
785 2108 834 2163 εἴ
858 2130 920 2184 γε
955 2107 1348 2182 μνημονεύεις.

414 2199 511 2256 ΙΖ’.
541 2197 698 2255 Ἀλλ’
727 2196 780 2251 οἱ
821 2200 1148 2270 στρατιῶται
1209 2194 1594 2271 περιχυθέντες
1653 2195 1800 2270 αὐτῷ
1827 2217 1994 2252 κατα-

337 2285 611 2356 παίζουσι·
654 2286 745 2340 καὶ
800 2286 1008 2360 γίνεται
1065 2286 1310 2360 παίγνιον
1369 2284 1556 2348 αὐτοῖς
1587 2286 1615 2340 6
1647 2285 1868 2362 Κύριος,
1899 2285 1990 2341 καὶ

334 2375 719 2445 καταπαίζεται
767 2375 795 2428 6
828 2368 1125 2444 Δεσπότης·
1183 2371 1411 2430 Εῗδοσάν
1477 2395 1564 2446 με,
1620 2373 1710 2429 καὶ
1769 2373 1991 2430 ἐσάλευ-

337 2486 432 2520 σαν
491 2464 730 2541 κεφαλάς
787 2464 988 2520 αὐτῶν.
1052 2464 1150 2520 Καὶ
1181 2464 1210 2518 6
1250 2462 1420 2525 τύπος
1472 2463 1678 2538 γίνεται
1729 2470 1830 2532 τῆς
1893 2464 1988 2539 βα-

340 2552 572 2614 σιλείας·
605 2551 996 2622 καταπαίζουσι
1051 2553 1144 2625 μὶν
1202 2552 1328 2624 γὰρ,
1384 2557 1738 2627 γονυπετοῦσι
1771 2550 1849 2608 δέ.
1882 2553 1987 2609 Καὶ

342 2646 634 2717 σσαυροῦσι
691 2638 1110 2717 προενδύσαντες
1166 2640 1324 2696 αὐτὸν
1383 2641 1664 2718 πορφύραν
1719 2645 1986 2718 στρατιῶ-

339 2751 456 2798 ται,
496 2731 584 2785 καὶ
640 2732 892 2807 στέφανον
951 2730 1279 2785 ἐπιτιθέασιν
1330 2731 1496 2786 αὑτοῦ
1545 2734 1615 2804 τῇ
1673 2730 1907 2808 κεφαλῇ·
1928 2732 1981 2786 τί

335 2821 460 2896 γὰρ,
517 2819 654 2875 εἶκαὶ
711 2820 1034 2889 ἀκάνθινονς
1097 2822 1208 2882 Ηᾶς
1241 2818 1498 2896 βασιλεὺς
1551 2821 1656 2875 ὑπὸ
1716 2841 1980 2895 στρατιω-

332 2911 440 2965 τῶν
500 2908 902 2984 ἀναγορεύεται·
958 2905 1066 2964 ἔδει
1125 2909 1208 2963 καὶ
1300 2909 1511 2979 Ἰησοῦν
1585 2913 1830 2974 τυπικῶς
1880 2909 1982 2964 ὑπὸ

333 3003 679 3075 στρατιωτῶν
734 3001 1170 3076 στεφανωθῆναι·
1231 2998 1306 3061 ὡς
1365 2997 1454 3054 διὰ
1488 2997 1652 3055 τοῦτο
1709 3001 1808 3069 τῆν
1841 3005 1981 3065 Γρα-

335 3091 440 3168 φήν
500 3087 553 3144 ἐν
602 3090 845 3162 ’ᾍσμασι
904 3089 1103 3163 Αέγειν·
1161 3087 1458 3161 Ἐξέλθετε,
1514 3088 1605 3144 καὶ
1659 3085 1826 3160 ἵδετε,
1887 3101 1984 3153 θυ-

333 3177 554 3255 γατέρες
615 3175 999 3252 Ἰερουσαλὴμς
1062 3177 1114 3232 ἐν
1172 3182 1254 3250 τῷ
1313 3176 1532 3254 βασιλεῖ
1589 3177 1860 3252 Σολομὼν
1901 3183 1976 3253 (3)

332 3266 385 3323 ἐν
443 3272 521 3338 τῷ
599 3265 878 3342 στεφάνῳ,
934 3267 980 3338 ᾧ
1033 3264 1393 3342 ἐστεφάνωσεν
1469 3267 1632 3323 αὐτὸν
1692 3270 1727 3337 ἡ
1790 3271 1975 3345 μήτηρ

332 3355 518 3414 αὐτοῦ.
550 3357 864 3426 Μυστήριον
893 3353 950 3410 δέ
987 3358 1052 3424 ἦν
1109 3355 1200 3410 καὶ
1259 3359 1288 3410 ὸ
1347 3356 1629 3434 στέφανος·
1691 3356 1848 3421 λύσις
1878 3359 1980 3434 γάρ

327 3445 397 3516 ἧν
419 3449 528 3500 τῶν
562 3446 865 3520 ἁμαρτιῶν,
891 3444 1158 3506 ἀπόλυσις
1187 3451 1288 3514 τῆς
1309 3444 1652 3520 ἀποφάσεως.

408 3537 513 3592 ΙΗ’.
571 3529 778 3590 Ἕλαϐε
833 3530 1131 3603 καταδίκην
1183 3535 1211 3589 6
1264 3531 1463 3607 ’Δδάμ·
1554 3537 1979 3608 Ἐπικατάρατος

331 3625 368 3693 ἡ
427 3631 500 3699 γῆ
563 3623 614 3678 ἐν
673 3629 793 3687 τοῖς
843 3617 1027 3698 ἔργοις
1083 3644 1202 3693 σου,
1257 3624 1492 3685 ἀκάνθας
1547 3625 1636 3679 καὶ
1688 3622 1984 3702 τριϐόλους

323 3712 574 3769 ἀνατελεῖ
602 3733 708 3769 σοι.
744 3712 841 3767 Διὰ
887 3717 1049 3767 τοῦτο
1105 3715 1324 3783 ἰησοῦς
1382 3709 1648 3786 λαμϐάνει
1691 3715 1784 3777 τὰς
1815 3716 1980 3770 ἀκάν-

325 3803 446 3869 θας,
477 3800 566 3857 ἳνα
595 3801 734 3876 λύσῃ
793 3802 893 3870 τὴν
953 3798 1271 3873 καταδίκην·
1307 3801 1396 3856 καὶ
1455 3799 1546 3856 διὰ
1597 3806 1761 3858 τοῦτο
1809 3803 1975 3882 ἐτάφη

323 3889 376 3946 ἐν
408 3893 478 3964 τῇ
513 3894 608 3964 γῇ,
640 3890 734 3944 ἳνα
763 3891 798 3960 ἡ
829 3890 1184 3963 κατηραμένη
1217 3896 1287 3965 γῆ
1319 3889 1438 3946 ἀντὶ
1496 3889 1730 3967 κατάρας
1763 3889 1976 3965 δέξηται

319 3981 422 4049 τήν
455 3977 733 4054 εὐλογίαν.
764 3978 907 4034 Κατὰ
934 3979 1026 4033 τὸν
1087 3979 1274 4053 καιρὸν
1333 3986 1435 4050 τῆς
1465 3981 1753 4056 ἁμαρτίας,
1807 3984 1975 4052 συκῆς

325 4068 515 4145 φύλλα
557 4065 1014 4145 περιεϐάλλοντο·
1077 4066 1167 4124 διὰ
1219 4075 1381 4126 τοῦτο
1411 4071 1500 4127 καὶ
1555 4073 1764 4142 Ἰησοῦς
1815 4071 1974 4136 τέλος

326 4159 567 4232 σημείων
603 4160 704 4228 τὴν
765 4165 933 4226 συκῆν
987 4152 1176 4215 ἔδωκε.
1211 4156 1450 4216 Μέλλων
1484 4160 1586 4234 γὰρ
1649 4160 1722 4223 εἲς
1776 4163 1839 4217 τὸ
1867 4164 1974 4217 πάις

325 4250 418 4310 θος
451 4254 675 4322 χωρεῖν,
707 4253 1005 4322 καταρᾶται
1043 4248 1146 4316 τήν
1205 4251 1392 4312 συκῆν·
1454 4247 1516 4303 οὐ
1569 4253 1741 4304 πᾶσαν
1782 4257 1972 4321 συκῆν,

320 4335 448 4392 ἀλλ’
479 4335 690 4406 ἐκείνην
739 4336 912 4409 μόνην
974 4332 1064 4390 διὰ
1107 4336 1199 4390 τὸν
1257 4336 1447 4405 τύπον,
1511 4337 1706 4410 λέγων·
1765 4341 1973 4407 Μηκέτι

319 4425 380 4483 ἐκ
410 4431 505 4480 σοῦ
533 4428 613 4499 (4)
643 4425 849 4502 καρπόν
917 4447 1000 4489 τις
1057 4425 1222 4503 φάγῃ·
1285 4423 1538 4489 λελυσθω
1587 4429 1622 4496 ἠ
1681 4426 1971 4499 καταδίκη.

324 4514 422 4570 Καὶ
508 4513 696 4585 ἐπειδὴ
780 4516 904 4570 τότε
987 4521 1155 4584 συκῆς
1238 4513 1422 4590 φύὶλα
1503 4511 1968 4592 περιεϐάλλοντο,

2101 2125 2249 2174 nent
2278 2117 2514 2174 antea"3
2532 2134 2766 2189 quoque
2784 2117 3080 2187 audivisti,
3103 2119 3150 2172 si
3181 2117 3510 2173 meministi
3543 2117 3749 2190 probe.

2171 2209 2342 2261 XVII.
2367 2207 2479 2262 Sed
2505 2207 2724 2261 milites
2751 2206 3094 2262 circumfusi
3121 2206 3232 2277 ipsi
3257 2205 3516 2260 illudunt
3538 2204 3604 2260 7‘.
3636 2207 3744 2260 Lu-

2099 2295 2357 2351 dibrium
2381 2297 2525 2368 ipsis
2558 2296 2623 2350 ﬁt
2641 2295 2946 2364 Dominus,
2979 2301 3039 2350 et
3059 2295 3237 2350 herus
3259 2294 3588 2350 deridiculo
3613 2300 3704 2350 est
3728 2312 3740 2348 :

2104 2385 2373 2440 Viderunt
2391 2403 2494 2453 me,
2524 2391 2573 2440 et
2604 2391 2890 2440 moverunt
2917 2386 3105 2455 capita
3132 2401 3233 2440 sua
3248 2384 3312 2438 ⁷⁸.
3346 2386 3410 2439 In
3435 2385 3623 2457 ﬁgura
3652 2400 3738 2438 re-

2093 2488 2274 2544 gnum
2305 2471 2726 2527 adumbratur:
2761 2471 3024 2526 illudunt
3053 2471 3370 2542 siquidem,
3403 2471 3504 2526 sed
3553 2487 3740 2541 genu—

2093 2561 2443 2617 ﬂectunt":
2477 2561 2756 2632 crucique
2779 2561 2950 2616 illum
2982 2561 3231 2633 afﬁgunt
3253 2560 3492 2624 milites,
3517 2559 3739 2631 injecta

2092 2648 2258 2720 prius
2284 2665 2566 2720 purpura,
2616 2646 2663 2681 ⁷⁷
2703 2652 2763 2704 et
2789 2664 3071 2704 coronam
3119 2649 3577 2719 circumponunt
3606 2648 3737 2719 ejus

2091 2737 2271 2808 capiti
2292 2736 2356 2793 ⁷⁸.
2377 2737 2524 2803 Quid
2553 2738 2711 2792 enim
2731 2737 2889 2804 inde,
2915 2743 2972 2792 et
2992 2739 3040 2792 si
3065 2737 3332 2808 spineam
3353 2737 3381 2791 ?
3397 2739 3515 2792 Rex
3541 2736 3736 2792 omnis

2089 2841 2124 2880 a
2139 2823 2430 2880 militibus
2445 2825 2865 2895 proclamatur.
2890 2825 3160 2896 Oportuit
3179 2831 3238 2879 et
3253 2825 3451 2880 Jesum
3474 2825 3535 2878 in
3556 2825 3744 2896 ﬁgura

2088 2914 2439 2970 amilitibus
2477 2915 2768 2969 coronari.
2803 2915 2890 2968 Ita
2946 2919 3011 2968 ut
3065 2919 3380 2986 pr0pterea
3437 2914 3740 2984 Scriptura

2088 3003 2151 3058 in
2173 3003 2429 3058 Canticis
2452 3001 2640 3058 dicat:
2675 3022 2702 3054 ι
2729 3002 3111 3075 Egredimini,
3136 3007 3195 3057 et
3210 3002 3422 3070 videte,
3443 3001 3582 3056 ﬁlias
3607 3003 3733 3057 Hie-

2088 3115 2116 3144 α
2150 3092 2433 3158 rusalem,
2466 3091 2527 3147 in
2557 3109 2693 3165 rege
2725 3091 3060 3158 Salomone,
3085 3092 3147 3146 in
3178 3107 3399 3147 corona
3425 3107 3542 3162 qua
3574 3107 3736 3146 coro-

2092 3204 2121 3233 ‹‹
2155 3181 2315 3237 navit
2342 3197 2478 3237 eum
2509 3187 2700 3238 mater
2729 3198 2836 3237 sua
2854 3180 2919 3236 7°.
2946 3202 2974 3231 »
3005 3181 3346 3253 Mysterium
3377 3197 3512 3235 vero
3558 3181 3737 3235 etiam

2092 3287 2312 3327 corona
2340 3271 2483 3338 illa;
2516 3271 2732 3326 solutio
2763 3271 2923 3326 enim
2950 3276 3078 3326 erat
3131 3275 3534 3342 peccatorum,
3563 3268 3736 3323 abso-

2091 3359 2238 3416 lutio
2269 3379 2303 3416 a
2331 3361 2850 3417 condemnationis
2881 3360 3197 3416 sententia.

2161 3541 2361 3596 XVIII.
2397 3540 2639 3612 Accepit
2657 3538 3217 3595 condemnationem
3248 3536 3547 3592 Adamus:
3575 3559 3596 3586 α
3626 3537 3738 3592 Ma-

2091 3648 2122 3681 (ι
2140 3627 2357 3682 ledicta
2367 3633 2525 3682 terra
2537 3628 2598 3682 in
2617 3627 2894 3698 operibus
2909 3626 3044 3694 tuis,
3060 3626 3262 3697 spinas
3276 3631 3331 3680 et
3347 3625 3594 3680 tribulos
3609 3642 3740 3697 pro-

2091 3739 2121 3767 «
2143 3717 2320 3773 ducet
2341 3716 2520 3770 tibi'0-
2539 3737 2566 3765 »
2585 3717 2905 3785 Pr0pterea
2926 3716 3095 3770 Jesus
3132 3714 3336 3785 spinas
3367 3715 3640 3779 assumit,
3673 3719 3741 3768 ut

2091 3805 2278 3859 solvat
2308 3803 2827 3869 maledictionem;
2880 3807 2939 3857 et
2984 3802 3206 3856 idcirco
3257 3804 3525 3874 sepultus
3556 3807 3647 3857 est
3676 3804 3735 3857 in

2088 3898 2266 3958 terra,
2298 3897 2364 3947 ut
2392 3908 2522 3964 quas
2555 3889 2871 3946 maledicta
2899 3890 3092 3945 fuerat
3115 3889 3310 3958 tellus,
3344 3908 3449 3961 pro
3486 3890 3733 3946 maledi-

2087 3981 2282 4037 ctione
2304 3980 2780 4037 benedictionem
2798 3980 3108 4050 reciperet.
3131 3977 3174 4013 ⁸¹
3200 3980 3484 4050 Tempore
3507 3979 3730 4051 [primi]

2085 4071 2334 4143 peccati,
2358 4071 2616 4126 ﬁculnea
2646 4069 2788 4124 folia
2813 4069 2925 4125 sibi
2956 4070 3436 4140 circumposuere
3461 4085 3474 4135 ;
3509 4067 3640 4123 ideo
3662 4074 3721 4124 et

2083 4161 2252 4216 Jesus
2277 4162 2458 4216 ﬁnem
2489 4159 2866 4233 signorumin
2899 4160 3014 4214 ﬁcu
3030 4159 3188 4214 fecit.
3221 4158 3370 4213 “Ad
3387 4159 3725 4229 passionem

2087 4252 2244 4308 enim
2277 4252 2488 4318 iturus,
2521 4249 2938 4306 maledictione
2966 4249 3105 4303 ferit
3134 4249 3308 4304 ﬁcum
3339 4266 3352 4314 ;
3394 4265 3517 4303 non
3549 4249 3728 4304 ﬁcum

2085 4357 2344 4408 omnem,
2379 4339 2484 4394 sed
2514 4339 2679 4395 illam
2712 4339 2898 4394 solam
2921 4339 2982 4392 in
3011 4340 3258 4410 ﬁguram
3288 4337 3528 4394 dicens:
3560 4339 3726 4394 Nemo

2083 4432 2321 4502 amplius
2347 4447 2416 4485 ea:
2445 4437 2495 4484 te
2521 4433 2767 4499 fructum
2805 4431 3054 4484 comedat
3069 4429 3150 4483 υς
3185 4427 3540 4484 dissolvatur
3569 4428 3730 4483 dam-

2081 4521 2265 4576 natio.
2299 4520 2452 4576 102
2484 4521 2552 4574 Et
2582 4517 3068 4590 quandoquidem
3100 4519 3247 4574 ﬁcus
3275 4517 3418 4572 folia
3449 4516 3562 4572 sibi
3586 4521 3727 4572 tunc

392 4705 438 4740 ⁸⁵
484 4708 593 4760 lsa.
657 4723 783 4775 LVII,
827 4709 880 4762 4.
958 4706 1004 4742 ⁶⁸
1057 4708 1271 4768 Jerem.
1322 4723 1420 4768 xu,
1481 4707 1532 4760 8.
1611 4705 1656 4742 ⁸⁷
1712 4707 1856 4763 ibid.
1891 4712 1922 4762 7

2100 4709 2300 4765 Matth.
2359 4707 2652 4772 xxvu,14.
2727 4705 2774 4740 ⁸9
2804 4705 3003 4760 Matth.
3035 4721 3216 4775 xxv1,4
3246 4706 3347 4769 62;
3405 4720 3578 4767 xxvn,
3640 4705 3727 4760 13.

326 4775 374 4812 ⁷ο
404 4779 604 4834 Matth.
639 4795 808 4842 xxvu,
838 4781 922 4834 19.

323 4851 408 4902 27.
517 4847 565 4882 ⁷⁵
597 4849 756 4904 Psal.
783 4866 932 4915 cvm,
967 4853 1054 4903 25.
1133 4848 1181 4882 7°
1202 4850 1401 4904 Matth.
1436 4867 1604 4917 xxvn;
1634 4853 1721 4905 29.

321 4923 406 4974 11.
516 4919 565 4954 ⁸ο
603 4922 746 4977 Gen.
780 4937 860 4976 ιιι.
890 4925 978 4989 17,
1015 4923 1099 4976 18.

318 4991 364 5026 ⁸³
394 4993 566 5048 Marc.
600 5009 677 5061 XI,
710 4995 794 5046 14.

1027 4776 1070 4812 7'
1103 4778 1258 4833 Psal.
1292 4794 1503 4842 xxxvn,
1540 4782 1624 4833 15.

1728 4777 1775 4812 7!
1829 4779 1904 4812 ἐκ

1828 4779 1970 4835 ibid.

1825 4849 1870 4885 ⁷⁷
1895 4853 1982 4907 ide

2195 4779 2242 4815 ’⁷³
2292 4782 2438 4848 forte
2494 4781 2552 4833 in
2583 4779 2821 4848 quadam
2880 4779 3124 4830 homilia.
3202 4779 3250 4808 Ἠ
3307 4779 3510 4830 Matth.
3552 4792 3728 4843 xxvu,

2100 4868 2209 4907 .om.
2242 4853 2303 4905 in
2333 4851 2523 4906 Paral.
2559 4867 2614 4904 η.
2653 4853 2738 4903 12.
2815 4848 2862 4882 ⁷⁸
2888 4849 3052 4902 Joan.
3085 4864 3201 4911 xxx,
3240 4851 3292 4902 2.
3370 4847 3416 4881 τ’
3446 4847 3610 4903 Cant.
3646 4863 3728 4913 III,

1202 4921 1246 4957 ⁸¹
1287 4923 1347 4976 id
1368 4924 1501 4990 infr.
1535 4939 1593 4978 n.
1630 4925 1717 4993 35,
1751 4929 1803 4978 et
1833 4930 1939 4981 cat.
1978 4925 2064 4992 14,
2097 4939 2156 4978 n.
2212 4927 2298 4977 11.

2195 4778 2242 4815 ⁷³
2292 4782 2438 4848 forte
2494 4781 2552 4833 in
2583 4778 2821 4848 quadam
2880 4777 3124 4830 homilia.
3202 4773 3250 4808 7‘
3307 4776 3510 4848 Matth.
3552 4792 3728 4843 xxvu,

2402 4923 2448 4958 ⁸³
2486 4921 2624 4978 Vide
2682 4920 2807 4977 Isid.
2867 4919 3025 4974 Pelus
3057 4919 3153 4974 lib.
3187 4935 3227 4987 ι,
3277 4935 3361 4988 ep.
3398 4920 3488 4986 51,
3519 4926 3571 4974 et
3602 4919 3727 4973 358.

392 5191 473 5265 (tl
503 5190 787 5265 ᾼέγιυηΕι
819 5193 983 5262 Reg,
1012 5191 1420 5265 Coisl.,Colb.,
1445 5191 1622 5265 iGrod.
1655 5193 1736 5265 ita
1766 5193 1971 5264 scripsi
2007 5195 2050 5260 D
2083 5193 2308 5265 quibus
2331 5192 2564 5264 phrasis
2595 5196 2926 5265 sensusiest
2946 5190 3345 5265 imperfectus.
3372 5190 3625 5265 Ruﬁnus
3643 5196 3732 5265 ta-

320 5259 426 5334 pro
459 5259 629 5334 λέγών
660 5263 880 5328 dicens;
909 5259 981 5316 ut
1023 5263 1278 5333 Cyrillus
1324 5259 1414 5317 ex
1442 5264 1674 5317 Domini
1722 5259 1976 5334 persona
2086 5259 2221 5319 men
2253 5259 2369 5328 hic,
2395 5271 2453 5318 et
2475 5265 2529 5318 S.
2556 5264 2740 5330 Nilus,
2765 5263 2868 5316 lib.
2900 5281 2954 5328 ll,
2975 5259 3146 5333 epist.
3179 5266 3301 5328 197,
3325 5263 3602 5318 eumdem
3643 5262 3734 5317 lo-

320 5350 660 5389 sermonem
693 5337 1021 5389 continuet.

389 5407 467 5473 (2)
498 5407 607 5472 Τῆς
642 5404 832 5458 ἒαυτοῦ
863 5405 1159 5478 γυναικός.
1180 5407 1391 5478 Vocem
1423 5403 1614 5478 ἑαυτοῦ
1646 5405 1974 5478 adjecimus

321 5492 393 5530 ex
423 5478 562 5543 Boe,
595 5476 1103 5548 Casaub.,'GrodA.,
1135 5477 1328 5531 Ottob.
1377 5482 1436 5530 et
1468 5476 1677 5547 Regio;
1711 5477 1811 5547 qui
1840 5495 1971 5548 pos-

322 5555 548 5602 tremus
576 5548 754 5602 habet
785 5549 977 5603 solum
1008 5546 1191 5601 αὐτοῦ.

388 5620 462 5700 (3)
509 5619 594 5671 Ἑν
650 5622 730 5700 τῷ
792 5619 1008 5700 βασιλεῖ
1068 5614 1365 5700 ἓολομῷν.
1416 5619 1496 5672 Ea
1554 5618 1732 5700 verba
1773 5618 1974 5700 addita

314 5695 454 5745 sunt
489 5706 525 5746 a
580 5688 752 5746 nobis
783 5688 854 5747 ex
902 5691 1032 5747 cod.
1065 5688 1225 5746 Colb.
1257 5695 1316 5744 et
1346 5705 1512 5744 sacro
1575 5696 1737 5746 textu
1768 5705 1784 5747 :
1841 5691 1971 5746 sine

2085 5352 2240 5401 cum,
2259 5340 2324 5389 ut
2344 5341 2642 5405 putamus,
2661 5352 2730 5389 ex
2751 5334 2968 5404 Cyrillo
2991 5336 3404 5401 recitantes,ea
3424 5335 3728 5405 omittunt.

2155 5409 2233 5475 (4)
2268 5403 2477 5473 Μηκέτι
2512 5403 2570 5457 ἐκ
2601 5408 2722 5469 σοῦ,
2757 5403 2866 5460 etc.
2902 5407 2968 5460 In
2999 5405 3168 5460 codd.
3221 5408 3340 5475 Roe
3389 5411 3448 5459 et
3477 5403 3726 5459 Casaub.

2083 5473 2299 5550 legitur
2320 5482 2383 5530 ut
2413 5476 2802 5550 apudMatth.
2841 5493 2953 5542 XXI,
2990 5479 3091 5550 19_:
3136 5473 3348 5550 Μηκέτι
3380 5475 3440 5528 ἐκ
3469 5477 3566 5526 σοῦ
3595 5492 3727 5550 καρ-

2080 5545 2465 5628 πρνς-γένητάι,
2492 5547 2640 5628 at_in
2821 5589 2834 5614 ,
2882 5546 3092 5628 καρπόν
3123 5567 3207 5628 τις
3241 5548 3427 5628 φάγοι,
3459 5545 3727 5628 proxime

2081 5620 2156 5677 ad
2174 5612 2443 5689 Marcum
2468 5618 2568 5689 qui
2598 5612 2844 5673 scribit:
2877 5612 3087 5688 Μηκέτι
3119 5617 3179 5671 ἐκ
3201 5612 3296 5670 σόῦ
3325 5612 3402 5678 εις
3429 5612 3523 5668 τόν
3557 5612 3727 5666 aiam

2083 5687 2278 5765 μηδεὶς
2310 5687 2516 5766 κάρπον
2545 5689 2732 5766 φάγοι.
