4138 6264
325 326 445 388 ’195

1373 322 1438 384 S.
1483 319 1794 384 CYRILLI
1839 319 2259 385 HIEROSOL.
2306 321 2664 394 AHCEI-EF.

3600 324 3723 387 796

309 457 652 525 induerunt,
676 473 744 511 eo
776 459 1048 528 tempore.
1072 454 1233 510 venit
1253 471 1368 526 quo
1397 452 1563 510 cibus
1593 471 1716 510 non
1737 454 1958 511 inveni-

2086 450 2239 521 ίὶλθεν
2271 451 2324 506 ἓν
2352 456 2528 526 καιρῷ
2557 450 2608 506 ἐν
2642 452 2687 525 ᾧ
2742 453 2945 528 βρῶσις
3001 452 3116 530 οὐχ
3173 451 3471 530 εύρισκεται
3630 456 3728 518 Τίς

310 553 422 602 tur.
456 547 596 612 Quis
631 546 885 618 ignorat,
921 545 1081 616 quod
1121 545 1336 600 hiemis
1363 549 1624 615 tempore
1659 546 1808 600 ﬁcus
1839 544 1960 598 fru-

310 642 470 692 ctum
509 653 629 690 non
662 636 852 699 affert,
886 633 990 689 sed
1020 633 1181 688 foliis
1205 639 1436 689 tantum
1467 634 1716 688 vestitur
1743 633 1770 686 ?
1799 632 1964 698 Quod

311 743 518 782 omnes
551 730 788 792 norant,
814 724 872 778 id
899 725 1068 778 Jesus
1098 723 1401 778 nesciebat
1421 723 1536 778 ‘IAt
1563 740 1782 796 gnarus
1827 723 1968 778 licet

310 817 472 872 venit
503 821 786 886 tanquam
815 814 1208 885 quaesiturus;
1243 829 1362 868 non
1394 814 1676 886 ignorans
1721 830 1781 868 se
1814 812 1967 868 nihil

313 908 710 977 reperturum,
738 902 841 957 sed
862 901 1343 957 maledictionem
1371 901 1573 973 figura:
1595 902 1679 973 [et
1699 900 1969 974 mysterii

312 995 445 1050 loco
480 991 857 1062 intentatam]
882 990 955 1046 ad
977 990 1122 1046 folia
1154 996 1384 1046 tantum
1425 989 1773 1046 extendens.

387 1085 533 1138 XIX.
567 1081 859 1148 Quoniam
890 1097 1022 1135 vero
1056 1080 1313 1151 paradisi
1337 1097 1433 1135 res
1463 1081 1786 1152 attigimus,
1811 1086 1970 1135 certe

315 1175 638 1247 ﬁgurarum
662 1171 968 1225 veritatem
990 1169 1269 1224 admiror.
1294 1167 1342 1203 ⁸⁴
1362 1171 1427 1224 In
1455 1169 1728 1241 paradiso
1748 1187 1954 1238 casus;

316 1269 374 1318 et
400 1262 560 1317 salus
592 1261 653 1314 in
676 1261 846 1314 horto
877 1277 888 1312 :
913 1276 949 1314 a
978 1258 1137 1331 ligno
1171 1264 1481 1330 peccatum
1508 1277 1520 1327 ;
1550 1265 1609 1314 et
1638 1259 1711 1314 ad
1738 1259 1969 1330 lignum

315 1344 503 1422 usque
538 1354 869 1421 peccatum.
889 1349 1028 1402 Post
1051 1347 1364 1401 meridiem
1387 1347 1633 1402 Domino
1663 1348 1974 1419 perambu-

312 1441 474 1496 lante
504 1437 818 1494 latibulum
849 1437 1170 1507 quaesivere
1198 1435 1246 1468 ⁸⁵
1325 1442 1382 1490 et
1414 1441 1549 1507 post
1591 1436 1906 1492 meridiem
1940 1453 1976 1492 a
2082 1433 2322 1506 ἁμαρτία
2375 1435 2452 1506 (3)
2485 1453 2496 1465 ·

317 1529 566 1586 Domino
599 1529 660 1582 in
691 1526 1034 1598 paradisum
1065 1525 1632 1580 introduciturlatro
1655 1525 1720 1580 ⁸⁸.
1743 1527 1855 1581 Sed
1887 1526 1974 1581 di-

316 1625 408 1676 cet
445 1618 589 1672 mihi
618 1615 954 1688 quispiam:
987 1615 1472 1671 Comminisceris
1503 1615 1618 1670 ista
1652 1632 1664 1669 :
1698 1617 1889 1671 crucis
1912 1615 1978 1669 1i-

2071 541 2171 597 ούκ
2211 538 2378 612 οἶδεν,
2425 542 2507 596 ὅτι
2567 542 2619 597 ἐν
2669 547 2843 618 καιρῷ
2893 549 3176 620 χειμῶνος
3231 550 3365 612 συκῆ
3399 543 3462 598 ού
3516 563 3725 618 καρπο-

2072 635 2250 704 φορεῖ,
2285 628 2429 686 ἀλλὰ
2459 629 2644 708 φύλλα
2699 632 2998 708 περίκειται
3057 634 3221 705 μόνον
3260 652 3272 702 ;
3334 634 3497 707 Ὅπερ
3530 635 3723 697 πάντες

2072 715 2316 794 ᾔδεισαν,
2346 724 2511 774 τοῦτο
2544 721 2757 791 Ἰησοῦς
2790 723 2891 795 ἄρα
2922 723 3024 778 οὐκ
3055 717 3175 796 ᾔδει
3211 742 3226 791 ς
3260 719 3387 777 ἀλλ’
3419 719 3594 792 εἰδὼς,
3627 721 3727 798 ἤρ-

2073 829 2204 885 χετο
2237 810 2310 870 ὡς
2342 811 2615 880 ζητήσεων
2651 807 2748 865 οὸκ
2778 812 3014 887 ἀγνοῶν,
3043 810 3125 866 ὅτι
3147 813 3260 886 οὐχ
3287 811 3543 885 εύρίσκει·
3575 811 3727 868 ἀλλὰ

2071 901 2164 954 τὸν
2195 899 2362 954 τύπον
2394 901 2492 968 τῆς
2520 900 2756 974 κατάρας
2792 899 2958 977 μέχρι
2988 905 3098 956 τῶν
3128 899 3353 979 φύλλων
3392 900 3554 974 μόνον
3593 923 3725 957 ποι-

2077 989 2330 1063 ούμενος.

2148 1078 2250 1134 ΙΘ“.
2310 1077 2407 1131 Καὶ
2467 1073 2656 1146 ἐπειδὴ
2714 1081 2821 1132 τῶν
2893 1078 3028 1132 κατᾶ
3088 1077 3410 1153 παράδεισον
3471 1077 3731 1152 ἡψάμεθα

2077 1164 2438 1241 πραγμάτων.
2497 1164 2811 1240 τεθαύμακα
2871 1164 3095 1236 ἀληθῶς
3149 1169 3248 1237 τὴν
3304 1165 3562 1238 ἀλήθειαν
3617 1172 3730 1223 τῶν

2076 1255 2286 1313 τύπων.
2320 1255 2407 1310 Ἐν
2439 1251 2751 1328 παραδείσῳ
2776 1256 2810 1324 ἠ
2862 1254 3200 1324 άπόπτωσις,
3261 1256 3351 1311 καὶ
3414 1255 3463 1312 ἐν
3499 1259 3664 1330 κήπῳ
3692 1260 3728 1326 ἡ

2079 1342 2342 1416 σωτηρία·
2376 1343 2481 1398 ἀπὸ
2513 1341 2677 1414 ξύλου
2735 1345 2771 1412 ἡ
2831 1344 3094 1419 ἁμαρτία,
3152 1345 3241 1400 καὶ
3278 1346 3444 1421 μέχρι
3498 1345 3663 1416 ξύλου
3694 1349 3730 1416 ἡ

2582 1430 2816 1488 δειλινὸν
2895 1437 2992 1488 τοῦ
3049 1435 3248 1510 Κυρίου
3306 1439 3737 1509 περιπατοῦντος

2081 1517 2404 1598 ἔκρύϐησαν,
2463 1521 2552 1577 καὶ
2607 1519 2841 1577 δειλινὸν
2897 1523 3002 1578 ὑπὸ
3049 1528 3144 1579 τοῦ
3175 1523 3373 1599 Κυρίου
3433 1523 3510 1588 εἲς
3564 1524 3740 1599 παρά-

2084 1608 2260 1667 δεισον
2319 1613 2346 1666 6
2407 1609 2619 1686 λῃστὴς
2675 1611 2965 1688 εἰσάγεται.
3027 1611 3182 1669 Ἀλλ’
3230 1613 3343 1688 ἐρεῖ
3377 1612 3472 1686 μοί
3503 1634 3583 1676 τις
3629 1618 3730 1687 (4).

316 1725 498 1782 gnum
529 1707 676 1761 mihi
737 1722 771 1759 a
800 1705 1088 1776 propheta
1118 1704 1460 1759 demonstra
1491 1722 1505 1770 ;
1537 1704 1652 1759 nisi
1710 1705 1858 1759 mihi
1908 1721 1970 1760 ex

2086 1699 2496 1776 Εὑρεσιλογεῒς’
2533 1697 2704 1774 δεῖξόν
2741 1722 2834 1774 μοι
2868 1701 2974 1757 ἀπὸ
3007 1704 3293 1778 προφήτου
3352 1707 3448 1757 τοῦ
3497 1707 3731 1778 σταυροῦ

318 1797 607 1870 prOpheta
627 1793 1039 1849 testimonium
1056 1793 1402 1864 praebueris,
1430 1810 1551 1848 non
1574 1794 1968 1864 acquiescam.

2086 1790 2144 1846 τὸ
2195 1788 2377 1861 ξύλον·
2438 1788 2523 1845 ἐὰν
2587 1791 2665 1864 μὴ
2700 1791 2996 1868 μαρτυρίαν
3054 1793 3158 1846 ἄπο
3216 1794 3502 1870 προφήτου
3559 1791 3735 1868 παρά-

317 1885 466 1942 Audi
499 1885 678 1957 igitur
706 1900 776 1938 ex
827 1881 1098 1938 Ieremia.
1138 1886 1195 1936 et
1247 1882 1617 1938 convincere.
1659 1885 1779 1951 Ego
1826 1885 1967 1938 sicut

317 1989 494 2043 agnus
519 1975 774 2025 innocens
814 1969 1007 2024 ductus
1045 1969 1120 2023 ad
1148 1967 1586 2032 immolandum;
1614 1984 1724 2022 non
1767 1985 1966 2039 cogno-

317 2065 372 2118 vi
386 2061 432 2097 ⁸⁷
463 2060 489 2115 ?
519 2061 630 2130 (Sic
662 2059 824 2114 enim
857 2059 982 2130 lege
1014 2074 1120 2129 per
1149 2057 1696 2128 interrogationem,
1730 2063 1795 2113 ut
1825 2057 1966 2114 dixi.

320 2153 428 2218 Qui
452 2151 610 2206 enim
645 2149 757 2204 ait:
792 2150 990 2216 Nostis,
1023 2148 1169 2218 quod
1200 2153 1327 2218 post
1359 2146 1585 2202 biduum
1618 2147 1825 2217 pascha
1853 2151 1966 2217 ﬁet,

319 2249 369 2298 et
398 2243 570 2297 Filius
594 2240 827 2294 hominis
867 2237 1116 2293 tradetur
1161 2243 1223 2292 ut
1281 2239 1641 2306 cruciﬁgatur
1669 2234 1715 2271 8⁸
1749 2255 1762 2303 ;
1823 2254 1969 2293 num

321 2332 422 2387 ille
481 2327 870 2404 ignorabat?)
907 2329 1022 2397 Ego
1051 2329 1189 2382 sicut
1245 2343 1420 2397 agnus
1473 2329 1730 2381 innocens
1769 2329 1866 2397 qui
1895 2327 1970 2383 ad

321 2420 715 2477 immolandum
746 2419 1009 2481 duc-itur;
1049 2433 1161 2472 non
1191 2420 1422 2486 cognovi
1459 2414 1507 2450 ⁸9
1537 2417 1565 2471 ‘I
1612 2416 1837 2488 (Qualis
1869 2433 1968 2489 ag-

320 2527 432 2565 nus
462 2509 489 2565 ‘I
516 2511 772 2564 Joannes
806 2506 1066 2577 Baptista
1113 2506 1556 2577 interpretetur,
1603 2505 1746 2561 dum
1776 2505 1921 2561 dicit
1951 2522 1964 2561 :

320 2601 452 2656 Ecce
482 2600 670 2668 Agnus
703 2597 822 2662 Dei,
855 2597 950 2665 qui
1009 2594 1154 2648 tollit
1205 2601 1495 2664 peccatum
1523 2595 1716 2649 mundi
1742 2593 1832 2665 9°.)
1862 2597 1969 2651 Su—

316 2705 422 2760 per
450 2705 531 2742 me
561 2685 938 2756 cogitaverunt
969 2683 1253 2738 consilium
1275 2699 1513 2752 pravum
1562 2683 1799 2739 dicentes
1844 2684 1970 2754 (qui

327 2776 714 2850 cogitationes
745 2773 924 2844 novit,
961 2777 1315 2828 eventumne
1346 2770 1655 2844 ignorabat
1684 2772 1711 2826 ?
1740 2776 1799 2827 et
1828 2772 1971 2843 quid

329 2867 667 2933 dixerunt):
736 2865 926 2920 Venite
962 2904 975 2928 ,
1036 2867 1085 2916 et
1141 2861 1459 2930 injiciamus
1529 2864 1606 2932 (1)
1661 2861 1873 2930 lignum
1910 2864 1970 2917 in

316 2972 521 3028 panem
543 2956 712 3026 ipsius
743 2951 809 3006 9‘.
844 2951 901 3006 Si
942 2956 999 3006 te
1053 2949 1338 3005 Dominus
1395 2950 1639 3022 dignum
1672 2951 1968 3020 habuerit,

325 3046 387 3101 in
419 3050 722 3116 posterum
781 3056 1100 3110 cognosces
1130 3038 1290 3109 quod
1349 3055 1563 3112 corpus
1622 3041 1752 3112 ejus
1797 3041 1972 3113 juxta

323 3135 701 3208 Evangelium
735 3132 984 3204 ﬁguram
1017 3128 1242 3185 ferebat
1288 3130 1481 3202 panis.
1539 3132 1728 3186 Venite
1764 3131 1964 3204 igitur,

323 3198 535 3295 lignum
581 3220 899 3292 injiciamus
956 3222 1016 3274 in
1067 3235 1271 3290 panem
1317 3220 1455 3289 ejus,
1514 3226 1566 3274 et
1621 3227 1964 3276 conteremus
1996 3198 2039 3264 (ἶ

321 3317 503 3386 ipsum
559 3313 624 3366 de
683 3316 828 3365 terra
892 3311 1232 3374 viventium;
1293 3307 1310 3379 (
1369 3307 1486 3362 vita
1567 3324 1689 3364 non
1765 3313 1970 3365 conte-

324 3405 496 3469 ritur,
531 3401 673 3473 quid
719 3416 884 3454 casso
941 3398 1144 3454 labore
1191 3397 1520 3470 fatigamini
1551 3397 1624 3469 ?)
1673 3404 1724 3453 et
1773 3415 1970 3453 nomen

325 3495 443 3564 ejus
471 3508 583 3547 non
627 3494 956 3546 memoratur
1001 3487 1238 3559 amplius
1257 3485 1325 3543 9’.
1384 3489 1614 3542 Vanum
1646 3492 1736 3543 est
1765 3488 1968 3543 consi-

322 3584 470 3641 lium
490 3585 782 3637 vestrum:
815 3583 951 3634 ante
997 3577 1184 3632 solem
1216 3576 1435 3649 quippe
1467 3594 1689 3633 nomen
1733 3577 1862 3649 ejus
1909 3577 1971 3634 in

332 3710 354 3763 li
404 3707 451 3742 ⁸⁴
489 3707 625 3763 Vide
654 3711 758 3761 cat.
797 3705 965 3770 l4,n.
1001 3706 1068 3757 10
1128 3701 1359 3776 ἕξῦθη.
1397 3719 1474 3768 in,
1508 3705 1561 3758 8.
1638 3701 1686 3737 ⁸⁸
1714 3703 1848 3776 Luc.
1879 3721 1970 3776 xxi

2086 3705 2154 3757 l3.
2233 3702 2279 3738 δ”
2317 3704 2530 3759 Jerem.
2559 3719 2636 3769 xi,
2673 3705 2757 3759 19.
2834 3702 2883 3738 ⁸³
2900 3705 3060 3760 Matt.
3111 3704 3261 3776 xxvi,
3291 3706 3346 3759 2.

321 3799 398 3851 xi,
427 3783 509 3835 19.
586 3777 634 3812 ⁹⁰
660 3780 826 3834 Joan.
858 3795 896 3843 ι,
928 3779 1016 3831 29.
1122 3775 1162 3810 ’ί
1185 3775 1402 3831 Jerem.
1437 3775 1630 3842 xi,19.
1734 3776 1778 3809 ⁰²
1810 3775 1954 3831 ibid.

395 3932 473 3996 (l)
506 3931 712 3996 Venite,
735 3935 786 3984 et
810 3927 1150 3998 injiciamus,
1183 3930 1295 3998 etc.
1329 3925 1462 3998 Haec
1507 3941 1743 3996 quoque
1776 3929 1971 3982 trans-

327 4003 504 4060 cribit
526 4002 798 4057 Ruﬁnus.
833 3997 999 4053 Hunc
1028 3997 1296 4052 Jeremiaa
1328 3997 1522 4051 locum
1574 4013 1785 4069 magno
1831 4015 1969 4052 con-

329 4092 510 4131 sensu
538 4076 742 4128 Patres
774 4071 845 4125 de
903 4069 1120 4124 Christi
1180 4084 1425 4139 corpore
1463 4068 1527 4123 in
1575 4068 1810 4124 crucem
1843 4075 1972 4124 acto

328 4147 833 4217 interpretantur;
867 4141 1016 4217 illud
1055 4141 1226 4212 panis
1253 4140 1497 4217 nomine
1527 4156 1562 4217 a
1583 4141 1976 4217 proph_eta_id-

327 4211 832 4289 circo-signiﬁcari
866 4211 1114 4289 aientes.
1146 4211 1303 4289 quod
1351 4211 1615 4289 Christus
1655 4211 1718 4289 in
1747 4214 1975 4269 Eucha-

326 4290 496 4370 ristia
526 4283 1071 4370 corpussuumnsub
1091 4283 1265 4370 panis
1285 4283 1479 4370 specie
1512 4283 1812 4370 edendum
1833 4302 1951 4370 prio

329 4361 540 4416 buerit.
580 4355 721 4413 Vide
752 4356 995 4423 Tertull,
1031 4355 1288 4426 adversus
1316 4355 1553 4417 Iudaeos,
1587 4371 1715 4426 cap.
1750 4355 1849 4420 1οζ
1870 4357 1971 4410 lib.

331 4450 395 4489 Ill
428 4439 572 4488 cont.
607 4434 802 4497 Marc.,
844 4444 971 4498 cap.
1009 4429 1215 4498 19,77et
1260 4425 1362 4479 lib.
1397 4442 1472 4498 iv,
1528 4425 1776 4498 capféo.
1811 4428 1977 4492 Quod

329 4505 582 4587 Cyrillus
599 4501 884 4587 religione
896 4496 1819 4587 silentiihicapertius‘disse‘ilere
1839 4517 1943 4570 pro
1957 4531 1974 4541 -

331 4568 686 4655 hibitusest,
705 4568 1066 4655 _plani_ssime
1088 4568 1634 4655 aperuit‘cate'chesi
1661 4573 1749 4637 22,
1773 4568 1974 4641 inqua
2001 4575 2048 4640 D
2080 4568 2242 4655 ξύλου

330 4648 458 4704 haec
489 4650 645 4702 inter
665 4641 782 4702 alia
804 4644 1098 4700 habentur
1118 4657 1281 4695 num.
1307 4641 1340 4694 3
1369 4657 1381 4694 :
1417 4642 1666 4710 «Itaque
1690 4657 1823 4696 cum
1855 4659 1975 4697 om-

332 4742 360 4770 «
393 4720 781 4793 persuasione
811 4715 980 4793 quasi
1012 4729 1226 4784 corpus
1273 4717 1332 4793 e-t
1362 4712 1710 4793 sanguinem
1759 4713 1973 4793 Christi

334 4813 362 4840 ‹‹
394 4785 560 4872 sacra
619 4785 904 4872 mysteria
935 4801 1261 4872 sumamus.
1296 4786 1361 4839 In
1382 4789 1529 4872 typo
1579 4785 1762 4872 enim”
1793 4786 1974 4866 panis

331 4885 358 4912 ‹‹
394 4855 968 4932 daturtibicorpus,
1001 4865 1060 4932 et
1089 4860 1151 4913 in
1178 4863 1315 4932 typo
1344 4855 1462 4932 vini
1498 4855 1818 4932 daturtibi
1839 4875 1973 4912 sau-

330 4936 479 5006 guis,
516 4956 542 5006 υ
567 4931 621 5006 ἐν
670 4925 977 5006 τύπῳ’γὰρ
1010 4926 1177 5006 ξίρτου
1208 4925 1416 5006 δίδοταί
1448 4925 1616 4981 σοιτὸ
1647 4930 1843 5006 σιξῡμαζ
1859 4935 1972 5006 e_t_c.

403 5007 479 5076 (2)
511 5003 635 5076 Ούχ
663 4999 987 5076 εὑρίσκεται.
1017 5004 1104 5076 ita
1124 5001 1472 5076 scripsimus
1504 5017 1572 5055 ex
1602 4999 1771 5076 codd.
1805 5000 1970 5056 Colb.

332 5069 734 5132 et'GrodI'In'
781 5077 914 5144 Reg.
969 5079 1027 5127 et
1073 5069 1262 5128 Coislf
1310 5073 1618 5144 scriptum,
1653 5069 1971 5144 εὑρίσκεται.

331 5149 485 5204 Editi
518 5147 761 5218 habent,
793 5143 1020 5218 ἐγίνετο.

404 5222 479 5291 (3)
519 5217 803 5286 Ἀμαρτία.
833 5213 938 5291 'ln_
989 5216 1295 5291 impressis
1353 5214 1586 5291 legitur,
1638 5213 1971 5291 i}_aaitnpla,

329 5286 500 5364 usque
523 5291 597 5344 ad
627 5291 838 5364 lignum
855 5289 1021 5345 salus.
1057 5288 1238 5358 Cujus
1269 5286 1578 5364 sententiae
1609 5286 1698 5342 vel
1741 5286 1971 5364 impro-

331 5358 495 5437 prius
527 5369 585 5416 et
615 5361 901 5437 obscurus
919 5366 1008 5437 est
1033 5376 1264 5437 sensus,
1281 5358 1383 5437 vel_
1403 5360 1580 5437 etiam
1603 5358 1972 5437 contrarius;

332 5430 474 5491 ilum
506 5450 625 5489 non
659 5434 719 5488 in
752 5433 908 5504 ligno
961 5431 1224 5498 desierit,
1286 5430 1388 5504 sed
1447 5431 1758 5504 incmperit
1788 5431 1970 5504 salus.

333 5506 688 5579 Scripsimus
718 5499 915 5579 itaque
949 5520 1017 5579 ex
1071 5504 1188 5557 Roe
1220 5505 1277 5555 et
1305 5502 1576 5566 Casaub.,
1603 5499 1973 5579 μέχρι-ξύλου

331 5583 366 5649 ἡ
401 5573 655 5650 ἁμαρτία.
717 5573 841 5650 Sive
890 5575 1048 5650 enim
1083 5590 1186 5626 vox
1218 5589 1386 5650 usque
1444 5590 1622 5628 sensu
1679 5573 1972 5629 exclusivo

333 5644 720 5724 intelligatur,
755 5644 1285 5725 signilicatum'crit
1308 5661 1494 5714 usque
1513 5662 1581 5700 ac
1598 5661 1833 5725 crucem
1856 5662 1977 5725 gu‘a

335 5716 638 5783 sublatum
663 5727 770 5790 est,
793 5716 1098 5795 peccatum
1121 5716 1369 5791 viguisse
1393 5733 1408 5786 ;
1428 5716 1724 5788 quomodo
1747 5716 1832 5771 ait
1849 5719 1973 5774 Cat.

2079 1899 2244 1956 σχῃς,
2277 1879 2340 1934 οὐ
2372 1879 2654 1953 πείθομαι.
2690 1885 2893 1936 ’Ἄκουε
2947 1880 3126 1935 τοίνυν
3157 1880 3262 1936 ὰπὸ
3295 1882 3584 1955 Ἰερεμίου,
3644 1881 3736 1936 καὶ

2077 1972 2425 2025 πιστοποιοῦ’
2483 1968 2624 2043 Ἐγὼ
2677 1971 2751 2031 ὡς
2799 1967 2982 2044 ἀρνίον
3040 1970 3238 2025 ἄκακον
3299 1969 3592 2046 ἀγνύμενον
3656 1973 3737 2045 (5)

2074 2061 2172 2112 τοῦ
2231 2056 2494 2111 θύεσθαι·
2549 2056 2646 2112 οὐκ
2729 2053 2940 2134 ἔγνων;
3027 2058 3208 2121 (Οὕτω
3289 2060 3390 2133 γὰρ
3466 2059 3732 2135 ἀνάγνωθι

2078 2145 2561 2222 ἐπεροτηματικῶς
2616 2147 2690 2210 ὡς
2748 2149 2922 2203 εἷπον.
2983 2149 3044 2207 Ὁ
3103 2151 3206 2224 γὰρ
3263 2146 3462 2223 λέγων,
3510 2146 3729 2219 Οἴδατε,

2078 2235 2161 2292 ὅτι
2223 2235 2358 2309 μετᾶ
2415 2233 2510 2291 δύο
2563 2233 2772 2311 ἡμέρας
2843 2238 2905 2293 τὸ
2978 2238 3167 2312 πάσχα
3247 2238 3492 2312 γίνεται,
3552 2238 3641 2292 καὶ
3702 2239 3730 2293 6

2078 2325 2202 2387 Υἱὸς
2254 2329 2353 2381 τοῦ
2401 2325 2693 2400 ἀνθρώπου
2762 2324 3119 2400 παρᾶδίδοται
3205 2326 3282 2390 είς
3335 2327 3398 2382 τὸ
3485 2347 3731 2401 σταυρω-

2079 2420 2260 2483 θῆναυ
2322 2415 2405 2489 ἆρ’
2460 2413 2559 2469 ούκ
2614 2410 2735 2488 ᾔδει
2771 2417 2810 2486 ;)
2898 2415 3038 2492 Ἐγὼ
3089 2417 3164 2480 ὡς
3257 2415 3439 2492 ἀρνίον
3526 2415 3723 2472 ἄκακον

2078 2504 2344 2582 ἀγόμενον
2379 2509 2476 2560 τοῦ
2531 2505 2768 2569 Θύεσθαι·
2803 2506 2904 2562 οὐκ
2959 2505 3171 2581 ἔγνων;
3232 2515 3248 2571 (
3277 2511 3432 2562 ποῖον
3491 2506 3675 2582 ἀρνίον
3708 2525 3721 2577 ;

2081 2594 2331 2664 Ἰωάννης
2391 2595 2419 2649 ὁ
2478 2593 2785 2664 Βαπτίστής
2844 2595 3230 2670 ἐρμηνευὲτω,
3291 2593 3484 2671 λέγων·
3538 2593 3642 2650 Ἴδε
3701 2598 3729 2650 6

2079 2684 2252 2757 ἀμνὸς
2331 2688 2427 2739 τοῦ
2512 2688 2646 2740 Θεοῦ
2679 2729 2698 2753 ,
2753 2689 2780 2742 6
2864 2685 3031 2758 αἶ’ρων
3109 2688 3208 2755 τήν
3295 2687 3558 2762 ἁμαρτίαν
3634 2691 3731 2742 τοῦ

2077 2774 2291 2847 κόσμου
2355 2777 2510 2848 (6).)
2560 2775 2679 2829 Ἐπ’
2728 2773 2827 2848 ἑμὶ
2883 2773 3206 2850 ἐλογίσαντο
3281 2776 3522 2850 πονηρὸν
3607 2774 3733 2850 λογι

2080 2863 2243 2936 σμὸν,
2279 2863 2554 2938 λέγοντες·
2589 2866 2641 2939 (6
2670 2863 2798 2927 τοὺς
2821 2864 3126 2940 λογισμοὺς
3157 2863 3337 2930 εἰδὼς,
3365 2865 3428 2920 τὸ
3458 2861 3734 2936 ἀποϐησό-

2084 2973 2243 3025 μενον
2270 2954 2355 3027 ἇρ²
2381 2955 2483 3009 οὐκ
2512 2951 2633 3030 ᾔδει
2668 2973 2682 3024 ;
2712 2957 2727 3026 )
2753 2954 2842 3008 καὶ
2872 2954 2924 3009 τί
2954 2947 3140 3030 ἔλεγον
3179 2981 3194 3024 ;
3223 2958 3399 3012 Δεῦτε.
3435 2955 3525 3010 καὶ
3557 2951 3734 3028 ἐμϐά-

2079 3041 2262 3115 λωμεν
2323 3043 2482 3114 ξύλον
2543 3043 2620 3106 εἷς
2663 3045 2755 3098 τὸν
2814 3041 2974 3117 ἄρτον
3029 3042 3214 3100 αὐτοῦ.
3277 3043 3382 3101 Καὶ
3441 3043 3528 3099 ἐάν
3589 3065 3646 3100 σε
3703 3047 3730 3099 6

2079 3130 2277 3208 Κύριος
2307 3133 2637 3207 καταξιὼσῃ,
2697 3131 2764 3194 ιῖς
2815 3134 2878 3188 τὸ
2935 3127 3237 3208 ἔμπροσθεν
3289 3135 3501 3208 γνώσῃ,
3556 3133 3729 3189 ὅτιτὸ

2077 3225 2240 3295 σῶμα
2280 3220 2444 3276 αὐτοῦ
2502 3222 2636 3277 κατὰ
2682 3223 2746 3277 τὸ
2779 3221 3118 3297 Εὐαγγέλιον
3176 3221 3346 3278 τύπον
3404 3221 3585 3299 ἔφερεν
3640 3221 3726 3299 ἅρ-

2076 3313 2195 3367 τοῦ.
2266 3313 2426 3366 Δεῦτε
2473 3312 2673 3378 τοίνυν,
2733 3309 2893 3382 ξύλον
2952 3305 3288 3384 ἐμϐάλωμεν
3349 3311 3424 3374 είς
3481 3314 3574 3368 τὸν
3632 3309 3732 3386 ἅρ-

2077 3419 2171 3454 τον
2229 3398 2396 3454 αὐτοῦ
2427 3445 2444 3469 ,
2504 3399 2593 3454 καὶ
2653 3397 2994 3473 ἐκτρίψωμεν
3056 3399 3214 3455 αὐτὸν
3273 3401 3379 3455 ἀπὸ
3436 3408 3538 3476 γῆς
3599 3402 3732 3470 de-

2078 3506 2208 3542 των·
2242 3489 2381 3559 (ζωὴ
2415 3489 2494 3561 [7]
2547 3487 2646 3542 οὐκ
2703 3483 3028 3564 ἐκτρίϐεται,
3086 3488 3138 3542 τί
3192 3488 3423 3562 κάμνετε
3455 3491 3631 3563 μάτην
3667 3510 3680 3559 ;
3718 3495 3736 3556 )

2079 3575 2170 3632 καὶ
2224 3577 2288 3632 τὸ
2345 3571 2521 3649 ὄνομα
2576 3575 2741 3631 αὐτοῦ
2798 3576 2860 3632 ού
2910 3578 2986 3650 μὴ
3051 3582 3268 3652 μνησθῇ
3323 3576 3401 3634 ἔτι
3435 3622 3448 3636 .
3512 3581 3737 3635 Ματαία

3452 3704 3498 3739 ⁸⁸
3522 3706 3714 3760 Jerem
3727 3701 3744 3717 °

2084 3929 2172 3998 19,
2207 3943 2371 3982 num.
2406 3929 2456 3992 3,
2487 3925 2821 3998 daemonem
2865 3927 3139 3982 homines
3195 3943 3385 3998 usque
3445 3928 3519 3983 ad
3547 3944 3734 3998 aquas

2080 3997 2384 4068 baptismi,
2408 3997 2471 4052 in
2502 3997 2716 4123 quibus
2770 3998 3188 4072 submergitur,
3239 3997 3552 4071 persequi:
3605 3997 3726 4055 Sive

2081 4068 2368 4123 inclusive
2401 4087 2509 4123 exn
2540 4069 2746 4123 icetur.
2799 4085 3007 4123 sensus
3057 4071 3188 4123 erit.
3249 4077 3490 4123 peccata
3521 4077 3726 4123 nostra

2081 4068 2368 4125 inclusive
2401 4068 2746 4140 explicetur,
2799 4068 3188 4139 sensus'erit,
3241 4068 3490 4140 peccata
3521 4077 3726 4127 nostra

2080 4157 2270 4214 usque
2301 4141 2373 4196 ad
2405 4141 2636 4214 lignum
2667 4142 2858 4214 crucis
2898 4141 2962 4214 in
2991 4158 3106 4212 quo
3138 4159 3207 4197 ea
3234 4141 3498 4197 Christus
3529 4148 3728 4214 porta-

2082 4213 2181 4276 vit,
2215 4229 2325 4268 nec
2373 4213 2506 4284 plus
2535 4213 2695 4268 ultra
2725 4213 2842 4267 vim
2875 4213 3192 4281 habuisse;
3221 4213 3730 4284 iquomodo'supe-

2082 4285 2208 4360 rius
2237 4285 2339 4360 aitA
2373 4282 2681 4360 Christum
2725 4284 2884 4360 foliis
2916 4291 3136 4360 ten_us,__
3171 4282 3337 4360 μέχρί
3363 4289 3471 4338 τῶν
3502 4282 3728 4360 φύλλιον

2088 4355 2275 4427 μόνον,
2309 4355 2446 4410 ﬁcui
2469 4356 2866 4422 maledixisse,
2902 4362 2966 4410 ut
3004 4357 3065 4410 in
3099 4355 3170 4411 iis
3203 4355 3456 4412 hiéreret
3486 4355 3734 4413 maledi-

2086 4428 2224 4483 ctio.
2260 4427 2400 4502 Vide
2433 4427 2605 4495 infra,
2635 4429 2922 4502 1111111)ᾃὲΒέ
2958 4427 3276 4483 Grodecius
3307 4429 3527 4502 legisse
3545 4429 3729 4502 qvide-

2091 4505 2206 4571 tur,
2240 4498 2398 4569 quod
2430 4516 2667 4571 omnem
2699 4499 3111 4554 difﬁcultatem
3145 4518 3175 4555 e
3199 4497 3394 4555 medio
3426 4500 3600 4571 tollit,
3637 4497 3727 4554 διὰ

2342 4570 2606 4641 σωτηρία,
2633 4588 2734 4640 per
2756 4572 2966 4639 lignum
2996 4573 3249 4626 servatio.

2151 4639 2414 4716 (4)]Αλλ)
2447 4639 2706 4716 ἐμεῖᾃμίοί-
2740 4661 2846 4702 τις.
2907 4643 3107 4716 C0isl.,
3158 4643 3345 4716 Colb.,
3392 4646 3554 4716 363.,
3581 4641 3724 4716 ἐρεις

2085 4709 2178 4786 μοι
2212 4709 2316 4766 ’ὅτι
2355 4709 2528 4788 εὐρεσ.
2573 4709 2750 4769 Paulo
2809 4718 2940 4785 post
2981 4714 3349 4784 scripsimus,
3406 4709 3725 4787 μαρτυρίαν,

2083 4803 2152 4841 ex
2183 4784 2382 4843 Coisl..
2416 4785 2636 4843 Ottob..
2668 4787 2830 4843 Reg”
2877 4784 3061 4843 Colb..
3109 4787 3249 4843 Roe.
3300 4787 3572 4843 Casaub..
3607 4804 3723 4843 auo

2083 4803 2152 4841 ex
2183 4802 2382 4851 u0151.,
2416 4802 2636 4854 υιιοο.,
2669 4802 2830 4868 ueg,
2877 4802 3061 4853 Com,
3110 4802 3249 4855 hoe,
3300 4802 3572 4857 uasaun.,
3607 4806 3643 4858 q

2082 4856 2211 4912 loco
2241 4856 2464 4932 habent
2491 4859 2790 4932 impresSi,
2821 4854 3179 4932 προφητείαν.
3225 4926 3240 4932 _
3305 4925 3317 4932 _

2152 4932 2223 4993 (5)
2258 4925 2596 5000 Ἀγόμενονξ
2628 4931 2747 5001 Hoc
2793 4925 2876 5001 et:
2903 4925 3175 4990 Casaub”
3215 4925 3507 5001 ἀγόμενος.
3541 4932 3728 5001 Quam

2081 5001 2608 5074 interrogationem
2630 5000 2976 5074 degendam
3026 5005 3194 5074 putat
3232 5000 3438 5056 auctor
3469 5009 3600 5074 post
3630 5000 3732 5056 οὐκ

2081 5065 2280 5146 ἔγνων,
2304 5065 2597 5146 eia‘neque
2629 5065 2913 5146 Hebraico
2946 5065 3118 5146 fonti,
3150 5089 3344 5143 neque
3375 5065 3733 5146 interpreta-

2080 5143 2229 5218 tioni
2262 5143 2397 5218 LXX
2427 5143 2747 5218 conformis
2792 5149 2899 5199 est.
2952 5143 3126 5199 Solus
3157 5160 3287 5200 eam
3336 5162 3470 5201 cum
3506 5143 3726 5218 Cyrillo

2081 5217 2328 5289 Ruﬁnus
2358 5217 2670 5289 legendam
2701 5220 2922 5289 censet.

2151 5289 2230 5358 (6)
2257 5287 2315 5342 '0
2359 5283 2525 5358 αἶ’ῥων
2582 5287 2681 5352 τήν
2740 5283 3006 5357 ἁμαρτίαν
3063 5289 3160 5339 τοῦ
3217 5284 3448 5358 κόσμου.
3505 5289 3735 5344 Desunt

2082 5360 2209 5415 huic
2239 5359 2301 5414 in
2333 5360 2503 5415 codd.
2535 5359 2734 5430 Coisl.,
2770 5359 3155 5430 Colb.,Reg.,
3197 5361 3338 5422 Roe,
3388 5361 3636 5415 Casaub.
3672 5369 3734 5415 et

2083 5430 2259 5487 Grod.
2296 5431 2504 5499 Verba,
2536 5429 2616 5484 ἐπ’
2637 5428 2797 5501 ἐμοῦ,
2827 5428 3212 5501 ascripsimus
3234 5446 3304 5484 ex
3325 5431 3536 5486 iisdem
3559 5432 3730 5488 libris

2082 5507 2142 5558 et
2162 5503 2369 5578 Ottob.
2393 5520 2642 5578 quorum
2671 5500 2806 5578 loco
2836 5503 2895 5556 in
2914 5500 3340 5578 _edi_tis__legitur
3363 5509 3589 5558 tantum
3625 5502 3704 5578 ἐφ’

2153 5576 2226 5645 (7)
2251 5572 2562 5642 Ζωήξυίια·
2597 5574 2877 5644 Spiritum
2911 5574 2981 5645 in;
3003 5572 3204 5632 Colb.,
3240 5577 3342 5640 ζὼν
3394 5578 3594 5629 vivens.
3648 5572 3730 5633 Ex

2085 5643 2472 5718 sequentibus
2502 5643 2749 5718 apparet
2775 5643 3112 5721 legendum,
3149 5645 3259 5715 ζωή
3293 5648 3429 5702 vita.
