4118 6264
370 374 491 436 ’797

955 366 1431 430 CATECHESIS
1479 364 1645 428 XIII.
1690 361 1794 423 DE
1834 357 2170 422 CHRISTO
2213 357 2628 426 CRUGIFIXO
2673 366 2772 426 ET
2819 366 3204 438 SEPULTO.

3671 373 3810 434 798‘

385 507 424 577 ἡ
459 501 641 582 βουλή
679 503 852 575 ὑμῶν’
887 499 994 577 πρό
1013 500 1115 576 γὰρ
1146 498 1310 568 ἠλίου
1337 497 1400 554 τὸ
1458 493 1630 570 ὄνομα
1686 493 1849 549 αὐτοῦ
1878 489 1937 582 ἐν

2147 492 2409 550 Ecclesia
2436 502 2640 553 manet
2667 497 2736 553 93.
2768 499 2838 554 Et
2867 499 3025 570 quod
3053 501 3292 570 quidem
3325 502 3443 559 vita
3473 508 3602 559 erat
3624 505 3686 560 in
3708 505 3784 560 li-

381 579 684 664 ἘκκΛησίᾳ
719 591 883 665 μένει.
946 589 1051 646 Καὶ
1083 587 1164 644 ὅτι
1222 609 1282 663 γε
1335 589 1448 658 ζωή
1479 587 1545 657 ἦν
1577 589 1613 655 ἡ
1646 583 1733 639 ἐπὶ
1762 585 1859 637 τοῦ
1925 579 2022 650 ξύ-

382 682 485 740 λου
535 682 920 759 κρεμασθεῖσα,
978 680 1188 745 Μωσῆς
1237 675 1678 749 ἀποκλαιόμενός
1734 689 1886 749 φησι·
1921 668 2024 759 Kal

380 769 529 829 ἔσται
632 772 744 840 ζωή
802 790 898 824 σου
945 766 1262 842 κρεμαμένη
1346 765 1594 821 ἀπέναντι
1649 767 1756 818 τῶν
1819 758 2026 838 ὀφθαλ-

387 865 504 938 μῶν
534 883 652 931 σου,
685 859 776 915 καὶ
809 854 1104 936 φοϐηθήσῃ
1139 858 1352 933 ἡμέρας
1408 855 1498 911 καὶ
1557 853 1768 925 νυκτὸς,
1815 851 1904 906 καὶ
1965 849 2025 904 ού

382 951 692 1012 πιστεύσεις
721 953 790 1024 τῇ
825 951 939 1022 ζωῇ
971 951 1089 1003 σοῦ·
1148 947 1237 1002 καὶ
1291 946 1355 1001 τὸ
1407 943 1746 1022 ἀναγνωσθὶν
1804 941 2024 1016 ἀρτίωςο

384 1041 567 1116 Κύριε,
599 1038 679 1101 τίς
710 1037 986 1093 ἐπίστευσε
1013 1037 1084 1108 τῇ
1113 1035 1254 1109 ἀκοῇ
1284 1037 1446 1108 ἡμῶν
1473 1056 1487 1105 ;

450 1132 535 1188 K‘.
596 1133 798 1184 Τοῦτον
851 1129 943 1182 τὸν
996 1125 1165 1181 τύπον
1225 1121 1466 1180 ἐπετέλει
1521 1125 1730 1192 Μωσῆς
1786 1123 2029 1195 σταυρῶν

502 1215 530 1240 )I
635 1238 647 1250 ,
677 1217 690 1240 τ
741 1219 752 1239 ν
799 1218 812 1234 ο
1260 1215 1273 1236 ρ
1481 1217 1505 1228 η.
1605 1216 1631 1226 ..
1829 1205 1855 1229 ,ι

377 1221 472 1277 τὸν
503 1241 624 1298 οεριν
689 1215 730 1271 ίν
792 1237 820 1271 ο
873 1215 1203 1288 δακνόμενος
1255 1213 1359 1269 υπὸ
1412 1233 1508 1268 του
1569 1217 1772 1282 ζωντος
1828 1231 2027 1288 οφεως,

371 1309 465 1365 καὶ
502 1307 720 1384 βλέπων
751 1307 844 1360 τὸν
877 1302 1122 1360 χαλκοῦν
1158 1302 1302 1381 ὅφιν,
1349 1303 1500 1372 σωθῇ
1529 1299 1840 1356 πιστεύσας.
1874 1299 2026 1366 Εἶτα,

378 1397 630 1475 χαλκοῦς
665 1396 757 1469 μὲν
793 1389 915 1456 ὄφις
966 1392 1376 1465 ἐσταυρωμένος
1436 1391 1619 1460 σώζει,
1675 1390 1795 1450 Υἱὸς
1845 1390 1922 1459 (1)
1970 1385 2028 1442 δὲ

382 1490 517 1544 Θεοῦ
576 1484 877 1560 σαρκωθεὶς
935 1479 1346 1554 ἐσταυρωμένος
1404 1478 1465 1534 ού
1527 1483 1734 1548 σώζει;
1793 1477 2028 1532 Πάντοτε

380 1575 472 1631 διὰ
492 1573 657 1647 ξύλου
689 1576 724 1642 ἡ
759 1573 894 1642 ζωή.
958 1570 1081 1628 Ἐπὶ
1112 1573 1210 1625 τοῦ
1243 1573 1364 1624 Νῶε
1398 1569 1495 1643 μὶν
1539 1567 1641 1644 γὰρ
1674 1564 1763 1622 διὰ
1782 1561 2025 1620 κιϐωτοῦ

375 1660 598 1735 ξυλίνης
625 1666 660 1733 ἡ
697 1661 1053 1732 ζωοποίησις·
1087 1663 1122 1730 ἠ
1173 1657 1232 1714 δὲ
1265 1657 1505 1723 θάλασσα
1546 1656 1633 1712 ἐπὶ
1663 1656 1904 1719 Μωσέως
1934 1656 2026 1712 τὸν

371 1752 545 1808 τύπον
576 1759 676 1822 τῆς
709 1748 914 1829 ῥάϐδου
971 1749 1298 1823 θεασαμένη,
1351 1745 1678 1820 έδυσωπήθη
1709 1747 1801 1802 τὸν
1856 1745 2022 1822 κρού-

375 1862 563 1898 σαντα.
597 1844 749 1914 Εἶτα,
805 1843 840 1910 ἡ
888 1837 1130 1901 Μωσέως
1196 1832 1394 1915 ῥάϐδος
1443 1835 1644 1912 ἰσχύει,
1702 1837 1790 1891 καὶ
1852 1837 1880 1890 ὁ
1930 1838 2025 1889 τοῦ

377 1937 638 2006 Σωτῆρος
681 1929 912 2004 σταυρὸς
942 1926 1227 1997 ἀδυνατεῖ;
1262 1926 1436 2000 Παρίη
1451 1948 1510 1998 μι
1530 1924 1588 1980 δὲ
1616 1926 1683 1981 τὰ
1711 1922 2018 1980 πολλὰτῶν

373 2019 578 2090 τύπων,
644 2018 978 2094 συμμετρίας
1035 2014 1232 2074 ἕνεκεν.
1294 2017 1364 2070 Τὸ
1421 2014 1582 2086 ξύλον
1640 2013 1727 2069 ἐπὶ
1785 2013 2023 2075 Μωσέως

375 2108 636 2186 ἐγλύκανε
663 2110 726 2163 τὸ
769 2106 937 2178 ὕδωρ,
983 2106 1073 2161 καὶ
1129 2104 1189 2162 ἐκ
1227 2103 1467 2181 πλευρᾶς
1517 2105 1699 2174 Ἰησοῦ
1753 2102 1818 2158 τὸ
1875 2099 2020 2177 ὕδωρ

375 2195 618 2276 ἔρῥευσεν
644 2197 732 2253 έπὶ
765 2197 952 2270 ξύλου.

446 2379 572 2436 ΚΝ.
605 2376 769 2452 Αρχὴ
803 2375 1049 2448 σημείων
1080 2372 1169 2428 ἐπὶ
1204 2373 1445 2437 Μωσέως
1475 2375 1614 2445 αἷμα
1633 2387 1723 2426 καί
1753 2369 1900 2447 ὕδωρ
1921 2375 2018 2442 (2),

379 2467 468 2522 καὶ
497 2467 560 2522 τὸ
589 2464 901 2520 τελευταῖον
935 2462 1146 2518 πάντων
1178 2467 1288 2518 τῶν
1320 2462 1564 2535 σημείων
1600 2463 1781 2532 Ἰησοῦ
1809 2461 1872 2516 τὸ
1924 2461 2022 2515 αύ-

383 2555 467 2611 τό.
512 2559 732 2630 Πρῶτον
762 2557 969 2622 Μωσῆς
998 2553 1090 2608 τὸν
1149 2552 1394 2623 ποταμὸν
1431 2546 1722 2624 μετέϐαλεν
1755 2549 1830 2612 εἷς
1860 2552 2018 2623 αἷμα·

383 2643 473 2698 καὶ
507 2644 535 2698 ὁ
566 2645 793 2713 Ἰησοῦς,
825 2643 887 2696 τὸ
916 2638 1076 2702 τέλος
1136 2642 1235 2712 (3),
1268 2636 1415 2714 ὕδωρ
1455 2635 1729 2713 ἐξήνεγκεν
1763 2636 1824 2692 ἐκ
1852 2637 2020 2692 πλευ-

384 2738 480 2806 ρᾶς
511 2730 645 2804 μετᾶ
673 2729 924 2804 α’ίματος.
959 2731 1056 2784 Διά
1107 2728 1204 2790 τὰς
1264 2725 1359 2782 δύο
1418 2727 1598 2804 φωνὰς
1631 2725 1782 2799 ἴσως,
1811 2730 1909 2781 τοῦ
1963 2747 2022 2782 τε

379 2821 681 2895 κρίνοντος,
711 2820 801 2875 καὶ
831 2824 937 2874 τῶν
967 2812 1343 2874 ἐπιϐοώντων⁸
1377 2815 1412 2886 ἤ
1446 2815 1535 2872 διὰ
1577 2815 1704 2879 τοὺς
1736 2815 2018 2871 πιστεύον-

376 2931 494 2981 τας,
547 2909 637 2965 καὶ
693 2909 822 2972 τοὺς
881 2910 1260 2970 ἀπιστοῦντας.
1293 2909 1352 2964 Ὀ
1414 2907 1506 2979 μὲν
1543 2906 1778 2967 Πιλᾶτος
1809 2903 2015 2979 ἔλεγενο

2135 598 2248 655 gno
2271 601 2582 656 suspensa,
2611 590 2798 643 Moses
2830 589 3146 660 deplorans
3178 591 3260 646 ait
3285 608 3297 645 :
3323 615 3350 642 «
3386 594 3456 647 Et
3504 594 3616 648 erit
3662 595 3780 650 vita

2141 694 2161 720 ι
2201 677 2301 730 tua
2330 675 2599 745 pendens
2622 683 2758 732 ante
2790 678 2994 733 oculos
3045 683 3197 746 tuos,
3231 685 3290 734 et
3331 681 3568 737 timebis
3599 683 3694 738 die
3716 701 3782 739 ac

2142 785 2163 811 α
2198 769 2599 832 nocte,etnon
2621 767 2826 822 credes
2857 768 2986 822 vitae
3011 774 3123 824 tua;
3155 770 3217 824 ⁸⁸.
3256 792 3275 817 ι
3301 771 3372 825 Et
3403 771 3557 842 quod
3589 789 3782 844 nuper

2137 851 2357 908 lectum
2390 860 2479 910 est
2506 871 2518 910 :
2546 877 2568 906 ι
2600 857 2869 925 Domine,
2921 859 3055 929 quis
3084 859 3338 914 credidit
3374 861 3590 918 auditae
3649 864 3776 918 voci

2137 961 2162 993 ι
2198 948 2416 999 nostras
2439 945 2482 980 ⁸⁸
2508 945 2535 1000 ‘?
2556 967 2584 995 ››

2205 1125 2333 1179 XX.
2369 1125 2528 1180 Hanc
2562 1126 2813 1199 ﬁguram
2853 1125 3228 1182 adumbravit
3275 1129 3501 1201 Moyses
3550 1132 3782 1186 cruciﬁ-

2137 1227 2280 1284 gens
2313 1220 2671 1284 serpentem,
2692 1221 2757 1270 ut
2785 1216 2884 1287 qui
2943 1233 2978 1271 a
3033 1217 3157 1270 vivo
3216 1223 3490 1290 serpente
3547 1237 3786 1277 morsus

2137 1306 2282 1368 erat,
2315 1319 2546 1358 mneum
2579 1309 2917 1375 serpentem
2949 1305 3223 1372 intuitus,
3266 1307 3519 1363 salutem
3569 1326 3780 1366 conse-

2135 1396 2418 1461 queretur
2446 1409 2581 1446 cum
2613 1393 2964 1448 credidisset
2993 1395 3189 1449 “.Jam
3221 1412 3377 1462 vero,
3410 1399 3558 1453 I98
3581 1416 3782 1455 aeneus

2138 1494 2382 1550 serpens
2411 1481 2728 1537 cruciﬁxus
2749 1482 3011 1538 salutem
3040 1483 3143 1538 dat
3165 1483 3211 1517 9"
3236 1501 3249 1539 :
3285 1485 3630 1544 incarnatus
3647 1506 3784 1544 vero

2135 1567 2238 1622 Dei
2270 1567 2451 1622 Filius
2482 1569 2642 1623 cruci
2672 1570 2884 1625 afﬁxus
2907 1570 3161 1625 salutem
3194 1587 3312 1625 non
3333 1571 3608 1630 dederit?
3625 1575 3783 1632 Sem-

2135 1672 2241 1727 per
2271 1673 2375 1728 per
2395 1657 2620 1729 lignum
2652 1658 2832 1713 salus.
2867 1661 3070 1714 Noemi
3095 1660 3254 1714 enim
3278 1663 3647 1732 temporibus
3676 1681 3783 1735 per

2135 1761 2333 1801 arcam
2367 1746 2625 1818 ligneam
2658 1748 2788 1802 vitae
2819 1747 2974 1804 facta
3004 1754 3095 1803 est
3124 1751 3489 1806 conservatio
3519 1753 3585 1806 ’3.
3620 1754 3774 1808 Mare

2136 1834 2243 1890 sub
2276 1837 2431 1891 Mose
2464 1853 2600 1891 cum
2625 1838 2872 1908 ﬁguram
2905 1838 3078 1910 virgas
3104 1840 3776 1910 conspexisset,ferienti

2135 1941 2197 1980 se
2229 1941 2297 1980 ex
2319 1927 2652 1982 reverentia
2675 1928 2969 1982 concessit
3013 1926 3080 1983 99.
3142 1930 3369 2000 Ergone
3413 1930 3588 1986 Mosis
3620 1931 3780 2004 virga

2132 2019 2363 2070 tantum
2393 2017 2607 2087 potuit,
2641 2022 2700 2072 et
2749 2017 3069 2073 Salvatoris
3127 2035 3269 2074 crux
3301 2019 3578 2076 inefﬁcax
3622 2023 3781 2078 erit?

2133 2104 2342 2160 Multas
2375 2121 2404 2159 e
2437 2105 2640 2178 ﬁguris
2673 2106 2978 2162 brevitatis
3009 2123 3186 2164 causa
3215 2110 3629 2180 prastermitto.
3685 2111 3779 2166 Li-

2131 2209 2312 2267 gnum
2343 2195 2518 2250 Mosis
2542 2200 2806 2267 tempore
2860 2196 3093 2251 dulcem
3150 2198 3347 2252 effecit
3397 2202 3646 2270 aquam‘
3675 2217 3688 2268 ;
3723 2205 3781 2255 et

2132 2285 2205 2340 de
2236 2285 2420 2340 latere
2451 2286 2666 2340 Christi
2701 2302 2857 2356 aqua
2887 2286 3117 2342 effluxit
3146 2287 3207 2342 in
3239 2287 3402 2360 ligno
3433 2288 3472 2343 ³.

2202 2375 2352 2430 XXI.
2389 2375 2652 2430 Primum
2683 2375 2984 2447 signorum
3018 2376 3192 2431 Mosis
3223 2393 3380 2448 aqua
3401 2382 3460 2432 et
3498 2379 3737 2450 sanguis
3763 2396 3777 2434 :

2133 2463 2460 2534 eademque
2487 2481 2584 2519 res
2608 2465 2874 2519 omnium
2906 2467 3044 2520 Jesu
3076 2465 3378 2537 signorum
3410 2473 3776 2538 postremum

2131 2553 2468 2609 fuit.Primo
2500 2553 2630 2608 loco
2663 2554 3106 2610 Mosesfluvium
3133 2555 3192 2609 in
3225 2557 3574 2628 sanguinem
3594 2561 3782 2611 trans-

2131 2642 2419 2697 mutavit3
2457 2659 2469 2696 :
2503 2646 2563 2697 et
2590 2643 2654 2698 in
2684 2643 2804 2698 ﬁne
2831 2645 3000 2698 Jesus
3030 2659 3246 2715 aquam
3279 2661 3348 2698 ex
3369 2644 3553 2700 latere
3575 2645 3775 2699 emisit

2131 2748 2266 2787 cum
2299 2733 2609 2804 sanguine.
2643 2735 2814 2790 Forte
2840 2740 3084 2805 propter
3113 2733 3258 2789 duas
3291 2751 3480 2803 voces,
3530 2734 3776 2790 alteram

2121 2821 2473 2894 judicantis,
2505 2823 2754 2878 alteram
2805 2839 2940 2877 vero
2986 2839 3194 2878 eorum
3238 2823 3337 2894 qui
3361 2823 3532 2894 [dire]
3564 2823 3778 2879 vocife-

2128 2911 2416 2966 rabantur
2442 2929 2454 2967 :
2488 2916 2590 2967 aut
2618 2917 2864 2983 propter
2889 2912 3221 2976 credentes,
3247 2918 3306 2967 et
3324 2913 3778 2984 propterincre-

378 2999 582 3063 Ἀθῶός
639 2999 777 3072 εἶμι,
835 2999 924 3054 καὶ
983 2995 1139 3052 ὕδατι
1195 2996 1514 3052 ἀπενίπτετο
1540 2995 1634 3058 τὰς
1697 2999 1906 3070 χεῖρας·
1967 2995 2022 3048 οἱ

2146 3000 2322 3057 lulos.
2357 3003 2500 3056 Nam
2533 3017 2667 3056 cum
2699 3001 2922 3057 Pilatus
2957 3002 3214 3056 diceret:
3250 3003 3518 3058 Innocens
3545 3019 3685 3070 sum,
3720 3009 3779 3058 et

377 3087 434 3145 δὲ
489 3085 818 3152 ἐπιϐοῶντες
870 3087 1080 3165 ἔλεγον·
1135 3087 1213 3146 Τὸ
1280 3087 1414 3160 αἷμα
1471 3086 1635 3142 αὐτοῦ
1708 3085 1787 3162 ἐφ’
1846 3088 2016 3158 ἡμᾶς.

372 3180 470 3236 Ἠν
503 3178 594 3233 οὖν
622 3179 689 3233 τὰ
722 3177 816 3233 δύο
850 3177 909 3233 ἐκ
965 3185 1064 3247 τῆς
1117 3175 1379 3251 πλευρᾶς·
1437 3177 1500 3230 τὸ
1552 3174 1697 3249 ὕδωρ
1759 3173 1889 3238 ἴσως
1940 3179 2018 3247 τῷ

373 3269 636 3345 κρίνοντι,
669 3274 789 3331 τοῖς
821 3265 877 3323 δὶ
909 3263 1174 3323 ἐπιϐοῶσι
1203 3268 1266 3322 τὸ
1297 3269 1456 3339 αἷμα.
1498 3266 1598 3321 Καὶ
1629 3265 1795 3322 πάλιν
1829 3265 2020 3328 ἄλλως

2128 3107 2282 3161 aqua
2313 3089 2535 3144 lavaret
2564 3105 2797 3155 manus,
2845 3089 3237 3145 vociferantes
3277 3089 3592 3146 dicebant:
3623 3093 3774 3147 San-

2051 3224 2095 3291 Ο
2132 3181 2255 3250 guis
2285 3180 2402 3250 ejus
2431 3195 2594 3248 super
2621 3196 2718 3234 nos
2761 3180 2801 3234 ‘.
2854 3181 3241 3234 Emerserunt
3284 3179 3462 3251 igitur
3499 3180 3626 3235 hac
3657 3181 3773 3236 duo

2145 3271 2201 3291 ,1-
2240 3271 2418 3291 1-Α-..-
2449 3287 2460 3291 -
2495 3286 2639 3291 -_-_-
2673 3269 2940 3291 1'__L-___'_
2971 3270 3149 3291 :__.I£_:
3215 3271 3447 3291 ___.___:_
3470 3287 3597 3291 _-____
3627 3271 3748 3291 _---:

2135 3271 2208 3326 de
2240 3271 2460 3327 latere:
2491 3286 2650 3340 aqua
2673 3269 2945 3325 fortassis
2962 3270 3176 3341 judici,
3211 3271 3451 3342 sanguis
3470 3287 3604 3326 vero
3627 3271 3785 3325 voci-

375 3360 622 3428 νοητέον·
661 3355 950 3420 Ἰουδαίοις
985 3357 1080 3430 μὲν
1112 3357 1176 3411 τὸ
1233 3357 1390 3428 αἷμα,
1449 3358 1789 3428 Χριστιανοῖς
1849 3356 1907 3411 δὲ
1960 3357 2023 3411 τὸ

2146 3360 2835 3430 7erantibus.Rursusque
2867 3359 3305 3432 aliterintelligi
3330 3359 3782 3430 potestzludaais

377 3445 543 3522 ὕδωρ·
580 3446 806 3510 ἐκείνοις
839 3448 934 3520 μὲν
965 3445 1065 3522 γὰρ
1091 3446 1165 3508 ὡς
1198 3440 1548 3514 ἐπιϐούλοις,
1579 3448 1614 3515 ἡ
1646 3444 1706 3500 ἐκ
1733 3449 1830 3500 τοῦ
1859 3443 2025 3519 αἵμα-

377 3559 468 3600 τος
489 3536 774 3607 καταδίκη·
811 3538 895 3591 συὶ
920 3535 976 3592 δὲ
1004 3541 1082 3607 τῷ
1111 3535 1417 3590 πιστεύοντι
1449 3539 1563 3605 νῦν,
1623 3537 1656 3605 ἡ
1714 3532 1804 3590 διὰ
1833 3532 2028 3600 ὕδατος

387 3627 644 3703 σωτηρίου
681 3623 831 3681 οὐδὲν
865 3625 966 3700 γὰρ
999 3624 1117 3693 εἷκῆ
1146 3625 1389 3700 γέγονεν.
1415 3621 1727 3681 Ἀπέδωκαν
1757 3625 1809 3679 οἱ
1827 3624 2024 3699 ἐξηγη-

383 3717 471 3771 ταὶ
507 3715 738 3789 Πατέρες
767 3717 929 3787 ἡμῶν
963 3713 1053 3768 καὶ
1098 3711 1276 3784 ἄλλην
1335 3717 1434 3768 τοῦ
1482 3714 1798 3790 πράγματος
1829 3714 2026 3770 αἰτίαν.

383 3802 608 3872 Ἐπειδή
640 3806 744 3878 γὰρ
776 3801 947 3872 διπλῆ
1001 3801 1084 3864 τίς
1133 3800 1244 3856 ἐστι
1275 3805 1372 3856 τοῦ
1405 3801 1678 3878 σωτηρίου
1713 3802 2028 3878 βαπτίσμα-

380 3913 473 3954 τος
503 3892 554 3948 έν
590 3890 946 3966 Εὐαγγελίοις
967 3892 1002 3959 ἡ
1038 3888 1289 3964 δύναμις,
1325 3889 1422 3963 μία
1455 3891 1549 3962 μὲν
1583 3893 1616 3960 ἡ
1648 3896 1766 3954 τοῖς
1797 3899 2034 3969 φωτιζο-

386 3977 567 4054 μένοις
601 3979 922 4056 δωρουμένη
958 3977 1032 4035 δι’
1062 3977 1281 4049 ὕδατος,
1338 3976 1561 4054 δευτέρα
1613 3977 1670 4035 δὲ
1708 3983 1743 4050 ἡ
1778 3981 1865 4036 ἐπὶ
1923 3989 2031 4040 τῶν

2136 3451 2400 3523 sanguis,
2431 3449 2786 3504 Christianis
2807 3466 3001 3519 aqua:
3036 3449 3156 3504 illis
3187 3449 3424 3519 quidem
3449 3454 3514 3504 ut
3538 3447 3779 3503 insidia-

2137 3540 2385 3608 toribus,
2407 3555 2479 3594 ex
2508 3539 2683 3608 [fuso]
2707 3537 2993 3609 sanguine
3025 3539 3479 3594 condemnatio:
3515 3537 3619 3592 tibi
3650 3554 3785 3592 vero

2137 3629 2238 3701 qui
2271 3645 2431 3683 nunc
2462 3627 2788 3697 credis,per
2808 3643 3023 3696 aquam
3056 3627 3235 3682 salus.
3269 3628 3426 3682 Nihil
3456 3627 3618 3682 enim
3650 3627 3780 3682 fru-

2139 3725 2261 3773 stra
2271 3718 2490 3772 factum
2505 3715 3272 3786 est.Reddideruntquoque
3287 3717 3721 3788 explanatores(
3729 3717 3785 3782 4)

2140 3805 2549 3862 Patresnostri
2572 3804 2752 3860 aliam
2779 3805 2910 3875 ejus
2957 3804 3042 3858 rei
3092 3820 3357 3859 causam.
3419 3806 3563 3858 Cum
3623 3803 3783 3858 enim

2142 3895 2360 3968 duplex
2391 3893 2665 3966 quasdam
2718 3894 2796 3948 sit
2827 3893 2888 3947 in
2918 3893 3250 3965 Evangeliis
3277 3891 3566 3948 salutiferi
3596 3891 3788 3962 bapti-

2144 3986 2350 4042 smatis
2381 3983 2467 4038 vis
2501 4001 2513 4040 :
2539 4000 2658 4039 una
2689 3983 2931 4055 quidem
2953 3999 3060 4054 per
3089 3998 3305 4053 aquam
3343 3983 3416 4036 iis
3434 3982 3534 4052 qui
3559 3980 3789 4036 illumi-

449 4100 496 4135 93
555 4100 705 4155 Psal.
738 4115 890 4165 LXXI,
923 4100 1009 4152 l7.
1069 4097 1564 4171 “Deut.xxvm,
1597 4102 1686 4154 66.
1744 4098 1790 4134 ⁹⁸
1845 4102 1956 4158 Isa.
2013 4119 2134 4171 Lm,
2169 4106 2218 4158 l.
2278 4101 2326 4138 ⁸⁸
2357 4105 2527 4157 Num.
2575 4117 2696 4167 xxI,
2726 4102 2774 4154 9.
2866 4100 2909 4135 ’7
2964 4101 3134 4171 Num.
3190 4117 3309 4167 xxi,
3363 4103 3444 4161 9;
3497 4099 3666 4154 Joan.
3700 4115 3776 4165 ιιι,

385 4175 471 4239 14,
509 4175 587 4226 l5.
615 4172 662 4207 ³⁸
692 4173 833 4228 Gen.
866 4187 958 4239 vn,
985 4172 1074 4226 23.
1107 4170 1151 4204 ⁹⁹
1190 4170 1370 4226 Exod.
1400 4187 1518 4239 xiv,
1572 4172 1756 4227 16-21.
1822 4175 1836 4208 ¹
1881 4173 2062 4230 Exod.
2113 4170 2202 4242 xv,
2245 4177 2333 4231 25.
2385 4174 2407 4207 ²
2433 4175 2600 4230 Joan.
2641 4189 2756 4238 nx,
2808 4172 2896 4226 34.
2957 4170 2980 4205 ³
3039 4171 3196 4228 Exod
3252 4189 3350 4240 vn,
3383 4175 3471 4227 20.
3530 4171 3553 4205 ⁸
3583 4171 3784 4226 Matth.

382 4261 552 4311 xxvu,
587 4246 674 4311 24,
708 4246 796 4297 25.

457 4371 539 4442 (l)
571 4369 767 4438 Σώζει,
827 4366 972 4443 Υἱός,
1005 4373 1114 4443 etc.
1147 4368 1213 4422 In
1247 4367 1413 4443 Colb.
1450 4367 1627 4443 paulo
1661 4369 2031 4443 explicatius,

2151 4371 2477 4443 sumpsisse
2507 4369 2925 4443 Theophanem
2958 4369 3158 4426 credo.
3185 4349 3190 4354 δ

387 4433 548 4509 σώζει
603 4433 836 4495 πάντοτε
887 4439 1014 4501 τοὺς
1072 4433 1468 4510 δακνομένουςῖ
1509 4441 1606 4510 τοῦ
1665 4433 1948 4510 δὲ’Ίησοῦ
2007 4433 2036 4496 6

387 4459 548 4509 σωςει
603 4459 836 4495 παντοτε
887 4459 1014 4501 τους
1072 4459 1234 4492 οακνο
1285 4459 1456 4498 ενους·
1509 4459 1606 4493 του
1665 4459 1721 4493 οε
1765 4459 1948 4510 νιησου
2007 4459 2036 4496 ο

387 4513 615 4580 σταυρὸς
648 4514 713 4567 ού
741 4513 901 4578 σώζει
934 4511 1164 4565 πάντοτε
1193 4529 1206 4577 ;
1242 4459 1333 4565 διὰ
1359 4513 1458 4564 τοῦ
1490 4509 1655 4580 ξύλου
1685 4510 1786 4584 γὰρ
1839 4515 1874 4582 ἡ
1930 4534 2038 4567 σω-

383 4584 566 4659 τηρία’
597 4606 619 4659 ᾳ
644 4587 898 4659 Serpens
930 4599 1131 4659 amens
1165 4583 1324 4638 cruci
1353 4599 1652 4659 appensus
1675 4583 1866 4641 salvos
1890 4602 2043 4641 sem-

391 4680 419 4709 α
449 4655 557 4729 per
584 4658 730 4713 facit
756 4655 960 4729 morsu
992 4655 1340 4729 vulneratos
1368 4672 1380 4709 :
1415 4657 1554 4711 Jesu
1584 4671 1721 4710 vero
1755 4674 1900 4712 crux
1925 4675 2046 4714 non

390 4753 417 4780 ι(
449 4727 684 4801 semper
711 4729 813 4783 dat
826 4727 1085 4801 salutem
1105 4727 1252 4798 ?per
1271 4727 1496 4799 lignum
1529 4743 1790 4801 namque
1817 4730 1998 4784 salus.
2017 4753 2044 4779 »ι

461 4805 538 4871 (2)
569 4795 722 4871 Ᾱῖμα
748 4798 840 4872 καὶ
871 4795 1038 4872 ὕδωρ.
1073 4795 1196 4854 Non
1257 4795 1835 4872 printermittendum
1888 4802 2046 4871 quod

391 4873 561 4944 codd.
607 4871 783 4927 Coisl.
867 4876 925 4924 et
989 4873 1128 4942 Reg.
1183 4872 1468 4942 scriptum
1529 4871 1770 4930 habent.
1820 4873 1954 4944 αἷμα
1984 4872 2046 4926 τὸ

395 4941 568 5017 ὕδωρ,
599 4944 826 5017 sanguis
850 4958 1018 5017 aqua,
1050 4941 1180 5017 seu,
1208 4944 1273 4997 de
1303 4941 1650 5017 aqua;_quo
1702 4941 2042 5017 signiﬁcan-

395 5015 523 5072 tius
553 5015 906 5088 exprimitur
936 5015 1112 5088 Mosis
1138 5015 1391 5086 signum.
1429 5015 1602 5082 Infra,
1637 5015 1779 5070 loco'
1803 5019 2043 5088 πρῶτον.

393 5089 592 5154 Coisl.,
613 5085 752 5158 Reg.
789 5091 848 5141 et
870 5086 1036 5158 Colb.
1073 5085 1290 5158 ferunt,
1321 5089 1564 5158 πρῶτος,
1620 5087 1819 5142 minus
1847 5085 2043 5144 'bene.

468 5159 639 5225 (3)'O
673 5155 997 5223 Troo?)ch
1053 5155 1235 5225 τέλος,
1287 5155 1397 5212 etc.
1460 5159 1594 5212 Haec
1650 5175 1886 5229 quoque
1947 5176 2049 5214 us-

396 5249 513 5302 que
535 5231 609 5287 ad
641 5230 877 5302 numeri
911 5230 1114 5295 ﬁnem,
1148 5229 1207 5283 in
1242 5246 1407 5302 suam
1441 5229 1702 5302 Symboli
1726 5231 2043 5301 expositio-

396 5300 536 5359 nem
573 5301 879 5357 transtulit
907 5301 1157 5373 Ruﬁnus
1184 5319 1194 5353 :
1230 5317 1297 5373 ac
1319 5300 1695 5373 subnomine
1717 5300 1918 5373 Cyrilli
1941 5319 2050 5356 no-

397 5376 504 5430 stri
539 5376 798 5430 citantur
824 5373 885 5426 in
917 5372 1137 5427 Catena
1162 5371 1335 5443 regim
1377 5370 1775 5443 Bibliotheca!
1798 5375 1853 5425 in
1885 5376 2052 5428 Joan-

391 5464 535 5515 nem,
567 5446 698 5500 cod.
734 5446 894 5508 1887,
929 5462 984 5515 p.
1019 5445 1123 5497 298
1153 5460 1165 5508 ;
1201 5442 1302 5497 sed
1325 5442 1502 5514 paulo
1533 5442 1800 5515 liberius,
1832 5443 1953 5499 fere
1979 5462 2048 5499 ex

393 5513 744 5573 Catenarum
798 5513 979 5570 more.
1043 5515 1258 5569 Eadem
1313 5530 1549 5584 quoque
1592 5513 1908 5580 habentur,
1943 5517 2048 5570 sed

394 5589 778 5659 commutatis
808 5587 995 5659 magis
1027 5585 1241 5651 verbis,
1279 5593 1357 5659 Wet
1408 5585 1640 5639 nullius
1669 5587 2047 5659 auctoritate

397 5663 597 5727 citata,
631 5658 787 5732 apud
820 5657 1238 5732 Theophanem
1261 5658 1632 5725 Ceramcum,
1668 5657 1839 5732 hom.
1863 5659 2048 5732 27,7in

396 5733 525 5802 ϐω,
557 5729 687 5805 pag:
713 5733 834 5786 212.
861 5729 1041 5803 Magis
1073 5745 1143 5786 ex
1175 5730 1394 5785 Catena
1455 5745 1633 5802 quam
1694 5745 1765 5786 ex
1818 5731 2050 5803 Cyrillo

2218 4439 2306 4513 (4)“
2346 4439 2719 4497 Reddiderunt
2782 4441 3186 4511 explanatores,
3249 4445 3360 4495 etc.
3438 4439 3784 4513 Communis

2155 4511 2244 4570 est
2266 4515 2419 4568 inter
2444 4515 2646 4567 Patres
2675 4518 2900 4567 veteres
2932 4530 3036 4568 seu
3067 4515 3297 4569 Graacos
3329 4527 3432 4566 seu
3464 4511 3702 4565 Latinos
3723 4525 3794 4563 ea

2155 4585 2406 4658 duplicis
2433 4584 3091 4658 baptismi.periaquam
3124 4584 3549 4658 etsanguinem
3573 4581 3787 4658 eChri-

2156 4653 2444 4714 sti-latere
2468 4653 2782 4711 manante—3
2840 4653 3094 4728 ﬁgurati,
3135 4653 3458 4728 distinctio.
3501 4656 3551 4728 7E
3573 4653 3789 4707 Graacis

2157 4747 2285 4785 eam
2321 4729 2565 4784 adhibet
2589 4727 3070 4800 Origenes,’hom.
3105 4732 3136 4780 ‘7
3184 4730 3243 4780 in
3277 4727 3378 4800 lib.
3403 4727 3621 4787 Judic.,
3656 4741 3786 4800 pag.

2156 4804 2279 4868 393,
2310 4807 2368 4855 et
2391 4807 2532 4855 tom.
2569 4816 2658 4853 xvi
2689 4796 2747 4852 in
2805 4799 3025 4862 Matth.,
3068 4817 3124 4870 p.
3175 4801 3299 4853 416.
3358 4799 3490 4869 Ipse
3534 4796 3790 4870 Cyrillus

2147 4875 2436 4956 jameam
2464 4871 2664 4956 attulit
2717 4869 3161 4956 distinctionem
3180 4872 3393 4956 ‘cat.‘_3,
3434 4887 3494 4951 n.
3530 4872 3614 4922 10.
3647 4869 3795 4956 Nota

2155 4940 2217 5000 in
2246 4949 2500 5014 utroque
2528 4943 2658 4997 loco
2689 4942 2801 4996 vim
2831 4942 3141 5014 utriusque
3180 4940 3460 5014 baptismi
3510 4957 3578 4994 ex
3627 4944 3794 5014 parte

2155 5011 2515 5088 recipientis,
2535 5015 2608 5088 in
2641 5013 3014 5088 confessione
3046 5011 3181 5068 ﬁdei
3204 5011 3414 5088 reponi
3441 5034 3454 5078 ;
3481 5028 3603 5088 qua
3627 5011 3700 5066 de
3730 5028 3793 5065 re

2154 5084 2598 5151 vide'Gennad.,
2633 5087 2708 5140 De
2738 5085 2916 5139 eccles.
2953 5085 3161 5154 dogm.,
3195 5101 3323 5155 cap.
3359 5086 3445 5151 41,
3471 5084 3794 5155 perfectam

2155 5159 2310 5214 inter
2335 5158 2684 5229 martyrium
2717 5163 2775 5210 et
2805 5156 3164 5228 baptismum
3188 5156 3799 5229 comparationeminf

2155 5231 2227 5287 sti
2238 5227 2786 5286 tuentem‘Jlteram
2803 5227 3039 5284 causam
3064 5245 3242 5299 quam
3274 5229 3445 5284 affert
3457 5245 3562 5283 cur
3579 5227 3796 5282 Christi

2156 5303 2312 5358 latus
2343 5303 2420 5357 sit
2448 5307 2754 5372 punctum,
2790 5301 3073 5356 nimirum
3123 5306 3365 5372 propter
3404 5304 3712 5371 peccatum
3752 5315 3799 5372 Ae

2155 5375 2380 5429 femina
2409 5368 2479 5428 de
2511 5373 2719 5426 Adami
2753 5373 2936 5427 latere
2969 5368 3179 5428 educta
3209 5368 3800 5444 profectumﬁeperi-

2157 5452 2254 5501 tur
2282 5447 2340 5500 in
2373 5445 2576 5500 multis
2608 5444 2868 5513 antiquis
2925 5444 3286 5512 auctoribus,
3339 5450 3405 5498 ut
3452 5445 3510 5497 in
3560 5446 3798 5513 auctore

2157 5517 2364 5572 homil.
2400 5520 2470 5570 De
2492 5511 2769 5586 passione,
2805 5531 2967 5569 num.
3003 5519 3088 5575 25.
3124 5511 3362 5578 Athan,
3399 5521 3540 5586 tom.
3578 5511 3798 5586 ll,_s_i_ve

2157 5588 2250 5651 lll,
2285 5605 2416 5659 pag.
2456 5581 2576 5642 100.
2601 5585 2969 5659 Apollinario
2992 5594 3051 5641 et
3070 5588 3360 5641 Antiocho
3391 5581 3794 5659 Ptolemaidis,

2155 5654 2390 5730 Gate—nui
2419 5659 2479 5714 in
2515 5654 2700 5726 Joani,
2733 5657 2808 5713 ad
2839 5673 2968 5730 cap.
3018 5675 3136 5725 xix,
3196 5660 3284 5724 34,
3334 5673 3466 5727 pag.
3497 5656 3602 5709 444
3633 5654 3796 5719 ;Au-

2155 5729 2416 5805 gustino,
2445 5735 2615 5788 tract.
2651 5730 2773 5801 120,
2805 5731 2863 5784 in
2887 5729 3072 5800 Joan.,
3106 5745 3164 5782 n.
3207 5732 3261 5798 2,
3288 5733 3400 5782 etc.
