4118 6264
329 375 449 436 ’199

1392 377 1457 439 s.
1503 379 1814 441 CYRILLI
1857 353 2270 438 HIEROSOL.
2314 377 2683 440 ARCIEHP.

3626 377 3740 440 800

336 515 558 566 nantur
587 510 715 582 [seu
770 510 1166 582 baptizantur]
1228 515 1770 582 concessa;altera
1827 529 1983 581 vero,

2103 508 2272 585 ἁγίων
2308 511 2386 583 (4)
2421 511 2709 587 μαρτύρων
2741 510 2793 566 ἐν
2832 508 3098 588 διωγμοῖς
3137 507 3208 566 δι’
3257 508 3464 565 οἲκείου
3493 508 3740 584 αἵματος·

347 617 477 671 quin
507 599 994 671 persecutionum
1055 606 1326 673 tempore
1367 603 1586 658 sanctis
1629 603 1990 674 martyribus

340 706 448 761 per
477 688 785 760 pr0prium
813 689 1164 761 sanguinem
1191 690 1366 746 datur
1391 709 1402 746 :
1437 693 1633 747 exiere
1664 709 1693 747 e
1725 691 1990 747 Salvato-

342 778 426 832 ris
449 777 634 832 latere
661 777 901 849 sanguis
924 784 981 832 et
1012 794 1165 849 aqua
1190 797 1203 846 ;
1236 796 1368 850 quas
1409 780 1828 845 confessionis,
1855 797 1988 835 cum

337 868 400 922 in
423 867 865 922 illuminatione
889 867 1016 938 [seu
1043 867 1364 940 baptismo]
1389 876 1516 924 tum
1539 870 1599 924 in
1623 868 1989 941 temporibus

334 957 605 1027 martyrii
637 955 808 1010 factas
858 973 966 1026 pro
1015 957 1269 1020 Christo,
1329 958 1688 1014 conﬁrmant
1716 959 1986 1031 gratiam.

335 1047 437 1100 Est
467 1049 527 1099 et
555 1044 673 1099 alia
703 1043 906 1099 lateris
937 1045 1067 1115 ejus
1097 1061 1295 1100 causa.
1329 1047 1562 1102 Peccati
1619 1047 1899 1118 princeps
1932 1053 1991 1102 et

337 1132 454 1188 dux
476 1133 589 1187 fuit
619 1132 856 1199 mulier,
892 1149 1024 1203 quas
1056 1149 1086 1188 e
1144 1134 1328 1188 latere
1384 1135 1638 1190 formata
1679 1141 1788 1190 est.
1820 1137 1986 1190 Jesus

338 1228 538 1279 autem
568 1239 703 1277 cum
726 1222 1003 1286 venisset,
1033 1228 1099 1277 ut
1145 1223 1285 1278 viris
1319 1223 1498 1279 simul
1529 1241 1597 1280 ac
1619 1225 1857 1280 feminis
1889 1242 1984 1279 ve-

337 1317 500 1372 niam
533 1316 988 1388 gratiﬁcaretur,
1013 1314 1168 1371 latus
1194 1315 1495 1388 perfossus
1527 1324 1617 1373 est
1636 1336 1742 1390 pro
1774 1317 1984 1373 mulie-

337 1406 524 1470 ribus,
557 1411 624 1460 ut
653 1409 958 1475 peccatum
983 1404 1254 1462 solveret.

407 1496 579 1549 XXII.
607 1493 770 1558 Quod
794 1495 843 1547 si
876 1494 1010 1564 quis
1041 1493 1235 1550 adhuc
1265 1497 1594 1568 perquirat,
1629 1497 1775 1552 alias
1808 1497 1986 1552 etiam

336 1599 550 1639 causas
580 1582 860 1646 inveniet,
883 1582 1008 1637 hinc
1039 1588 1238 1638 tamen
1268 1585 1426 1640 dicta
1439 1585 1829 1652 sufﬁciant,et
1849 1602 1986 1656 pro-

334 1678 468 1744 pter
498 1671 784 1742 temporis
814 1673 1171 1743 angustiam,
1216 1679 1275 1728 et
1332 1680 1395 1729 ut
1433 1675 1667 1729 aurium
1729 1674 1986 1730 satietati

335 1765 702 1825 occurratur,
738 1760 1007 1831 quamvis
1056 1778 1355 1833 nusquam
1386 1769 1477 1818 est
1505 1763 1675 1818 labor
1701 1762 1984 1818 audiendi

336 1850 408 1906 de
439 1850 676 1904 coronis
707 1847 834 1920 [seu
887 1851 1148 1922 tropaeis]
1209 1852 1440 1906 Domini
1472 1869 1486 1918 ;
1530 1853 1982 1923 praesertimque
2012 1880 2060 1945 B

338 1939 401 1994 in
434 1940 546 1993 isto
570 1945 660 1992 ter
680 1943 882 1993 sancto
914 1939 1216 2012 Golgotha.
1239 1941 1352 1994 Alii
1387 1941 1546 1996 enim
1568 1941 1983 1996 tantummodo

341 2027 613 2094 audiunt,
639 2045 744 2081 nos
778 2034 977 2082 autem
1001 2029 1156 2084 I94
1187 2035 1246 2084 et
1275 2029 1544 2085 videmus
1577 2036 1634 2084 et
1664 2031 1983 2103 tangimus.

339 2119 522 2172 Nemo
553 2116 904 2172 delassetur.
937 2123 1123 2172 Arma
1151 2135 1258 2189 pro
1291 2118 1421 2189 ipsa
1451 2135 1624 2174 cruce
1656 2125 1863 2174 contra
1885 2121 1987 2175 ad-

338 2206 632 2260 versarios
663 2222 868 2260 sume:
904 2206 1083 2260 ﬁdem
1115 2210 1308 2262 crucis
1365 2224 1472 2278 pro
1525 2213 1746 2279 trapaeo
1784 2208 1987 2264 adver-

342 2312 444 2350 sus
467 2293 941 2350 contradicentes
972 2301 1188 2350 statue.
1219 2296 1464 2360 Quando
1498 2297 1657 2352 enim
1709 2297 1780 2352 de
1813 2315 1987 2353 cruce

341 2383 557 2438 Christi
589 2389 799 2439 contra
829 2384 1105 2438 inﬁdeles
1137 2384 1632 2456 disceptationem
1672 2385 1987 2442 institurus

342 2472 480 2540 eris,
514 2472 680 2542 prius
711 2488 894 2525 manu
943 2472 1176 2544 signum
1208 2473 1398 2528 crucis
1430 2475 1503 2544 (1)
1536 2475 1762 2540 emitte,
1794 2481 1853 2530 et
1882 2476 1988 2530 ob-

339 2566 630 2617 mutescet
650 2560 750 2631 qui
773 2564 982 2616 contra
999 2561 1316 2616 nititur.Ne
1348 2562 1570 2633 pudeat
1589 2579 1824 2618 crucem
1845 2582 1988 2620 con—

339 2650 494 2706 ﬁteri
520 2666 532 2704 :
563 2650 635 2704 de
666 2651 775 2704 hac
816 2665 1074 2720 namque
1123 2651 1454 2721 gloriantur
1485 2652 1681 2723 angeli
1711 2653 1940 2708 aientes
1971 2670 1984 2708 :

341 2741 600 2794 Nouimus
643 2754 802 2808 quem
832 2737 1123 2808 quaeratis,
1153 2741 1335 2794 Jesum
1370 2743 1694 2809 cruciﬁxum
1710 2741 1750 2796 ⁸.
1777 2743 1985 2797 Nonne

340 2836 620 2900 potueras
652 2828 870 2893 dicere,
905 2846 938 2883 o
969 2829 1174 2901 angele
1210 2847 1222 2884 :
1285 2829 1424 2884 Novi
1482 2846 1658 2900 quem
1695 2831 1984 2900 quaeritis,

345 2918 662 2972 Dominum
693 2933 892 2972 meum
921 2917 949 2971 ‘I
975 2917 1099 2979 sed,
1133 2919 1270 2989 Ego,
1298 2918 1382 2972 ait
1411 2917 1513 2973 ille
1574 2935 1710 2974 cum
1743 2919 1982 2987 ﬁducia,

338 3008 469 3061 novi
498 3008 844 3076 cruciﬁxum.
878 3006 1032 3060 Crux
1063 3005 1221 3061 enim
1253 3022 1476 3062 corona
1523 3012 1632 3074 est,
1663 3024 1784 3063 non
1818 3007 1985 3080 igno-

341 3112 544 3151 mima.

412 3275 914 3330 XXlll.Caaterum
936 3275 1250 3330 redeamus
1277 3275 1351 3331 ad
1381 3277 1746 3348 propositam
1762 3293 1830 3332 ex
1848 3294 1986 3349 pro-

341 3365 538 3436 phetis
562 3362 1154 3420 demonstrationem.
1175 3365 1503 3421 Cruciﬁxus
1535 3372 1622 3421 est
1653 3367 1939 3422 Dominus
1973 3384 1988 3433 ;

342 3454 620 3526 accepisti
652 3454 1013 3509 testimonia.
1058 3454 1230 3509 Vides
1261 3455 1457 3510 locum
1491 3456 1858 3528 Golgotha...
1890 3459 1988 3528 (2).

340 3545 648 3601 Acclamas
679 3560 814 3598 cum
837 3543 1133 3614 przeconio
1167 3549 1447 3614 tanquam
1479 3546 1991 3602 assentiens:vide

345 3651 420 3689 ne
444 3633 766 3704 aliquando
800 3632 859 3686 in
895 3637 1161 3704 tempore
1192 3635 1626 3705 persecutionis
1672 3652 1870 3709 neges.
1911 3639 1991 3691 Ne

345 3724 408 3778 in
443 3728 703 3794 tempore
737 3722 900 3792 pacis
933 3722 1307 3777 solummodo
1355 3724 1636 3796 gaudium
1691 3725 1796 3780 tibi
1852 3743 1995 3780 crux

345 3813 456 3869 sit:
483 3829 683 3867 verum
707 3812 883 3866 etiam
907 3812 964 3866 in
991 3817 1256 3883 tempore
1270 3813 1702 3883 persecutionis
1725 3814 1995 3869 eamdem

344 3903 558 3958 habeto
583 3903 864 3970 ﬁdem,ne
895 3903 957 3956 in
990 3907 1259 3972 tempore
1281 3903 1446 3972 pacis
1475 3903 1557 3957 sis
1588 3904 1814 3959 amicus
1835 3905 1993 3970 Jesu,

345 3998 405 4048 et
430 3991 726 4046 bellorum
751 3996 1019 4062 tempore
1053 3990 1354 4044 inimicus.
1390 3991 1625 4062 Accipis
1655 4008 1815 4047 nunc
1859 4009 1995 4064 pec-

345 4086 614 4138 catorum
633 4086 872 4136 tuorum
903 4078 1344 4145 remissionem,
1371 4083 1431 4135 et
1461 4079 1792 4151 spiritualis
1821 4080 1998 4136 dona-

345 4172 444 4227 tivi
471 4174 543 4242 (3)
578 4172 731 4243 regis
754 4171 837 4225 tui
869 4170 1184 4225 munificas
1215 4170 1434 4242 gratias
1470 4187 1483 4225 :
1516 4187 1652 4226 cum
1708 4169 1998 4244 ingruerit

413 4298 438 4332 ⁵
466 4298 666 4353 Matth.
697 4313 890 4364 xxvm,
922 4299 975 4351 6.

2098 599 2322 670 έξῆΙθεν
2377 599 2436 654 ἐκ
2464 607 2563 670 τῆς
2597 600 2874 674 σωτηρίου
2931 598 3170 674 πλευρᾶς
3230 603 3370 673 αἷμα
3425 600 3517 654 καὶ
3576 598 3736 677 ὕδωρ,

2095 695 2196 757 τῆς
2249 689 2380 763 ὑπὲρ
2411 694 2646 762 Χριστοῦ
2702 690 2992 764 γινομένης
3025 687 3355 764 ὁμολογίας,
3389 687 3444 744 ἔν
3483 710 3542 744 τε
3573 691 3736 768 φωτί-

2096 797 2260 850 σματι
2293 780 2367 849 (5)
2397 776 2486 831 καὶ
2521 777 2822 853 μαρτυρίου
2853 781 3064 850 καιροῖς
3129 772 3424 851 βεϐαιοῦσα
3483 778 3583 847 τήν
3643 782 3735 854 χά-

2095 885 2204 940 ριν.
2235 866 2388 919 Ἔστι
2417 866 2506 920 καὶ
2537 862 2682 937 ἄλλη
2715 873 2816 936 τῆς
2861 865 3101 940 πλευρᾶς
3158 865 3325 922 αἰτία.
3390 867 3531 934 Γυνή
3586 867 3734 944 γέγο-

2094 974 2177 1009 νεν
2227 954 2474 1030 ἀρχηγὸς
2559 955 2847 1029 ἁμαρτίας,
2907 957 2941 1023 ἡ
3007 953 3310 1010 πλασθεῖσα
3366 955 3424 1010 ἐκ
3482 954 3733 1033 πλευρᾶςο

2093 1040 2221 1098 ἀλλ’
2254 1044 2280 1097 ὁ
2312 1042 2486 1108 ἐλθὼν
2520 1044 2736 1113 Ἰησοῦς
2786 1041 3039 1118 ἀνδράσιν
3074 1046 3215 1116 ὁμοῦ
3263 1043 3352 1100 καὶ
3407 1047 3615 1119 γυναιξὶ
3643 1067 3736 1121 χα-

2095 1128 2340 1209 ρίσασθαι
2388 1133 2486 1202 τήν
2547 1131 2869 1206 ἀμνηστίαν,
2929 1131 3094 1206 ένύγη
3135 1133 3234 1202 τήν
3308 1131 3546 1208 πλευρὰν
3610 1135 3731 1211 ὑπὲρ

2092 1226 2387 1296 γυναικῶν,
2416 1223 2504 1278 ’ἶνα
2535 1222 2675 1298 λύσῃ
2709 1223 2809 1292 τὴν
2844 1221 3133 1296 ἁμαρτίαν.

2166 1491 2293 1546 ΚΒ’.
2356 1488 2453 1543 Καὶ
2510 1485 2564 1543 εἷ’
2616 1510 2700 1552 τις
2757 1488 3093 1564 έρευνήσειε,
3149 1491 3366 1564 εὑρήσει
3430 1492 3520 1548 καὶ
3587 1491 3726 1549 ἄλλα

2092 1576 2290 1640 αἰτίας.
2341 1576 2501 1633 Ἀλλ’
2559 1577 2800 1654 αότάρκη
2859 1578 2949 1632 καὶ
3003 1582 3171 1633 ταῦτα
3215 1578 3484 1655 λέγεσθαι,
3537 1579 3626 1636 διὰ
3677 1583 3735 1637 τὸ

2089 1671 2186 1723 τοῦ
2212 1672 2405 1742 καιροῦ
2455 1668 2659 1737 στενὸν,
2718 1667 2807 1722 καὶ
2868 1665 2956 1723 διὰ
3001 1669 3065 1723 τὸ
3126 1671 3202 1742 μή
3259 1679 3542 1745 προσκορῆ
3604 1673 3738 1749 γενέ-

2091 1758 2208 1811 σθαι
2271 1760 2341 1827 (6)
2369 1757 2469 1825 τήν
2501 1755 2758 1832 ἀκρόασιν
2817 1762 2935 1820 τοῖς
2994 1756 3273 1815 ἀκούουσι.
3330 1760 3588 1836 Καίτοι-γε
3637 1763 3736 1818 οὐκ

2089 1843 2198 1902 ἔστι
2230 1845 2364 1900 ποτέ
2413 1851 2610 1918 καμεῖν
2667 1847 2960 1908 ἀκούοντας
3017 1847 3086 1901 τὰ
3131 1847 3256 1922 περὶ
3311 1852 3409 1903 τοῦ
3466 1850 3735 1906 Δεσπότου

2089 1933 2540 2010 στεφανουμένου,
2571 1935 2659 1990 καὶ
2716 1933 2954 2008 μάλιστα
3011 1935 3064 1990 ἐν
3121 1941 3200 2008 τῷ
3255 1937 3501 2012 παναγίῳ
3558 1939 3734 2013 τούτῳ

2088 2023 2356 2098 Γολγοθᾷ,
2389 2023 2596 2079 ’Ἄλλοι
2631 2026 2724 2096 μὶν
2755 2024 2859 2099 γὰρ
2893 2024 3154 2080 ἀκούουσι
3197 2026 3395 2098 μόνον,
3455 2029 3620 2099 ἡμεῖς
3680 2027 3736 2084 δὲ

2087 2112 2178 2167 καὶ
2239 2110 2542 2187 βλέπομεν,
2601 2111 2689 2167 καί
2745 2111 3111 2187 ψηλαφῶμεν.
3185 2112 3402 2183 Μηδεὶς
3457 2117 3732 2190 καμνέτωο

2088 2195 2223 2257 λάϐε
2245 2201 2314 2255 τὰ
2370 2198 2517 2255 ὃπλα
2566 2199 2702 2255 κατὰ
2751 2205 2861 2256 τῶν
2924 2199 3179 2256 ἐναντίων
3231 2203 3362 2276 ὑπὲρ
3424 2204 3588 2259 αὐτοῦ
3639 2210 3733 2261 τοῦ

2089 2293 2340 2364 σταυροῦο
2372 2289 2632 2364 τρόπαιον
2689 2291 2885 2358 στῆσον
2949 2291 3048 2359 τὴν
3102 2291 3284 2347 πίστιν
3345 2296 3444 2347 τοῦ
3504 2299 3733 2369 σταυροῦ

2086 2380 2222 2434 κατὰ
2248 2383 2356 2434 τῶν
2389 2374 2804 2453 ἀντιλεγόντων.
2837 2380 3001 2436 ’Ὀταν
3057 2381 3158 2454 γὰρ
3214 2379 3428 2456 μέλλῃς
3484 2384 3606 2457 περὶ
3637 2389 3733 2438 τοῦ

2089 2471 2322 2541 σταυροῦ
2349 2472 2446 2522 τοῦ
2477 2465 2708 2543 Χριστοῦ
2748 2472 2998 2538 συζητεῖν
3055 2470 3192 2544 πρὸς
3255 2469 3548 2541 ἀπίστους,
3606 2494 3738 2548 προ-

2090 2555 2412 2614 απόστειλον
2443 2560 2511 2631 τῇ
2543 2557 2692 2632 χειρὶ
2720 2557 2782 2612 τὸ
2807 2561 3035 2630 σημεῖον
3083 2563 3181 2612 τοῦ
3213 2563 3445 2632 σταυροῦ
3473 2565 3568 2615 τοῦ
3603 2567 3738 2634 Χρι-

2089 2648 2358 2717 στοῦ,καί
2411 2649 2673 2722 φιμοῦται
2733 2646 2760 2699 ὁ
2821 2642 3146 2720 ἀντιλέγων.
3203 2646 3296 2714 Μὴ
3359 2645 3736 2722 ἐπαισχυνθῇς

2088 2734 2178 2788 τὸν
2241 2735 2469 2809 σταυρὸν
2537 2732 2854 2808 ὁμολογεῖν·
2917 2731 3142 2810 ἄγγελοι
3201 2737 3303 2809 γὰρ
3363 2733 3734 2811 έγκαυχῶνται

2091 2821 2362 2899 λέγοντες·
2425 2820 2664 2896 Οἲδαμεν
2722 2825 2801 2897 (7)
2874 2822 2993 2877 τίνα
3063 2828 3292 2893 ζητεῖτε,
3354 2825 3556 2895 Ἰησοῦν
3635 2825 3729 2878 τὸν

2091 2911 2520 2988 ἐσταυρωμένον.
2581 2914 2704 2988 Ἆρ’
2763 2913 2826 2967 οὗ
2883 2909 3104 2966 δύνασαι
3164 2913 3354 2982 εἰπεῖν,
3413 2915 3456 2966 ὦ
3512 2912 3725 2988 ἄγγελε·

2091 2999 2228 3061 Οἶδα
2259 3003 2317 3056 ὅν
2355 3007 2586 3073 ζητεῖτε,
2616 3001 2707 3056 τὸν
2741 3000 2872 3075 ἐμὸν
2902 3002 3174 3072 Δεσπότην
3206 3022 3220 3072 ;
3251 3002 3398 3073 ἀλλ’,
3429 3002 3729 3079 Ἐγὼ,φησὶ

2096 3091 2231 3166 μετά
2258 3090 2587 3168 παρῥησίας,
2643 3087 2761 3145 οἶδα
2815 3090 2907 3145 τὸν
2966 3089 3396 3166 ἐσταυρωμένον.
3462 3091 3732 3168 Στέφανος

2094 3183 2196 3257 γάρ
2229 3179 2368 3234 ἐστιν
2399 3179 2428 3233 ὁ
2459 3179 2704 3255 σταυρὸς,
2739 3180 2841 3233 οὐκ
2865 3178 3079 3252 ἀτιμία.

2013 3231 2058 3299 C
2169 3272 2271 3299 την
2323 3271 2515 3299 ιαμ-ι-
2548 3267 2602 3299 n
2634 3267 2830 3299 \-._1..
2863 3267 3079 3299 2.....2-.L.

2169 3272 2290 3329 Kl".
2323 3271 2515 3344 Ἡμεῖς
2547 3267 2604 3324 δὲ
2634 3267 2830 3325 λοιπὸν
2861 3267 3259 3342 ἀναδράμωμεν
3291 3269 3378 3324 ἐπὶ
3425 3273 3526 3341 τήν
3587 3271 3740 3345 εἰρη-

2103 3361 2269 3437 μένην
2317 3359 2377 3415 έκ
2403 3364 2510 3414 τῶν
2568 3364 2867 3434 προφητῶν
2927 3357 3221 3433 ἀπόδειξιν.
3279 3361 3628 3437 Ἐσταυρώθη
3717 3365 3744 3417 ὁ

2100 3451 2324 3526 Κύριος,
2362 3446 2592 3528 ε’ἶληφας
2619 3449 2715 3512 τὰς
2761 3448 3079 3523 μᾶρτυρίας.
3138 3449 3304 3524 Ὁρᾷς
3389 3455 3487 3504 τοῦ
3536 3449 3747 3528 Γολγο-

2102 3543 2168 3596 θᾶ
2194 3541 2284 3596 τὸν
2317 3540 2554 3598 τόπον...
2606 3533 2868 3609 Ἑπιϐοᾷς
2924 3536 3155 3611 ἐπαίνῳ,
3213 3540 3287 3600 ὡς
3347 3541 3743 3615 συντιθέμενος.

2101 3629 2280 3688 Βλέπε
2341 3631 2554 3702 μήποτε
2610 3627 2660 3682 έν
2719 3632 2894 3702 καιρῷ
2953 3625 3205 3703 διωγμοῦ
3263 3627 3490 3704 ἀρνήσῃ.
3545 3631 3636 3698 Μή
3690 3631 3741 3686 ἐν

2101 3723 2279 3792 καιρῷ
2311 3717 2533 3788 εἰρήνης
2567 3717 2923 3795 ἰπευφραίνου
2973 3721 3054 3789 τῷ
3112 3722 3325 3793 σταυρῷ
3380 3719 3571 3790 μόνον,
3601 3718 3744 3774 ἀλλὰ

2102 3807 2192 3862 καὶ
2225 3805 2277 3860 έν
2308 3810 2482 3882 καιρῷ
2517 3803 2765 3881 διωγμοῦ
2793 3805 2894 3874 τὴν
2949 3804 3115 3873 αὐτὴν
3171 3801 3267 3879 ἔχε
3318 3804 3519 3860 πίστιν’
3557 3808 3633 3880 μὴ
3692 3806 3742 3862 ἐν

2103 3899 2277 3972 καιρῷ
2307 3895 2534 3971 είρήνης
2571 3895 2749 3964 Ἰησοῦ
2803 3893 2988 3968 φίλος,
3047 3893 3136 3948 καὶ
3168 3893 3219 3948 έν
3278 3899 3454 3970 καιρῷ
3479 3894 3742 3968 πολέμων

2105 3984 2325 4060 ἐχθρός.
2360 3979 2670 4056 Λαμϐἀνεις
2693 3987 2783 4036 νῦν
2845 3980 3030 4060 ἄφεσιν
3087 3987 3197 4036 τῶν
3255 3987 3362 4037 σῶν
3413 3985 3746 4059 ἁμαρτημά-

2104 4097 2236 4150 των,
2267 4076 2357 4130 καὶ
2389 4081 2758 4148 πνευματικῆς
2792 4071 2999 4148 δωρεᾶς
3029 4077 3126 4129 τοῦ
3160 4071 3431 4148 βασιλέως
3459 4075 3526 4130 τὰ
3585 4075 3747 4151 χαρί-

2107 4183 2304 4240 σματα·
2337 4163 2462 4220 ὅταν
2519 4160 2651 4239 ἔλθῃ
2701 4163 2972 4237 πόλεμος,
3041 4163 3438 4242 ὑπεραγώνισαι
3485 4167 3742 4242 γενναίως

419 4426 492 4496 (1)
521 4425 692 4479 Prius
738 4438 906 4476 manu
933 4424 1155 4496 signum
1211 4424 1422 4496 crucis.
1467 4424 1585 4494 Hoc
1630 4430 1990 4496 praaceptum

2105 4427 2319 4495 potest,
2348 4420 2664 4494 legendum
2697 4425 2862 4496 puto,
2899 4413 3241 4496 βεβαιοῦντα,
3293 4420 3385 4496 vel
3431 4415 3745 4496 βεϐαιῶσαι.

349 4492 586 4554 εθόιιῐιις
609 4500 698 4550 est
719 4500 958 4549 sanctus
985 4493 1346 4620 Porphyrius
1399 4492 1674 4551 Gazensis
1705 4497 1765 4550 in
1793 4492 1993 4552 E'ccle-

352 4569 440 4620 sia
462 4567 1000 4620 Hierosolvmitana
1034 4582 1100 4620 su
1214 4581 1408 4620 oanne
1440 4567 1628 4620 nostri
1660 4583 1993 4620 successore

352 4569 440 4625 sia
462 4567 1000 4638 Hierosolymitana
1034 4582 1100 4638 su

2175 4497 2248 4563 (6)
2284 4488 2578 4565 Προᾶκορῆ,
2617 4488 2910 4564 γενέσθαι.⁷
2962 4492 3215 4565 verbum
3271 4488 3514 4565 γενέσθαι
3579 4493 3746 4548 addi-

1214 4581 1408 4620 oanne
1440 4567 1628 4620 nostri
1660 4583 2001 4623 successore
2106 4565 2305 4621 dimus
2337 4581 2407 4619 ex
2436 4563 2604 4619 codd.
2633 4563 2796 4636 Reg,
2821 4567 2960 4636 Roe,
2993 4563 3516 4633 Casaub.,‘0ttob.,
3567 4565 3742 4622 Coisl.

353 4639 660 4719 educatus,
695 4634 795 4709 qui
824 4636 1292 4719 disputationem
1317 4654 1453 4692 cum
1478 4638 1839 4719 Manichaica
1870 4655 2001 4719 ηιρ-
2105 4637 2380 4719 εει-0011)..
2413 4634 2773 4719 cumtamen
2803 4636 2860 4689 hi
2895 4634 3010 4689 duo
3071 4636 3430 4706 posteriores
3462 4637 3742 4708 scriptum

346 4712 492 4768 liere
518 4712 590 4767 ab
615 4711 781 4783 signo
813 4710 1006 4765 crucis
1031 4725 1294 4783 exorsus,
1331 4725 1461 4783 eam
1496 4709 1780 4764 miraculo
1803 4710 1998 4765 reddi-

347 4784 436 4838 dit
466 4779 795 4844 mutani,ut
826 4787 1103 4836 narratur
1135 4779 1195 4835 in
1228 4780 1358 4853 ejus
1389 4782 1537 4847 Vita,
1582 4798 1747 4836 num.
1771 4785 1861 4851 61,
1895 4783 1997 4837 Fe-

345 4856 570 4912 bruarii
604 4853 699 4908 die
729 4855 815 4906 26.

392 4965 396 4969 -
420 4929 496 4998 (2)
517 4923 878 4998 Acclamatio
898 4923 1254 4998 auditorum
1291 4924 1746 4998 assentientum.

420 4995 499 5069 (3)
528 4995 854 5069 Spiritualis
876 4996 1148 5069 donativi,
1183 5001 1298 5069 etc.
1315 4996 1603 5069 lntelligit
1633 4995 1790 5050 dona
1813 4995 1997 5069 Spiri-

349 5065 446 5125 tus
479 5067 666 5122 sancti
698 5065 880 5135 gratis
911 5067 1070 5128 data,
1105 5083 1236 5136 quas
1268 5066 1531 5121 donativi
1562 5067 1745 5123 locoa
1765 5065 1997 5122 Christo

350 5141 412 5195 in
445 5139 741 5208 baptismo
775 5136 862 5189 vel
894 5137 956 5191 in
985 5137 1441 5194 conﬁrmatione
1482 5155 1662 5208 supra
1691 5139 1998 5194 remissio-

349 5228 487 5267 nem
521 5213 900 5282 peccatorum
931 5225 998 5262 eo
1035 5215 1296 5279 tempore
1319 5227 1440 5265 non
1471 5210 1998 5282 infrequenterda—

352 5278 588 5338 bantur.
625 5278 766 5333 Vide
789 5284 898 5333 cat.
939 5283 987 5346 1,
1023 5295 1081 5333 n.
1117 5278 1172 5348 5,
1205 5286 1316 5336 cat.
1371 5285 1423 5350 5,
1487 5299 1547 5337 n.
1612 5278 1698 5350 11,
1757 5287 1870 5339 cat.
1908 5286 1996 5350 17,

353 5372 413 5409 n.
440 5357 528 5407 3‘1.

425 5423 586 5496 (4)11
612 5419 697 5474 ἐπὶ
729 5423 838 5496 τῶν
873 5418 1066 5496 ἁγίων.
1101 5421 1281 5496 Codd.
1307 5423 1493 5492 Colb.,
1553 5427 1696 5488 Roe,
1745 5423 1994 5480 Casaub.

355 5503 412 5551 et
431 5489 612 5550 'G'rod.
649 5489 996 5547 ommittn‘nt
1025 5489 1132 5546 ἐπί.

422 5571 501 5638 (5)
547 5569 669 5641 ἴεν,
707 5583 792 5641 τεν
823 5563 1157 5641 ’θωτίςιμτετιν
1206 5569 1326 5641 εἷο·
1387 5567 1592 5641 ϐοίδιον
1634 5570 1795 5641 ῌθεη
1854 5572 1994 5632 R°°’

355 5633 628 5704 Casaub,
657 5636 704 5686 ἐι
731 5639 808 5712 τῷ
837 5633 1169 5712 φωτῖσματι,
1204 5635 1406 5712 iidem,
1455 5633 1994 5712 Casaub.excepto,

355 5655 628 5704 uasaun,
657 5655 704 5686 ει
731 5656 808 5705 τῳ
839 5655 1169 5760 Τωτεσματι,
1204 5655 1406 5702 lluem,
1455 5655 1702 5696 uasauo.
1728 5655 1994 5712 excepto,

355 5712 486 5784 loco
516 5705 813 5784 μαρτυρίου
861 5708 1093 5767 labent.
1133 5706 1470 5784 μαρτυρίοις.
1505 5711 1724 5784 _O_ttob.,
1789 5729 1994 5784 μαρτυτ

355 5767 478 5860 pug».
511 5767 624 5841 l’rb
650 5767 965 5858 ﬁééamaa,
997 5767 1156 5854 quod
1186 5767 1340 5854 aagre
1367 5781 1443 5838 ad
1500 5767 1730 5854 δύναμις
1781 5767 1992 5838 referri

2103 4709 2382 4772 habeant,

2174 4780 2254 4850 (7)
2285 4777 2542 4850 Οἳδαμεν,
2575 4781 2792 4851 scimus.
2844 4779 2910 4851 In
2967 4777 3140 4851 codd.
3188 4778 3568 4851 Reg.,gColb.,
3602 4781 3742 4841 Roe,

2102 4845 2351 4906 Casaub.
2387 4845 2446 4905 et
2481 4850 2677 4906 Ottob.
2714 4849 2998 4916 singulari
3031 4845 3302 4906 numero'
3331 4845 3474 4916 οἶδα,
3520 4845 3652 4915 seio,
3685 4857 3749 4905 ut

2101 4922 2319 4994 legitur
2348 4924 2549 4994 Matth.
2577 4937 2772 4994 xxvm,
2806 4921 2859 4974 5.
2896 4921 2982 4994 Id,
3008 4927 3068 4994 et
3125 4921 3512 4992 sequentibus
3544 4922 3746 4994 Cyrilli

2101 4992 2316 5060 verbis,
2345 4993 2559 5065 quibus
2585 4993 2762 5048 unius
2794 4992 2986 5065 angeli
3033 4993 3331 5065 loquentis
3383 4992 3746 5049 mentionem

2099 5065 2263 5132 facit,
2296 5063 2629 5121 et’Matthaei
2661 5063 2844 5118 textui
2871 5080 3047 5134 quem
3079 5063 3336 5135 allegare
3368 5065 3464 5120 hic
3494 5082 3615 5135 praa
3631 5083 3749 5121 caa-

2102 5138 2245 5192 teris
2276 5137 2649 5206 evangelistis
2679 5135 2929 5206 videtur,
2963 5136 3428 5206 conformius.At
3443 5138 3752 5206 superiora

2099 5209 2278 5290 verba
2306 5203 2529 5290 Cyrilli,
2562 5203 2786 5290 ἄγγελοι
2846 5203 3226 5290 ἐγκαυχιξζνται
3275 5203 3544 5290 λέγοντες,
3587 5207 3750 5290 nullo

2103 5278 2447 5336 discrimine
2478 5281 2550 5334 ab
2591 5278 2867 5333 omnibus
2889 5278 3203 5335 'codiCibus
3229 5295 3295 5334 eo
3331 5278 3505 5334 modo
3539 5280 3748 5344 relata,

2101 5351 2436 5408 necessario
2469 5345 3050 5423 ιδοεῑιιιιᾱιιιι-θ’ἰδειμιιενἶ
3083 5352 3231 5406 Usus
3257 5357 3348 5406 est
3397 5352 3594 5421 itaque
3637 5352 3747 5421 Cy-

2101 5424 2272 5478 rillus
2300 5421 2487 5496 ﬁgura
2513 5439 2646 5496 qua:
2679 5421 2895 5476 dicitur
2924 5422 3210 5491 enallage,
3236 5439 3344 5496 seu
3365 5423 3752 5496 commutatio

2101 5493 2375 5560 numeri}
2408 5495 2523 5550 nisi
2551 5494 2712 5548 dicas
2743 5509 2880 5548 eum
2913 5495 3242 5564 respexisse
3273 5493 3349 5548 ad
3409 5494 3542 5548 Luc.
3595 5511 3750 5554 xxiv,

2098 5568 2155 5633 5,
2182 5584 2297 5637 quo
2328 5568 2457 5622 loco
2479 5566 2687 5622 eadem
2717 5564 2841 5620 fere
2875 5567 3056 5621 Lucas
3107 5565 3180 5618 ab
3237 5565 3471 5618 duobus
3519 5566 3751 5632 angelis

2102 5637 2175 5694 ad
2197 5639 2482 5694 mulieres
2513 5637 2672 5693 dicta
2703 5642 2927 5704 narrat,
2959 5653 3090 5708 quae
3120 5637 3428 5691 Matthwus
3447 5644 3506 5692 et
3524 5639 3757 5695 Marcus

2103 5708 2176 5766 ab
2209 5709 2419 5783 angelo
2441 5725 2586 5766 uno.

2412 4705 2670 4780 γίνεσθαι.
