4118 6264
370 340 486 401 801

955 339 1443 406 CATECHESIS
1492 343 1655 406 XIII.
1701 342 1800 402 DE
1843 339 2179 403 CHRISTO
2222 341 2639 405 CRUCIFIXO
2683 344 2785 405 ET
2828 341 3209 406 SEPULTO.

3667 347 3787 409 808

372 474 468 526 τοῦ
526 473 624 525 σοῦ
682 469 966 546 βασιλέως.
1024 472 1238 543 Ἰησοῦς
1295 473 1608 546 ἐσταυρώθη
1671 472 1802 545 ὖπὶρ
1864 474 1960 526 σοῦ
1992 471 2020 526 ὁ

2150 473 2381 542 Jellum,
2415 492 2520 546 pro
2551 480 2686 546 rege
2721 480 2818 530 tuo
2850 480 3092 530 strenue
3115 475 3372 533 decerta.
3396 477 3572 532 Jesus
3592 494 3698 548 pro
3732 486 3788 534 te

379 558 784 632 ἀναμάρτητος,
841 558 934 614 καὶ
995 559 1056 614 σὺ
1111 561 1243 635 ὑπὲρ
1302 566 1399 616 τοῦ
1457 561 1860 637 σταυρωθέντος
1894 560 2026 636 ὑπὲρ

378 652 479 702 σοῦ
511 652 583 720 (1)
615 647 676 702 οὐ
736 653 1092 720 σταυροῦσαι;
1127 649 1204 706 Οὐ
1258 651 1417 725 χάριν
1452 648 1634 714 δίδως·
1684 649 2028 727 προείληφας

379 736 505 811 γάρ·
565 735 712 791 ἀλλὰ
761 739 922 812 χάριν
976 735 1280 806 ἀποδίδως,
1326 737 1623 802 ἀποδιδοὺς
1653 741 1716 795 τὸ
1742 735 1910 816 χρέος
1951 743 2032 810 τῷ

382 825 433 880 έν
467 830 546 897 τῷ
596 825 847 902 Γολγοθᾷ
903 830 1261 904 σταυρωθέντι
1317 827 1406 884 διὰ
1439 831 1517 889 σέ.
1551 828 1828 905 Γολγοθᾶς
1860 826 1918 884 δὲ
1945 827 2035 902 ἑρ-

388 914 678 988 μηνεύεται
737 914 976 990 Κρανίου
1028 918 1218 980 τόπος.
1288 918 1444 983 Τίνες
1499 915 1600 994 ἄρα
1653 920 1705 973 οἱ
1761 936 2033 996 προφητι-

382 1009 491 1066 κῶς
514 1004 606 1059 τὸν
654 1005 824 1060 τόπον
873 1010 971 1061 τοῦ
1019 1006 1266 1081 Γολγοθᾶ
1313 1012 1504 1063 τοῦτον
1538 1010 1616 1081 (2)
1649 1008 2033 1080 ὀνομάσαντες,

383 1092 434 1148 έν
468 1094 514 1165 ᾦ
543 1095 577 1164 ἠ
610 1092 824 1165 ἀληθὴς
871 1095 1082 1172 κεφαλή
1140 1096 1377 1171 Χριστὸς
1424 1097 1518 1152 τὸν
1550 1098 1777 1171 σταυρὸν
1811 1095 2036 1168 ὑπέμει-

383 1202 478 1252 νε;
537 1184 714 1246 καθὼς
770 1185 798 1238 6
861 1183 1201 1250 Ἀπόστολός
1275 1203 1458 1262 φησιν·
1520 1188 1620 1249 "Oc
1675 1185 1816 1241 ἐστιν
1876 1184 2037 1240 εἰκὼν

381 1275 479 1326 τοῦ
539 1276 672 1327 Θεοῦ
726 1276 824 1327 τοῦ
885 1272 1139 1346 ἀοράτου·
1203 1275 1291 1329 καὶ
1355 1275 1468 1348 μετ’
1527 1273 1709 1350 ὀλίγα·
1745 1274 1844 1330 Καὶ
1875 1272 2034 1335 αὐτός

387 1359 524 1416 ἐστιν
611 1363 645 1430 ἡ
721 1363 933 1438 κεφαλή
1013 1366 1110 1418 τοῦ
1192 1364 1449 1438 σώματος
1529 1370 1629 1433 τῆς
1685 1361 2034 1434 Ἐκκλησίας.

384 1450 474 1504 καὶ
532 1448 719 1504 πάλιν·
804 1452 1008 1513 Παντὸς
1089 1451 1284 1526 ἀνδρὸς
1340 1456 1376 1523 ἡ
1443 1450 1656 1530 κεφαλὴ
1717 1453 1745 1508 6
1800 1449 2037 1526 Χριστός

386 1537 519 1594 ἐστι·
579 1538 667 1594 καὶ
723 1539 910 1595 πάλιν·
971 1542 1069 1602 Ὃς
1129 1540 1269 1596 ἐστιν
1332 1544 1366 1612 ἡ
1427 1540 1639 1619 κεφαλὴ
1707 1543 1885 1612 πάσης
1939 1538 2035 1616 ἂρ-

385 1635 494 1702 χῆς
551 1629 641 1683 καὶ
702 1627 964 1701 ἐξουσίας.
1017 1631 1081 1685 Ἦ
1132 1628 1348 1706 κεφαλή
1407 1631 1457 1686 ἐν
1517 1636 1601 1704 τῷ
1655 1635 1754 1686 τοῦ
1799 1631 2038 1705 Κρανίου

382 1716 537 1790 τόπῳ
566 1719 850 1773 πέπονθεν.
883 1721 950 1772 Ὤ
987 1719 1234 1795 μεγάλης
1293 1725 1642 1799 προφητικῆς
1697 1719 1992 1793 ὀνομασίας
2020 1721 2032 1775 1

2139 565 2456 620 cruciﬁxus
2487 570 2596 631 est,
2620 565 2720 636 qui
2749 565 2898 619 nihil
2922 571 3302 636 peccaverat:
3337 572 3396 621 et
3427 572 3486 621 tu
3515 584 3637 622 non
3662 584 3791 623 cru-

2139 653 2393 708 ciﬁcaris
2422 671 2526 724 pro
2580 671 2648 710 eo
2692 656 2792 725 qui
2841 655 2921 708 tui
2966 654 3154 725 gratia
3186 655 3378 709 crucis
3407 656 3620 711 afﬁxus
3654 655 3790 711 est?

2141 743 2265 796 Non
2294 747 2354 796 tu
2385 743 2633 814 gratiam
2658 743 2784 808 das,
2810 742 2972 814 prior
2998 743 3156 796 enim
3181 744 3460 814 accepisti
3485 762 3498 799 :
3532 745 3636 800 sed
3658 761 3788 816 gra-

2142 831 2286 886 tiam
2318 831 2539 896 reddis,
2573 832 2880 886 exsolvens
2911 831 3177 886 debitum
3210 833 3262 886 ei
3313 833 3413 902 qui
3458 840 3698 904 propter
3728 839 3785 888 te

2141 920 2202 974 in
2235 919 2519 992 Golgotha
2550 924 2640 975 est
2670 919 3006 975 cruciﬁxus.
3053 919 3368 992 Colgothas
3397 938 3532 975 vero
3559 938 3664 992 per
3693 921 3788 976 in-

2141 1009 2628 1079 terpretationem
2661 1007 2931 1064 redditur
2988 1008 3255 1064 Calvariae
3287 1009 3433 1063 locus
3458 1007 3501 1062 ⁸.
3535 1010 3785 1074 Quinam

2142 1096 2230 1151 illi
2261 1097 2604 1169 prophetice
2637 1097 2768 1152 loco
2791 1096 2927 1151 huic
2949 1097 3248 1168 Colgothm
3282 1098 3788 1168 nuncupationem

2141 1186 2502 1258 imposuere,
2537 1186 2597 1240 in
2625 1203 2742 1257 quo
2791 1202 2991 1240 verum
3039 1191 3215 1256 caput
3254 1186 3520 1241 Christus
3551 1203 3787 1241 crucem

2145 1275 2406 1330 subivit?
2445 1275 2598 1330 sicut
2644 1275 2960 1346 Apostolus
3011 1274 3188 1330 dicit:
3243 1277 3347 1340 Qui
3377 1281 3452 1331 est
3479 1277 3665 1345 imago
3696 1277 3791 1331 Dei

2142 1363 2436 1420 invisibilis
2457 1364 2511 1430 7;
2547 1368 2606 1418 et
2633 1369 2768 1434 post
2796 1379 3022 1434 pauca:
3067 1365 3135 1418 Et
3180 1365 3296 1433 ipse
3346 1371 3422 1418 est
3471 1370 3637 1435 caput
3665 1380 3792 1419 cor—

2136 1455 2292 1525 poris
2322 1452 2610 1508 Ecclesiw‘
2640 1469 2652 1518 ;
2687 1457 2747 1507 et
2775 1469 3016 1508 rursus:
3049 1454 3235 1508 Omnis
3264 1455 3374 1507 viri
3402 1461 3568 1524 caput
3600 1452 3792 1510 Chris-

2144 1549 2227 1598 tus
2256 1541 2412 1610 est“;
2447 1542 2822 1611 iterumque:
2879 1543 2985 1606 Qui
3029 1548 3105 1597 est
3154 1548 3321 1612 caput
3369 1545 3541 1597 omnis
3569 1543 3791 1612 princi-

2141 1637 2303 1701 patus
2327 1638 2378 1686 et
2398 1633 2690 1701 potestatis
2714 1628 2777 1685 ¹⁰.
2824 1631 3010 1701 Caput
3058 1630 3120 1684 in
3169 1630 3298 1684 loco
3341 1632 3619 1686 Calvarim
3652 1649 3790 1703 pas-

2143 1736 2273 1775 sum
2308 1725 2415 1774 est.
2450 1721 2492 1774 Ο
2522 1735 2797 1792 magnam
2820 1725 2878 1773 et
2902 1719 3228 1790 prophetia
3257 1718 3496 1790 plenam
3524 1721 3793 1792 appella-

391 1806 688 1879 μονονουχὶ
737 1807 827 1860 καὶ
875 1806 936 1860 τὸ
981 1801 1154 1880 ὄνομα
1199 1806 1606 1880 ὑπομιμνήσκει
1639 1827 1696 1861 σε
1727 1807 1904 1880 Λέγον·
1940 1805 2033 1873 Μὴ

2150 1809 2364 1864 tionem
2388 1808 2400 1863 1
2426 1808 2856 1880 prOpemodum
2874 1823 3130 1878 namque
3155 1812 3210 1862 te
3231 1824 3451 1863 nomen
3475 1809 3669 1880 ipsum
3692 1808 3792 1864 ad-

385 1898 639 1970 προσχῇς
697 1896 771 1956 ὡς
827 1895 979 1968 ψιλῷ
1036 1895 1308 1972 ἀνθρώπῳ
1361 1895 1442 1970 τῷ
1501 1896 1915 1971 στραυρωθέντι.
1968 1895 2032 1950 Ἠ

385 1981 596 2062 κεφαλή
655 1987 833 2055 πάσης
890 1985 1068 2061 ἀρχῆς
1148 1983 1260 2040 ἐστι
1316 1986 1409 2040 καὶ
1478 1983 1742 2056 ἐξουσίας.
1807 1985 2031 2060 Κεφαλὴ

391 2073 484 2145 μὲν
555 2074 735 2142 πάσης
813 2071 1052 2145 ἐξουσίας
1109 2075 1144 2144 ἡ
1204 2075 1576 2149 σταυρωθεῖσα
1631 2077 1732 2147 (3).
1788 2071 2034 2150 κεφαλὴν

387 2159 445 2217 δὲ
499 2157 704 2237 ἔχουσα
756 2162 849 2217 τὸν
935 2164 1164 2238 Πατέρα.
1242 2161 1468 2241 Κεφαλή
1526 2163 1628 2239 γὰρ
1685 2167 1786 2218 τοῦ
1839 2160 2033 2235 ἀνδρὸς

387 2253 415 2305 ὁ
445 2252 697 2324 Χριστὸς,
729 2253 938 2326 κεφαλὴ
974 2250 1031 2307 δὲ
1057 2257 1154 2308 τοῦ
1183 2257 1426 2327 Χριστοῦ
1457 2253 1485 2307 ὁ
1517 2252 1666 2315 Θεός.

461 2343 576 2399 KA'.
611 2343 842 2415 Χριστὸς
889 2343 1074 2398 τοίνυν
1124 2343 1255 2416 ὑπὶρ
1287 2345 1447 2416 ἡμῶν
1480 2341 1821 2419 ἐσταυρώθη,
1855 2343 1882 2396 6
1911 2361 2033 2416 κρι-

387 2429 496 2491 θεὶς
528 2428 580 2485 έν
611 2431 787 2503 νυκτὶ,
818 2429 1034 2505 ψύχους
1065 2429 1243 2501 ὄντος,
1295 2430 1386 2487 καὶ
1436 2430 1723 2504 ἀνθρακίᾶς
1756 2428 1845 2485 διὰ
1872 2434 2034 2485 τοῦτο

385 2519 804 2594 παρακειμένης.
857 2520 1205 2594 Ἐσταυρώθη
1265 2521 1456 2594 τρίτην
1513 2518 1657 2593 ὥραν
1711 2521 1804 2590 (4)·
1839 2517 1946 2572 ἀπὸ
1977 2515 2035 2572 δὶ

385 2602 547 2677 ⁸έκτης
579 2606 720 2681 ὥρας
769 2607 964 2669 σκότος
1024 2607 1231 2682 ἐγένετο
1289 2605 1393 2671 ἕως
1453 2606 1697 2678 ἐννάτης·
1731 2605 1838 2661 ἀπὸ
1866 2603 1923 2661 δὲ
1951 2605 2034 2660 ἐν·

389 2696 554 2766 νάτης
585 2694 746 2751 πάλιν
805 2701 943 2774 φῶς.
1002 2701 1140 2773 Ἀρα
1190 2698 1281 2752 καὶ
1338 2701 1508 2752 ταῦτα
1563 2697 2034 2771 γέγραπταιςζη-

388 2785 660 2857 τήσωμεν.
721 2785 877 2861 Λέγει
934 2785 1110 2840 τοίνυν
1173 2787 1200 2839 ὁ
1261 2784 1554 2861 Ζαχαρίας·
1620 2784 1716 2839 Καὶ
1775 2779 2031 2854 ἕσται,ἰν

386 2872 560 2948 ἐκείνῃ
617 2878 686 2947 τῇ
743 2875 925 2949 ἡμέρᾳ
981 2875 1079 2930 οὒκ
1158 2873 1304 2928 ἔσται
1361 2878 1498 2951 φῶς,
1555 2873 1647 2928 καὶ
1706 2877 1888 2948 ψῦχος
1945 2871 2035 2927 καί

384 2963 554 3038 πάγος
611 2959 758 3018 ἔσται
821 2963 946 3036 μίαν
1005 2965 1216 3039 ἡμέραν
1274 2965 1354 3036 (τὸ
1411 2967 1589 3038 ψῦχος
1623 2960 1692 3018 δι’
1745 2962 1773 3016 ὃ
1828 2962 2036 3036 Πέτρος

385 3049 779 3126 έθερμαίνετο·)
830 3051 920 3107 καὶ
952 3055 986 3122 ἡ
1037 3051 1217 3127 ἡμέρα
1275 3051 1452 3122 ἐκείνη
1514 3051 1732 3126 γνωστὴ
1791 3055 1870 3123 τῷ
1926 3052 2035 3106 Κυ-

2141 1903 2346 1954 monet
2372 1897 2551 1953 veluti
2579 1898 2747 1952 aiens
2773 1913 2785 1951 :
2823 1898 2902 1951 Ne
2932 1897 3214 1952 cruciﬁxo
3249 1901 3530 1968 tanquam
3558 1897 3788 1953 homini

2142 1985 2302 2041 nudo
2335 1985 2596 2041 attende.
2639 1985 2814 2055 Caput
2847 1989 2936 2039 est
2977 1986 3152 2038 omnis
3177 1985 3528 2055 principatus
3559 1991 3612 2040 et
3637 1991 3790 2056 pote-

2139 2074 2512 2146 statis.Caput
2532 2073 2773 2145 quidem
2791 2073 2986 2128 omnis
3011 2073 3320 2144 potestatis
3342 2079 3432 2128 est
3452 2073 3608 2145 quod
3631 2073 3792 2130 cruci

2141 2165 2385 2220 afﬁxum
2413 2163 2591 2235 ;quod
2615 2169 2816 2219 tamen
2838 2165 3072 2218 Patrem
3102 2161 3284 2217 habet
3303 2180 3408 2235 pro
3438 2165 3663 2235 capite:
3692 2164 3796 2220 Ca-

2135 2261 2240 2325 put
2282 2253 2443 2309 enim
2473 2255 2583 2308 viri
2613 2253 2877 2316 Christus,
2911 2258 3080 2321 caput
3110 2258 3292 2306 autem
3323 2253 3525 2307 Christi
3554 2255 3693 2308 Deus
3723 2254 3790 2308 ¹¹.

2215 2343 2361 2399 195
2397 2341 2590 2396 XXIV.
2624 2341 2893 2395 Christus
2923 2339 3104 2412 igitur
3141 2357 3246 2410 pro
3280 2340 3452 2396 nobis
3485 2346 3576 2394 est
3603 2340 3795 2396 cruci-

2142 2431 2295 2485 ﬁxus
2322 2447 2335 2496 ;
2371 2429 2471 2500 qui
2505 2434 2682 2483 noctu
2701 2427 3004 2499 judicatus
3032 2433 3142 2491 est,
3169 2444 3303 2482 cum
3331 2427 3514 2499 frigus
3538 2433 3695 2483 esset
3722 2427 3787 2495 ιτ,

2144 2524 2204 2574 et
2233 2518 2560 2574 carbonum
2589 2518 2754 2572 focus
2786 2533 2856 2572 ea
2886 2516 2957 2571 de
2991 2533 3170 2571 causa
3199 2517 3525 2588 appositus.
3551 2518 3791 2574 Crucifio

2139 2623 2250 2662 xus
2280 2611 2371 2661 est
2398 2607 2547 2662 hora
2577 2607 2752 2661 tertia
2785 2608 2846 2659 ³³.
2879 2605 2963 2660 Ab
2994 2605 3142 2661 hora
3188 2611 3386 2660 autem
3433 2611 3597 2661 sexta
3626 2611 3794 2661 tene-

2142 2695 2263 2750 bras
2293 2695 2460 2750 factm
2493 2699 2635 2750 sunt
2662 2710 2851 2765 usque
2881 2693 2958 2748 ad
2991 2710 3221 2748 nonam
3255 2693 3339 2761 ¹⁴;
3401 2700 3459 2748 et
3487 2712 3692 2750 rursus
3724 2693 3796 2750 ab

2142 2784 2290 2840 hora
2313 2800 2471 2839 nona
2513 2783 3322 2854 lux.Nunquidhaacquoque
3367 2785 3584 2856 scripta
3620 2784 3795 2840 sunt?

2143 2888 2499 2943 quaeramus.
2552 2871 2704 2925 Dicit
2753 2869 2934 2942 igitur
2991 2870 3341 2925 Zacharias:
3391 2873 3458 2926 Et
3487 2872 3682 2938 erit,in
3711 2871 3802 2927 die

2142 2961 2244 3014 illa
2271 2977 2383 3014 non
2415 2961 2516 3014 erit
2547 2959 2747 3026 lumen,
2804 2964 2854 3012 et
2907 2960 3090 3027 frigus
3121 2965 3173 3013 et
3205 2960 3333 3028 gelu
3375 2962 3481 3015 erit
3503 2978 3606 3030 per
3635 2977 3804 3015 unam

2144 3049 2325 3103 diem:
2359 3046 2581 3118 (frigus,
2641 3050 2882 3116 propter
2933 3045 3093 3116 quod
3150 3047 3360 3102 Petrus
3413 3047 3803 3103 calefaciebat

389 3138 489 3214 ρίῳ
520 3141 592 3213 (τί
625 3141 729 3215 γάρ
757 3159 771 3209 ;
827 3141 923 3202 τὰς
984 3139 1158 3204 ἄλλας
1215 3141 1318 3196 οὐκ
1348 3137 1460 3195 οἶδε
1486 3160 1500 3210 ;
1561 3137 1774 3195 Πολλαί
1804 3139 2030 3214 ἡμέραι,

2150 3153 2208 3192 se
2235 3137 2274 3206 :)
2303 3141 2354 3191 et
2383 3136 2498 3190 dies
2525 3135 2627 3189 illa
2655 3140 2790 3188 nota
2817 3135 3048 3188 Domino
3078 3133 3139 3190 η.
3191 3135 3364 3205 (Quid
3414 3136 3576 3190 enim
3595 3136 3622 3190 ‘2
3646 3136 3796 3192 alias

387 3227 513 3283 ἀλλ’
574 3226 708 3299 αὕτη
768 3231 802 3298 ἡ
861 3229 1042 3303 ἡμέρα
1097 3235 1199 3298 τῆς
1259 3230 1543 3303 ὑπομονῆς
1589 3233 1686 3283 τοῦ
1717 3227 1937 3304 Κυρίου,
1965 3226 2031 3296 ἥν

387 3315 638 3388 ἐποίησεν
699 3319 726 3374 6
785 3317 1020 3395 Κόριος)·
1082 3318 1172 3372 καὶ
1230 3321 1266 3388 ἡ
1325 3317 1508 3393 ἡμέρα
1577 3317 1756 3389 έκείνη
1815 3317 2034 3392 γνωστὴ

381 3411 461 3478 τῷ
513 3409 714 3483 Κυρίῳ·
774 3409 861 3463 καὶ
921 3407 1030 3483 οὐχ
1085 3404 1288 3481 ἡμέρα,
1346 3408 1436 3462 καὶ
1495 3406 1558 3463 οὗ
1614 3407 1721 3476 νύξ.
1763 3406 1831 3463 Τί
1859 3406 1922 3460 τὸ
1953 3401 2038 3460 αἶ’-

384 3517 552 3572 νιγμα
604 3497 633 3551 ’ὁ
692 3496 844 3571 λέγει
905 3498 933 3551 6
988 3499 1319 3572 προφήτηςς
1377 3499 1412 3566 ἡ
1472 3497 1653 3569 ἡμέρα
1701 3493 1880 3564 ἐκείνη
1916 3491 2040 3549 οὔτε

381 3586 564 3660 ἡμέρα
594 3584 759 3655 ἐστὶν,
823 3582 947 3640 οὕτε
1001 3585 1113 3656 νύξ’
1172 3585 1224 3640 τί
1284 3582 1374 3639 οὖν
1434 3584 1601 3653 αὐτὴν
1650 3583 2036 3656 ὀνομάσομεν;

381 3675 705 3750 Ἑρμηνεύει
759 3675 820 3729 τὸ
869 3673 1230 3751 Εὐαγγέλιον,
1287 3674 1348 3729 τὸ
1377 3678 1601 3748 πρᾶγμα
1644 3671 2038 3745 διηγούμενον.

382 3764 488 3818 Οὐν
522 3765 590 3833 ἦν
623 3765 826 3838 ἡμέρα.
863 3765 927 3819 οὐ
957 3765 1057 3840 γὰρ
1117 3763 1169 3834 ἐξ
1225 3761 1497 3832 ἀνατολῆς
1529 3761 1616 3817 ἐπὶ
1650 3759 1800 3816 δύσιν
1829 3757 2041 3833 ὁμοίως

382 3847 628 3926 ἔλαμψεν
663 3850 903 3922 ὁῆλιος,
962 3850 1110 3907 ἀλλὰ
1166 3851 1272 3906 ἀπὸ
1334 3851 1477 3928 ὥρας
1533 3847 1698 3921 ἕκτης
1747 3847 1855 3910 ἕως
1895 3846 2039 3923 ὥρας

388 3939 610 4012 έννάτης
645 3941 837 4003 σκότος
868 3940 1074 4018 ἐγένετο
1133 3941 1187 3997 ἐν
1240 3942 1422 4014 ἡμέρᾳ
1477 3941 1633 4014 μέσῃ.
1679 3931 2038 4010 Μεσέμὸολον

386 4031 453 4100 ἦν
487 4027 589 4105 ἄρα
616 4031 679 4086 τὸ
710 4030 924 4093 σκότος·
959 4030 1214 4104 ὠνόμασε
1273 4027 1331 4085 δὲ
1380 4031 1408 4084 ὁ
1464 4030 1599 4094 Οιὸς
1637 4028 1700 4083 τὸ
1731 4027 1921 4088 σκότος
1949 4025 2042 4080 νύ-

387 4140 509 4176 κτα.
543 4121 641 4175 Διὰ
687 4124 852 4175 τοῦτο
905 4117 1031 4175 οὔτε
1087 4118 1268 4193 ἡμέρα
1324 4119 1415 4188 ἦν,
1470 4114 1593 4174 οὔτε
1621 4116 1735 4188 νύξ.
1769 4112 1904 4172 Οὔτε
1934 4114 2039 4190 γὰρ

458 4272 821 4341 ‘Joan.xix,
885 4275 970 4328 l7.
1047 4272 1315 4328 7Coloss.
1377 4289 1416 4340 ι,

2144 3242 2267 3281 non
2293 3223 2500 3279 novit?
2530 3222 2691 3277 Multi
2720 3221 2962 3293 quidem
2985 3221 3112 3278 dies
3139 3240 3152 3288 ;
3186 3223 3290 3278 sed
3312 3224 3413 3279 illa
3433 3224 3548 3280 dies
3571 3225 3802 3295 patien-

2146 3314 2244 3370 tiaa
2293 3312 2548 3379 Domini,
2580 3327 2746 3382 quam
2803 3313 2936 3379 fecit
2993 3312 3249 3367 Dominus
3275 3313 3361 3384 ³⁵.)
3419 3315 3491 3368 Et
3545 3315 3660 3368 dies
3699 3314 3803 3368 illa

2147 3409 2279 3458 nota
2333 3403 2608 3464 Domino;
2661 3407 2712 3454 et
2767 3417 2878 3454 non
2937 3400 3070 3466 dies,
3135 3417 3310 3471 neque
3368 3400 3572 3456 nam”.
3645 3400 3809 3466 Quod

2150 3491 2402 3563 aenigma
2449 3493 2655 3544 narrat
2710 3488 3047 3559 propheta?
3103 3489 3229 3543 dies
3294 3488 3400 3544 illa
3453 3506 3648 3561 neque
3681 3489 3808 3544 dies

2150 3585 2258 3647 est,
2292 3595 2487 3648 neque
2518 3594 2635 3631 nox
2662 3593 2675 3643 ;
2710 3577 3008 3646 quomodo
3039 3577 3219 3647 igitur
3254 3593 3383 3632 eam
3416 3578 3759 3634 vocabimus
3779 3576 3807 3632 ?

2147 3668 2530 3740 Evangelium
2546 3665 2604 3720 id
2619 3665 3048 3735 interpretatur
3069 3681 3192 3719 rem
3220 3681 3530 3722 enarrans.
3548 3670 3664 3722 Non
3681 3673 3809 3722 erat

2149 3760 2300 3813 dies:
2325 3772 2444 3811 non
2471 3754 2632 3809 enim
2665 3752 2736 3807 ab
2764 3753 2993 3808 oriente
3024 3753 3098 3808 ad
3129 3753 3499 3810 occidentem
3530 3756 3808 3810 similiter

2154 3848 2240 3920 [ut
2268 3846 2330 3900 in
2361 3843 2609 3914 reliquis
2643 3840 2878 3912 diebus]
2941 3841 3031 3896 sol
3088 3841 3360 3910 refulsit;
3425 3844 3528 3898 sed
3560 3843 3631 3898 ab
3663 3845 3810 3900 hora

2150 3941 2316 3992 sexta
2343 3949 2531 4005 usque
2562 3932 2636 3988 ad
2661 3931 2871 3986 horam
2902 3947 3124 3985 nonam
3175 3931 3434 3986 tenebris
3467 3933 3634 3988 factm
3667 3938 3808 3988 sunt

2150 4026 2213 4080 in
2243 4024 2442 4080 media
2470 4022 2565 4077 die
2589 4022 2652 4076 ίε.
2680 4020 3052 4091 Interposita
3083 4019 3263 4092 igitur
3292 4027 3433 4076 sunt
3492 4022 3758 4077 tenebrae
3793 4039 3805 4076 :

2150 4112 2478 4169 nominavit
2506 4114 2705 4166 autem
2745 4111 2899 4164 Deus
2952 4108 3252 4177 tenebras,
3284 4115 3522 4166 noctem
3556 4113 3618 4167 '9.
3657 4113 3806 4167 Pro-

1481 4275 1567 4328 15.
1643 4270 1670 4306 ⁸
1725 4269 1870 4326 ibid.
1929 4269 2014 4326 18.

2150 4267 2170 4324 Ι
2199 4267 2330 4324 Cor.
2362 4281 2437 4330 χι,
2471 4265 2522 4317 3.
2601 4265 2646 4302 ¹⁰
2675 4261 2895 4317 Coloss.
2932 4278 2990 4327 ιι,
3043 4265 3128 4318 10.
3207 4262 3254 4298 ¹⁸
3289 4261 3311 4318 I
3340 4263 3471 4318 Cor.
3505 4281 3585 4331 xx,
3617 4267 3669 4319 3.
3754 4262 3804 4301 ¹¹

381 4347 548 4401 Joan.
582 4333 836 4414 “111,18
913 4345 957 4380 ³³
988 4346 1161 4400 Marc.
1221 4361 1314 4409 xv,
1368 4333 1457 4409 23,
1538 4345 1584 4379 “
1642 4343 1843 4398 Matth.
1901 4357 2036 4396 xxvn

2150 4343 2189 4396 5.
2270 4338 2313 4375 ¹⁶
2342 4335 2514 4392 Zach.
2547 4351 2660 4404 xxv,
2693 4336 2747 4402 6,
2780 4338 2831 4389 Ἰ.
2911 4333 2955 4370 ¹⁶
2990 4333 3144 4388 Psal.
3177 4350 3347 4403 cxvn,
3379 4337 3466 4390 24.
3548 4337 3590 4372 ¹⁷
3621 4337 3801 4392 Zach.

381 4434 494 4482 xxv,
527 4422 580 4472 7.
658 4416 707 4452 ιδ
726 4413 936 4472 Matth.
967 4433 1140 4484 xxvn,
1172 4418 1263 4472 45.
1340 4413 1387 4448 19
1417 4416 1560 4470 Gen.
1595 4431 1632 4482 ι,
1665 4418 1717 4468 5.

484 4599 534 4650 11
565 4595 691 4649 Ὑπέ

459 4597 534 4666 (1)
565 4597 724 4666 Ὑπέρ
787 4597 903 4650 σοῦ.
967 4597 1081 4650 Has
1138 4609 1310 4650 voces
1368 4597 1700 4666 adjecimus
1756 4609 1826 4647 ex
1864 4597 2035 4647 codd.

391 4666 591 4737 Coisl.,
617 4666 994 4740 Reg.,_Coolb.,
1019 4666 1189 4740 Crod.
1217 4667 1398 4722 Paulo
1432 4665 1738 4740 po_st,_loco
1773 4661 2037 4740 1:99:01;-

431 4759 482 4800 ες
541 4731 989 4811 (χἰιοᾶνάιίιὶοεσ
1016 4738 1354 4811 ferebatur,
1401 4731 1634 4811 scripsi,
1675 4731 2038 4811 προείληφας,

409 4806 964 4883 ῗὶοθξπροείληψας,
1022 4813 1158 4883 Reg.
1207 4815 1277 4883 _et
1330 4806 1937 4883 Ορὶειξπροείληψαι,
1986 4811 2044 4860 et

391 4883 610 4948 Ottob.,
632 4879 640 4883 ⁷
661 4879 990 4953 προείληφε,
1020 4879 1156 4937 νίιῖο
1190 4879 1601 4953 describentis.

461 4956 540 5025 (2)
581 4947 713 5006 Τὸν’
744 4947 1062 5025 τόπον,τοῦ
1118 4949 1366 5025 Γολγοθᾶ
1422 4954 1664 5025 τοῦτον,
1695 4947 2049 5025 Addidimus

389 5019 581 5079 τοῦτον
609 5043 679 5080 ex
699 5023 957 5096 mss.qui
975 5024 1035 5079 in
1051 5025 1141 5096 his
1163 5019 1354 5096 verbis
1378 5023 1704 5096 referendis
1725 5019 2049 5096 admodum

388 5099 641 5153 variant.
687 5089 993 5162 Colb.;tov
1023 5095 1194 5149 τόπον
1223 5095 1313 5148 τὸν
1348 5093 1621 5162 Γολγοθᾶν
1653 5097 1846 5146 τοῦτον
1878 5089 2039 5162 ὄνομ.

387 5171 549 5237 Reg”
580 5165 746 5222 τόπον
778 5161 968 5221 τοῦτον
1000 5170 1095 5220 τοῦ
1155 5166 1398 5240 Γολγοθᾶ
1448 5161 1828 5240 όνομζςρίει.
1863 5161 2046 5240 habet

386 5247 454 5296 ut
473 5232 869 5314 scripsimuso
913 5241 1053 5314 Post
1103 5232 1341 5314 κεφαλῆ,
1392 5232 1568 5292 addit
1603 5235 1900 5314 (1011),]εὴ
1928 5232 2044 5314 σῴ-

391 5332 558 5383 ματος
590 5304 690 5378 τῆς
724 5308 1074 5383 Ἐκκλησίας,
1106 5304 1311 5365 υεὶηιηῖ
1344 5314 1511 5383 caput
1563 5308 1807 5372 corporis
1851 5304 2043 5383 £6218-

383 5376 496 5440 sia3.
533 5387 604 5439 At
633 5376 1219 5456 Cyrillus_Christum
1253 5397 1372 5436 non
1404 5376 1601 5456 solum
1631 5376 1896 5447 corporis
1930 5377 2038 5456 ch

387 5456 606 5520 clesiaa,
642 5447 744 5510 sed
776 5460 834 5509 et
861 5453 1116 5509 aliarum
1175 5469 1376 5508 rerum
1433 5455 1611 5521 caput
1668 5464 1797 5502 esse
1830 5447 2045 5518 probat

387 5527 448 5581 in
477 5527 888 5598 sequentibust
1025 5592 1034 5598 _
1201 5595 1212 5598 _
1452 5589 1467 5598 _
1694 5546 1698 5552 '

465 5585 900 5671 (3)_.fll_xeq)a)_sﬁ
961 5592 1138 5671 aiio-qq
1190 5595 1370 5671 ἀρχῆς
1449 5589 1559 5645 ἐστι
1626 5587 1718 5645 καὶ
1757 5585 2036 5671 ἐξουσίας.

392 5661 723 5745 Κεφαλὴμὶν
765 5661 960 5738 ’πάσης
1027 5661 1361 5736 ἐξουσίάς”ἡ
1419 5680 1702 5737 σταυρω...
1757 5663 1844 5718 Ita
1893 5661 2041 5716 scri-

787 4596 903 4650 σοῦ.
967 4595 1081 4650 Has
1138 4609 1310 4650 voces
1368 4591 1700 4666 adjecimus
1756 4609 1826 4647 ex
1864 4590 2035 4666 codd.
2070 4595 2114 4662 ι)

2147 4592 2377 4675 psimus
2407 4603 2477 4642 ex
2508 4582 2679 4642 codd.
2732 4581 2926 4672 Colb.,
2981 4585 3102 4670 Rpe
3161 4583 3435 4652 Casaub.,
3464 4603 3803 4672 quanquam

2150 4682 2212 4719 1n
2243 4659 2404 4719 Colb.
2439 4659 2874 4733 desuntvoces,
2902 4671 3082 4733 αρχης
3105 4651 3215 4733 ἐστι
3247 4657 3358 4733 καί..
3383 4658 3538 4733 Editi
3572 4662 3806 4733 81mph—

2152 4737 2300 4808 ,cius.
2334 4733 2396 4808 ᾚ
2454 4728 2665 4808 κεεεπλῆ
2727 4725 3110 4808 ποὲσηξζέἀῖῖν
3172 4725 3413 4808 ἐξοιθρίας
3469 4732 3503 4799 ἡ
3558 4725 3803 4806 oravim-

2152 4795 2322 4862 θεῖσα.
2357 4795 2834 4876 Ηθρςίὶῐίονοοίιι
2876 4795 3116 4876 ἐξουσίας
3171 4795 3344 4854 facile
3375 4795 3622 4876 cmteras
3651 4795 3804 4876 prae-

2161 4870 2526 4934 termittendi
2585 4870 2960 4942 occasionem
3027 4870 3167 4924 dare
3211 4874 3452 4942 Apotuit:
3523 4870 3804 4931 czetérum

2161 4963 2416 5021 sequens
2446 4941 2737 5021 particula
2793 4935 3016 5021 Sénpost
3071 4935 3336 5021 κεφαλῄν,
3370 4947 3804 5021 praecedentem

2204 5010 2262 5074 év‘
2287 5010 2588 5092 postulare
2647 5013 2788 5079 visa,
2847 5010 3111 5092 fecitmut
3147 5010 3438 5092 'codiou'm
3487 5019 3804 5092 citatorum

2183 5082 2475 5166 ectione_m_
2501 5082 3094 5166 anteponerempbi
3116 5085 3504 5166 scripsimus,
3538 5091 3807 5166 κεφαλῇ-ν,

2156 5160 2429 5234 impressi
2462 5149 2779 5234 habebant,
2829 5149 3063 5234 κεφαλή.
3114 5149 3804 5234 ΕωδίιᾷίιωᾳίιθίΟΟῘὺί

2157 5241 2215 5289 et
2233 5225 2370 5305 Reg.
2399 5229 2568 5286 codd.
2595 5230 2734 5282 Post
2756 5225 2967 5352 κιὲαλή
2999 5243 3278 5296 sequens,
3303 5229 3432 5285 loco
3461 5227 3536 5300 δέ,
3564 5234 3809 5316 scripsi-

2157 5322 2288 5352 mus
2320 5301 2445 5352 γάρ.
2490 5317 2559 5352 ex
2591 5302 2753 5352 Reg”
2857 5297 2999 5352 01b..
3059 5299 3196 5352 R06.
3232 5300 3477 5352 Casaub.
3516 5311 3574 5352 et
3604 5305 3806 5352 CmsL-

2154 5322 2288 5361 mus
2318 5297 2445 5376 γάρ,
2490 5317 2559 5354 ex
2591 5302 2753 5372 Reg.,
2811 5297 3032 5376 Colb.,__
3059 5299 3196 5376 Roe,
3232 5300 3477 5376 Casaub.
3500 5297 3574 5376 _et
3604 5297 3806 5371 Coisl.,

2154 5377 2255 5448 qui
2288 5369 2486 5448 tamen
2517 5369 3249 5448 utramque_partic_ulam_
3269 5370 3370 5447 γάρ
3403 5380 3462 5448 et
3496 5372 3572 5445 δὶ,
3607 5369 3805 5448 habet.

2223 5449 2296 5519 (4)
2355 5442 2579 5520 Τρίτηγ,
2615 5439 2984 5520 ὥραξ..-Βρθ,
3038 5439 3569 5520 βᾶεεξυδζέτρίτηέ
3625 5446 3797 5520 ὥρας,

2150 5508 2290 5600 ραις
2309 5508 2482 5600 nan.-
2514 5508 2609 5600 ωε»
2633 5508 2857 5600 scibit:
2885 5510 2935 5565 εν
2961 5508 3120 5600 ςρεςτη
3155 5508 3648 5600 spei-segnem
3673 5508 3805 5600 ιεςρ

2150 5590 2222 5646 de
2253 5583 2515 5645 tenebris
2546 5583 2926 5655 meridianis,
2947 5583 3259 5640 divisione
3285 5583 3537 5644 vestium
3569 5587 3807 5655 Christi,

2149 5667 2208 5720 et
2234 5660 2402 5736 pallii
2429 5654 2690 5717 coccinei
2722 5654 3072 5729 gestatione,
3107 5657 3394 5715 exscribit
3421 5661 3698 5718 Ruﬁnus.
