4138 6264
385 336 504 396 805

965 339 1449 401 CATEGHESIS
1490 337 1654 398 XIII.
1703 338 1802 400 DE
1846 331 2186 398 CHRISTO
2229 331 2644 394 CRUCIF‘IXO
2688 331 2790 393 ET
2831 331 3219 397 SEPULTO.

3681 345 3800 406 806

399 469 496 529 κάς
531 467 866 541 μιμούμενοι
900 471 1176 543 στρατιὰς,
1203 470 1292 525 καὶ
1351 469 1581 526 πάντοτε
1630 469 1722 524 τὸν
1768 468 1894 522 Θεὸν
1946 467 2040 520 ἀν-

2162 471 2215 521 et
2245 467 2429 520 Deum
2459 466 2870 522 indesinenter
2897 467 3174 523 laudibus
3205 470 3544 528 celebrant:
3580 477 3682 546 qui
3715 478 3804 533 di-

344 549 360 557 ’
401 559 711 627 υμνοῦντες’
746 557 798 610 οἱ
829 557 1238 632 καταξιούμενοι
1289 559 1520 633 ψάλλειν
1573 559 1624 613 έν
1671 563 1752 631 τῷ
1801 555 2052 631 Γολγοθᾷ

400 644 582 718 τούτῳ
612 648 711 719 (1),
743 645 832 700 καὶ
893 648 1090 723 λέγειν’
1151 648 1538 724 Διεμερίσαντο
1587 649 1652 702 τὰ
1698 647 1892 720 ἱμάτιά
1944 666 2048 718 μου

409 736 648 805 ἑαυτοῖς,
677 736 767 790 καὶ
826 735 912 790 ἐπὶ
969 738 1063 792 τὸν
1122 739 1421 812 ἱματισμόν
1483 759 1588 813 μου
1646 733 1843 793 ἔϐαλον
1901 733 2048 805 πλῆο

403 845 518 900 ρον⁶
554 825 764 902 κλῆρος
798 825 854 881 δὲ
883 827 949 895 ἦν
983 829 1011 882 6
1045 826 1289 904 λαχμός.

473 919 592 975 ΚΖ’.
637 916 808 973 Πάλιν
868 917 955 973 ἐπὶ
1019 919 1257 975 Ηιλάτου
1309 921 1538 995 κριθεὶς,
1598 918 1856 996 ἐφόρησεν
1917 918 2046 994 ἐρυ-

402 1007 524 1080 θράο
555 1005 670 1060 ἐκεῖ
716 1007 818 1081 γὰρ
862 1009 1187 1082 περιέθηκαν
1247 1009 1392 1082 αύτῷ
1451 1005 1716 1085 χλαμύδα
1769 1006 2046 1077 κοκκίνην

407 1097 510 1168 ἆρα
563 1095 651 1149 καὶ
725 1099 886 1150 τοῦτο
967 1094 1304 1172 γέγραπται;
1383 1099 1538 1174 Λέγει
1594 1097 1623 1152 6
1661 1094 1903 1158 Ἡσαΐαςο
1954 1092 2046 1150 Τίς

401 1181 559 1248 οὗτος
617 1186 644 1239 6
702 1186 1140 1260 παραγενόμενος
1227 1185 1277 1259 ἐξ
1331 1184 1557 1260 Ἐδώμ;
1617 1184 1864 1261 ἐρύθημα
1913 1185 2044 1259 ἱμα-

395 1273 528 1328 τίων
561 1273 726 1328 αὐτοῦ
778 1273 837 1328 έκ
889 1275 1082 1350 Βοσόρ’
1134 1273 1239 1348 (τίς
1277 1274 1434 1340 οὗτος
1484 1281 1559 1349 (2)
1591 1275 1618 1329 6
1646 1275 1782 1330 κατᾶ
1828 1275 2048 1348 ἀτιμίαν

399 1368 580 1440 φορῶν
605 1365 671 1417 τὰ
698 1363 962 1433 κόκκινα;
996 1367 1030 1433 ἡ
1062 1364 1162 1440 γὰρ
1221 1365 1396 1441 Βοσὸρ
1443 1364 1702 1436 τοιαύτην
1749 1365 1872 1419 τινὰ
1918 1363 2048 1438 παρ’

398 1448 680 1528 Ἑϐραίοις
737 1450 853 1527 ἔχει
903 1455 1004 1522 τὴν
1060 1453 1393 1528 ἑρμηνείανγ
1447 1451 1541 1509 ’ίνα
1587 1453 1642 1508 τί
1700 1474 1796 1508 σου
1851 1452 2048 1529 ἐρυθρὰ

399 1543 702 1614 tamam,
758 1542 850 1597 καὶ
904 1542 971 1596 τὰ
1027 1539 1299 1616 ἐνδύματά
1357 1564 1452 1598 σου
1510 1543 1586 1605 ὡς
1642 1542 1748 1598 ἀπὸ
1803 1544 2048 1612 πατητοῦ

347 1619 350 1621 Δ
401 1629 608 1701 ληνοῦ;
663 1633 725 1688 Ὁ
774 1629 830 1686 δὲ
887 1631 1232 1708 ἀποκρίνεται
1289 1630 1380 1688 καὶ
1437 1631 1619 1708 λέγου⁶
1705 1630 1884 1702 ’Όλην
1946 1631 2044 1700 τήν

395 1721 604 1794 ἡμέραν
681 1719 964 1792 ἐξεπέτασα
1042 1721 1138 1784 τὰς
1225 1722 1415 1798 χεῖράς
1503 1743 1610 1795 μου
1692 1721 1829 1798 πρὸς
1913 1716 2045 1774 λαὸν

394 1809 740 1880 ἀπειθοῦντα,
773 1810 862 1865 καὶ
889 1809 1263 1886 ἀντιλέγοντα.

468 1902 592 1956 KH'.
625 1899 968 1970 Ἐξεπέτασεν
1001 1900 1054 1954 έν
1101 1904 1315 1976 σταυρῷ
1364 1901 1460 1965 τὰς
1505 1904 1718 1976 χεῖρας,
1751 1896 1844 1954 ἵνα
1895 1918 2046 1974 περι-

401 1985 546 2066 λάϐῃ
576 1998 677 2061 τῆς
730 1991 1059 2066 οἷκουμένης
1116 1992 1183 2048 τὰ
1238 1993 1462 2069 πέρατα·
1521 1999 1622 2062 τῆς
1673 1991 1775 2067 γὰρ
1831 1997 1936 2065 γῆς
1988 1989 2051 2044 τὸ

343 2075 346 2078 ’
405 2081 712 2154 μεσώτατον
744 2081 772 2136 ὁ
813 2081 1090 2158 Γολγοθᾶς
1145 2081 1304 2144 οὗτός
1354 2081 1519 2138 ἐστιν.
1569 2082 1686 2138 Οὐκ
1734 2079 1863 2153 ἐμὸς
1895 2079 1922 2133 6
1955 2077 2055 2134 λό-

397 2190 518 2244 γος,
550 2172 838 2247 προφήτης
870 2170 1011 2225 έστῖν
1041 2172 1068 2225 6
1110 2173 1306 2247 φήσας·
1356 2170 1608 2248 Εἱργάσω
1655 2173 1730 2241 (3)
1781 2167 2054 2244 σωτηρίαν

387 2256 441 2312 ἐν
506 2256 654 2332 μέσῳ
711 2267 812 2328 τῆς
872 2266 998 2333 γῆς.
1061 2259 1348 2333 Ἐξέτεινεν
1408 2257 1750 2335 ἀνθρωπίνας
1803 2257 2052 2332 χεῖραςὸ

387 2353 510 2408 ταῖς
568 2354 794 2418 νοηταῖς
855 2349 1024 2403 αὐτοῦ
1082 2349 1242 2424 χερσὶ
1303 2349 1602 2423 στερεώσας
1643 2348 1733 2402 τὸν
1800 2343 2048 2420 οὐρανόν

387 2434 480 2491 καί
505 2438 932 2512 προσεπάγησαν
963 2435 1150 2507 ἣλοις,
1204 2435 1299 2493 ’ίνα
1347 2445 1452 2508 τῆς
1502 2437 1922 2512 ἆνθρωπότητος
1970 2438 2052 2506 τῷ

394 2523 544 2597 ξύλῳ
587 2527 1024 2601 προσπαγείσης,
1080 2533 1184 2596 τῆς
1247 2525 1621 2602 βασταζούσης
1677 2529 1784 2580 τῶν
1845 2523 2052 2598 ἀνθρώ-

397 2635 516 2669 πων
549 2615 614 2668 τόι
643 2616 1030 2690 ἁμαρνήματα,
1091 2615 1182 2671 καὶ
1239 2614 1648 2688 τελευτησάσης
1691 2617 1792 2679 τῆς
1838 2612 2053 2686 ἀνθρω-

394 2703 657 2774 πότητος,
689 2704 1028 2777 συναποθάνῃ
1087 2706 1181 2778 μὲν
1213 2707 1247 2775 ἡ
1279 2704 1541 2779 ἁμαρτία,
1593 2707 1760 2776 ἡμεῖς
1813 2699 1870 2756 δὲ
1922 2701 2052 2756 ἀνα-

393 2798 606 2866 στῶμεν
638 2793 688 2849 ἂν
724 2792 1057 2869 δικαιοσύνῃ.
1101 2792 1324 2864 Ἐπειδή
1384 2795 1488 2870 γὰρ
1549 2791 1619 2847 δι’
1670 2792 1788 2855 ἑνὸς
1837 2790 2051 2866 ἀνθρώ-

389 2884 556 2937 πουὸ
590 2884 837 2953 θάνατος,
887 2885 976 2938 καὶ
1032 2883 1102 2939 δι’
1160 2885 1277 2946 ἑνὸς
1337 2883 1622 2959 ἀνθρώπου
1677 2883 1713 2951 ἡ
1777 2881 1913 2950 ζωή’
1979 2875 2049 2933 δι’

389 2973 503 3034 ένὸς
537 2969 594 3027 δὲ
625 2973 914 3049 ἀνθρώπου
935 2977 1031 3028 τοῦ
1073 2979 1360 3046 Σωτῆρος,
1431 2971 1908 3047 αύτοπροαιρέτως
1959 2987 2047 3022 τε-

389 3060 714 3124 λευτῶντος·
770 3063 1096 3135 Μνημὸνευε
1153 3061 1256 3138 γὰρ
1313 3066 1423 3116 τῶν
1483 3059 1808 3135 εἰρημένων·
1863 3059 2048 3130 Ἐξουο

390 3151 506 3205 σίαν
541 3149 656 3226 ἔχω
686 3154 856 3206 θεῖναι
895 3153 996 3221 τήν
1055 3154 1242 3227 ψυχήν
1301 3173 1430 3225 μου,
1488 3149 1575 3206 καὶ
1636 3145 1878 3222 ἐξουσίαν
1929 3145 2045 3222 ἔχω

390 3238 554 3294 πάλιν
588 3235 776 3295 λαϐεῖν
809 3239 1001 3311 αὐτήν.

463 3330 582 3385 ΚΘ“.
617 3326 777 3386 Ἀλλ’
836 3329 864 3384 ὁ
927 3329 1022 3401 μέν
1081 3326 1246 3384 ταῦτα
1305 3327 1612 3401 ὑπέμεινεν,
1661 3323 1748 3380 ἐπὶ
1803 3320 2047 3397 σωτηρίᾳ

382 3415 564 3472 ’ἐλθὼν
620 3429 860 3474 πάντωνο
891 3419 918 3472 6
950 3415 1007 3472 δὲ
1055 3416 1188 3480 λαὸς
1239 3417 1408 3486 κακὴν
1459 3414 1800 3490 ἀντιμισθίαν
1855 3408 2045 3467 ἀπεδί-

394 3503 510 3564 δου.
567 3508 718 3582 Λέγει
752 3507 780 3560 6
817 3507 1054 3577 Ἰησοῦς,
1109 3509 1284 3580 Διψῶ,
1343 3507 1370 3560 6
1425 3502 1701 3580 ἐξαγαγὼν
1755 3502 1940 3562 αὐτοῖς
1994 3498 2043 3572 ἐξ

394 3596 705 3673 ἆκροτόμου
733 3595 799 3652 τὰ
831 3593 998 3652 ὕδατα
1026 3595 1245 3671 πέτρας·
1305 3594 1395 3650 καὶ
1449 3592 1573 3670 ᾔτει
1621 3593 1722 3662 τήν
1775 3588 2042 3664 ἄμπελον,

393 3685 430 3756 ἤ
469 3686 740 3764 ἐφύτευσε,
794 3686 921 3749 τοὺς
977 3684 1240 3761 καρπούς.
1300 3683 1480 3742 Ἀλλὰ
1534 3684 1588 3738 τι
1648 3685 1683 3752 ἡ
1745 3679 2044 3753 ἅμπελοςξ

393 3775 457 3832 Ἦ
488 3776 625 3830 κατὰ
670 3777 826 3853 φύσιν
860 3776 953 3850 μὲν
1021 3775 1074 3846 ἐξ
1131 3773 1296 3850 ἁγίων
1346 3775 1618 3848 πατέρων,
1679 3770 1815 3826 κατᾶ
1861 3767 2052 3843 προαί-

395 3884 538 3939 ρεσιν
601 3863 658 3919 δὲ
709 3864 768 3920 έκ
827 3862 1089 3938 Σοδόμων
1150 3865 1236 3935 (Ἦ
1292 3863 1393 3940 γὰρ
1449 3859 1699 3936 ἃμπελος
1758 3857 1933 3913 αὐτῶν
1989 3855 2050 3912 ἐκ

392 3950 660 4026 Σοδόμων
719 3955 819 4027 (4),
878 3953 969 4008 καὶ
1027 3956 1062 4023 ἡ
1121 3951 1400 4026 κληματὶς
1461 3951 1636 4006 αὐτῶν
1697 3947 1757 4004 έκ
1834 3943 2048 4022 Γομόρο

390 4042 530 4120 ῥας),
566 4041 792 4118 διψῶντι
824 4047 904 4116 τῷ
953 4042 1152 4118 Κυρίῳ,
1205 4042 1428 4118 σπόγγῳ
1479 4040 1776 4110 πλησθέντι
1817 4034 1905 4091 καὶ
1952 4054 2046 4089 πε.

391 4133 589 4207 ριθέντι
642 4131 904 4206 καλάμῳ,
955 4132 1316 4206 προσκομίζει
1357 4132 1422 4186 τὸ
1473 4126 1621 4200 ὄζος·
1675 4128 1779 4184 Καὶ
1841 4122 2046 4180 ἔδωκαν

454 4251 499 4294 ²τ
531 4251 684 4306 Psal.
716 4269 831 4319 xxi,
867 4255 952 4306 19.
1031 4251 1074 4284 ⁸⁸
1107 4251 1307 4307 Matth.
1339 4267 1511 4318 xxvn,
1544 4251 1630 4303 28.
1708 4247 1754 4282 ’9
1785 4247 1896 4301 Isa.
1928 4257 2045 4319 LXII

2162 4278 2173 4291 .
2209 4227 2469 4319 “’o‘ibid.

1011 4320 1056 4356 3‘
1087 4325 1252 4378 Rom.
1287 4339 1338 4384 v,
1383 4325 1468 4386 l2,
1499 4314 1567 4374 ’17
1597 4337 1612 4385 ;
1643 4321 1666 4373 Ι
1696 4321 1823 4374 Cor.
1872 4333 1964 4383 xv,
2016 4314 2107 4366 2i.

381 4320 428 4357 ⁸³
459 4323 612 4377 Psal.
646 4341 822 4381 xxxu.
855 4326 906 4377 6.

391 4392 440 4427 ³⁸
466 4395 680 4449 Jerem.
721 4412 778 4461 ιι,
809 4397 872 4448 21
905 4413 919 4462 ;
950 4395 1062 4449 Isa.
1099 4411 1151 4463 v,
1183 4397 1234 4447 2.
1313 4392 1362 4426 3°
1392 4394 1560 4448 Deut.
1592 4407 1769 4458 xxxn,
1801 4390 1892 4444 32.

2079 1833 2127 1898 B

2157 557 2254 626 gni
2286 557 2582 612 habentur
2624 561 2690 611 ut
2727 557 2987 627 psallant
3024 558 3083 612 in
3113 559 3221 613 hoc
3257 568 3460 617 sancto
3493 565 3802 637 Golgotha,

2159 652 2216 701 et
2247 647 2481 703 dicant:
2519 670 2544 698 «
2581 649 2786 703 Partiti
2821 654 2959 703 sunt
3005 650 3353 706 vestimenta
3381 670 3513 708 mea
3557 655 3692 724 sibi,
3749 662 3809 711 et

2159 754 2337 808 super
2363 743 2584 793 vestem
2619 755 2808 794 meam
2840 738 3220 810 projecerunt
3251 747 3469 796 sortem
3493 744 3537 776 ³⁷
3563 767 3590 793 ››
3615 762 3633 798 :
3679 764 3806 802 sors

2158 832 2355 882 autem
2389 829 2510 896 illa,
2545 827 2802 883 militum
2839 828 3068 882 sortitio
3101 827 3228 882 fuit.

2228 916 2438 973 XXVII.
2470 920 2721 973 Rursum
2755 934 2888 972 cum
2921 933 2955 972 a
2982 917 3171 972 Pilato
3194 918 3586 990 judicaretur,
3611 922 3806 978 rubris

2157 1006 2408 1062 amictus
2436 1012 2558 1062 erat
2585 1023 2598 1060 :
2623 1007 2702 1060 ibi
2735 1007 2892 1061 enim
2925 1007 3298 1078 chlamydem
3329 1009 3663 1064 coccineam
3689 1012 3804 1066 cir-

2158 1111 2290 1150 cum
2322 1102 2653 1167 posuerunt
2683 1095 2735 1150 ei
2767 1094 2815 1129 93
2847 1111 2860 1150 :
2889 1095 3117 1150 illudne
3149 1097 3324 1150 etiam
3359 1097 3642 1168 scriptum
3671 1100 3809 1155 est?

2156 1185 2308 1240 Dicit
2331 1185 2514 1240 Isaias
2541 1201 2552 1238 :
2575 1209 2598 1233 ‹‹
2628 1185 2767 1250 Quis
2787 1190 2877 1239 est
2907 1184 3000 1238 hic
3021 1185 3117 1255 qui
3140 1185 3377 1239 advenit
3405 1186 3476 1240 de
3500 1187 3807 1244 Edom?ru-

2155 1273 2306 1329 bedo
2335 1275 2822 1328 vestimentorum
2855 1273 2982 1344 ejus
3004 1289 3073 1327 ex
3107 1275 3288 1328 Bosor
3315 1275 3360 1309 ³³
3382 1297 3410 1323 ››
3435 1293 3447 1329 :
3486 1278 3645 1342 (Quis
3672 1277 3806 1347 iste,

2158 1363 2257 1434 qui
2281 1380 2386 1435 per
2410 1363 2798 1436 ignominiam
2827 1363 3122 1418 coccineis
3136 1363 3429 1419 amititur?
3445 1365 3627 1420 Bosor
3647 1367 3805 1422 enim

2157 1453 2312 1524 apud
2345 1453 2620 1509 Hebraeos
2641 1453 2756 1507 tale
2781 1451 3085 1523 quidpiam
3118 1459 3289 1508 sonat
3311 1454 3350 1525 ;)
3381 1475 3402 1502 α
3423 1472 3606 1526 quare
3623 1456 3804 1513 rubra

2159 1548 2298 1598 sunt
2325 1543 2673 1598 vestimenta
2707 1547 2826 1609 tua,
2855 1547 2914 1597 et
2944 1541 3294 1597 indumenta
3321 1549 3418 1598 tua
3447 1544 3597 1599 sicut
3619 1562 3652 1600 a
3683 1546 3803 1601 cal-

2159 1636 2288 1687 cato
2321 1632 2600 1688 torculari
2632 1630 2682 1666 ³ο
2713 1655 2740 1680 ››
2765 1631 2792 1686 ?
2821 1631 2926 1685 Ille
2951 1635 3149 1685 autem
3184 1631 3504 1702 respondet
3530 1639 3589 1686 et
3618 1633 3762 1688 dicit
3788 1651 3800 1688 :

2159 1725 2188 1753 «
2220 1706 2362 1759 Tota
2390 1704 2485 1759 die
2516 1703 2770 1775 expandi
2800 1719 3014 1757 manus
3047 1719 3209 1757 meas
3239 1701 3312 1757 ad
3356 1704 3642 1775 populum
3680 1706 3803 1760 ino-

2161 1815 2185 1846 α
2219 1795 2557 1850 bedientem
2588 1800 2643 1849 et
2675 1793 3180 1849 contradicentem
3208 1794 3252 1828 ³1
3289 1815 3340 1849 ››.

2230 1885 2479 1939 XXVIII.
2512 1882 2810 1955 Expandit
2856 1882 2916 1937 in
2957 1897 3129 1936 cruce
3173 1899 3408 1951 manus,
3441 1889 3506 1939 ut
3535 1901 3806 1957 compre-

2159 1975 2450 2030 henderet
2477 1975 2638 2029 orbis
2671 1974 2820 2028 ﬁnes
2845 1989 2858 2039 ;
2885 1971 3117 2026 medius
3139 1972 3298 2026 enim
3323 1978 3494 2028 terrai
3527 1975 3692 2030 locus
3719 1979 3809 2029 est

2159 2064 2255 2120 hic
2281 2065 2617 2138 Golgothas.
2653 2065 2780 2119 Non
2809 2078 2974 2117 meus
3005 2060 3100 2114 hic
3131 2077 3324 2115 sermo
3356 2070 3481 2128 est;
3515 2066 3810 2136 PrOpheta

2161 2159 2250 2208 est
2267 2153 2365 2224 qui
2381 2153 2463 2208 ait
2487 2170 2500 2207 :
2521 2177 2546 2201 ‹‹
2565 2154 2853 2224 Operatus
2867 2167 2930 2205 es
2943 2148 3196 2204 salutem
3212 2149 3272 2203 in
3286 2152 3481 2206 medio
3501 2160 3672 2208 terra:
3691 2154 3738 2189 ³³
3756 2176 3806 2208 ››.

2159 2242 2438 2297 Extendit
2466 2243 2759 2297 humanas
2791 2255 3023 2303 manus,
3053 2238 3155 2307 qui
3187 2239 3311 2294 suis
3343 2239 3483 2307 illis,
3505 2258 3652 2312 quas
3685 2241 3812 2297 sola

2159 2349 2330 2388 mens
2362 2331 2721 2403 assequitur,
2751 2330 3030 2385 manibus
3081 2329 3340 2385 ﬁrmavit
3392 2330 3606 2386 caelum
3637 2331 3680 2366 ⁸³
3715 2347 3728 2385 :
3758 2337 3817 2386 et

2159 2421 2338 2477 clavis
2369 2420 2617 2475 conﬁxus
2651 2424 2809 2484 sunt,
2841 2419 3104 2475 utafﬁxa
3135 2419 3292 2492 ligno
3325 2424 3384 2473 et
3413 2426 3806 2491 mortua,quaa

2157 2510 2468 2565 hominum
2486 2513 2729 2580 peccata
2757 2508 3032 2579 portabat
3057 2509 3449 2575 humanitate,
3475 2525 3594 2564 una
3613 2525 3810 2564 more-

2156 2603 2324 2654 retur
2352 2602 2659 2670 peccatum
2685 2614 2698 2663 ;
2731 2613 2841 2652 nos
2870 2603 3067 2652 autem
3102 2597 3162 2652 in
3185 2597 3422 2668 justitia
3463 2614 3800 2670 resurgere-

2161 2705 2316 2745 mus.
2350 2685 2841 2757 Quandoquidem
2899 2687 3060 2742 enim
3120 2703 3226 2758 per
3271 2703 3458 2742 unum
3503 2687 3808 2743 hominem

2160 2793 2346 2842 mors,
2396 2793 2502 2848 per
2557 2791 2746 2831 unum
2802 2791 3040 2846 quoque
3091 2776 3396 2831 hominem
3427 2777 3544 2830 vita
3575 2774 3656 2832 ³⁴ε
3710 2793 3818 2847 per

2162 2882 2349 2920 unum
2381 2865 2706 2931 hominem,
2740 2864 3102 2918 Salvatorem
3134 2864 3430 2929 videlicet,
3464 2882 3571 2920 sua
3602 2871 3812 2936 sponte

2155 2960 2413 3010 mortem
2447 2953 2824 3009 subeuntem.
2859 2952 3206 3008 Recorderis
3247 2953 3407 3007 enim
3435 2970 3644 3009 eorum
3677 2970 3810 3024 quae

2155 3043 2314 3098 dicta
2357 3046 2496 3096 sunt
2521 3040 2602 3094 35:
2657 3063 2684 3089 α
2719 3042 3079 3096 Potestatem
3127 3040 3316 3096 habeo
3363 3042 3623 3114 ponendi
3673 3043 3802 3098 ani-

2156 3148 2316 3187 mam
2345 3146 2562 3197 meam,
2595 3134 2654 3184 et
2680 3133 3036 3201 potestatem
3069 3129 3256 3184 habeo
3286 3147 3496 3186 rursus
3518 3131 3793 3187 sumendi

2078 3205 2121 3272 C
2161 3236 2292 3276 eam
2323 3219 2367 3255 ³⁸
2400 3241 2450 3271 ››.

2227 3309 2428 3365 XXIX.
2464 3310 2537 3362 At
2579 3307 2682 3362 ille
2715 3306 2956 3377 quidem
3012 3307 3138 3363 haac
3194 3309 3498 3376 sustinuit,
3531 3326 3667 3365 cum
3725 3309 3801 3366 ad

2156 3399 2411 3455 salutem
2441 3397 2709 3452 omnium
2738 3396 3279 3468 venissetzpopulus
3301 3415 3437 3454 vero
3469 3399 3689 3454 malam
3709 3399 3798 3453 illi

2154 3487 2702 3544 remunerationem
2733 3485 3025 3556 rependit.
3064 3486 3215 3541 Dicit
3235 3488 3404 3542 Jesus
3438 3505 3451 3542 :
3487 3488 3626 3544 Sitio
3656 3488 3722 3557 ³⁷,
3752 3489 3804 3543 is

2157 3579 2260 3650 qui
2293 3595 2362 3634 ex
2391 3575 2666 3649 praedura
2694 3591 2842 3645 rupe
2871 3574 2991 3629 illis
3022 3575 3222 3630 eduxit
3247 3582 3516 3648 aquaszet
3545 3577 3810 3650 reposcit

2155 3667 2383 3724 fructus
2421 3683 2456 3722 a
2482 3665 2656 3719 vinea
2683 3679 2861 3734 quam
2893 3663 3184 3735 plantavit
3211 3663 3276 3719 ⁸⁸.
3321 3667 3534 3721 Verum
3565 3667 3706 3738 quid
3728 3667 3806 3721 vi-

2115 3753 2120 3784 ⁵
2157 3773 2271 3813 nea
2293 3756 2321 3811 ‘I
2350 3756 2505 3822 Hinc,
2531 3751 2856 3808 secundum
2888 3757 3162 3808 naturam
3193 3754 3433 3824 quidem
3468 3771 3537 3809 ex
3586 3756 3807 3810 sanctis

2157 3845 2445 3920 patribus,
2481 3841 2807 3898 secundum
2838 3846 3038 3896 autem
3069 3841 3255 3896 animi
3288 3843 3698 3898 inductionem
3737 3860 3810 3899 ex

2157 3934 2449 3996 Sodomis,
2479 3933 2683 4003 (Vinea
2713 3931 2871 3986 enim
2905 3931 3125 3986 illorum
3157 3949 3225 3986 ea:
3267 3933 3533 3999 Sodomis,
3584 3939 3634 3987 et
3675 3934 3804 4002 pal-

2157 4041 2265 4082 mes
2294 4039 2480 4079 eorum
2511 4021 2658 4075 197
2696 4036 2764 4073 ea:
2793 4020 3096 4074 Gomorrha
3124 4017 3170 4054 3°
3197 4026 3232 4086 ;)
3275 4020 3501 4075 sitienti
3533 4022 3806 4089 Domino,

2161 4113 2420 4188 spongiae
2445 4109 2706 4181 impletaa
2729 4113 2789 4162 et
2809 4107 3086 4162 arundini
3110 4109 3544 4180 circumposita;
3561 4109 3811 4165 admini-

2651 4223 2695 4259 ³¹
2731 4225 2843 4279 Isa.
2876 4241 3006 4291 va,
3038 4227 3090 4278 2.

2660 4297 2704 4332 ³⁸
2756 4296 2922 4350 Joan.
2973 4313 3030 4366 ι,
3085 4297 3166 4352 l8.

3195 4223 3243 4259 39
3279 4225 3429 4280 Psal.
3471 4242 3666 4294 Lxxm,
3701 4228 3793 4280 12.

2209 4305 2254 4340 ³⁸
2299 4303 2468 4357 Num.
2502 4300 2556 4352 6.
2660 4297 2704 4332 ³⁸
2756 4297 2922 4350 Joan.
2973 4313 3030 4366 x,
3085 4297 3166 4352 l8.
3271 4297 3314 4332 ³⁷
3343 4297 3510 4352 Joan.
3541 4314 3659 4367 xix,
3691 4300 3783 4353 28.

387 4537 628 4593 additur
656 4535 706 4592 ἐν
738 4539 796 4608 ᾗ,
827 4541 885 4593 in
916 4556 1046 4608 qua.
1072 4541 1172 4594 His
1195 4537 1471 4593 omnibus
1495 4533 1862 4608 prmtulimus
1875 4529 2040 4608 Regii
2070 4531 2118 4597 D
2148 4509 2970 4608 Ρξίρᾳξ-ξρκξῇἓξῼξξξξξἮ,
2992 4511 3800 4608 ῗζρὶιῒορὲςοιῢ.ἒῌεξ.,ξοο

389 4610 612 4666 codicis
656 4604 1000 4676 lectionem,
1032 4627 1210 4682 quam
1259 4604 1512 4682 secutus
1550 4613 1640 4682 est
1696 4604 2035 4682 Grodecius.

389 4682 580 4746 Quaeri
615 4687 810 4753 potest
838 4675 1015 4754 quam
1041 4675 1377 4754 azymorum
1401 4680 1558 4735 diem
1581 4675 2041 4754 dicat;_a_n_diem

391 4748 665 4823 quartam
689 4748 980 4830 decimam
1009 4756 1068 4809 in
1093 4748 1209 4830 qua
1239 4753 1312 4808 ad
1332 4767 1639 4830 vesperam
1663 4748 2044 4830 occidebatur

391 4821 580 4892 agnus
611 4827 927 4896 paschalis.
962 4842 1038 4881 an
1070 4821 1339 4896 quintam
1391 4821 1682 4880 decimam
1717 4839 1846 4893 quae
1878 4821 2039 4896 festi:

390 4897 586 4951 vitatis
613 4891 1060 4952 solemnissima
1089 4891 1235 4952 'dies
1277 4902 1402 4951 erat
1445 4897 1628 4954 tLevit.
1678 4891 1837 4959 xxiii,
1873 4895 1944 4964 6).
1981 4891 2039 4946 Si

389 4968 669 5093 primum,
698 4969 964 5025 Christus
992 4975 1095 5025 aut
1123 4969 1341 5040 pascha
1369 4967 1675 5022 Iudaicum
1709 4983 1826 5022 non
1885 4965 2037 5021 cele-

433 5041 581 5093 ravit
607 5065 619 5093 ι
648 5046 749 5093 aut
778 5058 897 5093 non
931 5041 1138 5093 eodem
1170 5041 1263 5093 die
1295 5056 1410 5093 quo
1456 5038 1662 5093 Judaai.
1707 5039 2037 5093 Secundam

433 5041 581 5094 ravit
607 5065 619 5101 ς
648 5046 749 5095 aut
778 5058 897 5096 non
931 5038 1138 5096 eodem
1170 5041 1263 5095 die
1295 5056 1410 5110 quo
1456 5038 1662 5094 Judaei.
1707 5039 2038 5110 Secundam

390 5128 528 5166 vero
561 5113 656 5166 hic
685 5113 1005 5185 signiﬁcari
1039 5112 1244 5185 colligi
1268 5109 1462 5182 potest
1493 5127 1560 5164 ex
1592 5109 1875 5185 eo,_quod
1923 5115 2036 5164 cat.

389 5186 476 5255 14,
507 5200 564 5238 n.
598 5186 686 5244 22.
720 5181 954 5240 noctem
979 5202 1095 5255 qua
1116 5181 1397 5255 Christus
1413 5181 1748 5255 resurrexit
1767 5185 2040 5255 numeret

388 5254 680 5311 decimam
705 5263 952 5312 sextam.
985 5252 1168 5323 Igitur
1184 5271 1300 5310 nox
1322 5270 1356 5308 a
1374 5253 1522 5307 feria
1543 5257 1706 5307 sexta
1737 5252 1797 5306 in
1820 5252 2035 5308 Sabba-

388 5331 514 5381 tum
539 5333 665 5382 erat
693 5329 926 5383 decima
954 5329 1181 5391 quinta,
1213 5332 1271 5380 et
1302 5324 1426 5379 dies
1465 5323 1888 5391 cruciﬁxionis,
1910 5324 2037 5378 dies

388 5345 514 5381 tum
539 5345 665 5382 erat
693 5345 926 5383 (1861ωᾶ
999 5345 1181 5391 mnta,
1213 5345 1271 5380 ει
1302 5345 1426 5379 (118$
1465 5345 1888 5391 CI‘UCIIIXIOIIIS,
1910 5345 2036 5378 (1165

387 5398 620 5470 decima
651 5400 860 5470 quinta
899 5345 1360 5454 sdlemnissima.
1394 5398 1480 5451 Ita
1523 5395 1764 5465 quidem
1811 5395 1859 5450 si
1909 5394 2036 5451 dies

387 5469 555 5542 prius
582 5469 760 5542 quam
793 5488 909 5526 nox
939 5476 1306 5542 numeretur.

459 5541 534 5616 (1)
570 5534 816 5616 Γόλγοθᾶ
836 5540 1056 5616 τούτῳ.
1091 5543 1433 5616 Pronomen
1479 5556 1542 5616 το
1555 5534 1980 5616 ύτῳβάιξὶιωρ
2007 5554 2042 5594 8.

389 5607 664 5695 nobis-ex
693 5607 897 5695 Cpisl.,
928 5607 1461 5695 Ecgﬁglbqrﬂoe,
1493 5607 1766 5695 Casaub.,
1798 5609 1971 5695 grod.

461 5684 537 5756 (2)
563 5685 660 5748 Τίς
693 5679 889 5746 οὗτος.
931 5679 1108 5754 Εάἶῐί,
1140 5685 1239 5749 Τίς
1268 5683 1358 5738 οὖν
1399 5681 1558 5744 οὗτος
1589 5681 1720 5739 loco
1762 5679 1852 5736 οὖν
1899 5680 2036 5739 θοι-ί.
2117 5689 2123 5694 ⁷

2152 4581 2210 4648 et
2238 4581 2485 4644 Casaub.
2518 4581 2772 4656 Inferius
2789 4581 3166 4656 codd._Coisl.
3196 4589 3254 4638 et
3276 4585 3440 4656 Reg,
3488 4581 3655 4656 Βοσόρ
3700 4601 3797 4656 ge-

2151 4661 2310 4720 neris
2339 4653 2936 4729 mascplinifaciunt,
2965 4653 3192 4729 habent
3219 4653 3388 4720 enim'
3410 4655 3438 4708 6
3467 4656 3569 4729 γὰρ
3604 4653 3796 4729 Βοσόρ.

2151 4737 2332 4790 Bosor
2360 4726 2615 4800 Cyrillus
2645 4724 2786 4800 dum
2843 4725 3254 4800 confusionem
3287 4733 3345 4781 et
3373 4724 3802 4800 contumeliam

2151 4796 2502 4878 signiﬁcare
2517 4798 2619 4878 ait,
2653 4796 2882 4851 derivat
2894 4796 2997 4878 ‘abﬁ
3008 4797 3448 4878 “Hebraaonxgu:
3482 4801 3582 4878 Εξι⁸
3595 4799 3799 4878 Hiero:

2149 4867 2328 4949 nimo
2359 4872 2528 4949 epist.
2684 4885 2815 4949 nov.
2843 4867 2934 4922 ed.
3092 4885 3260 4949 num.
3281 4873 3370 4949 5_7:
3392 4870 3802 4949 signiﬁcataut

2150 4940 2298 5014 caro,
2330 4940 2432 4998 au‘t
2459 4944 2518 4995 in
2551 4940 2930 5014 tribulatione.
2975 4942 3049 4993 At
3106 4940 3166 4994 in
3217 4940 3470 5014 Hebraeo
3508 4948 3598 4998 est
3641 4953 3797 5006 my:

2149 5011 2316 5091 quod,
2337 5014 2696 5091 munitionem
2720 5011 3035 5082 signiﬁcat,
3069 5017 3172 5066 aut
3199 5013 3556 5083 vindemiam,
3606 5020 3710 5070 aut
3737 5016 3797 5068 in

2149 5088 2524 5147 tribulatione.

2220 5161 2297 5233 (3)
2323 5153 2616 5233 Εἰργάσωη
2636 5161 2892 5221 operatus
2919 5170 2991 5211 cs.
3026 5154 3192 5210 Colb.
3237 5161 3294 5211 et
3315 5155 3496 5233 _Grod.
3552 5156 3706 5233 sicut
3735 5155 3798 5211 in

2146 5222 2778 5297 Psalmis','eipvaioato,
2833 5233 3090 5294 Operatus
3144 5234 3243 5283 est.
3305 5229 3648 5284 Communis
3705 5234 3796 5283 est

2147 5303 2416 5360 omnium
2449 5296 2576 5351 fere
2603 5296 2842 5368 Patrum
2874 5297 3000 5352 haac
3029 5298 3230 5368 opinio
3263 5299 3333 5354 de
3365 5301 3641 5356 Calvariaa
3665 5299 3792 5354 loco

2146 5377 2326 5434 totius
2359 5368 2518 5426 orbis
2548 5366 2765 5434 medio,
2799 5368 2976 5438 hujus
3007 5366 3281 5425 versiculi
3311 5372 3659 5428 auctoritate
3718 5371 3791 5425 ab

2147 5449 2232 5505 eis
2263 5443 2637 5502 conﬁrmata.

2218 5521 2290 5592 (4)
2321 5505 2734 5592 Ἐκ-Σορόμων.
2769 5505 3017 5592 LXX,
3050 5506 3302 5592 ᾇμπέλου
3334 5506 3623 5592 Σοδόμων.
3660 5511 3796 5564 Hinc

2145 5581 2380 5666 quoque
2411 5581 2664 5641 Ruﬁnus
2694 5595 2765 5636 ex
2798 5581 3017 5654 Cyrillo
3053 5583 3448 5654 transcripsit.
