4118 6264
230 260 347 324 809

837 247 1314 314 CATECUESIS
1356 247 1519 310 XIII.
1566 248 1667 309 DE
1710 247 2046 310 CHRISTO
2091 249 2514 314 CRUCIFIXO
2556 254 2654 314 E'l‘
2701 252 3081 315 SEPULTO.

3526 254 3652 315 810

234 395 479 452 θάνατον·
520 386 789 463 μνήσθητί
824 404 932 458 μου
983 385 1080 438 τοῦ
1113 385 1210 436 σοῦ
1266 375 1683 468 συνοδοιπόρου,
1727 376 1887 468 Ἀλλ’

2024 387 2081 438 et
2105 400 2117 438 :
2140 383 2248 439 viae
2283 385 2387 440 tibi
2409 385 2483 442 ad
2504 391 2758 441 mortem
2780 386 2974 441 socius
3006 385 3222 442 exsisto
3249 402 3261 439 :
3295 388 3656 446 memineris

237 484 302 541 οὗ
337 484 506 557 λέγω.
558 480 668 536 Νὖν
731 471 1003 549 μνήσθητί
1064 491 1192 545 μου,
1251 467 1400 538 ἀλλ’,
1459 468 1583 524 ὅταν
1645 463 1808 542 ἔλθῃς
1837 467 1890 524 ἐν

238 577 308 648 τῇ
343 567 598 645 βασιλείᾳ
625 588 738 622 σου.

238 664 368 722 AA'.
407 659 545 716 Ποία
592 679 649 714 σε
699 654 1104 730 ἐφωταγώγησε
1161 649 1413 724 δύναμις,
1473 671 1517 704 ω
1567 649 1735 719 λῃστα
1769 648 1894 718 ςτίς

243 775 301 810 σε
360 747 570 820 ἐδίδαξε
619 751 995 820 προσγυνῆσαι
1049 743 1141 798 τὸν
1213 739 1721 818 καταῳρονούμενον
1801 737 1893 793 καὶ

245 838 800 914 συνεσταυρωμένονς
844 832 888 889 ὣ
945 834 1126 908 φωτὸς
1182 828 1386 901 ἀϊδίου,
1445 833 1892 908 φωτοποιοῦντος

239 932 371 994 τοὺς
397 925 860 998 ἐσκοτισμὲνουςῑ
922 923 1016 978 Διὸ
1074 923 1162 977 καὶ
1223 918 1450 982 δικαίως
1497 916 1718 989 ἤκουσε·
1753 921 1892 994 Θάρ-

246 1041 326 1078 σει
359 1025 459 1088 (1)*
495 1017 605 1092 οὐχ
632 1017 716 1071 ὅτι
746 1014 814 1069 τά
843 1012 1140 1088 πράγματά
1192 1032 1287 1066 σου
1340 1014 1438 1066 τοῦ
1493 1012 1706 1085 θαρσεῖν
1750 1008 1892 1079 αξια,

244 1109 372 1168 ἀλλ’
406 1107 489 1164 ὅτι
526 1104 784 1182 βασιλεὺς
837 1104 1064 1178 πάρεστι
1114 1100 1500 1177 χαριζόμενος.
1561 1097 1894 1174 Μακροχρό-

240 1202 355 1262 νιὸς
390 1201 487 1273 μὲν
517 1199 554 1267 ἡ
585 1192 826 1266 αἴτησις,
858 1189 1085 1267 ὀξυτάτη
1119 1189 1176 1246 δὲ
1205 1193 1239 1261 ἡ
1275 1191 1459 1266 χάρις·
1518 1189 1700 1262 Ἀμὴν
1746 1187 1895 1262 λέγω

243 1311 355 1362 σοι,
416 1289 653 1363 σήμερον
745 1285 863 1358 μετ’
941 1281 1078 1355 ἐμοῦ
1154 1279 1248 1356 ἔσῃ
1317 1279 1368 1336 ἐν
1425 1283 1504 1352 τῷ
1559 1276 1892 1354 παραδείσῳο

240 1375 435 1447 ἐπειδὴ
469 1379 712 1452 σήμερον
760 1379 861 1444 τῆς
921 1374 1108 1452 φωνῆς
1171 1391 1275 1445 μου
1330 1367 1592 1440 ἤκουσας,
1647 1368 1738 1423 καὶ
1798 1367 1898 1422 οὐκ

245 1465 582 1540 ἐσκλήρυνάς
639 1485 736 1520 σου
808 1463 910 1532 τὴν
995 1459 1240 1537 καρδίαν.
1302 1459 1556 1531 Ὀξῦτατα
1609 1459 1747 1514 κατὰ
1800 1459 1896 1512 τοῦ

244 1556 430 1631 Ἀδάμ
461 1554 848 1633 ἀπεφηνάμην,
887 1551 1115 1623 ὀξυότατά
1165 1571 1252 1605 σοι
1311 1547 1637 1625 χαρίζομαι.
1670 1546 1897 1620 Ἐκείνῳ

249 1650 344 1724 μὲν
381 1647 614 1723 εἴρηται·
648 1646 717 1714 ᾝ
749 1642 796 1698 δ’
853 1641 914 1696 ἄν
963 1641 1147 1716 ἠμέρᾳ
1202 1641 1429 1719 φάγητε,
1490 1640 1703 1712 θανάτῳ
1761 1635 1896 1692 ἀπο-

246 1742 514 1804 θανεῖσθεο
547 1733 610 1791 σὺ
644 1731 701 1789 δὲ
762 1734 1004 1807 σήμερον
1055 1730 1370 1802 ὑπήκουσας
1543 1728 1746 1800 πίστει,
1793 1729 1898 1798 σή-

247 1827 412 1905 μερόν
471 1827 622 1895 σοιή
655 1821 920 1893 σωτηρία.
981 1822 1220 1882 Ἐκεῖνος
1277 1817 1366 1875 διὰ
1416 1820 1510 1875 τοῦ
1567 1818 1732 1892 ξύλου
1793 1818 1899 1873 ἀπ-

244 1920 423 1986 ἐπεσε,
453 1914 545 1972 καὶ
578 1913 642 1969 σὺ
673 1910 763 1969 διὰ
791 1916 888 1968 τοῦ
919 1908 1084 1984 ξύλου
1115 1908 1308 1986 εἰσάγῃ
1356 1909 1434 1971 εἰς
1487 1909 1579 1964 τὸν
1636 1906 1898 1986 παράδειο

243 2029 360 2066 σον.
397 2007 489 2076 Μὴ
522 1998 769 2082 φοϐηθῇς
795 2003 886 2056 τὸν
943 1995 1086 2079 ὄφιν·
1151 1998 1250 2054 οὐκ
1299 1993 1518 2054 ἐκϐαλεῖ
1545 2002 1621 2072 (2)
1679 2016 1756 2052 σε’
1792 1998 1898 2052 πε-

246 2116 434 2153 πτωκε
482 2095 586 2171 γάρ
618 2093 668 2166 ἐξ
702 2092 974 2167 οὐρανῶν.
1031 2088 1136 2145 Καὶ
1195 2087 1262 2143 οὐ
1293 2087 1442 2164 λέγω
1474 2108 1582 2154 σοι,
1644 2089 1897 2163 Σήμερον

247 2187 484 2262 ἀπερχῃ·
520 2180 687 2252 ἀλλὰ,
748 2182 990 2254 σήμερον
1045 2179 1160 2248 μετ’
1219 2177 1356 2251 ἐμοῦ
1414 2174 1533 2254 ἔσῃ.
1593 2179 1902 2252 Θάρσησον,

248 2277 351 2333 οὐκ.
383 2269 720 2346 ἐκϐληθήσῃ.
756 2271 846 2338 Μὴ
880 2264 1132 2348 φοϐηθῇς
1163 2269 1260 2337 τὴν
1295 2266 1562 2346 φλογίνην
1605 2267 1899 2346 ῥομφαίαν·

246 2363 578 2421 δυσωπεῖται
607 2362 700 2418 τὸν
746 2361 1045 2431 Δεσπότην.
1101 2361 1166 2414 ’Ώ
1200 2358 1443 2435 μεγάλης
1499 2358 1589 2414 καὶ
1649 2355 1902 2430 ἀνεκδιη-

252 2457 430 2532 γήτου
460 2454 690 2530 χάριτος
723 2453 735 2508 1
770 2447 925 2506 οὔπω
958 2444 1212 2525 Ἀϐραάμ
1242 2449 1269 2504 6
1301 2449 1490 2509 πιστὸς
1539 2445 1783 2518 εἰσῆλθε,
1813 2450 1903 2503 καὶ

255 2547 286 2601 ὁ
318 2543 528 2618 λῃστὴς
561 2541 882 2617 εἰσέρχεται’
917 2538 1071 2594 οῧπω
1101 2541 1308 2606 Μωσῆς
1337 2537 1429 2592 καὶ
1489 2539 1544 2592 οἱ
1599 2545 1903 2614 προφῆται,

249 2633 345 2690 καὶ
379 2633 408 2687 6
439 2629 641 2706 λῃστὴς
690 2634 1004 2704 παράνομος
1058 2627 1385 2703 εἰσέρχεται.
1447 2625 1755 2700 Ἐθαῦμασε
1813 2627 1905 2682 καὶ

253 2722 366 2798 πρὸ
416 2724 512 2775 σοῦ
570 2720 598 2775 6
652 2718 872 2782 Παῦλος
907 2763 922 2789 ,
988 2717 1177 2773 εἰπών·
1263 2718 1439 2775 Ὅπου
1501 2715 1816 2773 ἐπλεόνασεν
1868 2719 1904 2788 ἡ

249 2809 540 2885 ἁμαρτία,
629 2807 1134 2884 ὑπερεπερίσσευσεν
1211 2807 1247 2876 ἡ
1333 2805 1518 2881 χάρις.
1581 2806 1643 2860 Οἱ
1708 2807 1907 2880 βαστά-

255 2920 444 2962 σαντες
472 2901 566 2955 τὸν
607 2901 876 2966 καοὶσωνα,
927 2895 1101 2966 οῧπω,
1152 2895 1432 2964 εἰσῆλθον·
1464 2894 1554 2951 καὶ
1587 2896 1614 2950 6
1649 2895 1772 2970 περὶ
1804 2897 1904 2964 τὴν

253 2988 548 3060 ἑνδεκάτην
601 2987 770 3063 ὥραν,
831 2985 1074 3054 εἰσῆλθε.
1137 2983 1345 3056 Μηδεὶς
1400 2984 1714 3061 γογγυζέπω
1771 2985 1910 3040 κατὰ

252 3084 352 3136 τοῦ
400 3075 816 3148 οἰκοδεσπότου,
872 3075 989 3132 ἐπεί
1037 3091 1222 3150 φησιν’
1284 3077 1520 3149 Ἑταῖρε,
1579 3075 1683 3130 οὐκ
1736 3071 1909 3130 ἀδικῶ

259 3191 336 3225 σε.
400 3168 518 3228 Οὖκ
573 3164 690 3243 ἔχω
746 3165 985 3237 ἐξουσίαν
1022 3208 1038 3234 ,

262 3259 592 3335 βούλομαις
645 3257 800 3313 Θὲλει
859 3253 1316 3333 δικαιοπραγῆσαι
1377 3255 1405 3310 6
1463 3254 1706 3330 λῃστὴς,
1766 3253 1914 3310 ἀλλὰ

252 3343 640 3424 προλαμϐάνει
673 3348 700 3403 ὁ
733 3347 986 3411 θάνατος’
1045 3346 1108 3400 οὐ
1164 3346 1228 3401 τὸ
1276 3343 1436 3420 ἔργον
1495 3348 1572 3417 (3)
1632 3345 1912 3419 περιμένω

260 3437 458 3512 μόνον,
488 3435 634 3492 ἀλλὰ
681 3435 771 3491 καὶ
824 3436 924 3504 τήν
982 3434 1162 3490 πίστιν
1223 3432 1584 3508 ἀπεδεξάμην.
1642 3434 1850 3490 Ἦλθον
1885 3436 1912 3490 ὁ

331 3554 467 3598 ⁵⁵-δδ
496 3557 637 3612 Luc.
669 3572 829 3620 χχιιι,
861 3555 1046 3609 40-42.
1148 3551 1197 3588 ⁵9
1227 3553 1370 3609 ibid.
1403 3554 1492 3609 43.

255 3633 327 3684 1ο
359 3649 376 3692 :
403 3635 511 3684 cat.
549 3630 634 3695 14,
668 3645 707 3683 ιι
755 3630 838 3682 10.

247 3701 307 3736 ⁸³
334 3701 483 3757 Ibid.
518 3701 606 3768 13,
641 3702 728 3756 15.
802 3696 849 3734 ‘9
879 3697 1103 3754 Cantic.
1137 3714 1211 3768 γι,
1238 3701 1288 3763 1,
1317 3700 1370 3754 2.

323 3815 657 3885 (Ηθάρσει.
707 3816 947 3885 Conﬁde.
1008 3816 1128 3870 Hoc
1182 3813 1426 3869 verbum
1485 3813 1560 3868 ad
1592 3813 1910 3885 Scripturae

244 3869 962 3969 voces'adjungitvcvrill.
1000 3887 1160 3969 Legit
1189 3885 1338 3967 illud
1387 3869 1913 3969 auctor‘antiquus

247 3958 624 4034 epistolaa'de
656 3976 792 4034 vera
813 3958 1272 4034 circumcisione
1305 3958 1366 4012 in
1398 3958 1560 4034 Hier;
1588 3960 1735 4034 App.
1772 3965 1821 4034 t.
1851 3961 1912 4014 V.

246 4030 316 4108 p'.
357 4035 481 4108 164,
513 4032 598 4087 sic
650 4030 1096 4108 Christi‘verba
1145 4035 1482 4108 repetens:_
1518 4031 1673 4108 Ἐφορνὶ
1730 4033 1914 4085 animo

251 4101 379 4163 'esto
399 4121 418 4159 :
445 4105 618 4158 Amen
650 4103 771 4158 dico
802 4104 923 4169 tibi,
957 4102 1114 4156 hodie
1150 4117 1402 4173 mecum._
1433 4105 1541 4154 etc.
1579 4101 1741 4156 Idem
1769 4119 1912 4173 quo-

253 4193 379 4250 que
413 4175 657 4250 verbum
688 4175 759 4250 ab
793 4173 928 4250 aliis
967 4173 1336 4250 auctoribus.
1357 4171 1601 4250 citatum
1633 4173 1766 4246 legi.
1787 4171 1916 4230 lla-

249 4241 437 4306 betur
460 4248 520 4302 in
550 4246 884 4319 Cantabrig.
920 4244 1182 4319 evangel.
1211 4241 1411 4319 codice
1443 4245 1662 4319 Graeco.

331 4320 408 4390 (2)
461 4311 737 4375 Ἑκϐαλεῖ.
792 4311 878 4373 Ita
933 4311 1506 4390 scripsinius_jyxta
1562 4315 1690 4372 cod.
1748 4319 1828 4373 Re

251 4379 406 4469 Βόα,
440 4391 715 4469 Casaub,
747 4393 808 4446 at
837 4379 1262 4469 inim-pressis,
1295 4379 1575 4469 ἐπιϐάλλει,
1664 4458 1676 4469 θ

329 4456 409 4532 (3)
442 4459 521 4517 Οὐ
541 4462 603 4515 τὸ
627 4456 804 4535 ἔργον.
856 4456 1098 4535 Ριιιιιὶὀι
1146 4459 1273 4535 hmo
1316 4458 1618 4535 sententia
1661 4458 1906 4518 inColb.

253 4524 402 4620 00,3:
431 4524 902 4620 transpos-itione
922 4533 1078 4619 vocis
1111 4530 1310 4618 μόνονξἱ
1439 4528 1501 4582 τὸ
1547 4524 1705 4604 ἔργον
1755 4551 1912 4601 περι..

258 4607 438 4679 μένω,
474 4597 622 4659 ἁλλᾶ
655 4603 944 4679 μόνον-τήν
975 4597 1153 4679 πίστιν
1178 4597 1544 4679 ἀπεδεξάμην,
1571 4597 1597 4652 z.
1623 4597 1920 4679 honopus

259 4675 287 4730 ξ‹
318 4683 621 4750 exspecto,
644 4678 747 4734 sed
763 4677 940 4732 ﬁdem
959 4675 1334 4750 solummodo
1348 4679 1649 4750 acceptam
1665 4675 1864 4750 habui.
1892 4700 1920 4727 ››

334 4743 466 4823 (4f.
496 4751 689 4823 Longe
732 4755 970 4823 remota}
1023 4748 1106 4802 rei
1135 4747 1365 4819 petitio,
1394 4768 1451 4823 n_
1479 4743 1856 4823 πολυχῡὸνιος
1884 4750 1918 4817 ἢ

262 4817 508 4890 α’ἶτησις.
543 4817 649 4878 Sid
682 4821 840 4893 apud
873 4820 1068 4893 Nilum
1099 4817 1352 4893 tractatu
1383 4817 1467 4893 ad
1488 4817 1755 4893 Magnam
1788 4837 1916 4892 cap.

262 4897 320 4960 4,
349 4889 478 4967 pag.
510 4895 635 4961 238,
662 4889 1378 4967 adluxpév50¢_tpozpwﬁ._est
1397 4890 1562 4967 cibus
1585 4891 1645 4945 in
1679 4889 1921 4965 longum

261 4962 507 5038 tempus
539 4962 926 5038 praeparatus.
955 4962 1463 5038 maleCrodecius.
1490 4962 1656 5032 longa
1680 4962 1880 5038 petitio
1901 4981 1922 5026 :

263 5035 472 5110 supra.
504 5035 681 5110 n'um:
704 5039 790 5092 30.
842 5036 1073 5110 notavit
1111 5035 1402 5110 latronem
1438 5051 1555 5088 non
1591 5037 1921 5110 postulasse

257 5105 508 5165 ut'nunc
539 5109 806 5164 Christus
839 5107 1026 5179 ipsius
1047 5105 1494 5179 meminissent,
1529 5107 1634 5179 sed
1664 5124 1796 5179 cum
1827 5125 1920 5163 ve.

258 5180 436 5236 nis-set
470 5181 528 5235 in
558 5197 724 5250 regno
753 5177 876 5240 suo;
907 5178 1064 5250 quod
1097 5177 1168 5233 de
1216 5177 1444 5250 judicio
1477 5178 1798 5233 novissimo
1831 5179 1919 5234 in-

262 5252 540 5325 telligere
570 5249 800 5308 videtur
844 5249 1120 5322 Cyrillus.
1183 5249 1324 5306 Vide
1383 5253 1494 5304 cat.
1527 5251 1580 5320 4,
1616 5266 1778 5306 num.
1815 5252 1918 5320 15;

267 5329 385 5380 cat.
425 5326 512 5379 l5.
546 5341 604 5379 n.
633 5327 655 5379 1
695 5329 753 5378 et
778 5325 866 5378 26.

347 5399 422 5463 (5)
454 5395 705 5451 Nondum
735 5395 1082 5450 Abraham...
1132 5395 1402 5464 ingressus
1442 5399 1538 5450 est.
1570 5394 1715 5450 Cum
1747 5395 1920 5451 varia)

269 5467 394 5524 sint
426 5483 562 5524 cum
593 5474 856 5524 veterum
889 5473 1014 5522 tum
1045 5467 1442 5523 recentiorum
1489 5466 1920 5538 theologorum,

268 5539 349 5594 de
379 5539 656 5611 paradiso
684 5540 745 5596 in
777 5556 955 5611 quem
985 5539 1134 5594 latro
1163 5539 1482 5610 perductus
1503 5538 1922 5611 estopiniones

260 5610 402 5670 eam
434 5629 568 5686 quae
597 5612 754 5687 apud
772 5610 1003 5669 veteres
1025 5611 1299 5668 usitatior
1343 5617 1404 5670 et
1424 5610 1692 5669 omnium
1715 5613 1919 5668 verisi-

602 5745 864 5802 PATRuL.
911 5744 1024 5799 Gn.
1074 5740 1340 5800 ΧΧΧΙΙΙ.

1831 4335 1908 4391 8-:
1943 4361 1990 4424 ο

2004 473 2120 527 mei
2153 474 2387 529 comitis
2423 475 2527 532 tui.
2559 477 2686 530 Non
2719 481 2917 530 tamen
2964 474 3132 530 dico:
3168 477 3333 532 Nunc
3382 498 3410 526 ι(
3441 478 3660 534 memi-

2005 564 2216 618 «neris
2250 565 2387 631 mei,
2418 581 2474 621 se
2489 565 2532 632 Ι,
2568 581 2705 621 cum
2732 565 2966 621 veneris
2996 565 3058 620 in
3093 581 3272 638 regno
3301 571 3400 622 tuo
3429 565 3577 625 “~53.
3615 591 3645 620 ››

2073 653 2265 708 XXXI.
2299 655 2438 719 Qua:
2462 659 2540 722 te,
2563 672 2596 710 ο
2623 655 2795 720 latro,
2820 654 3180 710 illuminavit
3199 657 3496 726 potestas?
3517 658 3652 728 quis

2002 747 2058 797 te
2091 742 2309 808 docuit,
2335 750 2400 798 ut
2429 749 2838 816 contemptum
2863 751 2920 800 et
2941 751 3138 800 tecum
3155 761 3275 800 una
3305 746 3654 804 cruciﬁxum

2005 831 2280 887 adorares
2302 833 2328 888 ?
2349 850 2380 887 ο
2413 833 2609 888 lucem
2627 839 2932 903 aeternam,
2959 851 3090 904 qua:
3109 834 3170 888 in
3188 833 3447 890 tenebris
3465 836 3551 907 jac
3563 853 3660 891 en-

2007 927 2094 978 tes
2115 923 2453 979 illuminatl
2484 924 2616 979 Ideo
2641 929 2699 979 et
2719 925 2882 996 juste
2928 923 3189 980 audivit:
3247 925 3506 995 Conﬁdo:
3535 943 3656 983 non

2005 1014 2162 1084 quod
2195 1031 2380 1086 Opera
2413 1015 2562 1070 I98
2589 1019 2690 1070 tua
2713 1015 2993 1070 ﬁduciam
3018 1015 3122 1070 tibi
3149 1016 3385 1072 efﬁcere
3403 1015 3661 1073 debeant

2007 1105 2108 1159 sed
2141 1105 2281 1175 quia
2310 1121 2410 1159 rex
2445 1105 2614 1160 adest
2644 1105 2745 1175 qui
2779 1104 2881 1159 tibi
2915 1105 3300 1177 gratiﬁcatur.
3336 1107 3526 1180 Longe
3559 1124 3656 1163 re-

2005 1199 2182 1248 motae
2202 1193 2289 1248 rei
2317 1193 2519 1264 petitio
2546 1195 2622 1264 (4)
2649 1193 2904 1258 erat,sed
2930 1193 3304 1252 velocissima
3327 1202 3415 1250 est
3435 1197 3661 1269 gratia:

2004 1286 2180 1338 Amen
2210 1282 2331 1337 dico
2361 1285 2483 1352 tibi,
2524 1282 2684 1338 hodie
2740 1299 2945 1339 mecum
3001 1285 3107 1339 eris
3160 1287 3219 1340 in
3264 1288 3532 1356 paradiso
3559 1285 3609 1320 ⁵⁹
3643 1301 3660 1343 :

2007 1372 2490 1444 quandoquidem
2522 1372 2696 1428 hodie
2755 1372 3029 1428 audivisti
3088 1391 3291 1430 vocem
3355 1392 3574 1438 meam.
3607 1381 3667 1432 et

2007 1479 2127 1518 non
2160 1461 2464 1518 obdurasti
2496 1478 2598 1517 cor
2628 1467 2788 1517 tuum
2812 1462 2876 1520 ⁸ο.
2915 1463 3201 1518 Ocissime
3249 1463 3313 1519 in
3363 1464 3661 1522 Adamum

2010 1552 2367 1608 sententiam
2391 1552 2510 1607 dixi
2535 1569 2548 1606 :
2574 1552 2847 1607 ocissime
2862 1551 2966 1607 tibi
2983 1552 3278 1625 indulgeo.
3300 1553 3390 1608 Illi
3416 1553 3594 1624 quide
3607 1572 3665 1612 m

2009 1643 2231 1698 dictum
2265 1649 2391 1698 est:
2425 1645 2757 1713 Quacunque
2787 1644 2876 1698 die
2924 1642 3286 1706 comederitis,
3329 1650 3502 1698 morte
3529 1660 3653 1699 mo-

2007 1736 2229 1789 riemini
2255 1734 2323 1790 οι.
2356 1734 2440 1788 Tu
2470 1748 2606 1787 vero
2643 1732 2816 1788 hodie
2837 1731 3145 1787 obedivisti
3166 1731 3326 1799 fidei,
3350 1732 3526 1788 hodie
3549 1734 3657 1789 tibi

2015 1823 2196 1879 salus.
2220 1822 2265 1857 ⁸³
2295 1821 2401 1878 llle
2431 1839 2540 1894 per
2563 1821 2789 1894 lignum
2821 1820 3070 1877 cecidit:
3104 1827 3162 1876 et
3188 1827 3251 1877 tu
3293 1839 3400 1894 per
3431 1821 3661 1893 lignum

2015 1912 2411 1968 introduceris
2442 1911 2504 1966 in
2536 1911 2901 1983 paradisum.
2934 1913 3013 1966 Ne
3038 1911 3249 1967 timeas
3280 1919 3658 1985 serpentem;

2016 2020 2136 2059 non
2169 2002 2367 2074 ejiciet
2398 2007 2473 2069 te,
2521 2002 2736 2056 cecidit
2765 2001 2925 2056 enim
2956 2000 3028 2056 de
3078 2000 3322 2057 cmlis”.
3366 2005 3481 2058 Nec
3529 2003 3662 2060 dico

2017 2091 2144 2161 tibi,
2169 2091 2351 2147 Hodie
2389 2090 2601 2158 abibis,
2637 2090 2761 2158 sed,
2813 2091 2974 2146 hodie
3010 2106 3217 2146 mecum
3259 2093 3379 2146 eris.
3421 2093 3663 2162 Conﬁde,

2015 2199 2136 2238 non
2167 2182 2456 2254 rejiciere.
2493 2183 2575 2236 No
2626 2181 2837 2238 timeas
2891 2181 3238 2238 flammeum
3282 2182 3547 2255 gladium
3577 2184 3665 2252 ⁶⁴;

2014 2278 2317 2328 reveretur
2359 2271 2700 2326 Dominum.
2737 2272 2779 2326 Ο
2834 2272 3136 2343 ingentem
3195 2277 3254 2326 et
3293 2272 3662 2330 ineffabilem

2015 2361 2264 2434 gratiam
2292 2360 2304 2415 ί
2339 2361 2604 2415 nondum
2635 2360 2931 2416 Abraham
2961 2361 3058 2416 ille
3083 2359 3278 2416 ﬁdelis
3297 2361 3345 2398 ⁸⁵
3365 2362 3666 2436 ingressus

2017 2457 2107 2507 est
2137 2452 2236 2523 (5),
2261 2455 2318 2505 et
2349 2450 2498 2505 latro
2522 2449 2886 2522 ingreditur;
2910 2451 3176 2507 nondum
3199 2453 3426 2523 Moyses
3447 2457 3506 2508 et
3527 2469 3666 2524 pro-

2017 2541 2210 2616 pheta:
2233 2546 2323 2609 ;et
2345 2539 2495 2595 latro
2527 2540 2770 2610 iniquus
2798 2540 2997 2596 intrat.
3033 2540 3375 2596 Admiratus
3398 2541 3457 2597 id
3486 2541 3667 2600 etiam

2018 2638 2154 2688 ante
2187 2637 2242 2686 te
2275 2634 2365 2686 est
2406 2629 2650 2697 Paulus,
2705 2629 2949 2686 dicens:
2987 2631 3091 2687 Ubi
3144 2633 3444 2687 abundavit
3473 2649 3667 2702 pecca-

2020 2729 2154 2788 tum,
2188 2722 2661 2792 superabundavit
2691 2726 2742 2776 et
2797 2723 2982 2791 gratia
3002 2719 3066 2775 θθ.
3129 2722 3236 2786 Qui
3294 2721 3670 2794 pertulerunt

2020 2818 2229 2868 azstum
2250 2813 2314 2878 ⁸⁷,
2349 2811 2614 2866 nondum
2650 2811 2899 2883 ingressi
2933 2817 3113 2876 sunt;
3145 2817 3202 2867 et
3225 2813 3326 2884 qui
3358 2813 3516 2869 circa
3544 2830 3664 2868 un-

2020 2900 2308 2956 decimam
2333 2900 2538 2955 horam
2563 2899 2744 2965 venit,
2770 2899 3071 2972 ingressus
3093 2906 3200 2957 est.
3227 2902 3408 2957 Nemo
3426 2901 3670 2959 obmur—

2019 2995 2218 3045 muret
2269 2989 2548 3045 adversus
2585 2988 3076 3060 patremfamilias
3107 3033 3121 3058 ,
3166 3006 3300 3046 cum
3355 2991 3456 3048 ille
3513 2993 3672 3049 dicat

2018 3082 2216 3136 Amice.
2250 3096 2360 3134 non
2402 3081 2552 3149 facio
2606 3077 2709 3134 tibi
2757 3080 3047 3150 injuriam.
3106 3081 3298 3135 Nonne
3342 3088 3672 3152 potestatem

1095 3165 1148 3221 ἐν
1207 3170 1325 3228 τοῖς
1385 3164 1542 3238 ἐμοῖς
1599 3167 1826 3235 ποιῆσαι
1883 3165 1906 3220 ὃ

2024 3171 2195 3225 habeo
2225 3171 2292 3225 de
2321 3171 2453 3225 meis
2480 3170 2639 3224 rebus
2667 3169 2913 3239 faciendi
2945 3169 3094 3240 quod
3121 3172 3242 3226 volo
3271 3150 3362 3226 “‘l
3408 3172 3540 3228 Vult
3561 3174 3674 3245 ju-

2025 3267 2115 3316 sta
2143 3277 2326 3332 opera
2355 3260 2550 3315 facere
2577 3258 2750 3325 latro,
2781 3258 2884 3314 sed
2907 3275 3043 3315 eum
3077 3277 3236 3316 mors
3260 3269 3669 3335 praaoccupat:

2023 3367 2146 3406 non
2177 3357 2406 3407 tantum
2439 3367 2587 3422 opus
2618 3366 2838 3416 moror,
2867 3349 2969 3405 sed
2997 3355 3054 3405 et
3085 3351 3262 3406 ﬁdem
3286 3353 3481 3424 recepi
3534 3353 3678 3408 Veni

2025 3438 2128 3510 qui
2158 3454 2334 3510 pasco
2367 3437 2427 3492 in
2459 3437 2625 3507 liliis,
2677 3437 2810 3491 veni
2866 3441 2933 3492 ut
2989 3454 3232 3509 pascam
3280 3438 3343 3496 in
3393 3441 3582 3497 hortis
3609 3440 3677 3499 ⁸³.

1597 3552 1644 3588 ⁶⁰
1676 3554 1828 3611 Psal.
1864 3572 1906 3608 XI

2041 3557 2093 3609 8.
2171 3556 2215 3591 ⁸1
2250 3557 2390 3610 Gen.
2428 3571 2492 3625 ιι,
2528 3558 2614 3626 17.
2691 3552 2739 3588 ⁶²
2779 3554 2916 3610 Vide
2945 3561 3052 3611 cat.
3090 3560 3140 3622 1,
3179 3573 3240 3610 n.
3277 3561 3300 3612 1
3339 3575 3353 3624 ;
3385 3565 3494 3615 cat.
3524 3561 3578 3626 5,
3611 3576 3672 3616 n.

946 3626 993 3662 ⁸³
1026 3627 1161 3698 Luc.
1195 3643 1249 3696 x,
1283 3627 1370 3681 -l8.
1447 3623 1495 3659 ⁶⁴
1537 3625 1678 3681 Gen.
1738 3642 1825 3696 ιιι,
1883 3629 1972 3681 24.
2049 3626 2096 3661 ⁵⁵
2143 3627 2266 3682 Gal.
2295 3643 2373 3698 ιιι,
2397 3630 2449 3682 9.

2555 3624 2602 3659 ⁶⁶
2634 3627 2800 3682 Rom.
2861 3643 2916 3696 v,
2962 3628 3053 3684 20.
3131 3627 3174 3664 ⁸⁷
3207 3629 3407 3686 Matth.
3459 3624 3672 3701 xx,'12.

2024 3815 2279 3872 millima
2302 3819 2392 3870 est
2411 3819 2648 3870 secutus
2669 3814 2900 3870 videtur
2915 3814 3201 3887 Cyrillus;
3227 3815 3511 3873 nimirum
3537 3834 3673 3876 eum

2024 3889 2085 3942 in
2117 3887 2460 3960 paradisum
2485 3893 2848 3960 terrestrem,
2883 3886 3041 3960 unde
3060 3887 3327 3960 deiectus
3359 3894 3448 3944 est
3463 3889 3672 3960 Adam,

2023 3960 2254 4015 Christo
2273 3959 2489 4014 comite
2512 3959 2862 4013 introivisse.
2895 3959 3111 4014 Confer
3135 3959 3292 4015 hunc
3323 3960 3517 4017 locum
3541 3959 3670 4018 cum

2024 4037 2136 4086 cat.
2173 4034 2259 4097 14,
2293 4048 2351 4086 n.
2389 4034 2452 4085 10
2498 4029 2663 4102 Quod
2689 4035 2888 4085 autem
2911 4031 2994 4086 ait
3013 4032 3272 4102 primum
3302 4039 3438 4088 ante
3465 4051 3674 4091 omnes

2022 4102 2316 4158 latronem
2340 4103 2401 4157 in
2434 4101 2776 4173 paradisum
2804 4101 3160 4168 introivisse.
3190 4105 3527 4160 communis
3550 4107 3678 4162 haac

2022 4174 2244 4245 Cyrillo
2278 4181 2366 4229 est
2395 4191 2530 4228 cum
2589 4173 2861 4229 Patribus
2923 4174 3147 4230 Latinis
3178 4181 3237 4229 et
3267 4176 3482 4232 Graecis
3523 4176 3677 4233 bene

2024 4247 2228 4320 multis
2252 4246 2550 4320 sententia
2575 4246 2851 4320 {primus
2877 4251 2969 4320 est
3000 4263 3152 4320 sane;
3175 4247 3268 4320 cui
3297 4264 3365 4303 ea
3412 4249 3672 4320 promis-

2027 4319 2112 4372 sio
2146 4320 2299 4373 facta
2323 4319 2566 4390 legatur.
2591 4317 2702 4371 Sed
2726 4318 2774 4390 si
2796 4317 3063 4373 Christus
3085 4318 3158 4373 ad
3181 4317 3676 4376 inferos—descen-

2023 4389 2191 4464 dens.
2215 4388 2415 4446 statim
2439 4388 2577 4464 inde
2602 4389 2969 4464 patriarchas
3000 4390 3271 4464 eduxerit
3289 4397 3466 4463 atque
3492 4393 3550 4448 in
3576 4410 3672 4464 pa-

2022 4462 2296 4538 radisum
2319 4461 2713 4538 transtulerit,
2741 4461 3082 4538 nonpotuit
3111 4469 3248 4517 ante
3281 4461 3388 4538 eos
3442 4461 3670 4538 ingredi

2021 4534 2173 4608 latro
2201 4533 2302 4605 qui
2334 4532 2603 4608 nonnissi
2645 4534 3132 4608 post__Chri_stum
3192 4532 3542 4608 crucil‘ragio
3574 4553 3678 4592 ex-

2030 4606 2251 4661 tinctus
2282 4612 2388 4661 est.
2425 4605 2621 4660 Potuit
2645 4605 2896 4674 (lyrillus
2937 4606 2997 4660 id
3029 4623 3149 4661 non
3189 4605 3534 4662 attendere:
3586 4609 3679 4664 vel

2031 4695 2167 4733 cum
2199 4684 2439 4734 auctore
2472 4677 2607 4731 libri
2640 4678 2714 4731 De
2742 4679 3064 4745 virginitate
3081 4678 3239 4748 apud
3262 4678 3676 4748 Athanasium,

2032 4755 2154 4805 tom
2197 4751 2290 4812 lll,
2311 4765 2474 4805 num.
2506 4750 2589 4808 10.
2615 4749 2953 4804 existimare
2969 4750 3263 4804 Christum
3277 4751 3515 4805 nonnisi
3536 4752 3680 4808 hora

2031 4821 2403 4880 duodecima.
2424 4821 2535 4876 hoc
2558 4826 2648 4874 est
2677 4825 2880 4875 nostra
2901 4827 3065 4876 sexta
3094 4822 3429 4892 vespertina
3457 4823 3680 4879 inferos

2031 4893 2283 4966 adivisse
2309 4909 2433 4966 ;_ac_
2457 4893 2803 4966 priusquam
2833 4909 2921 4966 eo,
2936 4892 3133 4966 adiret
3162 4892 3452 4949 latronem
3483 4896 3544 4950 in
3577 4911 3680 4966 pa-

2031 4965 2292 5020 radisum
2326 4963 2664 5028 deduxisse,
2696 4963 2855 5033 quod
2885 4965 3010 5019 Tito
3040 4965 3360 5032 Bostrensi,
3393 4983 3497 5021 seu
3529 4963 3679 5022 auc-

2033 5037 2144 5091 tori
2177 5035 2752 5090 Commentariorum
2802 5034 2862 5088 in
2892 5037 3094 5090 Lucam
3134 5036 3242 5090 sub
3273 5038 3404 5105 ejus
3434 5039 3680 5094 nomine

2032 5107 2336 5179 probabile
2370 5106 2558 5179 visum
2591 5111 2717 5160 est:
2772 5105 2862 5160 vel
2893 5107 3069 5179 etiam
3102 5107 3424 5179 arbitratus
3474 5117 3565 5165 est
3593 5111 3682 5166 la-

2035 5177 2262 5234 tronem
2284 5177 2484 5233 statim
2507 5194 2543 5233 a
2565 5183 2754 5231 morte
2768 5178 2950 5232 suain
2970 5178 3311 5249 paradisum
3337 5180 3645 5237 inductum
3669 5208 3685 5245 ς

2032 5251 2580 5322 ραιιιίιιιτοιιειεᾷνειυ
2633 5249 2876 5322 [ιοιιιιίει
2930 5256 3065 5320 post
3111 5250 3374 5308 triduum
3406 5255 3684 5310 aChristi

2032 5320 2234 5379 anima
2255 5323 2314 5377 in
2339 5320 2742 5376 subterraneis
2764 5327 3058 5387 exactum,
3084 5323 3242 5392 quod
3271 5325 3540 5381 msinuat
3563 5332 3677 5380 cat.

2033 5397 2086 5457 4,
2118 5413 2179 5452 n.
2215 5394 2301 5468 14.
2336 5399 2395 5448 et
2422 5397 2535 5449 cat.
2559 5393 2658 5468 _14,
2693 5408 2752 5448 n.
2793 5393 2874 5446 l8.
2928 5393 3066 5468 Qum
3100 5410 3233 5449 vero
3270 5395 3450 5453 fuerit
3477 5397 3680 5468 Cyrilli

2033 5466 2348 5526 sententia,
2381 5481 2524 5519 num
2559 5463 2706 5518 latro
2731 5480 2866 5520 cum
2886 5466 3088 5522 anima
3103 5483 3180 5522 an
3203 5484 3337 5523 eum
3370 5463 3677 5524 divinitate

2031 5538 2248 5595 Christi
2283 5538 2412 5609 ipsa
2443 5536 2546 5610 die,
2567 5535 3164 5610 fueritinparadiso,
3197 5539 3350 5595 nihil
3373 5542 3434 5596 in
3456 5546 3683 5595 utram-

2031 5612 2117 5669 vis
2146 5607 2376 5684 parte'm
2396 5626 2466 5666 ex
2497 5607 2628 5682 ejus
2658 5607 2896 5683 scriptis
2927 5611 3206 5684 colligere
3231 5613 3417 5682 potui.

3326 5739 3404 5797 26
