4138 6264
412 292 527 354 8H

1464 280 1526 342 S.
1573 281 1896 343 CYRILLI
1939 279 2351 343 HIEBOSOL.
2397 283 2765 345 ARCHIEP.

3703 288 3830 347 812

412 428 587 483 Ovem
608 421 903 496 perditam
926 418 1123 475 inveni
1148 436 1163 486 ;
1188 434 1318 474 eam
1339 418 1401 473 in
1422 418 1713 473 humoros
1734 431 1900 471 meos
1921 415 2068 471 acci-

2198 416 2484 489 τοιμαίνῶν
2515 419 2593 490 (2)
2624 415 2675 470 ἐν
2708 422 2825 480 τοῖς
2848 417 3078 493 κρίνοις,
3111 417 3283 487 ἦλθον
3317 422 3580 491 ποιμᾶναι
3615 417 3667 473 ἓν
3709 424 3833 482 τοῖς

409 517 506 589 pio
539 512 839 570 7'..Credit
867 509 1050 577 enim,
1084 524 1217 563 cum
1250 514 1310 562 et
1338 508 1463 579 ipse
1493 506 1747 563 dixerit:
1802 528 1830 555 «
1864 505 2064 561 Erravi

2198 507 2397 575 ιτςποις.
2442 501 2721 581 Πρόϐατον
2782 506 2934 583 εὗρον
2989 503 3309 569 ἀπολωλός·
3373 504 3499 562 ἀλλ’
3557 505 3646 562 ἐπὶ
3702 507 3832 573 τοὺς

420 628 449 658 «
486 605 640 661 sicut
668 601 791 657 ovis
823 616 955 671 quas
982 595 1241 669 periit".
1288 599 1578 652 Memento
1628 596 1769 663 mei,
1796 596 2064 659 Domine,

415 716 443 748 ιι
481 709 615 750 cum
646 689 883 747 veneris
915 688 975 742 in
1006 703 1186 759 regno
1218 692 1317 742 tuo
1344 687 1409 740 7’.
1446 708 1475 736 »

488 960 711 1018 XXXII.
742 960 788 995 ⁷³
820 960 900 1014 De
938 959 1049 1014 hoc
1082 958 1251 1012 horto
1283 957 1345 1011 in
1374 954 1632 1011 Canticis
1662 953 1736 1010 ad
1786 968 2068 1025 sponsam

2176 592 2364 666 ὤμους
2400 616 2505 669 μου
2536 600 2696 651 τοῦτο
2738 590 3022 666 λαμϐάνω.
3053 595 3301 652 Ηιστεύει
3332 597 3461 671 γὰρ,
3521 594 3711 666 ἐπειδὴ
3740 598 3832 654 καὶ

2175 684 2340 746 αὐτὸς
2399 685 2567 740 εἶπεν.

2652 683 2999 755 Ἐπλανήθην
3090 684 3164 747 ὡς
3250 680 3523 761 πρόϐατον
3601 685 3833 742 ἀπολῶ-

2180 770 2299 835 λός.
2336 774 2622 845 Μνῇσθητί
2686 794 2814 848 μου,
2872 773 3056 850 Κύριε,
3116 772 3241 830 ὅταν
3294 772 3461 850 ἔλθῃς
3513 773 3565 830 ἰν
3621 779 3693 850 τῇ
3728 777 3830 853 βα-

2177 860 2356 935 σιλείᾳ
2386 883 2502 922 σου.

2252 954 2374 1010 ΑΒ’.
2435 955 2872 1031 Προανεφώνησα
2923 952 2976 1008 ἐν
3032 954 3274 1027 νᾼσμασι
3321 954 3444 1028 περὶ
3502 953 3699 1010 τούτου
3728 974 3828 1011 του

419 1068 616 1110 meam
640 1054 779 1106 ante
809 1047 1020 1115 cecini,
1054 1050 1111 1102 et
1139 1046 1214 1102 ad
1269 1062 1398 1101 eam
1430 1045 1557 1101 haac
1587 1044 1709 1100 dixi
1745 1060 1757 1096 :
1791 1044 2069 1112 Ingressus

2198 1043 2356 1112 ιήπου
2388 1042 2524 1113 πρὸς
2545 1043 2646 1111 τὴν
2679 1042 2815 1117 ἐμὴν
2864 1041 3107 1120 νύμφήν,
3136 1044 3228 1097 καὶ
3281 1046 3449 1098 ταῦτα
3505 1044 3655 1099 εἶπον
3687 1044 3829 1119 πρὸς

418 1160 537 1200 sum
567 1141 877 1205 inrhortum
904 1155 1101 1205 meum,
1132 1152 1287 1192 soror
1328 1152 1449 1191 mea
1484 1150 1680 1205 sponsa
1713 1132 1761 1168 ⁷⁴
1789 1138 1937 1200 (erat
1965 1149 2065 1188 au-

415 1238 537 1288 tem
563 1230 667 1286 ubi
696 1229 1015 1285 cruciﬁxus
1045 1232 1154 1291 est,
1187 1226 1396 1281 hortus
1416 1223 1504 1293 7‘).
1530 1227 1601 1278 Et
1615 1222 1760 1295 quid
1789 1222 1927 1278 inde
1951 1221 2064 1277 col-

418 1320 554 1394 ligis
574 1318 602 1374 ?
621 1320 817 1374 Messui
838 1316 1115 1386 myrrham
1147 1330 1324 1370 meam
1345 1311 1394 1346 ⁷⁸
1415 1316 1515 1383 (1),
1537 1312 1679 1368 dum
1698 1312 2068 1383 myrrhatum

417 1410 621 1464 vinum
652 1412 712 1462 et
731 1412 961 1462 acetum
982 1404 1132 1461 bibit
1154 1422 1168 1469 ;
1189 1403 1402 1474 quibus
1426 1403 1686 1474 acceptis
1715 1402 1901 1457 dixit:
1927 1402 2072 1459 Con-

419 1503 749 1555 summatum
766 1502 842 1551 est
867 1493 934 1552 ⁷⁷.
963 1493 1334 1565 Completum
1354 1498 1451 1563 est
1481 1492 1643 1548 enim
1672 1491 2029 1562 mysterium
2055 1507 2068 1545 :

421 1586 717 1658 completa
732 1601 864 1655 qum
884 1583 1104 1654 scripta
1120 1586 1260 1636 sunt
1285 1597 1298 1635 :
1325 1581 1520 1637 soluta
1546 1586 1807 1652 peccata.
1836 1604 1859 1627 «
1886 1579 2075 1634 Chris-

420 1701 448 1729 ‹‹
486 1682 578 1732 tus
608 1678 753 1732 enim
774 1674 1094 1730 adveniens
1123 1672 1391 1745 pontifex
1411 1671 1746 1727 futurorum
1776 1669 2073 1724 bonorum

2177 1130 2367 1202 αὐτήνυ
2429 1129 2700 1201 Εἶσῆλθον
2761 1131 2835 1194 εἲς
2891 1131 3069 1201 κῆπόν
3130 1152 3236 1206 μου
3292 1134 3394 1207 (3),
3453 1130 3663 1211 ἀδελφή
3718 1154 3828 1206 μου

2177 1221 2363 1295 νύμφη
2427 1221 2519 1295 (ἦν
2579 1218 2656 1292 δὲ,
2715 1220 2853 1277 ὅπου
2913 1219 3253 1296 ἐσταυρώθη,
3306 1228 3558 1294 κῆπος).
3616 1221 3716 1278 Καὶ
3771 1223 3827 1278 τί

2180 1306 2481 1383 λαμϐάνεις
2511 1308 2765 1380 ἐκεῖθενς
2826 1311 3135 1386 Ἐτρύγησα
3189 1312 3428 1386 σμύρναν
3486 1333 3612 1383 μου,
3672 1316 3822 1368 οἶνον

2181 1398 2604 1474 ἰσμυρνισμὲνον
2637 1400 2778 1455 πιὼν
2804 1399 2897 1454 καὶ
2925 1399 2989 1455 τὸ
3026 1394 3171 1472 ὅξος·
3233 1401 3389 1456 ἅτινα
3446 1399 3655 1473 λαϐὼν,
3686 1402 3827 1460 εἶπε.

2178 1488 2514 1546 Τετὲλεσθαι.
2598 1487 2971 1564 Πεπλήρωται
3053 1489 3160 1564 γὰρ
3235 1490 3298 1545 τὸ
3351 1493 3683 1566 μυστήριον
3736 1511 3832 1546 πε-

2181 1575 2471 1652 πλήρωται
2522 1577 2591 1634 τὰ
2640 1578 2999 1654 γεγραμμένα
3030 1596 3045 1611 ·
3105 1576 3380 1649 ἐλύθησαν
3431 1580 3487 1635 αἱ
3543 1580 3828 1655 ἁμαρτίαι.

2182 1667 2453 1743 Χριστοὺς
2531 1667 2635 1743 γὰρ
2710 1671 2787 1741 (4)
2871 1667 3311 1742 παραγενόμενος
3380 1668 3671 1745 ἀρχιερεὺς
3724 1674 3834 1725 τῶν

422 1790 451 1819 α
474 1783 580 1840 per
602 1764 859 1838 amplius
876 1765 1029 1820 199
1051 1768 1110 1818 et
1129 1762 1450 1835 perfectius
1464 1758 1936 1827 tabernaculum,
1951 1774 2072 1815 non

2198 1756 2505 1813 αελλόντων
2563 1758 2774 1833 ἀγαθῶν
2809 1802 2825 1830 ,
2884 1754 2975 1812 διὰ
3024 1763 3123 1827 τῆς
3178 1756 3425 1831 μείζονος
3480 1759 3571 1813 καὶ
3616 1758 3833 1815 τελειο-

425 1878 452 1906 ‹‹
476 1871 659 1911 manu
687 1854 911 1910 factum
932 1852 1015 1925 (id
1036 1858 1127 1907 est
1156 1868 1277 1907 non
1300 1850 1480 1921 hujus
1502 1850 1821 1906 creationis
1843 1853 1903 1904 et
1928 1854 2077 1904 stru-

428 1968 456 1997 (ι
492 1949 719 2011 cturaa),
740 1959 936 2014 neque
956 1959 1064 2014 per
1089 1940 1439 2014 sanguinem
1456 1939 1758 1994 hircorum
1779 1944 1839 1995 et
1866 1937 2079 1993 vitulo-

431 2057 459 2087 «
476 2034 648 2090 rum?
669 2032 773 2089 sed
794 2050 900 2106 per
919 2032 1223 2104 proprium
1245 2030 1596 2102 sanguinem
1614 2029 1878 2084 introivit
1893 2027 2080 2084 semel

433 2146 460 2175 (ι
486 2123 549 2178 in
584 2127 810 2189 sancta,
840 2126 1065 2177 mterna
1103 2119 1515 2191 redemptione
1536 2119 1795 2174 inventa.
1830 2118 1886 2173 Si
1917 2117 2079 2173 enim

433 2228 461 2255 «
498 2204 737 2277 sanguis
765 2209 1070 2259 taurorum
1089 2206 1148 2257 et
1176 2200 1566 2267 hircorum,et
1585 2200 1736 2255 cinis
1756 2198 1954 2254 vitulaa
1985 2215 2078 2254 as-

433 2316 461 2346 ‹‹
490 2310 741 2367 pergens
766 2293 1134 2364 inquinatos,
1161 2289 1494 2346 sanctiﬁcat
1522 2289 1596 2344 ad
1617 2289 1815 2345 carnis
1841 2288 2081 2345 mundi-

434 2407 463 2436 ‹‹
486 2385 627 2440 tiem
655 2403 669 2448 ;
694 2388 916 2456 quanto
940 2382 1135 2454 potius
1160 2381 1400 2454 sanguis
1416 2381 1631 2435 Christi
1652 2378 1697 2414 ⁷⁸
1717 2380 1745 2436 ?
1763 2383 1829 2435 Et
1850 2382 2077 2436 iterum:

428 2496 455 2524 ιι
475 2471 982 2544 Habentesigitur,
1002 2470 1233 2538 fratres,
1251 2470 1528 2525 ﬁduciam
1542 2469 2078 2542 adingrediendum

428 2585 457 2614 κ
489 2563 551 2618 in
574 2575 778 2617 sancta
800 2560 860 2614 in
898 2559 1186 2632 sanguine
1217 2560 1374 2623 Iesu,
1408 2574 1479 2613 ea
1503 2559 1595 2612 via
1632 2574 1811 2628 quam
1840 2557 2080 2613 dedica-

429 2675 456 2704 «
480 2653 561 2707 vit
583 2651 756 2707 nobis
788 2664 999 2705 novam
1022 2654 1079 2703 et
1108 2649 1426 2714 viventem,
1472 2663 1578 2717 per
1632 2646 1921 2712 velamen,
1969 2647 2079 2701 hoc

426 2764 455 2793 «
488 2748 578 2798 est
606 2756 849 2799 carnem
882 2755 1050 2795 suam
1071 2736 1139 2791 79.
1171 2759 1198 2786 »
1249 2739 1315 2790 Et
1366 2734 1649 2807 quoniam
1682 2752 1839 2802 caro,
1892 2736 2078 2808 ipsius

424 2831 716 2896 velamen,
740 2828 1033 2885 dedecore
1057 2828 1271 2883 affecta
1290 2825 1433 2891 fuit;
1462 2823 1684 2880 idcirco
1705 2824 2077 2897 ﬁgurativum

429 2920 639 2993 templi
669 2919 863 2974 velum
888 2916 1204 2973 discissum
1249 2919 1357 2981 est,
1414 2913 1567 2969 sicut
1627 2914 1910 2986 scriptum
1946 2921 2074 2970 est:

432 3033 454 3060 α
492 3010 563 3064 Ει
592 3024 727 3064 ecce
758 3006 954 3062 velum
987 3004 1191 3076 templi
1214 3004 1465 3059 scissum
1498 3008 1587 3058 est
1616 3003 1677 3058 in
1709 3002 1826 3058 duo
1857 3020 1892 3059 a
1917 3020 2077 3059 sum-

432 3121 462 3151 (ι
494 3115 590 3153 mo
617 3112 806 3168 usque
838 3094 913 3149 ad
943 3095 1130 3150 imum
1149 3093 1234 3149 ὀε
1277 3116 1295 3142 ι
1333 3109 1527 3164 neque
1567 3092 1725 3148 enim
1772 3093 2076 3150 tantillum

432 3202 502 3241 ex
533 3185 661 3256 ipso
692 3183 1044 3239 derelictum
1099 3189 1224 3251 est;
1257 3182 1540 3253 quoniam
1599 3181 1760 3236 enim
1793 3182 2076 3239 Dominus

2198 3164 2437 3261 πέτασμα
2487 3190 2585 3243 τοῦ
2639 3189 2769 3242 ναοῦ
2822 3164 3052 3262 έσχίίσθη
3110 3185 3187 3249 είς
3247 3184 3344 3242 δύο
3380 3231 3394 3258 ,

435 3272 622 3329 dixit:
655 3296 682 3323 ι(
716 3274 862 3328 Ecce
894 3272 1266 3343 relinquetur
1300 3270 1463 3325 vobis
1495 3269 1706 3325 domus
1751 3277 1945 3328 vestra
1975 3272 2076 3327 de-

434 3385 462 3415 (ι
501 3367 659 3417 serta
684 3360 754 3430 ⁸³,
789 3382 815 3414 ιι
852 3361 1064 3418 domus
1089 3361 1219 3433 ipsa
1243 3360 1511 3430 disrupta
1542 3364 1648 3415 est.

446 3542 449 3547 ’
505 3544 751 3601 XXXIII.
788 3543 1079 3599 Sustinuit
1125 3548 1322 3597 autem
1372 3541 1500 3596 haec
1532 3539 1813 3607 Salvator,
1871 3543 2077 3614 paciﬁ-

431 3652 573 3692 cans
597 3651 704 3708 per
733 3635 1083 3707 sanguinem
1114 3633 1326 3698 crucis,
1374 3649 1504 3704 quae
1549 3631 1610 3687 in
1655 3631 1817 3687 cmlis
1849 3637 1907 3687 et
1945 3650 2076 3704 qum

431 3729 494 3783 in
526 3733 684 3783 terra
714 3732 855 3783 sunt
877 3724 945 3780 δ’.
982 3724 1211 3780 Inimici
1260 3724 1418 3780 enim
1454 3723 1556 3778 Dei
1606 3738 1712 3794 per
1769 3731 2076 3795 peccatum

431 3833 688 3881 eramus,
723 3821 784 3872 et
811 3815 1080 3872 deﬁnivit
1107 3815 1261 3870 Deus
1292 3818 1638 3885 peccantem
1696 3813 1844 3868 mori
1901 3830 2077 3886 opor—

430 3912 576 3980 tere.
600 3904 647 3941 33
669 3909 750 3961 Ex
767 3905 999 3961 duobus
1021 3906 1200 3978 igitur
1227 3903 1479 3958 alterum
1504 3902 1631 3957 ﬁeri
1656 3919 1900 3959 necesse
1920 3912 2074 3960 erat:

431 4003 499 4053 ut
525 4001 629 4052 aut
658 3998 810 4052 Deus
841 3995 953 4051 sibi
983 3999 1267 4050 constans
1297 4008 1508 4047 omnes
1555 3991 1945 4062 interimeret,
1966 4002 2078 4081 .aut

504 4111 552 4147 7°
582 4113 717 4167 Luc.
749 4127 839 4177 xv,
873 4110 927 4176 5,
959 4113 1015 4166 5.

433 4185 493 4239 in
521 4184 771 4254 Paratyt.
804 4198 864 4236 ιι.
892 4185 976 4254 ll.
1079 4180 1123 4215 ⁷⁸
1149 4180 1401 4254 ϐειιιιᾼν,
1437 4181 1485 4254 1Σ

435 4256 623 4312 11-14.
700 4252 774 4288 ‘79
804 4252 977 4309 Hebr.
1038 4254 1215 4321 x,19,
1273 4252 1360 4304 20.

430 4342 554 4398 sup.
586 4341 644 4380 n.
677 4327 731 4381 2.

507 4446 581 4513 (1)
614 4444 811 4500 Messui
838 4441 1121 4511 myrrham
1148 4455 1343 4513 meam.
1368 4437 1534 4505 Quod
1554 4438 1966 4513 testimonium
1988 4442 2085 4499 hic

433 4516 619 4573 refert
646 4515 721 4571 ad
753 4515 1122 4584 myrrhatum
1171 4512 1396 4584 vinum,
1455 4516 1568 4566 cat.
1603 4512 1691 4579 14,
1751 4526 1812 4568 n.
1875 4516 1960 4580 11,
1995 4528 2086 4569 ac-

435 4587 780 4645 commodat
810 4584 1143 4656 sepulturm
1164 4583 1400 4638 Christi.

506 4663 586 4729 (2)
617 4657 824 4714 Ἦλθον
860 4653 894 4710 ὅ
946 4654 1278 4729 ποιμαίνων,
1338 4661 1448 4729 etc.
1483 4670 1495 4707 :
1553 4653 1694 4729 Yem'
1724 4655 1849 4729 _qui
1897 4670 2085 4729 pasco.

437 4725 541 4789 llic
572 4725 631 4786 et
659 4730 814 4786 infra
843 4728 1009 4797 male,
1030 4725 1092 4784 in
1124 4726 1281 4784 Coisl
1308 4767 1322 4788 ,
1358 4728 1519 4797 Reg.,
1553 4725 1693 4785 Boe.
1713 4725 1960 4780 Casaub.
1986 4728 2084 4783 Οι-

436 4802 559 4859 tob.
597 4807 656 4858 et
685 4802 885 4868 Grod.,
930 4796 1148 4867 Ἦλθεν,
1208 4798 1383 4853 tertia
1440 4796 1715 4868 persona,
1777 4797 1937 4851 Venit
1990 4800 2089 4867 qui

432 4876 632 4944 poscit.
654 4879 793 4935 etc.,
815 4889 949 4928 cum
972 4878 1179 4944 auctor
1199 4884 1535 4944 sermonem
1560 4867 1621 4921 in
1646 4884 1902 4944 persona
1919 4868 2082 4924 Chri-

442 4938 515 4998 sti
535 4945 858 5016 continuet.
887 4944 989 5016 Ubi
1013 4941 1574 5016 legebat_ur,m‘,no:¢,
1599 4938 1925 5016 posuimus,
1963 4959 2084 5016 κρι-

441 5032 578 5081 νοις,
610 5021 669 5069 et
700 5014 826 5069 loco
858 5012 1099 5079 κρίνοις,
1138 5013 1506 5084 scripsimus,
1555 5012 1779 5078 κήποις.
1812 5028 1884 5084 ex
1913 5012 2083 5067 codd.

398 5092 405 5095 “
443 5083 646 5150 Coisl.,
677 5084 864 5156 Colb.,
896 5087 1033 5153 Reg.
1068 5090 1126 5140 et
1154 5083 1525 5156 Gro’d.’juxta
1544 5098 1785 5156 sensum
1812 5083 2081 5156 cantico-

440 5172 575 5214 rum
607 5155 929 5227 testimonii
965 5156 1057 5211 hic
1083 5172 1117 5211 a
1165 5153 1383 5227 Cyrillo
1442 5154 1715 5227 respecti.
1749 5153 1932 5227 Codd.
1968 5158 2086 5212 Hoc

445 5234 504 5284 et
534 5226 782 5282 Casaub.
825 5226 1140 5299 utrobique
1170 5225 1456 5299 scriptum
1480 5226 1703 5299 _ferunt,
1734 5225 1957 5294 κήποις.

509 5300 585 5366 (3)
615 5300 804 5363 Κῆπον
860 5318 984 5368 μου.
1046 5297 1210 5353 111ηά
1265 5317 1371 5368 μου
1424 5297 1752 5368 adjecimus
1810 5312 1882 5353 ex
1910 5297 2081 5355 codd.

436 5370 642 5434 Coisl.,
662 5369 850 5444 Colb.,
883 5372 1020 5444 Reg.
1046 5369 1231 5444 (Grod,
1263 5375 1321 5444 e_t
1349 5385 1517 5444 sacro
1541 5375 1723 5423 textu.

505 5444 580 5515 (4)
610 5440 842 5508 Χριστὸς
867 5438 995 5515 γάρῖ
1040 5441 1401 5515 _Particulam
1443 5438 1547 5515 γάρ
1598 5439 1984 5515 ascripsimus
2016 5456 2085 5498 ex

430 5507 631 5575 οοῑει..
656 5515 829 5586 Πρω,
855 5507 993 5577 Roe,
1027 5512 1274 5586 Casaub.
1310 5507 1487 5586 Grod'.
1519 5507 1701 5586 'Loco_
1738 5507 2082 5581 μελλόντων,

429 5587 601 5644 codd.
637 5581 836 5643 Coisl..
859 5587 1021 5659 Reg,
1044 5583 1222 5659 col_b_.,
1256 5586 1394 5659 Hoc.
1422 5581 1896 5659 Casauhferunt,
1928 5601 2084 5659 γενοτ

432 5659 630 5731 μένων,
660 5652 971 5727 factorum:
992 5653 1152 5728 quod
1173 5655 1237 5710 in
1268 5654 1473 5711 multis
1525 5652 1663 5709 Novi
1723 5652 2084 5712 Testamenti

1100 4106 1141 4143 ⁷¹
1179 4107 1338 4162 Psal.
1406 4121 1599 4168 vam,
1660 4105 1781 4160 176.
1858 4106 1907 4142 ⁷²
1965 4111 2102 4169 Luc.
2161 4112 2435 4179 xxm,42.

1103 4180 1314 4231 ‘Cant.
1346 4195 1401 4231 ν.
1437 4181 1485 4231 1.
1589 4174 1635 4210 ⁷⁵
1660 4178 1829 4231 Joan.
1893 4198 2007 4231 XIX-
2068 4186 2157 4231 41-
2263 4181 2310 4218 ⁷⁸
2336 4187 2435 4231 Car

1473 4218 1485 4232 .
1590 4186 1635 4210 "°
1660 4186 1829 4234 Joan.
1893 4198 2008 4249 xxx,
2068 4186 2158 4242 41.

1464 4247 1513 4283 ⁸ο
1565 4249 1765 4304 Matth.
1826 4268 2002 4324 xxvn,
2053 4258 2142 4311 51.

2182 1847 2339 1922 τέρας
2409 1852 2614 1917 σκηνῆς
2644 1890 2658 1917 ,
2734 1845 2801 1901 οὐ
2889 1848 3288 1922 χειροποιήτου
3369 1845 3664 1907 (τουτέστιν
3696 1895 3712 1922 ,
3768 1848 3832 1904 ού

2181 1935 2382 2007 ταύτης
2439 1943 2542 2006 τῆς
2594 1935 2921 2009 κτίσεως),
3007 1933 3132 1991 ούδὶ
3198 1932 3270 1991 δι’
3321 1935 3555 2010 α’ίματος
3608 1939 3828 2014 τράγων

2181 2024 2271 2080 καὶ
2335 2025 2561 2101 μόσχων
2596 2044 2610 2059 ο
2692 2022 2784 2080 διὰ
2832 2022 2889 2079 δὲ
2945 2028 3042 2080 τοῦ
3088 2021 3234 2080 ἱδίου
3286 2023 3521 2099 α’ίματος
3577 2026 3830 2097 εἰσῆλθεν

2184 2113 2389 2192 ἐφάπαξ
2443 2114 2521 2175 εἶς
2576 2114 2644 2169 τὰ
2700 2116 2828 2190 ἅγια
2861 2158 2875 2184 ,
2967 2112 3191 2169 αἶ’ωνίαν
3270 2113 3539 2190 λύτρωσιν
3593 2117 3832 2191 εὑράμε-

2183 2224 2274 2266 νος
2305 2206 2403 2277 (5).
2455 2202 2521 2262 Εἰ
2575 2203 2676 2280 γὰρ
2732 2205 2797 2259 τὸ
2853 2204 2988 2277 αἷμα
3031 2203 3245 2279 ταύρων
3303 2203 3395 2259 καὶ
3443 2205 3686 2280 τράγων,
3744 2207 3837 2261 καὶ

2186 2290 2386 2356 σποδὸς
2473 2289 2766 2366 δαμάλεως
2849 2291 3172 2368 ῥαντίζουσα
3274 2291 3403 2356 τοὺς
3495 2296 3836 2369 κεκοινωμέ-

2184 2403 2308 2445 νους
2340 2425 2355 2453 ,
2415 2383 2625 2457 ἁγιάζει
2682 2382 2820 2458 πρὸς
2874 2383 2975 2450 τήν
3028 2389 3128 2452 τῆς
3180 2382 3378 2455 σαρκὸς
3434 2385 3785 2461 καθαρότητα
3818 2407 3833 2422 ·

2184 2474 2339 2547 πόσῳ
2393 2471 2607 2548 μᾶλλον
2665 2473 2731 2528 τὸ
2783 2475 2923 2546 αἷμα
2975 2476 3074 2527 τοῦ
3124 2473 3409 2546 Χριστοῦς
3476 2475 3568 2529 καὶ
3624 2474 3833 2530 πάλιν·

2183 2566 2446 2639 Ἔχοντες
2501 2563 2592 2619 οῦν
2628 2605 2643 2632 ,
2705 2559 2982 2638 ἀδελφοὶ,
3031 2560 3338 2639 παῤῥησίαν
3395 2563 3472 2628 εἰς
3553 2565 3654 2634 τὴν
3721 2563 3841 2621 εἵσ-

2187 2650 2310 2709 οὸον
2367 2657 2475 2708 τῶν
2524 2651 2690 2728 ἆγίων
2725 2650 2777 2707 ἐν
2807 2655 2888 2725 τῷ
2946 2648 3134 2724 α’ίματι
3185 2652 3389 2723 Ἰησοῦ,
3448 2653 3517 2722 ἣν
3572 2653 3837 2709 ἑνεκαίνιυ

2187 2763 2271 2798 σεν
2303 2744 2439 2814 ἡμῖν
2482 2739 2608 2797 ὁδὸν
2669 2741 2978 2818 πρόσφατον
3033 2739 3125 2795 καὶ
3186 2745 3381 2812 ζῶσαν,
3439 2739 3531 2797 διὰ
3578 2746 3677 2798 τοῦ
3734 2764 3837 2799 κα-
3894 2726 3903 2733 ’

2181 2833 2617 2904 ταπετάσματος,
2673 2832 2919 2885 τουτέστι
2994 2836 3099 2900 τῆς
3171 2831 3369 2905 σαρκὸς
3457 2831 3622 2887 αὐτοῦ
3652 2875 3664 2887 .
3725 2834 3836 2890 Καὶ

2185 2917 2375 2989 ἐπειδὴ
2432 2922 2466 2989 ἡ
2528 2919 2654 2995 σὰρξ
2713 2918 2897 2989 αὐτοῦ,
2955 2919 3018 2974 τὸ
3073 2919 3482 2993 καταπέτασμα,
3526 2922 3832 2995 ἡτιμάσθη·

2185 3005 2276 3064 διὰ
2304 3013 2484 3078 τοῦτο,
2515 3008 2578 3063 τὸ
2625 3004 3011 3081 καταπέτασμα
3042 3013 3117 3082 (6)
3166 3011 3264 3063 τοῦ
3310 3013 3441 3064 ναοῦ
3495 3010 3560 3065 τὸ
3604 3010 3833 3066 τυπικὸν

2189 3096 2529 3175 διερῥήξατο,
2592 3096 2772 3162 καθὼς
2828 3097 3151 3172 γέγραπται’
3210 3098 3313 3154 Καὶ
3372 3096 3494 3154 ἲδοῦ
3549 3100 3612 3155 τὸ
3669 3120 3839 3156 κατα-

3467 3188 3574 3243 ἀπὸ
3629 3187 3837 3245 ἄνωθεν

2187 3274 2290 3340 ἕως
2341 3276 2511 3333 κάτωο
2570 3273 2697 3331 οὐδέ
2769 3276 2870 3351 γὰρ
2950 3274 3136 3350 ὀλίγον
3212 3276 3382 3332 αὐτοῦ
3454 3276 3837 3355 περιελείφθη.

2254 3365 2484 3436 Ἐπειδή
2516 3368 2621 3442 γὰρ
2652 3366 2681 3420 ὁ
2712 3364 2986 3434 Δεσπότης
3027 3367 3198 3437 εἴπεν,
3260 3362 3404 3420 Ἰδοὺ
3463 3365 3673 3443 ἀφίεται
3706 3368 3837 3440 ὑμῖν

2187 3460 2215 3514 ὁ
2248 3456 2397 3519 οἶκος
2429 3457 2582 3529 ὑμῶν
2606 3449 2701 3529 ἔρη
2713 3474 2837 3527 μος,
2864 3455 2893 3509 ὁ
2921 3453 3072 3516 οἶκος
3098 3453 3512 3530 περιεῤῥήξατο.

2256 3547 2374 3603 Al“.
2409 3543 2686 3617 Ὑπὲμεινε
2724 3541 2783 3599 δὶ
2834 3546 3002 3598 ταῦτα
3055 3543 3083 3597 ὁ
3143 3544 3362 3619 Σωτὴρ,
3412 3543 3839 3616 εἰρηνοποιήσας

2187 3635 2276 3692 διὰ
2303 3639 2400 3692 τοῦ
2430 3633 2660 3709 α’ίματος
2688 3637 2785 3688 τοῦ
2816 3636 3050 3707 σταυροῦ
3069 3635 3139 3688 τὰ
3163 3633 3216 3688 ἐν
3251 3633 3505 3711 οὐρανοῖς
3526 3635 3619 3698 καὶ
3647 3635 3717 3691 τὰ
3746 3634 3841 3690 ἐπὶ

2185 3729 2310 3801 γῆς.
2342 3722 2570 3799 Ἐχοροὶ
2601 3723 2705 3799 γὰρ
2735 3722 2874 3796 ἦμεν
2936 3726 3072 3777 Θεοῦ
3129 3721 3201 3778 δι’
3254 3724 3544 3799 ἁμαρτίας,
3576 3724 3667 3779 καὶ
3698 3720 3834 3801 ὥρια

2187 3837 2271 3871 σεν
2306 3816 2334 3872 ὁ
2364 3814 2492 3876 Θεὸς
2548 3813 2638 3868 τὸν
2693 3810 3074 3885 ἁμαρτάνοντα
3127 3811 3510 3884 ἀποθνήσκειν.
3559 3810 3706 3870 Ἔδει
3739 3811 3832 3869 οῦν

2182 3904 2239 3962 ἓν
2274 3904 2333 3961 ἐκ
2360 3908 2466 3959 τῶν
2502 3900 2597 3958 δύο
2623 3902 2865 3976 γενέσθαι
2894 3907 2988 3969 (7)·
3036 3902 3071 3970 ἢ
3104 3899 3444 3972 ἀληθεύοντα
3474 3902 3602 3959 Θεὸν
3634 3903 3846 3967 πάντας

2187 3992 2396 4050 ἀνελεῖν
2429 4037 2444 4064 ,
2474 3991 2510 4061 ἢ
2544 3989 3127 4070 φιλανθρωπευόμενον
3187 3989 3496 4066 παραλῦσαι
3538 3992 3639 4062 τὴν
3705 3992 3852 4047 ἁπό-

2539 4107 2586 4144 ⁷⁸
2621 4109 2747 4164 Vid.
2807 4114 2922 4163 cat.
2988 4108 3075 4172 14,
3108 4124 3167 4163 ιι.
3222 4112 3253 4162 5
3312 4116 3371 4164 et
3423 4113 3509 4177 11,
3567 4116 3620 4165 et
3678 4114 3839 4179 Hom,

2263 4181 2310 4218 ⁷⁸
2336 4185 2501 4239 Cant.
2560 4198 2614 4235 v.
2653 4184 2702 4235 1.
2804 4179 2847 4214 ⁷⁷
2905 4179 3052 4250 Joan
3085 4197 3200 4247 xxx,
3261 4181 3347 4235 30.
3448 4179 3496 4215 ⁷⁸
3553 4181 3729 4237 Hebr.
3766 4199 3844 4250 lx,

2254 4254 2297 4292 ⁸1
2333 4252 2532 4310 Matth.
2582 4268 2744 4318 χχιιι,
2785 4252 2873 4306 38.
2981 4249 3031 4284 ⁸³
3058 4250 3281 4307 Coloss.
3314 4269 3357 4319 ι,
3406 4255 3494 4309 ιο.
3597 4251 3646 4287 ⁸³
3708 4252 3849 4309 Vide

2122 4447 2163 4513 Ι)
2196 4443 2501 4514 codicibus
2527 4440 2777 4514 reperiri
2810 4444 2979 4495 notat
3005 4439 3408 4514 Jo‘h._Millius.

2267 4516 2342 4585 (5)
2401 4509 2637 4570 Αίωνίᾰν
2698 4509 2970 4585 λύτρωσιν
3029 4509 3342 4585 εύρᾴμενος.
3398 4514 3483 4568 Ea
3541 4512 3721 4569 verba
3777 4530 3853 4570 ex

2196 4582 2364 4643 codd.
2397 4586 2596 4651 Coisl.,
2621 4582 2782 4656 Golb.
2805 4582 2872 4639 et
2900 4585 3036 4656 Reg.
3066 4582 3418 4656 adjecimus.

2266 4661 2340 4729 (6)
2373 4657 2446 4712 Τὸ
2477 4654 2888 4729 καταπέτασμα,
2903 4654 3009 4729 _etc
3064 4655 3255 4729 Locus
3279 4656 3458 4729 hicin
3492 4670 3632 4729 mss.
3669 4655 3842 4712 codd.

2196 4725 2483 4800 inversus
2513 4726 2826 4799 reperitur.
2859 4725 2953 4781 Sic
2983 4732 3072 4800 est
3101 4726 3183 4800 _in
3231 4728 3413 4800 Cois_l._
3440 4733 3507 4800 et
3530 4728 3676 4800 Ριειεζ.Δ
3702 4729 3841 4798 Roe,

2194 4801 2256 4854 τὸ
2287 4793 2674 4866 καταπέτασμα
2704 4800 2801 4850 τοῦ
2830 4799 2962 4849 ναοῦ
2978 4794 3214 4866 ἐσχίσθη
3248 4795 3325 4861 είς
3354 4793 3451 4851 δύο
3484 4797 3591 4852 ἀπὸ
3615 4793 3841 4866 ’ἄνωθεν

2194 4814 2256 4854 το
2287 4814 2674 4887 καταπετασμα
2704 4816 2801 4850 του
2830 4817 2962 4849 ναου
2988 4814 3012 4850 ε
3097 4814 3214 4866 ισθη
3248 4814 3325 4861 εις
3354 4814 3451 4851 ουο
3484 4816 3591 4852 απο
3638 4814 3841 4861 ανωθεν

2193 4867 2303 4944 ἕως
2325 4873 2495 4944 κάτω.
2555 4873 2628 4927 To
2668 4814 3313 4944 _1ujttxv‘gvn8zgﬁﬁrco,
3369 4867 3554 4944 καθὼς
3609 4865 3841 4942 εἴρηται·

2196 4940 2321 5018 οὐδὲ
2349 4942 2475 5018 γάρ,
2508 4949 2619 5018 etc.
2653 4941 2793 5018 _Co_d_.
2844 4940 3007 5018 Colb.
3057 4940 3249 5018 habet
3276 4941 3399 4998 fere
3427 4948 3496 5018 _ut
3538 4941 3612 5018 in.
3657 4940 3842 5018 textu.

2195 5011 2445 5071 Tantum
2477 5013 2698 5070 omittit
2723 5012 2841 5086 hic,
2892 5011 2955 5086 τὸ
2996 5012 3252 5086 τυπικόν,
3276 5013 3445 5086 _quod
3478 5012 3647 5086 ponit
3692 5014 3847 5086 infe-

2194 5088 2318 5143 rius
2350 5086 2676 5160 postmitgo,
2708 5083 2811 5139 ubi
2858 5083 2974 5160 si_c__
2994 5084 3205 5160 habet:
3236 5078 3552 5139 τὸ’τυπι›ἐὸν
3609 5078 3840 5160 διερῥήο-

2195 5150 2555 5231 ξατο,ἰιαβὼς
2584 5150 2818 5231 ᾕρηται.
2849 5150 3141 5231 υύδὶμγᾶρ,
3175 5160 3287 5231 etc.

2265 5233 2336 5302 (7]
2368 5226 2517 5285 Ἔδει
2549 5222 2646 5302 οῦν
2674 5222 2724 5302 tv
2753 5223 2818 5302 tit
2856 5230 2965 5302 τῶν
2997 5222 3100 5302 δύο
3128 5222 3408 5302 γενεσθαι.
3442 5230 3528 5282 Ita
3562 5225 3843 5302 irestitpi-

2193 5298 2333 5358 mus
2360 5318 2429 5358 ex
2459 5300 2631 5358 codd.
2664 5298 2884 5357 Ottob..
2920 5299 3121 5364 CoisL,
3153 5300 3294 5355 Colb
3326 5341 3340 5365 ,
3376 5301 3512 5367 Reg.
3560 5301 3701 5360 Roe.
3734 5298 3843 5353 Ca-

2196 5375 2362 5429 saub.
2397 5373 2600 5429 addita
2630 5388 2698 5426 ex
2736 5369 2911 5426 editis
2967 5371 3388 5442 praepositione
3445 5369 3525 5424 ἐιι.
3558 5369 3748 5442 aliter
3777 5369 3840 5442 in

2195 5446 2506 5518 editisper
2533 5437 3198 5518 interrogationemet
3217 5438 3308 5518 οὖν
3339 5438 3536 5518 ἐκτῶν
3568 5437 3664 5493 δῦο
3694 5438 3839 5518 γενὲς

2194 5526 2313 5579 σθαι
2349 5513 2455 5570 ἔδει
2490 5533 2504 5571 :
2537 5516 2824 5582 Quodnam
2855 5513 3035 5583 igitur
3062 5530 3133 5569 ex
3161 5513 3367 5570 duobus
3395 5514 3519 5584 ﬁeri
3548 5514 3793 5583 oportuit
3811 5513 3844 5566 ?

2196 5595 2256 5644 at
2272 5589 2440 5645 nulla
2460 5588 2535 5643 ad
2557 5586 3081 5659 interrogationem
3099 5585 3416 5659 responsio
3430 5584 3835 5659 subsequitur.

2195 5660 2330 5719 Sola
2354 5665 2636 5719 accentus
2664 5652 2988 5718 mutations
3019 5658 3104 5716 sic
3130 5652 3371 5733 recepta
3400 5655 3579 5715 lectio
3608 5652 3843 5713 restitui
