4138 6264
1298 64 1305 65 ί
1346 60 1351 61 ⁷
1482 74 1485 75 ν
1514 62 1585 75 ,θ’
1600 58 1699 69 νοι⁶ᾉ
2243 69 2326 77 _____.
2343 71 2374 74 ._
2395 67 2540 74 -a—......
2593 65 2666 70 .._.

352 461 471 522 813

955 454 1436 517 CATECHESIS
1481 454 1642 515 XIlI.
1691 455 1790 514 DE
1831 454 2174 518 CHRISTO
2220 457 2647 519 CRUCIFIXO
2693 458 2794 516 El‘
2839 453 3223 516 SEPULTO.

3651 455 3768 516 814

354 614 534 674 φασιν.
566 591 742 650 Ἀλλά
801 591 970 669 βλέπε
1026 595 1160 647 Θεοῦ
1219 589 1424 669 σοφίανο
1479 589 1742 665 ἐτήρησεν
1783 590 1873 645 καὶ
1931 594 1999 664 τῇ

2125 593 2436 650 :lementia
2464 609 2610 648 usus
2642 592 2839 647 datam
2876 590 3232 645 sententiam
3265 589 3633 647 dissolveret.
3660 591 3771 649 Ve-

355 687 620 762 ἀποφάσει
652 683 752 752 τὴν
785 682 1068 753 ἀλήθειαν,
1099 681 1189 735 καὶ
1221 685 1288 753 τῇ
1323 681 1704 756 φιλανθρωπίᾳ
1731 681 1830 749 τήν
1856 678 2000 749 ἐνέρ-

352 796 521 851 γειαν.
547 767 813 830 Ἀνὲλαόε
841 771 1071 840 Χριστὸς
1100 772 1195 833 τὰς
1227 768 1494 845 ἁμαρτίας
1553 769 1604 825 ἓν
1661 774 1740 842 τῷ
1791 771 2005 842 σώματι

355 864 444 920 ἐπὶ
470 864 533 918 τὸ
567 862 754 933 ξύλον,
809 863 903 916 ἳνα
963 858 1055 916 διὰ
1103 864 1201 916 τοῦ
1255 860 1480 924 θανάτου
1531 862 1610 933 (1)
1670 859 1832 915 αὖτοῦ
1887 864 2008 924 ταῖς

357 951 830 1028 ἁμαρτίαις-ἡμεῖς
855 949 1276 1024 ἀπογενόμενοι,
1332 953 1400 1022 τῇ
1460 946 1776 1023 δικαιοσύνῃ
1827 949 2008 1019 ζήσω-

360 1041 591 1116 μεν.οὀ
651 1042 844 1115 μικρὸς
891 1039 960 1109 ἦν
1017 1041 1045 1095 ὁ
1107 1040 1606 1114 ὕπεραποθνήσκων
1667 1041 1847 1110 ἡμῶνο
1909 1037 2008 1093 οὐκ

355 1132 422 1202 ἦν
451 1125 727 1207 πρόϐατον
761 1129 1038 1199 αἰσθητόν·
1073 1127 1173 1183 οὐκ
1228 1127 1294 1196 ἧν
1350 1125 1515 1201 ψιλὸς
1563 1126 1870 1200 ἄνθρωπος·
1904 1127 2007 1181 οὐκ

355 1223 422 1291 ἦν
456 1217 690 1296 ἅγγελος
725 1219 911 1291 μόνον,
941 1215 1090 1272 ἀλλά
1120 1216 1250 1278 Θεὸς
1307 1215 1747 1290 ἐνανθρωπτςσας.
1807 1217 1884 1273 O6
1915 1237 2006 1270 το-

358 1310 527 1379 σαύτη
558 1312 625 1379 ἦν
653 1313 762 1364 τῶν
785 1310 1131 1383 ἁμαρτωλῶν
1161 1309 1196 1376 ἠ
1247 1305 1470 1379 ἀνομία,
1531 1306 1631 1375 ὅση
1688 1310 1785 1362 τοῦ
1845 1306 2004 1381 ὑπερο

358 1401 804 1469 αποθνήσκοντος
827 1399 862 1468 ἡ
897 1395 1238 1467 δικαιοσύνη·
1273 1395 1335 1451 06
1363 1400 1624 1451 τοσοῦτον
1657 1397 2004 1468 ἡμάρτομεν,

360 1490 482 1547 ὅσον
517 1487 1001 1564 ἐδικαιοπράγησεν
1055 1489 1084 1543 ὁ
1113 1489 1211 1557 τήν
1240 1488 1425 1562 ψυχήν
1461 1487 1590 1562 ὑπὲρ
1640 1489 1802 1560 ἡμῶν
1833 1489 2007 1542 τεθει-

357 1584 494 1650 κώς,
526 1581 554 1635 ὁ
610 1579 866 1643 τεθεικὼς
931 1578 1019 1634 ὅτε
1067 1576 1253 1647 ἤθελε,
1313 1577 1402 1632 καὶ
1450 1577 1614 1633 πάλιν
1677 1572 1863 1633 λαϐὼν
1918 1579 2007 1634 ὅτε

357 1669 542 1741 ἤθελε.
579 1669 674 1724 Καὶ
708 1667 885 1733 θέλεις
940 1670 1164 1743 γνῶναι,
1220 1668 1304 1722 ὅτι
1337 1666 1397 1722 οὗ
1433 1667 1746 1744 βιοσφαγῶς
1778 1667 2005 1731 ἀπέθετο

357 1766 457 1829 τήν
492 1758 661 1829 ζωὴν,
695 1754 819 1811 οὐδὲ
849 1755 1113 1817 ἀκουσίως
1146 1752 1425 1831 παρέδωκε
1452 1755 1515 1809 τὸ
1546 1758 1797 1827 πνεῦμας
1833 1760 2004 1829 Προσ-

359 1849 551 1926 εφώνει
608 1849 688 1917 τῷ
741 1845 931 1920 Πατρὶ,
991 1843 1191 1919 λὲγων·
1256 1845 1453 1917 Πάτερ,
1511 1842 1588 1906 εἷς
1661 1843 1852 1916 χεῖράς
1909 1864 2006 1898 σου

2115 700 2248 739 rum
2282 685 2383 739 Dei
2419 684 2776 756 sapientiam
2805 681 3150 752 conspicare
3179 697 3192 736 :
3227 697 3395 736 suam
3427 683 3678 738 servavit
3708 687 3769 739 et

2117 775 2431 829 sententias
2464 775 2828 835 firmitatem,
2861 777 2920 826 et
2949 770 3197 825 bonitati
3257 771 3602 829 efﬁcaciam.
3655 777 3766 831 As-

2119 864 2374 934 sumpsit
2397 864 2664 918 Christus
2697 866 2938 934 peccata
2970 861 3030 915 in
3062 877 3309 932 corpore
3339 862 3489 932 (suo)
3504 863 3768 935 superli-

2115 969 2317 1022 gnum,
2350 957 2419 1007 ut
2444 969 2554 1007 nos
2585 968 2693 1022 per
2721 955 2974 1005 mortem
3007 950 3135 1021 ejus
3158 951 3416 1020 peccatis
3435 953 3769 1023 mortui,ju-

2118 1041 2290 1095 stitia;
2317 1042 2650 1095 viveremus
2679 1039 2749 1096 ⁸⁴.
2788 1041 2912 1094 Non
2963 1039 3196 1093 minimi
3251 1039 3426 1110 pretii
3485 1045 3614 1094 erat
3665 1041 3769 1113 qui

2114 1147 2221 1201 pro
2245 1129 2418 1185 nobis
2449 1129 2816 1184 moriebatur
2849 1144 3006 1183 :non
3061 1133 3187 1183 erat
3240 1129 3361 1183 ovis
3416 1129 3718 1185 sensibilis
3752 1148 3766 1186 :

2116 1237 2238 1275 non
2273 1225 2397 1274 erat
2429 1218 2625 1274 nudus
2648 1219 2860 1273 homo:
2885 1234 3006 1272 non
3039 1223 3165 1274 erat
3196 1218 3567 1274 solummodo
3590 1236 3768 1292 ange-

2115 1308 2210 1364 lus
2238 1308 2303 1376 ⁸⁵,
2331 1308 2432 1364 sed
2466 1310 2620 1363 Deus
2653 1308 3100 1362 inhumanatus.
3136 1308 3261 1363 Non
3283 1313 3448 1363 tanta
3479 1314 3605 1365 erat
3625 1326 3765 1381 pec-

2115 1398 2379 1453 cantium
2413 1398 2718 1469 iniquitas,
2752 1402 2974 1468 quanta
3006 1397 3134 1468 ejus
3181 1398 3282 1468 qui
3339 1399 3528 1452 nostri
3579 1400 3768 1472 gratia

2115 1486 2481 1542 moriebatur
2485 1487 2508 1557 j
2520 1486 2749 1541 ustitia:
2769 1502 2889 1541 non
2923 1492 3150 1540 tantum
3182 1487 3769 1558 peccavimus.quan-

2116 1581 2240 1631 tum
2272 1575 2374 1630 ille
2401 1575 2637 1647 justitia
2667 1574 2946 1630 excelluit
2978 1576 3076 1646 qui
3137 1592 3242 1646 pro
3301 1575 3473 1630 nobis
3504 1577 3764 1633 animam

2116 1665 2343 1737 posuit:
2366 1665 2466 1735 qui
2501 1665 2699 1736 posuit
2719 1664 2956 1736 quando
2981 1663 3251 1728 voluit,et
3271 1665 3488 1719 iterum
3512 1668 3768 1738 sumpsit

2116 1753 2357 1826 quando
2389 1753 2573 1808 voluit
2594 1751 2718 1809 3‘.”
2751 1753 2846 1808 Vis
2877 1769 3054 1808 nosse
3092 1753 3249 1824 quod
3276 1770 3395 1808 non
3419 1757 3765 1811 coacteacvi

2114 1845 2292 1899 vitam
2325 1843 2569 1914 deposui
2581 1848 2822 1914 t,neque
2836 1843 3053 1898 invitus
3066 1843 3311 1898 tradidit
3331 1845 3604 1916 spiritum
3619 1847 3647 1901 ?
3662 1848 3766 1901 In-

357 1935 726 2012 παρατίθεμαι
770 1938 847 2007 (2)
899 1935 960 1988 τὸ
1017 1934 1231 2006 τινεῦμά
1293 1951 1418 2004 μουο
1477 1932 1860 2008 παρατίθεμαι,
1913 1929 2007 1986 ’ἱνα

2125 1933 2391 1990 clamavit
2412 1933 2484 1988 ad
2517 1935 2750 1988 Patrem
2785 1933 2991 1988 dicens
3018 1949 3030 1986 :
3058 1955 3085 1983 «
3109 1934 3370 1992 Pater.in
3403 1951 3614 1990 manus
3638 1941 3769 1992 tuas

358 2024 526 2081 πάλιν
552 2025 684 2080 αὐτὸ
710 2018 886 2080 Adiit».
922 2023 1015 2078 Καὶ
1049 2026 1218 2077 ταῦτα
1250 2022 1439 2085 εἰπὼν,
1470 2023 1647 2099 ἀφῆκε
1670 2021 1732 2076 τὸ
1765 2025 1997 2092 πνεῦμαο

361 2115 487 2172 ἀλλ’
521 2114 619 2170 οὐκ
649 2112 733 2169 ἐπὶ
761 2112 960 2185 πολλῷ
988 2117 1067 2185 τῷ
1098 2113 1309 2188 χρόνῳ,
1339 2111 1554 2187 ταχέως
1580 2113 1681 2188 γάρ
1716 2111 1776 2167 ἐκ
1794 2115 1999 2187 νεκρῶν

360 2205 552 2275 ἀνέστη
573 2202 758 2262 πάλιν.

431 2389 549 2441 AA’.
585 2381 916 2454 Ἐξὲλιπενὸ
965 2379 1154 2453 ἥλιος,
1209 2380 1300 2437 διά
1350 2382 1442 2438 τὸν
1497 2387 1596 2452 τῆς
1653 2377 2006 2452 δικαιοσύνης

355 2470 543 2542 ἥλιον·
575 2471 764 2546 πέτραι
822 2469 1174 2541 ἐσχίσθησαν,
1233 2469 1326 2526 διὰ
1373 2472 1472 2540 τὴν
1521 2472 1726 2540 νοητὴν
1785 2480 2005 2546 πὲτρανο

360 2563 621 2635 μνήματα
648 2561 909 2636 ἠνεῴχθη
943 2561 1032 2615 καὶ
1070 2561 1253 2632 νεκροὶ
1303 2559 1618 2631 ἂνὲστησαν,
1679 2557 1769 2615 διὰ
1797 2561 1888 2615 τὸν
1952 2561 2004 2616 ἐν

355 2654 571 2725 νεκροῖς
621 2647 923 2722 ἐλεύθερον·
1009 2647 1348 2722 ἐξαπέστειλε
1403 2646 1658 2722 δεσμίους
1725 2649 1893 2704 αὐτοῦ
1951 2648 2010 2706 ἐκ

357 2741 567 2799 λάκκου
599 2741 702 2795 οὐκ
731 2737 960 2814 ἔχοντος
989 2733 1158 2810 ὕδωρ.
1195 2737 1284 2806 Μὴ
1315 2736 1494 2792 τοίνυν
1549 2735 1885 2813 ἑπαισχύνου
1914 2739 2005 2793 τὸν

357 2829 788 2906 ἐσταυρωμένον,
813 2825 958 2883 ἀλλά
989 2825 1365 2902 παρρησιάζου
1425 2825 1604 2901 λὲγων
1661 2827 1751 2881 καὶ
1823 2826 2004 2890 αὐτός’

355 2921 532 2982 Οὗτος
586 2918 682 2982 τάς
724 2916 989 2992 ἁμαρτίας
1043 2918 1202 2988 ἡμῶν
1263 2916 1433 2993 φέρει,
1487 2915 1580 2970 καὶ
1668 2917 1792 2991 περὶ
1849 2919 2010 2989 ἡμῶν

359 3006 612 3066 ὀδυνᾶται
669 3009 766 3077 (3),
824 3006 915 3060 καὶ
971 3009 1053 3078 τῷ
1105 3003 1344 3078 μώλωπι
1401 3005 1566 3060 αὐτοῦ
1621 3007 1789 3078 ἡμεῖς
1852 3005 2012 3076 ἰάθη-

360 3120 479 3174 μεν·
543 3099 620 3171 μὴ
678 3097 1139 3173 ἀχαριστήσωμεν
1205 3099 1286 3166 τῷ
1329 3094 1608 3170 εὐεργέτῃ·
1669 3094 1761 3150 καὶ
1819 3094 2007 3150 πάλινο

352 3191 490 3248 Ἀπὸ
528 3194 637 3245 τῶν
693 3189 935 3260 ἀνομιῶν
987 3190 1086 3242 τοῦ
1144 3183 1281 3240 λαοῦ
1340 3207 1445 3259 μου
1500 3188 1654 3262 ἢχθη
1714 3185 1790 3249 εἰς
1850 3187 2013 3250 θάνα-

353 3299 471 3336 τον’
530 3279 619 3334 καὶ
694 3276 854 3333 δώσω
931 3275 1060 3339 τοὺς
1135 3278 1412 3352 πονηροὺς
1470 3275 1587 3330 ἀντὶ
1671 3283 1774 3345 τῆς
1832 3282 2007 3352 ταφῆς

358 3371 545 3437 αὐτοῦ,
603 3368 690 3422 καὶ
750 3366 876 3428 τοὺς
928 3365 1228 3428 πλουσίους
1307 3365 1424 3420 ἀντὶ
1471 3370 1568 3421 τοῦ
1626 3366 1854 3429 θανάτου
1909 3364 2008 3420 αὐ-

354 3463 473 3515 τοῦ.
509 3458 606 3512 Διά
632 3456 796 3512 τοῦτο
823 3456 1005 3532 σαφῶς
1035 3453 1184 3530 λέγει
1243 3456 1271 3510 ὁ
1330 3452 1573 3517 Παῦλος·
1618 3455 1740 3512 Ὀτι
1777 3453 2012 3527 Χριστὸς

356 3547 617 3612 ἀπέθανεν
652 3546 785 3620 ὑπὲρ
827 3547 1109 3618 ἁμαρτιῶν
1141 3546 1303 3616 ἡμῶν
1334 3545 1471 3599 κατὰ
1511 3542 1607 3608 τὰς
1657 3547 1890 3621 Γραφᾶς,
1923 3544 2010 3599 καὶ

357 3636 442 3693 ὅτι
475 3635 669 3711 ἐτάφη,
701 3635 790 3690 καὶ
823 3636 907 3689 ὅτι
939 3633 1232 3710 ἐγήγερται
1261 3637 1330 3707 τῇ
1363 3634 1546 3707 ἡμέρᾳ
1572 3633 1642 3705 τῇ
1696 3632 1851 3706 τρίτῃ
1879 3632 2015 3688 κατά

354 3729 454 3789 τὰς
484 3725 720 3803 Γραφάς.

437 3816 556 3873 AB‘.
589 3818 869 3886 Ζητοῦμεν
925 3816 1003 3887 (4)
1062 3811 1120 3868 δι
1168 3816 1367 3889 γνῶναι
1445 3816 1652 3890 σαφῶς,
1705 3815 1810 3867 ποῦ
1855 3811 2010 3866 τέθα-

355 3925 507 3962 πται.
542 3903 910 3977 Χειροποίητο
943 3903 1044 3979 ἆρα
1076 3903 1104 3958 ὁ
1133 3902 1301 3979 τάφος
1337 3921 1350 3971 ;
1387 3903 1489 3976 ἄρα
1547 3901 1684 3956 κατά
1733 3899 1860 3963 τοὺς
1899 3905 2007 3955 τῶν

362 3988 635 4068 βασιλέων
665 3991 869 4068 τάφους
895 3985 1212 4064 ὑπερανέχει
1261 3995 1361 4057 τῆς
1395 3994 1498 4062 γῆς
1534 4009 1548 4058 ;
1579 3986 1638 4041 ἐκ
1695 3985 1864 4042 λίθων
1920 4008 2008 4061 γε-

355 4080 672 4149 γὲνηταιτὸ
708 4085 901 4151 μνῆμα
953 4077 1362 4153 συγκειμένων;
1421 4077 1509 4131 καὶ
1567 4075 1746 4148 τούτῳ
1833 4073 1888 4130 δὲ
1957 4075 2010 4130 τί

358 4169 655 4226 ἐπιτίθεται
698 4175 772 4242 (5)
806 4189 820 4236 ;
857 4167 1060 4225 [αι’ἶπατε
1106 4171 1268 4242 ἡμῖν,
1312 4169 1360 4222 ὦ
1407 4175 1706 4245 προφῆται,
1765 4167 1853 4221 καὶ
1913 4171 2010 4221 τοῦ

353 4262 533 4338 τάφου
578 4260 678 4328 τὴν
737 4253 1038 4332 ἀκρίϐειαν,
1095 4261 1202 4312 ποῦ
1256 4259 1486 4325 τίθεται,
1541 4257 1630 4312 καὶ
1688 4261 1794 4311 ποῦ
1849 4255 2011 4311 αὑτὸν

361 4351 696 4422 ζητήσομεν.
757 4349 824 4406 Οἱ
884 4346 942 4403 δέ
997 4366 1178 4427 φασιν
1233 4343 1577 4420 Ἐμϐλέψατε
1618 4346 1692 4408 εἰς
1749 4347 1848 4414 τήν
1898 4367 2009 4401 στε-

1531 4430 1839 4509 ὲμϐλέψατε
1917 4435 2007 4490 καὶ

361 4440 482 4517 ρεάν
577 4439 793 4514 πέτραν,
869 4437 930 4507 ἢν
1045 4436 1444 4510 ἐλατομήσατε·

2121 2023 2516 2079 «commendo
2534 2023 2806 2094 spiritum
2827 2039 3024 2078 meum
3045 2021 3610 2094 '3.Commend0»,ut
3630 2043 3767 2082 eum

2119 2131 2442 2171 resumam.
2480 2137 2508 2164 ‹‹
2541 2116 2610 2168 Et
2658 2115 2784 2170 hanc
2816 2131 2949 2169 cum
3009 2114 3277 2182 dixisset,
3335 2116 3562 2172 dimisit
3593 2117 3767 2190 spiri-

2121 2229 2147 2255 «
2182 2211 2304 2260 tum
2329 2205 2410 2260 '9:
2449 2226 2474 2253 ι)
2508 2205 2611 2259 sed
2635 2221 2752 2259 non
2785 2205 2844 2259 in
2878 2203 3119 2277 longum
3148 2207 3574 2277 tempus,ocius
3605 2208 3766 2264 enim

2122 2313 2191 2351 ex
2220 2295 2472 2351 mortuis
2497 2311 2732 2349 rursum
2777 2295 3119 2349 resurrexit.

2190 2385 2440 2438 XXXIV.
2469 2383 2690 2438 Defecit
2711 2384 2799 2438 sol
2827 2382 2896 2450 9°,
2927 2389 3168 2457 propter
3206 2385 3457 2457 justitiae
3489 2385 3676 2441 solem
3691 2390 3762 2447 οι.

2121 2475 2308 2529 Petraa
2332 2474 2531 2528 scissae
2573 2479 2712 2528 sunt
2765 2472 2833 2542 9’,
2894 2480 3136 2546 propter
3191 2475 3628 2549 intelligibilem
3670 2492 3767 2548 pe-

2121 2568 2272 2618 tram
2305 2561 2371 2619 ’3.
2403 2564 2786 2618 Monumenta
2814 2570 3019 2636 aperta
3048 2571 3186 2620 sunt
3217 2570 3274 2620 et
3302 2565 3521 2621 mortui
3567 2582 3772 2622 resur-

2121 2653 2660 2725 rexere“,propter
2684 2670 2818 2708 eum
2853 2654 2953 2725 qui
2987 2655 3047 2708 iu
3078 2655 3328 2710 mortuis
3362 2655 3512 2712 liber
3539 2653 3764 2712 erat”:

2123 2741 2321 2797 emisit
2348 2741 2575 2797 vinctos
2607 2759 2745 2798 suos
2773 2743 2844 2798 de
2866 2743 2995 2799 lacu
3024 2760 3145 2799 non
3187 2744 3443 2800 habente
3474 2746 3769 2816 aquam”.

2121 2833 2202 2886 Ne
2232 2837 2285 2886 te
2318 2831 2496 2904 igitur
2523 2832 2743 2903 pudeat
2772 2833 3062 2901 cruciﬁxi,
3116 2833 3219 2888 sed
3246 2849 3381 2888 cum
3440 2833 3661 2890 ﬁducia
3710 2839 3774 2891 tu

2123 2921 2302 2976 etiam
2334 2922 2514 2977 dicito
2539 2938 2551 2976 :
2577 2945 2602 2971 «
2635 2922 2739 2978 Hic
2763 2928 3004 2994 peccata
3025 2929 3230 2978 nostra
3250 2928 3542 2994 portat,et
3571 2924 3643 2980 de
3665 2941 3772 2980 no-

2125 3032 2153 3060 ‹‹
2175 3010 2266 3064 bis
2288 3010 2536 3069 dolet.et
2552 3011 2737 3065 vibice
2762 3012 2890 3082 ejus
2908 3012 3062 3066 τοο
3076 3028 3184 3067 nos
3203 3012 3394 3067 sanati
3419 3029 3625 3069 sumus
3640 3015 3684 3048 ⁸⁷
3711 3030 3770 3068 :n

2122 3116 2197 3155 ne
2221 3101 2407 3154 simus
2441 3116 2577 3172 erga
2624 3100 3067 3156 benefactorem
3126 3101 3363 3174 ingrati.
3394 3104 3462 3157 Et
3506 3103 3724 3161 iterum
3754 3122 3768 3160 :

2125 3209 2153 3237 ι(
2176 3192 2220 3243 Α
2244 3189 2501 3260 peccatis
2523 3189 2724 3259 populi
2758 3189 2874 3243 mei
2907 3189 3119 3244 ductus
3147 3195 3236 3244 est
3264 3191 3338 3246 ad
3383 3197 3635 3248 mortem
3664 3211 3678 3248 :
3713 3199 3772 3250 et

2123 3301 2150 3329 ‹‹
2175 3278 2327 3334 dabo
2363 3279 2549 3334 malos
2601 3294 2702 3350 pro
2755 3278 3061 3349 sepultura
3091 3279 3296 3350 ipsius,
3333 3288 3391 3336 et
3418 3282 3628 3338 divites
3658 3301 3764 3355 pro

2125 3391 2152 3418 «
2186 3385 2348 3424 more
2381 3369 2510 3440 ejus
2539 3369 2602 3422 ⁸⁸.
2636 3390 2664 3418 ››
2697 3369 2944 3440 Propter
2974 3368 3083 3424 hoc
3117 3371 3377 3442 apertius
3399 3373 3482 3426 ait
3507 3373 3765 3429 Paulus:

2129 3457 2339 3522 «Quod
2378 3457 2644 3512 Christus
2679 3463 2946 3512 mortuus
2971 3463 3061 3515 est
3117 3476 3222 3531 pro
3253 3461 3510 3532 peccatis
3548 3463 3768 3519 nostris

2124 3569 2152 3597 ‹‹
2189 3546 2514 3602 secundum
2543 3546 2894 3619 Scripturas,
2927 3552 2987 3601 et
3014 3548 3171 3618 quod
3200 3550 3487 3621 sepultus,
3520 3556 3577 3608 et
3609 3553 3770 3624 quod

2125 3657 2151 3685 «
2183 3635 2510 3691 resurrexit
2530 3635 2705 3690 tertia
2733 3636 2828 3691 die
2859 3636 3186 3692 secundum
3217 3639 3548 3711 Scripturas
3570 3641 3633 3695 θ’.
3669 3663 3699 3691 ››

2194 3813 2421 3869 XXXV.
2459 3816 2475 3850 ¹
2502 3813 2787 3869 Volumus
2808 3819 3003 3870 autem
3039 3815 3261 3872 diserte
3280 3834 3635 3891 cognoscere
3648 3819 3774 3876 ubi-

2121 3919 2260 3958 nam
2294 3903 2371 3957 sit
2402 3903 2689 3976 sepultus.
2724 3907 2896 3959 Anne
2949 3905 3325 3962 manufactus
3357 3907 3620 3964 tumulus
3641 3909 3670 3964 ?
3690 3926 3768 3966 an

2118 3992 2414 4064 regiorum
2445 3992 2852 4064 sepulcrorum
2871 4010 3034 4049 more
3059 4000 3258 4050 eterra
3271 3997 3767 4067 prominet?num

2119 4097 2189 4136 ex
2218 4081 2514 4151 lapidibus
2544 4083 2972 4154 coagmentatis
3027 4083 3246 4138 factum
3279 4085 3355 4139 sit
3411 4102 3766 4143 monumen-

2118 4174 2245 4225 tum
2261 4170 2288 4224 ?
2309 4175 2367 4224 et
2397 4169 2682 4240 quidnam
2704 4171 2793 4224 illi
2816 4171 3163 4242 impositum
3187 4173 3263 4228 sit
3281 4173 3309 4228 ‘2
3328 4175 3550 4230 Edicite
3568 4175 3761 4244 nobis,

2120 4276 2154 4314 ο
2183 4260 2512 4330 prophetaa,
2545 4266 2604 4314 et
2637 4259 3394 4333 sepulcridescriptionem.
3416 4264 3585 4318 etubi
3607 4264 3763 4335 posi-

2118 4355 2244 4404 tum
2265 4349 2342 4404 sit
2361 4366 2594 4420 corpus,
2626 4356 2685 4405 et
2716 4350 2960 4406 ubinam
3010 4351 3160 4407 illud
3185 4354 3530 4424 requisituri
3555 4355 3761 4410 simus.

2114 4437 2207 4492 Illi
2230 4443 2427 4493 autem
2441 4438 2830 4510 respondent:
2847 4461 2874 4488 «
2893 4439 3170 4512 Inspicite
3189 4441 3250 4497 in
3265 4442 3517 4498 solidam
3535 4449 3767 4515 petram

429 4581 477 4622 δι
505 4584 530 4637 I
560 4585 715 4638 Petr.
749 4584 814 4651 ιι,
844 4585 932 4640 24.
990 4579 1040 4616 ⁸⁵
1068 4583 1177 4638 Isa.
1210 4597 1364 4647 Lxm,
1397 4583 1448 4635 9.
1503 4578 1744 4652 “,Joan.
1776 4595 1832 4647 ι,
1867 4579 1952 4634 18.

2125 4582 2225 4637 7id.
2283 4597 2410 4636 sum
2470 4598 2527 4637 η.
2562 4584 2612 4648 6,
2648 4588 2699 4636 et
2731 4589 2842 4637 cat.
2877 4585 2962 4649 14,
3010 4600 3067 4639 n.
3112 4586 3164 4640 8.
3211 4583 3260 4618 ⁸⁸
3315 4585 3449 4641 Luc.
3483 4603 3643 4652 xxm,
3674 4588 3767 4645 46.

356 4655 405 4691 ⁸⁸
433 4656 634 4727 Matth.
669 4671 842 4712 xxvn.
867 4658 952 4708 50.
979 4654 1026 4688 9°
1057 4655 1190 4727 Luc.
1225 4669 1379 4727 χχιιι,
1409 4654 1499 4706 45.
1528 4651 1598 4727 ,ξι
1632 4651 1833 4727 Malae.
1868 4668 1942 4718 ιν,
1975 4654 2007 4704 2

2125 4653 2134 4686 '
2166 4655 2573 4727 ῌιιιτζιιηχχνιι,
2608 4657 2699 4727 5t.
2749 4652 2850 4727 93l
2895 4658 3023 4710 Cor.
3057 4672 3116 4721 ι,
3155 4658 3208 4710 4.
3259 4657 3306 4690 ⁸⁸
3355 4659 3557 4714 Matth.
3592 4651 3766 4727 xxv”,

358 4730 447 4785 ‘52.
505 4725 553 4761 θ’
582 4727 734 4782 Psal.
767 4743 1012 4794 Lxxxvn,
1046 4728 1099 4781 6.
1132 4725 1177 4761 ⁸⁸
1204 4725 1374 4779 Zach.
1408 4740 1484 4790 Ix,
1519 4722 1604 4779 11.
1654 4721 1702 4756 9⁷
1731 4723 1842 4777 Isa.
1876 4739 1992 4790 LIII,

2125 4727 2156 4779 ἱ.
2190 4723 2234 4759 9'
2265 4725 2409 4780 ib-id.
2457 4726 2509 4793 8,
2569 4727 2623 4782 9.
2656 4724 2756 4779 991
2815 4725 2943 4781 Cor.
3003 4743 3092 4794 xv,
3128 4729 3180 4796 3,
3230 4730 3284 4783 4.
3325 4729 3339 4761 ¹
3377 4729 3512 4784 Vide
3539 4731 3677 4798 infr.
3708 4721 3766 4787 η.

359 4800 449 4867 39,
481 4804 536 4854 et
554 4805 663 4855 cat.
698 4801 785 4864 14,
808 4813 866 4852 η.
899 4801 953 4861 5,
983 4803 1087 4852 etc.

358 4932 593 5004 possit:
635 4930 702 5004 Ti
755 4929 846 5004 οὖν
898 4927 958 4984 ἐκ
1001 4931 1110 4983 τῶν
1144 4925 1241 4982 δύο

356 5002 540 5072 igitur
567 5019 637 5072 ea:
665 5003 750 5058 his
779 5002 989 5057 duobus
1015 5005 1140 5072 ﬁeri
1175 5002 1485 5072 oportebat.

431 5078 504 5143 (1)
538 5071 634 5127 Διά
675 5076 770 5127 τοῦ
828 5073 1074 5128 θανάτου.
1137 5071 1466 5130 Articulum
1515 5071 1865 5143 adjecimus,
1935 5088 2006 5126 ex

357 5141 564 5218 Cois],
592 5147 756 5218 ΗΘΒ..
782 5149 931 5218 Δ[ὶοο.
965 5145 1209 5218 Casaub.
1247 5147 1430 5218 Post.
1461 5141 1610 5203 loco.
1649 5141 2008 5218 _63:apa3:o_t_lz-

358 5217 488 5285 νὼν,
522 5214 1016 5289 summat-4am
1051 5215 1399 5289 scripsimus
1448 5231 1518 5270 ex
1565 5214 1764 5282 Coisl.,
1817 5215 2006 5283 Colb,,

359 5292 525 5366 Regi.
556 5287 796 5366 οιὴμῶν
825 5306 895 5344 ex
923 5288 1098 5366 09:31.
1137 5305 1239 5366 pro
1272 5287 1448 5358 ὑμῶν.
1550 5355 1566 5366 ς
1591 5355 1606 5366 ¹
1670 5355 1704 5366 Α
1752 5356 1761 5366 .

432 5355 512 5428 (ῖὲ)
545 5355 934 5432 Παράτίθεμαι.
970 5361 1062 5416 Sic
1093 5355 1260 5422 editi,
1294 5355 1430 5414 cum
1460 5355 1629 5432 codd.
1667 5355 1868 5413 Coisl..
1891 5359 2010 5413 Roe

361 5438 421 5487 et
443 5433 698 5489 Casaub.
736 5429 830 5499 ;at
850 5433 1010 5488 Colb.
1044 5437 1102 5486 et
1129 5433 1292 5498 Regem
1324 5429 1714 5501 παραθήσομαι
1747 5444 2015 5483 commen-

359 5505 522 5565 dabo.
555 5505 918 5576 deponammt
939 5505 1000 5560 in
1027 5520 1195 5560 sacro
1227 5499 1540 5558 textu'tam
1568 5499 1736 5555 Lucae
1752 5502 2013 5569 nun/:6,

361 5577 791 5653 quamdpsalmi
824 5594 957 5653 ξιξ.
995 5579 1076 5653 6,-
1150 5650 1175 5653 μ
1343 5645 1385 5653 __
1497 5642 1512 5653 ,
1679 5647 1689 5653 ,
1751 5641 1761 5653 .

432 5650 508 5716 (3)
537 5642 639 5703 καὶ
669 5647 797 5720 περὶ
826 5649 987 5718 ἡμῶν
1019 5643 1289 5720 ὀδυνᾶται.
1343 5645 1424 5699 Ea
1481 5642 1698 5698 desunt
1748 5642 1809 5697 in
1843 5642 2013 5720 codd.

359 5715 482 5775 BOe
516 5725 574 5773 et
602 5715 855 5776 Casaub.
872 5715 940 5775 et
970 5719 1142 5776 Grod.
1179 5719 1476 5790 Sequente
1496 5720 1694 5771 autem
1735 5729 1907 5790 voces
1933 5715 2017 5790 sic

359 5791 424 5847 in
455 5790 661 5859 Coisl.,
682 5791 914 5849 Colb.et
940 5785 1322 5864 Regscriptie
1346 5794 1487 5844 sunt
1509 5785 2018 5860 praetermittenda

1290 4927 1534 5003 γενέσθαι
1581 4922 1710 4981 ἔδειν
1771 4927 2009 4998 Aliquid
2038 4929 2084 4995 D
2115 4927 2226 5003 mi,
2260 4929 2322 5003 οὗ
2376 4931 2457 4998 τῷ
2503 4927 2742 4998 μώλωπι
2799 4928 2961 4985 αὐτοῦ
3011 4931 3175 5002 ἡμεῖς
3223 4932 3420 4990 πάντες
3481 4933 3764 5003 ῖάθημενς

2116 5001 2273 5080 cujus
2303 5001 2472 5080 livore
2502 5005 2619 5071 ejus
2647 5019 2829 5080 omnes
2865 5005 3050 5080 sagati
3095 5019 3297 5080 sumus.
3356 5003 3512 5060 Illud
3565 5001 3627 5058 οὗ
3657 5001 3764 5080 pro

2114 5071 2205 5125 καί
2241 5079 2542 5146 sumptum
2575 5089 2644 5127 ex
2675 5075 2696 5127 Ι
2733 5075 2890 5128 Petri
2924 5075 3168 5146 Epistol.
3205 5092 3255 5138 ο,
3294 5093 3348 5139 ιι,
3384 5093 3533 5133 vers.
3566 5081 3654 5133 24.

2188 5146 2265 5211 (4)
2285 5144 2590 5219 Ζητοῦμεν,
2626 5150 2752 5219 etc:
2801 5146 2936 5199 Haec
2973 5144 3040 5219 iet
3083 5148 3396 5217 sequentia
3443 5165 3631 5219 usque
3689 5149 3765 5206 ad

2120 5216 2430 5286 praesentis
2461 5217 2693 5271 numeri
2725 5218 2905 5272 tinem
2939 5216 3198 5272 citantur
3227 5219 3288 5273 in
3320 5216 3552 5275 catena
3575 5223 3633 5275 in
3663 5225 3763 5276 Lu-

2121 5303 2241 5341 cam
2272 5287 2505 5361 adcap.
2540 5305 2695 5356 χχιιι,
2751 5305 2900 5344 vers.
2962 5292 3052 5355 51,
3103 5295 3162 5343 et
3236 5292 3454 5361 partim
3487 5307 3521 5346 a
3552 5293 3765 5348 Ruﬁno

2123 5358 2622 5414 transcribuntur.

2196 5433 2268 5495 (5)
2303 5427 2500 5498 Τούτῳ
2531 5427 2589 5482 δὲ
2640 5429 2691 5482 τί
2745 5427 3056 5485 ἐπιτίθεται.
3120 5432 3210 5488 Sic
3266 5433 3638 5489 restituimus
3697 5451 3769 5488 ex

2125 5501 2717 5594 Eoisln‘t‘lolbttllegz,
2743 5503 3066 5594 Grog..l}oe
3089 5505 3772 5594 e‘t‘tiasaub‘quanquam

2125 5573 2186 5627 hi
2221 5573 2502 5649 postremi
2528 5571 2922 5649 orqi_ttunt_8§.
2957 5576 3021 5649 In
3056 5575 3230 5631 editis
3279 5571 3514 5649 legitur.
3541 5571 3770 5649 τοῦτων,

2127 5649 2186 5699 et
2216 5641 2577 5699 omittuntur
2607 5641 2665 5697 δέ
2696 5651 2754 5699 et
2780 5643 2854 5699 τί.
2878 5645 3059 5700 Paulo
3078 5653 3230 5703 post.
3260 5641 3369 5701 ποῧ
3395 5647 3596 5701 τίθεται
3629 5641 3775 5700 εει-ἰέ-

2127 5717 2375 5789 psimus.
2411 5716 2538 5771 loco
2569 5719 2676 5768 ποῖ’)
2704 5714 2998 5789 τεθείκατε,
3033 5714 3129 5773 ubi
3149 5719 3458 5789 posuistis?
3479 5733 3547 5772 ex
3571 5714 3772 5775 Coisl..

2130 5787 2320 5855 Colb.,
2354 5789 2493 5862 Reg.
2528 5793 2588 5844 et
2618 5787 2792 5845 Grod.
