4118 6264
293 351 410 412 817

893 351 1376 415 CATECHESIS
1419 354 1588 415 XIII.
1634 353 1734 413 DE
1778 348 2118 413 CHRISTO
2161 352 2584 420 CRUCIFIXO
2628 359 2722 420 ΕΤ
2768 361 3143 422 SEPULTO.

3590 335 3709 423 ἐιέ

297 485 393 558 ροῦ
444 479 502 539 δὶ
557 486 592 554 ἡ
652 482 914 554 σωτηρία·
974 484 1065 540 καὶ
1119 487 1154 557 ἡ
1213 485 1477 561 σωτηρία,
1534 484 1817 566 φαντασία.
1873 482 1937 541 El

2065 486 2148 554 sit,
2173 505 2308 545 cum
2341 508 2370 546 e
2403 508 2574 550 cruce
2608 495 2780 550 nobis
2812 495 3038 550 oriatur
3055 495 3235 559 salus.
3258 496 3386 567 ipsa
3408 497 3586 553 etiam
3609 515 3705 553 sa-

295 573 559 649 φαντασία
599 573 628 629 6
672 572 923 643 σταυρὸς,
983 574 1247 652 φαντασία
1302 574 1393 631 καὶ
1451 578 1487 645 ἡ
1547 575 1854 636 ἀνάστασις.
1890 572 1951 630 El

295 657 353 716 δὲ
378 662 617 735 Χριστὸς
648 663 752 718 οὐκ
800 661 1110 738 ἐγήγερται,
1161 662 1239 719 ἔτι
1293 663 1452 739 ἐσμὲν
1501 663 1554 720 ἐν
1608 665 1725 729 ταῖς
1778 665 1949 739 ἆμαρ-

290 750 432 814 τίαις
481 752 666 824 ἡμῶν.
728 751 793 809 El
851 753 1171 830 φαντασίαὸ
1202 755 1420 827 σταρὸς,
1480 754 1741 833 φαντασία
1795 752 1884 808 καὶ
1914 754 1950 822 ἡ

291 837 585 915 ἀνάληψις·
619 840 708 895 καὶ
745 839 791 896 εί
824 840 1088 918 φαντασία
1117 843 1152 912 ἡ
1202 840 1496 917 ἀνάληψις,
1556 842 1820 922 φαντασία
1850 841 1952 916 ἄρα

290 927 378 983 καὶ
425 930 462 998 ἡ
524 924 749 1004 δευτέρα
808 926 1062 1002 κάθοδος,
1118 931 1208 986 καὶ
1264 931 1437 987 πάντα
1494 928 1689 987 λοιπὸν
1748 930 1953 987 ἀνυπό-

296 1037 463 1074 στατα
478 1061 490 1077 ο

293 1202 418 1255 AH’.
476 1191 729 1271 Λάμὸανε
815 1195 906 1253 οὗν
983 1202 1058 1274 (1)
1118 1201 1333 1276 πρῶτον
1394 1197 1624 1277 ἀῤῥαγὶς
1687 1200 1945 1275 θεμέλιον

290 1289 380 1344 τὸν
408 1290 636 1361 σταυρὸν
689 1290 781 1344 καὶ
839 1287 1193 1364 ἐποικοδόμει
1221 1290 1289 1346 τὰ
1319 1287 1491 1346 λοιπά
1538 1298 1639 1361 τῆς
1688 1293 1947 1353 πίστεως.

289 1386 384 1456 Μὴ
444 1386 647 1461 ἀρνήσῃ
699 1387 792 1442 τὸν
847 1386 1280 1465 ἐσταυρωμένον
1361 1387 1450 1444 ἐὰν
1533 1389 1634 1465 γὰρ
1710 1388 1947 1464 ἀρνήσῃ,

291 1473 540 1539 πολλοὺς
598 1474 749 1552 ἔχεις
800 1476 932 1542 τοὺς
982 1476 1335 1555 ἐλέγχοντας,
1391 1475 1599 1541 Ἰούδας
1657 1477 1858 1555 ἐλέγξει
1891 1499 1948 1534 σε

293 1570 529 1641 πρῶτος,
571 1566 599 1621 6
663 1563 963 1642 προδότης·
999 1568 1028 1623 6
1057 1568 1159 1643 γὰρ
1215 1566 1455 1643 προδοὺς
1508 1566 1784 1638 οἶδεν,ὅτι
1844 1567 1947 1623 ὑπὸ

294 1655 593 1732 ἀρχιερέων
654 1655 746 1711 καὶ
804 1651 1181 1733 πρεσϐυτέρων
1241 1657 1529 1732 κατεκρίθη
1597 1656 1735 1731 πρὸς
1788 1657 1946 1711 θάνα-

292 1766 407 1801 τον.
472 1746 757 1821 Μαρτυρεῖ
810 1745 877 1801 τὰ
932 1747 1224 1822 τριάκοντα
1279 1747 1528 1824 ἀργύρια·
1595 1752 1858 1824 μαρτυρεῖ
1882 1747 1945 1802 τὸ

2055 577 2149 634 lus
2180 581 2422 636 nonnisi
2439 583 2671 640 ludicra
2701 585 2898 655 specie
2930 584 3242 641 constabit.
3274 584 3327 640 Si
3357 586 3706 658 imaginaria

2056 669 2304 739 species,
2338 687 2481 726 crux
2514 672 2861 745 imaginaria
2893 673 3116 744 pariter
3146 673 3374 745 species
3403 690 3703 732 resurrec-

2056 757 2136 812 tio
2165 776 2180 827 ;
2206 760 2253 814 si
2274 766 2471 816 autem
2486 762 2751 819 Christus
2773 779 2891 818 non
2914 770 3257 826 resurrexnt,
3278 764 3471 821 adhuc
3497 782 3701 821 sumus

2055 848 2113 903 in
2137 851 2395 920 peccatis
2417 852 2636 907 nostris
2668 852 2730 907 ‘5.
2755 854 2799 889 ιο
2821 854 2876 908 Si
2896 870 3036 909 crux
3061 854 3319 927 imagine
3343 860 3401 909 et
3418 854 3700 926 opinione

2053 944 2307 1007 tantum,
2340 940 2596 1014 imagine
2654 941 2879 1014 pariter
2923 942 3250 1015 assumptio
3288 943 3617 1011 constabit;
3652 943 3700 998 si

2053 1034 2249 1084 autem
2287 1030 2636 1102 assumptio,
2664 1031 2941 1087 similiter
2971 1038 3029 1087 et
3050 1031 3346 1088 secundus
3376 1031 3700 1100 adventus;

2055 1121 2111 1173 et
2140 1119 2340 1174 omnia
2364 1119 2619 1191 denique
2651 1120 2818 1176 nulla
2850 1120 3106 1176 solidare
3140 1122 3488 1178 consistent.

2124 1208 2426 1263 XXXVIII.
2465 1209 2639 1265 Sume
2682 1210 2860 1283 igitur
2911 1211 3170 1282 primum
3228 1230 3333 1283 pro
3393 1211 3699 1267 insolubili

2051 1296 2441 1352 fundamento
2473 1315 2730 1368 crucem,
2765 1316 2952 1371 eoque
2983 1301 3214 1372 reliqua
3236 1300 3374 1357 fidei
3405 1308 3705 1359 consecta-

2052 1386 2140 1443 ria
2168 1387 2483 1442 inaedifica.
2514 1388 2593 1443 Ne
2625 1390 2973 1445 cruciﬁxum
3006 1390 3300 1463 abneges;
3334 1391 3382 1445 si
3417 1393 3579 1447 enim
3608 1393 3708 1448 ab-

2051 1477 2375 1550 negaveris,
2409 1477 2628 1532 multos
2659 1478 2841 1533 habes
2874 1479 2974 1549 qui
3006 1485 3058 1534 te
3095 1481 3418 1537 revincent.
3463 1482 3697 1537 Primus

2053 1572 2109 1622 te
2134 1572 2339 1639 arguet
2368 1565 2635 1638 proditor
2662 1567 2839 1623 Iudas
2867 1584 2879 1622 :
2913 1569 3037 1641 ipse
3071 1570 3229 1625 enim
3260 1569 3361 1641 qui
3409 1569 3697 1642 prodidit,

2051 1657 2212 1712 novit
2240 1673 2376 1712 eum
2408 1674 2441 1712 a
2462 1656 2832 1728 principibus
2861 1658 3233 1714 sacerdotum
3265 1665 3322 1714 et
3365 1658 3700 1715 senioribus

2052 1747 2396 1802 damnatum
2429 1746 2501 1802 ad
2532 1753 2783 1802 mortem
2815 1747 2995 1803 fuisse
3018 1746 3082 1802 ‘7.
3115 1750 3432 1805 Testantur
3462 1748 3702 1822 triginta

292 1840 647 1909 Γεθσημανῆ,
680 1832 806 1897 ἔνθα
836 1837 871 1905 ἡ
906 1833 1172 1912 προδοσία
1220 1841 1456 1914 γέγονεν.
1512 1834 1682 1895 Οὔπω
1714 1838 1857 1911 λέγω
1885 1837 1946 1891 τὸ

2065 1836 2319 1907 1rgentei
2360 1834 2408 1870 ‘3
2431 1854 2444 1904 ;
2470 1842 2720 1892 testatur
2741 1837 3210 1903 Gethsemane‘”,
3238 1838 3404 1895 locus
3433 1837 3534 1893 ubi
3558 1856 3696 1910 pro-

293 1917 419 1997 ὅρος
469 1927 577 1978 τῶν
627 1921 882 1994 Ἐλαιῶν,
942 1923 997 1979 ἐν
1028 1924 1074 1998 ᾧ
1130 1925 1519 2001 προσηύχοντο
1575 1923 1835 2000 παρόντες
1889 1923 1942 1980 ἐν

291 2012 441 2068 νυκτί
498 2018 595 2087 (2).
663 2015 1002 2089 Μαρτυρεῖή
1038 2012 1089 2069 ἐν
1121 2015 1267 2070 νυκτὶ
1331 2013 1560 2087 σελήνη·
1626 2016 1943 2091 μαρτυρεῖή

296 2103 499 2178 ἡμέρα,
531 2100 622 2157 καὶ
679 2104 708 2158 ὁ
766 2099 932 2173 ἥλιος
980 2102 1269 2159 ἐκλείπων·
1305 2103 1368 2160 οὖ
1417 2104 1521 2180 γὰρ
1578 2103 1758 2182 ἔφερεν
1818 2105 1944 2178 ὁρᾳν

293 2193 354 2249 τὸ
401 2193 716 2266 παράνομον
785 2196 896 2248 τῶν
953 2187 1449 2251 ἐπιϐουλευόντων.
1510 2193 1746 2269 Ἐλὲγξει
1804 2215 1860 2250 σε
1886 2194 1948 2249 τὸ

298 2287 424 2357 πῦρ,
456 2282 502 2356 ᾦ
531 2284 817 2359 παρεστὼς
846 2283 1194 2359 ἐθερμαίνετο
1244 2284 1272 2338 6
1332 2283 1555 2360 Πέτροςο
1614 2282 1702 2339 ἐὰν
1736 2285 1944 2359 ἀρνήσῃ

288 2372 377 2428 τὸν
436 2372 683 2446 σταυρὸν,
744 2377 895 2447 μενεῖ
961 2393 1020 2428 σε
1076 2373 1141 2429 τὸ
1209 2376 1313 2448 πῦρ
1344 2374 1407 2428 τὸ
1440 2372 1678 2439 αἰώνιον,
1729 2371 1949 2447 σκληρᾶ

292 2460 575 2539 λέγω,⁹ίνα
609 2465 684 2536 μὴ
718 2462 974 2538 σκληρῶν
998 2465 1295 2539 πειρασθῇς
1321 2468 1413 2537 (3).
1467 2466 1587 2535 Μνη
1601 2462 1792 2536 μόνευε
1838 2468 1946 2520 τῶν

300 2551 351 2607 ἐν
388 2552 707 2625 Γεθσημανῆ
734 2555 1024 2628 μαχαιρῶν
1057 2551 1332 2609 ἐλθουσων
1393 2552 1478 2608 ἐπ’
1530 2553 1718 2624 αὐτὸν,
1743 2551 1835 2608 ’ίνα
1870 2554 1945 2626 μὴ

301 2640 544 2719 ρομφαίς
599 2643 891 2716 πειρασθῇς
948 2640 1193 2699 αῗωνίου.
1282 2640 1517 2716 Ἐλὲγξει
1588 2664 1646 2698 σε
1710 2643 1744 2713 ἡ
1799 2641 1950 2699 οῗκία

300 2730 540 2808 Καϊάφα,
601 2727 689 2786 διὰ
734 2736 835 2801 τῆς
891 2734 983 2786 νῦν
1016 2729 1245 2807 ἐρημίας
1302 2728 1617 2787 δεικνύουσα
1668 2735 1765 2787 τοῦ
1831 2753 1947 2806 κρι-

298 2820 482 2884 θέντος
538 2817 651 2875 ἐκεῖ
699 2820 824 2875 τότε
878 2820 978 2890 τήν
1065 2817 1318 2894 δύναμιν.
1402 2820 1948 2892 ’Δντικαταστήσεταί

303 2929 386 2964 σοι
414 2912 493 2982 (4)
525 2907 576 2963 ἐν
608 2907 793 2984 ἡμέρᾳ
838 2907 1069 2983 κρίσεως
1117 2908 1207 2965 καὶ
1265 2908 1426 2973 αὐτὸς
1482 2911 1748 2989 Καϊάφας·
1801 2910 1950 2966 ἀντι-

300 2999 693 3070 καταστήσεται
754 3018 838 3053 σοι
889 2998 980 3053 καὶ
1030 2999 1058 3053 6
1112 2995 1412 3075 ὑπηρέτης,
1452 2999 1480 3054 6
1522 2999 1769 3076 ῥάπισμα
1822 2997 1947 3062 δοὺς

299 3086 379 3161 τῷ
428 3087 630 3160 Ἰησοῦ.
693 3087 783 3143 καὶ
854 3088 907 3143 oi
964 3084 1247 3159 δήσαντες,
1304 3088 1394 3144 καὶ
1451 3088 1504 3144 οἱ
1554 3088 1946 3166 ἀπαγαγόντες.

2055 1925 2197 1981 ditio
2221 1931 2460 1998 peracta
2484 1925 2612 1980 luit.
2638 1926 2906 1981 Nondum
2939 1926 3069 1982 dico
3100 1932 3366 1982 montem
3397 1927 3698 1984 Olivarum

2054 2016 2115 2071 in
2147 2032 2261 2088 quo
2294 2016 2544 2072 orabant
2574 2023 2895 2088 praesentes
2924 2016 3248 2090 [apostoli]
3274 2025 3455 2074 noctu
3486 2019 3571 2076 ’0:
3606 2023 3702 2073 te-

2056 2111 2245 2160 statur
2275 2122 2405 2177 quaa
2446 2107 2503 2161 in
2539 2112 2708 2161 nocte
2741 2106 2976 2163 lucebat
2998 2107 3175 2175 luna;
3206 2113 3456 2163 testatur
3474 2107 3624 2177 dies,
3648 2115 3706 2164 et

2056 2195 2143 2250 sol
2171 2195 2454 2251 deﬁciens
2476 2195 2517 2231 ει
2548 2213 2562 2263 ;
2591 2211 2699 2250 nec
2730 2196 2889 2251 enim
2922 2197 3341 2253 insidiatorum
3371 2197 3599 2253 crimen
3625 2198 3701 2252 vi-

2055 2285 2194 2341 dere
2221 2285 2524 2340 sustinuit.
2559 2289 2776 2359 Arguet
2802 2293 2856 2341 te
2902 2287 3055 2359 ignis
3105 2287 3200 2342 cui
3232 2292 3434 2344 astans
3487 2287 3703 2343 calefa-

2056 2374 2248 2430 ciebat
2278 2391 2340 2429 se
2372 2376 2579 2429 Petrus
2601 2373 2685 2428 ’2:
2720 2374 2766 2429 si
2801 2392 3041 2431 crucem
3081 2376 3406 2447 negaveris,
3440 2376 3709 2432 manebit

2056 2469 2112 2518 te
2143 2463 2296 2536 ignis
2327 2468 2584 2518 aeternus
2610 2479 2622 2516 :
2653 2463 2801 2518 dura
2830 2464 2982 2528 dico,
3018 2481 3091 2519 ne
3116 2470 3177 2520 tu
3199 2465 3348 2521 dura
3378 2464 3706 2536 experiare.

2056 2551 2385 2609 Recordare
2415 2552 2717 2607 ruentium
2749 2569 2928 2624 super
2966 2553 3136 2609 illum
3195 2554 3257 2609 in
3314 2553 3706 2609 Gethsemane

2054 2642 2389 2716 gladiorum
2410 2641 2474 2706 ³⁸,
2510 2659 2585 2697 ne
2617 2647 2680 2697 tu
2710 2647 2998 2697 aeternum
3027 2642 3289 2716 gladium
3320 2643 3564 2715 patiare.
3599 2647 3705 2696 Ar-

2054 2738 2194 2806 guet
2222 2735 2279 2786 te
2300 2731 2535 2803 Caiphae
2566 2732 2779 2786 domus
2810 2732 2887 2801 (5)
2930 2749 3059 2804 quae
3118 2732 3379 2804 presenti
3428 2732 3703 2788 vastitate

2054 2826 2406 2893 potestatem
2435 2821 2563 2891 ejus
2593 2819 2873 2889 ostendit,
2908 2822 3008 2892 qui
3032 2828 3170 2877 tunc
3192 2822 3252 2877 in
3283 2837 3352 2878 ea
3391 2822 3698 2891 judicatus

2056 2916 2163 2967 est.
2188 2912 2470 2983 Exsurget
2500 2908 2604 2964 tibi
2632 2926 2703 2964 ex
2726 2908 2971 2965 adverso
3004 2911 3064 2965 in
3089 2909 3410 2983 diejudicii
3441 2911 3693 2983 Caiphas

2057 3000 2222 3072 ipse;
2272 3004 2546 3072 exsurget
2601 3003 2660 3054 et
2711 2998 2986 3054 minister
3032 3000 3134 3072 qui
3189 3001 3325 3057 Jesu
3382 3000 3710 3072 colaphum

2056 3089 2303 3162 impegit
2320 3088 2387 3157 ει,
2416 3094 2476 3145 et
2517 3088 2617 3159 qui
2672 3088 3021 3161 ligaverunt,
3055 3095 3113 3145 et
3141 3090 3243 3162 qui
3301 3090 3701 3146 abduxerunt.

301 3176 850 3250 Ἀντικαταστήσεταί
910 3198 997 3233 σοι
1068 3178 1157 3233 καὶ
1234 3175 1487 3253 Ἡρώδης
1541 3179 1630 3234 καὶ
1691 3181 1951 3244 Πιλᾶτος,

2065 3180 2351 3252 Exsurget
2404 3179 2715 3234 adversum
2746 3183 2802 3233 te
2833 3183 2892 3233 et
2921 3179 3181 3235 Herodes
3239 3183 3299 3235 et
3349 3179 3596 3249 Pilatus,
3629 3179 3713 3235 ita

305 3268 604 3345 μονονουχὶ
638 3267 910 3342 λέγοντες
943 3266 1006 3324 Τί
1037 3266 1172 3341 ἀρνῇ
1193 3269 1283 3323 τὸν
1319 3267 1401 3346 ἐφ’
1429 3271 1590 3342 ἡμῶν
1647 3269 1753 3325 ὐπὸ
1812 3274 1952 3328 Ἰουο

301 3354 466 3413 δαίων
494 3357 990 3435 συκοφαντηθέντα,
1034 3356 1092 3411 ’ὀν
1124 3351 1349 3431 ᾔδειμεν
1382 3359 1547 3431 ἡμεῖς
1583 3356 1751 3432 μηδὲν
1772 3359 1951 3435 ἆμαρ-

298 3449 582 3519 τήσαντα;
643 3445 751 3522 ἐγὼ
809 3445 911 3521 γὰρ
968 3444 1203 3510 Πιλᾶτος
1281 3446 1627 3520 ἀπενιψάμην
1683 3447 1806 3503 τότε
1859 3448 1956 3513 τὰς

297 3536 489 3603 χεῖρας
524 3580 537 3595 .
590 3534 1168 3606 Ἀντικαταστήσονταί
1222 3555 1308 3590 σοι
1368 3535 1420 3590 οἱ
1488 3533 1952 3611 ψευδομάρτυρες

297 3626 388 3682 καὶ
420 3625 473 3681 οἱ
494 3624 844 3701 στρατιῶται,
880 3624 933 3678 οἱ
960 3621 1023 3679 τὺ
1080 3628 1394 3702 πορφυροῦν
1453 3624 1672 3698 ἱμάτιον
1727 3620 1954 3700 περιϐα-

300 3716 493 3779 λόντες
522 3759 536 3785 ,
584 3715 672 3770 καὶ
731 3715 825 3770 τὸν
872 3712 1155 3770 ἀκάνθινον
1223 3715 1479 3792 στέφανον
1525 3713 1818 3790 ἐπιθέντες,
1864 3717 1954 3771 καὶ

373 3847 419 3883 1⁸
445 3847 470 3901 Ι
499 3848 631 3917 Cor.
662 3861 754 3912 xv,
791 3847 878 3900 17.
957 3844 1003 3881 ιδ
1031 3843 1098 3917 I_d
1123 3846 1241 3914 fere
1265 3851 1373 3903 cat.
1405 3846 1459 3900 4.
1510 3861 1575 3902 n.
1605 3848 1659 3912 9,
1703 3852 1756 3901 et
1782 3861 1903 3917 sup.
1931 3862 1952 3900 ι

2065 3886 2078 3899 .
2157 3842 2203 3880 ³⁷
2233 3842 2433 3917 Matth.
2460 3858 2641 3917 Axxvn,
2674 3842 2727 3896 3.

2063 3268 2250 3324 ferme
2268 3269 2583 3340 loquentes
2602 3284 2616 3323 :
2638 3267 2789 3333 Quid
2820 3283 3001 3341 negas
3033 3284 3170 3324 eum
3190 3269 3290 3340 qui
3312 3284 3514 3325 coram
3537 3267 3711 3325 nobis

2062 3377 2098 3415 a
2120 3357 2337 3414 Iudaeis
2369 3356 2686 3413 calumniis
2725 3360 2815 3411 est
2842 3357 3161 3428 appetitus,
3201 3374 3379 3429 quem
3409 3374 3518 3413 nos
3557 3357 3713 3412 nihil

2062 3463 2342 3523 peccasse
2373 3446 2556 3519 probe
2609 3445 2925 3501 calluimus
2954 3445 3050 3501 ’5?
3109 3462 3214 3518 ego
3263 3446 3426 3502 enim
3484 3447 3708 3502 Pilatus

2065 3544 2207 3594 tunc
2238 3538 2349 3592 lavi
2380 3552 2597 3592 manus
2620 3534 2684 3589 ³⁸.
2718 3533 2968 3590 Stabunt
2996 3541 3204 3592 contra
3235 3540 3290 3591 te
3322 3536 3434 3608 ipsi
3465 3535 3599 3592 falsi
3622 3541 3706 3591 te-

2066 3626 2285 3693 stes“;
2318 3631 2378 3682 et
2419 3624 2638 3680 milites
2668 3624 2769 3695 qui
2809 3639 3176 3696 purpureum
3222 3624 3335 3696 ipsi
3380 3625 3707 3681 induerunt

2065 3716 2507 3783 vestimentum,
2526 3713 2917 3785 spineamque
2930 3712 3348 3786 imposuerunt
3362 3729 3644 3770 coronam
3666 3711 3712 3748 ³⁸

2828 3838 2876 3875 1⁸
2904 3838 3105 3895 Matth.
3138 3856 3288 3907 xxvr,
3325 3842 3411 3896 16.
3491 3841 3537 3878 ¹¹
3564 3840 3711 3898 ibid.

299 3921 390 3975 36.
466 3916 514 3953 ²⁰
533 3917 669 3973 Cuc.
694 3932 831 3977 xm.
864 3917 957 3971 39.
1041 3915 1083 3950 ²¹
1111 3911 1245 3972 Luc.
1274 3933 1432 3984 χχιιι,
1458 3919 1548 3972 45.
1626 3916 1674 3952 ³³
1694 3911 1862 3975 Ιοιιιιῖ
1886 3934 1952 3974 xv

2072 3918 2157 3972 18.
2235 3916 2283 3950 ³³
2314 3915 2515 3970 Matth.
2548 3929 2701 3981 xxvi,
2725 3915 2814 3969 55.
2892 3911 2940 3946 ²⁴
2966 3913 3131 3969 Joan.
3152 3928 3309 3980 xvm,
3330 3914 3421 3967 22.
3500 3912 3547 3949 ³⁸
3571 3914 3711 3970 Luc.

299 4006 459 4058 mn,
492 3991 577 4057 14,
612 3991 702 4057 15,
776 3989 822 4024 ³⁸
850 3986 1053 4044 Matth.
1087 4004 1260 4056 xxvu,
1290 3991 1379 4044 24.

370 4117 456 4190 (l)_
479 4106 734 4190 Λάμξανε
760 4112 869 4169 οὗν.
900 4112 1269 4190 Particulaur
1308 4113 1398 4168 οὗν
1433 4116 1846 4190 _ascripsimus
1881 4132 1952 4173 ex

299 4179 495 4260 Co‘is'l.
518 4179 577 4244 et
604 4188 784 4260 Begu;
809 4191 871 4243 at
896 4185 1088 4260 Coll)”
1120 4179 1469 4260 λάμϐανε-εσυ.

376 4264 457 4331 (2)
488 4259 576 4315 Ἐν
606 4256 778 4331 νυιῐτί.
830 4258 1161 4313 Articulum
1190 4256 1226 4326 ἡ
1253 4258 1593 4315 addidimus
1632 4276 1703 4316 ex
1747 4259 1950 4329 Coisl.,

302 4330 471 4400 Reg.,
503 4330 692 4397 Colh.,
726 4332 868 4396 Roe,
899 4331 1148 4386 Casaub.

371 4349 387 4387 ι
432 4372 471 4400 .,
503 4349 692 4397 uom,
727 4349 868 4396 noe,
899 4349 1148 4386 uasaun.

371 4349 446 4475 (gi
478 4403 978 4478 naipaa_tlﬁc._Roe,
1029 4400 1279 4478 casaub.
1334 4406 1392 4457 et
1420 4401 1597 4458 Coisl.
1630 4402 1928 4477 πειρασθῇς

299 4472 590 4568 uthlupra'
605 4472 869 4568 “lupam,
895 4474 1178 4563 πειράτῇς.

375 4543 1025 4620 (ᾇιῑλντικαταστήσεταί
1085 4543 1332 4620 σοι),Εᾶ
1386 4544 1587 4620 verba
1640 4562 1831 4618 usque
1892 4545 1967 4601 ad

302 4617 356 4673 οἱ
383 4615 765 4692 ’ἀπαγαγόντες
797 4617 966 4692 inc_l.,
992 4616 1055 4692 in
1089 4617 1261 4673 editis
1292 4617 1695 4692 prmtermissa
1726 4615 1968 4692 propter

303 4687 725 4763 repetitionem
754 4689 939 4763 Avocis
996 4687 1530 4763 ἀντικαταστήσεται,
1577 4687 1854 4763 Δι’θρόξιιιὶξ
1897 4706 1968 4745 ex

308 4759 483 4819 codd.
509 4761 704 4827 Ottob,
735 4761 938 4823 Coisl.,
986 4763 1151 4833 Reg,
1196 4763 1333 4823 Roe.
1386 4759 1686 4833 Casaubq‘
1706 4759 1879 4833 Grod.
1909 4766 1968 4833 et

306 4834 475 4917 Colb.
501 4833 603 4925 qui
626 4841 824 4889 tamen
854 4831 1191 4925 postremus
1213 4832 1437 4925 omittit
1456 4833 1795 4925 lmembrum
1815 4831 1966 4925 illud

305 4906 499 4979 prius,
517 4900 1070 4979 ’ξΑντικαταστήσεταί
1108 4922 1203 4979 σοι.
1251 4900 1319 4979 ιςῖνΔ
1362 4904 1546 4979 ἡμέρᾳ
1595 4903 1823 4979 κρίσεως
1872 4902 1960 4979 καὶ

297 4971 1156 5053 ἆυτὸς-Καϊάφας,Βᾶᾑὶοξρρβι,
1186 4971 1266 5053 ἐφ’
1296 4971 1639 5053 ᾖμῶνέλὸεό
1666 4974 1754 5053 ὑφ’
1784 4974 1961 5047 ὐμῶν,

296 5049 615 5123 posuimus
644 5046 716 5106 ex
743 5046 1138 5123 Coisl.,_Colb.
1198 5046 1257 5103 et
1301 5046 1502 5123 _G_rod.,
1536 5054 1595 5103 et
1622 5046 1964 5123 συιέοιραντη-

296 5118 480 5185 Iis-nu,
538 5120 669 5177 loco
727 5118 1105 5190 σταυρωθέντα
1162 5121 1507 5187 ονιιοὶίίωιιηι,
1565 5134 1637 5174 ex
1692 5118 1960 5190 Coislin.,

293 5194 464 5266 Reg,
491 5193 642 5266 Boe.
666 5190 917 5266 Casaub.
953 5197 1012 5246 et
1036 5190 1281 5266 Grod_ec_.

373 5259 459 5336 (Β)
481 5264 705 5336 Gaipha:
742 5263 983 5336 domus._
1008 5267 1121 5336 etc.
1175 5259 1440 5336 Caiphaa_
1463 5259 1708 5316 domum
1757 5261 1873 5336 hic,
1908 5265 1967 5317 et

298 5332 657 5409 prmtoritirn
689 5335 863 5409 Pilati
894 5332 1163 5409 inferius,
1199 5332 1640 5409 ad’vastitatem_
1666 5338 1726 5389 et
1751 5333 1960 5409 solitu-

300 5403 510 5480 dinem
527 5407 767 5480 redacta
779 5404 1263 5480 signiﬁcat,qu_od
1286 5404 1515 5480 non‘his
1533 5403 1676 5460 solis
1692 5404 1963 5460 aadillciis

301 5479 634 5553 proprium.
666 5478 773 5553 sed
807 5476 911 5553 toti
941 5476 1135 5534 veteri
1155 5476 1689 5553 llicrpsolynggq
1711 5492 1961 5553 praeser-

303 5547 434 5607 iim'
451 5551 637 5608 monti
659 5551 799 5607 Sion
832 5551 895 5606 in
920 5566 1036 5622 quo
1081 5548 1270 5622 ambo
1298 5547 1442 5622 haac'
1476 5547 1729 5603 mdiﬁcia
1780 5547 1963 5603 fuisse

304 5623 653 5691 traduntur,
681 5619 1000 5680 commune
1031 5626 1177 5677 erat.
1212 5619 1353 5675 Vide
1404 5625 1499 5675 cat
1555 5623 1642 5681 l7.
1668 5635 1811 5674 num
1871 5622 1958 5686 18,

305 5700 372 5746 et
398 5695 615 5746 Euseb.
650 5694 753 5746 lib.
784 5709 880 5746 vm
919 5693 1211 5746 Demonst..
1255 5707 1367 5746 nan
1435 5693 1561 5746 406.
1595 5691 1674 5746 De
1723 5690 1835 5746 hac
1858 5690 1958 5746 do-

1550 5734 1561 5745 .
1595 5706 1674 5746 U8
1723 5706 1835 5746 nac
1858 5706 1964 5746 αο-

305 5700 372 5751 et
398 5695 615 5751 Euseb.
650 5694 753 5750 lib.
784 5709 880 5749 vm
919 5693 1211 5755 Demonst..
1255 5708 1327 5764 pa

1256 5763 1294 5820 ii
1319 5763 1811 5834 Hierosolymitani
1832 5778 1847 5819 :
1895 5763 1963 5820 In

307 5781 415 5825 mo
471 5766 709 5842 Caiphaa
766 5770 975 5823 auctor
1006 5765 1294 5820 Itinerarii

1933 4445 1949 4472 ’
1987 4446 2030 4510 D

1484 3987 1530 4024 ³⁷
1564 3989 1766 4046 Matth.
1800 4006 1954 4058 xxvr,
1986 3991 2079 4059 60,
2155 3986 2205 4022 ’3
2229 3987 2396 4043 Joan.
2430 4003 2542 4053 XIX,
2571 3987 2630 4042 2.

2062 4116 2252 4172 eadem
2281 4114 2594 4170 assenditur
2624 4110 2799 4177 Sion;
2829 4117 2883 4167 et
2905 4118 3070 4183 paret
3100 4113 3198 4169 ubi
3232 4115 3346 4183 fuit
3374 4114 3564 4170 domus
3592 4113 3717 4170 Cai-

2053 4188 2185 4259 phae
2213 4186 2553 4259 sacerdotis;
2573 4190 2623 4259 et
2643 4183 2902 4259 columna
2928 4184 3108 4239 adhuc
3130 4185 3209 4259 ibi
3238 4192 3335 4254 est,
3364 4188 3424 4241 in
3452 4203 3565 4259 qua
3588 4186 3721 4242 Chr-

2064 4254 2177 4314 tum
2199 4256 2785 4328 ﬂagellisceciderunt.
2805 4254 3095 4311 Columna
3126 4258 3251 4311 haec
3278 4254 3483 4327 postea
3520 4257 3582 4313 in
3614 4273 3715 4313 ec-

2064 4327 2246 4410 clesia
2284 4327 2594 4410 porticum
2644 4327 2946 4410 sustinenﬂs
2987 4327 3335 4410 vise‘batur._
3365 4329 3712 4410 Micrqnym.

2071 4403 2241 4474 epist.
2267 4398 2342 4455 al.
2378 4402 2660 4481 27,_uunc
2682 4400 2770 4465 86,
2803 4398 2873 4454 de
2899 4399 2951 4453 S.
2987 4399 3171 4481 Paula
3201 4399 3410 4482 scribit
3430 4417 3443 4454 :
3465 4422 3492 4451 ‹‹
3512 4398 3718 4457 Osten-

2075 4497 2103 4525 α
2132 4472 2387 4552 dabatur
2403 4471 2489 4525 illi
2513 4471 2794 4552 columna
2814 4470 3078 4552 ecclesm
3102 4478 3393 4552 porticum
3415 4473 3718 4552 sustinens

2080 4566 2103 4597 α
2130 4544 2349 4599 infecta
2369 4558 2578 4598 cruore
2602 4541 2857 4607 Domini,
2886 4542 2959 4596 ad
2986 4541 3165 4612 quam
3204 4544 3435 4598 vinctus
3482 4542 3722 4600 ducitur

2077 4638 2105 4668 ‹‹
2130 4623 2187 4672 et
2214 4615 2740 4688 ﬂagellaturuErat
2769 4614 2896 4688 haec
2928 4614 3180 4688 ecclesia
3200 4614 3261 4668 in
3293 4613 3468 4688 ipsis,
3494 4622 3558 4670 ut
3584 4632 3723 4671 reor

2076 4694 2133 4745 et
2161 4704 2232 4743 ex
2262 4684 2407 4758 ipsis
2437 4685 2670 4758 Caiphae
2695 4684 2928 4758 aedibus
2956 4685 3283 4758 aediﬁcata:
3316 4684 3474 4758 quod
3505 4694 3631 4745 tum
3654 4703 3726 4747 ex

2074 4760 2238 4815 citati
2268 4756 2708 4828 Hieronymiani
2763 4756 2901 4828 loci,
2928 4757 3109 4828 serie.
3149 4763 3275 4812 tum
3307 4756 3378 4812 e'x
3415 4757 3545 4815 istis
3576 4759 3722 4814 Pru-

2074 4830 2260 4887 dentii
2295 4830 2353 4885 in
2390 4827 2709 4901 Enchiridio
2733 4827 2998 4901 versibus
3028 4827 3324 4901 colligitur
3357 4845 3370 4884 :

2143 4904 2323 4973 Impia
2352 4900 2653 4973 blasPhemi
2681 4900 2874 4955 cecidit
2911 4899 3101 4955 domus
3117 4899 3239 4973 alta
3270 4900 3557 4971 Caiphae...

2150 4971 2380 5028 Vinctus
2400 4974 2459 5027 in
2476 4972 2559 5026 his
2580 4972 2842 5026 Dominus
2869 4973 3021 5026 stetit
3040 4971 3443 5043 mdibus.atque
3459 4974 3723 5031 columnas

2144 5046 2430 5100 Annea‘us.
2454 5050 2665 5113 tergum
2690 5042 2843 5114 dedit
2871 5049 2933 5097 ut
2953 5042 3147 5099 servile
3175 5042 3437 5114 ﬂagellis.

2143 5118 2357 5171 Perstat
2370 5115 2571 5179 adhuc,
2586 5113 2958 5185 templumque
2968 5113 3431 5184 geritveneranda
3448 5117 3721 5174 columna.

2076 5186 2187 5259 Sed
2220 5185 2377 5259 quod
2427 5187 2581 5242 hanc
2612 5186 2925 5259 ecclesiam
2958 5186 3020 5241 in
3052 5186 3339 5259 honorem
3372 5188 3426 5243 S.
3464 5188 3620 5245 Petri
3651 5189 3723 5247 ab

2074 5257 2298 5315 Aelena
2319 5264 2601 5314 structam
2637 5257 2782 5314 dicit
2800 5257 3166 5330 Nicephorus
3182 5258 3286 5315 lib.
3312 5277 3402 5315 vm
3424 5260 3569 5316 Hist.
3593 5260 3724 5316 eccl.

2072 5347 2201 5403 cap.
2235 5332 2325 5393 30.
2355 5330 2650 5403 refellitur
2680 5335 2804 5403 tum
2836 5344 2903 5384 ex
2933 5331 3218 5403 praesenti
3247 5331 3474 5403 Cyrilli,
3500 5337 3559 5387 et
3590 5348 3728 5403 mox

2072 5400 2324 5473 all'egato
2353 5401 2640 5458 Itinerarii
2666 5400 3032 5473 testimonio,
3065 5400 3479 5473 quibus'locus
3509 5403 3611 5457 ille
3642 5402 3728 5457 uti

2072 5472 2272 5556 Cyrilli
2302 5479 2477 5556 astate
2509 5472 3200 5556 pristinamivastitatem,
3218 5476 3485 5556 retinens
3504 5473 3727 5556 descri-

2070 5543 2264 5600 bitur:
2299 5551 2423 5600 tum
2448 5543 2523 5599 exi
2540 5543 2800 5611 Eusebii,
2832 5545 3207 5602 Theodoreti.
3238 5544 3491 5600 Socratis
3523 5548 3582 5598 et
3628 5543 3726 5597 So-

2071 5615 2298 5672 zomeni
2331 5616 2590 5681 silentio,
2622 5614 2722 5686 qui
2756 5614 3038 5673 ecclesias
3059 5616 3131 5671 ab
3164 5615 3387 5686 Helena
3416 5619 3718 5686 construc-

2073 5693 2168 5744 tus
2190 5686 2538 5757 referentes,
2569 5683 2805 5743 nullum
2837 5686 2908 5742 de
2940 5688 3054 5743 ista
3079 5684 3323 5741 verbum
3350 5683 3594 5739 faciunt.
