4118 6264
436 340 558 405 819

1493 351 1560 411 S.
1604 344 1915 412 CYRILLI
1960 336 2369 404 HlEROSOL.
2415 341 2780 404 ARCHIEP.

3732 346 3849 409 820

441 479 499 530 et
527 475 589 530 in
621 476 907 549 Golgotha
963 478 1388 535 crucifixerunt
1405 479 1470 549 ²⁸,
1496 480 1689 552 deque
1719 479 1921 536 tunica
1952 480 2091 534 sunt

2202 467 2253 525 ἒν
2279 474 2357 542 τῷ
2384 469 2630 548 Γολγοθᾷ
2658 473 3083 548 σταυρώσαντες,
3138 473 3228 528 καὶ
3283 474 3408 550 περὶ
3463 479 3561 530 τοῦ
3608 481 3846 552 χιτῶνος

443 564 635 620 sortiti
657 568 722 633 ³ο,
756 567 909 624 202
932 570 1151 640 Arguet
1178 576 1233 624 te
1265 569 1466 625 Simon
1491 575 1805 642 Cyrenaeus
1830 569 1931 641 qui
1962 585 2096 623 cru-

445 670 574 710 cem
606 656 858 728 portavit
880 662 1015 729 post
1041 659 1241 714 Jesum
1270 659 1338 714 3‘.

515 745 767 801 XXXIX.
819 747 1139 802 Convincet
1192 753 1247 802 te
1296 764 1364 804 ex
1426 749 1740 813 sideribus,
1799 747 1889 804 sol
1944 745 2094 801 deli-

445 834 650 905 quium
686 853 896 908 passus
919 838 999 905 3’;
1035 853 1104 892 ex
1132 838 1385 894 terrenis
1414 855 1550 894 vero
1589 837 1790 904 rebus,
1821 837 2094 909 myrrha-

442 929 571 1003 tum
591 925 796 981 vinum
816 925 861 961 ⁸⁸
883 943 899 993 ;
933 942 1001 982 ex
1022 927 1252 994 cannis,
1278 928 1504 984 arundo
1524 927 1604 994 “;
1634 944 1704 982 ex
1720 926 1940 988 herbis,
1965 927 2098 997 hys-

376 1008 379 1009 ν
444 1030 655 1086 sopum
682 1033 696 1082 ;
721 1032 791 1071 ex
823 1015 1094 1084 marinis,
1117 1017 1365 1090 spongia
1380 1016 1426 1051 ³⁵
1448 1034 1549 1084 ;ex
1569 1015 1882 1073 arboribus
1903 1016 2096 1071 crucis

453 1102 703 1177 lignum.
729 1104 963 1173 Milites,
991 1107 1145 1161 sicut
1164 1106 1305 1175 dixi,
1339 1106 1439 1177 qui
1470 1106 1653 1162 clavis
1699 1104 2092 1173 conﬁxerunt,

442 1199 503 1249 et
528 1193 602 1248 de
634 1193 898 1249 vestibus
936 1201 1156 1250 sortem
1191 1196 1392 1266 jecere
1413 1193 1479 1248 ³⁵.
1534 1194 1696 1249 Miles
1741 1194 1841 1265 qui
1889 1194 2097 1248 lancea

442 1280 602 1338 latus
624 1283 753 1355 ejus
784 1282 1017 1355 aperuit
1043 1282 1129 1351 37;
1171 1284 1454 1340 mulieres
1515 1301 1647 1355 qua)
1704 1289 1843 1339 tunc
1889 1281 2091 1338 adiue-

441 1377 585 1426 runt
614 1371 696 1440 '3;
735 1371 929 1427 velum
987 1373 1193 1444 templi
1254 1378 1397 1429 tunc
1449 1373 1768 1428 discissum
1791 1370 1856 1424 39.
1919 1370 2089 1427 Pilati

441 1460 789 1535 praetorium
819 1460 884 1528 ⁸ο,
918 1461 1130 1517 virtute
1158 1463 1287 1535 ejus
1319 1462 1419 1534 qui
1463 1468 1604 1518 tunc
1663 1462 1822 1517 cruci
1881 1461 2092 1517 afﬁxus

444 1557 553 1614 est,
586 1568 746 1607 nunc
780 1551 841 1606 in
872 1552 1255 1608 solitudinem
1280 1553 1606 1609 redactum.
1642 1551 1957 1625 Golgothas
1984 1551 2095 1606 iste

444 1645 684 1697 sanctus
753 1641 1229 1712 supereminens,
1263 1646 1320 1695 et
1348 1642 1654 1712 hucusque
1713 1640 2091 1712 conspicuus,

442 1728 702 1800 atquein
722 1736 1076 1801 praesentem
1109 1729 1269 1801 diem
1312 1731 1488 1786 ﬁdem
1526 1730 1749 1786 faciens
1798 1733 1898 1801 (1:,
1946 1746 2095 1800 quo-

2203 557 2491 635 λαχόντες.
2555 560 2789 638 Έλέγξει
2856 583 2913 617 σε
2971 562 3156 636 Σίμων
3217 564 3245 618 6
3299 571 3621 640 Κυρηναῖος,
3678 569 3707 622 6
3757 570 3843 623 τὸν

2201 649 2426 722 σταυρὸν
2455 650 2633 722 φέρων
2667 649 2842 705 ὀπίσω
2872 655 2968 705 τοῦ
2999 652 3203 722 Ἰησοῦ.

2271 738 2391 794 ΛΘ’.
2424 736 2668 815 Ἐλέγξει
2710 761 2766 795 σε
2797 740 2902 795 ἀπὸ
2935 741 3030 813 μὶν
3059 739 3274 815 ἄστρον,
3308 743 3336 797 6
3363 741 3631 801 ἐκλείπων
3663 743 3845 816 ἥλιος-⁸

2201 828 2307 883 ἀπὸ
2340 826 2397 885 δὲ
2423 834 2531 885 τῶν
2564 829 2651 886 ἐπὶ
2705 837 2828 907 γῆς,
2859 833 2888 887 6
2918 831 3343 907 ἐσμυρνισμένος
3405 838 3480 910 (2)
3537 838 3712 900 οἶνος’
3745 837 3849 892 ἀπὸ

2198 916 2488 991 καλάμων,
2537 921 2567 975 6
2625 920 2899 994 κάλαμος·
2962 921 3069 977 ἀπὸ
3131 922 3398 998 βοτανῶν,
3455 925 3520 980 τὸ
3578 925 3849 981 ὕσσωπον·

2200 1007 2306 1063 ἀπὸ
2361 1013 2469 1063 τῶν
2529 1009 2838 1074 θαλασσίων
2899 1012 2926 1067 6
2985 1011 3242 1088 σπόγγος·
3303 1013 3409 1069 ἀπὸ
3469 1012 3725 1092 δένδρων,
3759 1019 3853 1072 τοῦ

2201 1101 2432 1170 σταυροῦ
2461 1097 2523 1153 τὸ
2554 1097 2737 1169 ξύλον.
2770 1101 2838 1157 Οἱ
2888 1104 3234 1175 στρατιῶται,
3292 1105 3471 1167 καθὼς
3528 1103 3763 1180 εἴρηται,
3796 1106 3851 1160 οἳ

2198 1183 2639 1257 καΟηλώσαντες,
2696 1189 2789 1243 καὶ
2861 1185 3126 1265 λαχόντες
3188 1192 3312 1267 περὶ
3363 1197 3472 1248 τῶν
3531 1194 3790 1268 ἱματίων·
3823 1196 3851 1250 6

2200 1277 2556 1351 στρατιώτης,
2591 1277 2620 1332 6
2648 1279 2717 1351 τῇ
2749 1274 2931 1353 λόγχῃ
2963 1279 3061 1347 τὴν
3104 1277 3341 1356 πλευρὸν
3397 1282 3563 1338 αὐτοῦ
3619 1281 3850 1353 ἀνοίξας⁵

2200 1366 2255 1419 αἱ
2284 1372 2529 1440 γυναῖκες
2561 1369 2657 1439 (3),
2716 1366 2772 1421 αἱ
2823 1367 2945 1423 τότε
2998 1373 3287 1444 παροῦσαν
3345 1370 3408 1426 τὸ
3463 1373 3854 1446 καταπέτασμα

2197 1457 2296 1509 τοῦ
2336 1454 2467 1508 ναοῦ
2522 1453 2645 1510 τότε
2704 1452 3010 1532 διαῤῥαγέν·
3070 1458 3133 1513 τὸ
3189 1457 3431 1515 Πιλάτου
3488 1460 3853 1535 πραιτώριον,

2200 1543 2262 1597 τὸ
2289 1547 2358 1617 τῇ
2391 1540 2615 1616 δυνάμει
2671 1548 2770 1599 τοῦ
2825 1545 2947 1601 τότε
3004 1549 3409 1623 σταυριυοέντος
3463 1554 3555 1605 νῦν
3615 1552 3854 1626 ἠρημωο

2202 1633 2384 1705 μένον*
2449 1635 2477 1689 6
2531 1631 2812 1710 Γολγοθᾶς
2873 1636 3030 1699 οὗτος
3086 1638 3115 1693 6
3174 1639 3351 1714 ἅγιος,
3385 1640 3413 1693 6
3464 1640 3857 1716 ὁπερανεστὼς,

2198 1721 2288 1776 καὶ
2322 1721 2490 1799 μέχρι
2521 1725 2759 1797 σήμερον
2815 1724 3161 1803 φαίνόμενος,
3215 1727 3308 1782 καὶ
3364 1725 3626 1784 δεικνύων
3687 1729 3855 1806 μέχρι

443 1817 620 1874 modo
653 1823 831 1889 petra:
872 1824 1113 1891 propter
1161 1819 1460 1875 Christum
1518 1836 1586 1874 eo
1633 1825 1898 1890 tempore
1957 1822 2095 1873 sunt

2202 1815 2312 1884 νῦν,
2345 1813 2499 1876 ὅπως
2553 1809 2642 1867 διὰ
2697 1814 2929 1888 Χριστὸν
2986 1815 3041 1869 αἱ
3098 1815 3289 1889 πέτραι
3342 1815 3465 1873 τότε
3522 1816 3852 1895 έριιῗάγησαν·

443 1906 643 1962 scissa)
665 1906 731 1961 ⁸³.
763 1907 1103 1964 Proximum
1123 1925 1358 1980 quoque
1388 1914 1863 1975 monumentum,
1891 1908 1951 1961 in
1974 1924 2090 1978 quo

442 1995 716 2052 conditus
738 2003 829 2051 est
860 2015 875 2065 ;
931 2003 989 2052 et
1036 1997 1186 2053 ostio
1221 1998 1533 2070 impositus
1591 1997 1742 2069 lapis
1767 1998 1830 2064 ",
1885 1997 1986 2068 qui
2017 1995 2091 2051 ad

440 2085 601 2141 hunc
626 2102 815 2158 usque
837 2085 995 2142 diem
1019 2087 1286 2159 proxime
1307 2092 1755 2143 monumentum
1774 2087 1954 2157 jacet.
1980 2089 2091 2141 An.

437 2174 552 2247 geli
585 2175 686 2247 qui
745 2181 885 2231 tunc
938 2182 1263 2247 praesentes
1300 2176 1466 2232 fuere
1496 2175 1582 2231 ‘3:
1637 2176 1921 2232 mulieres
1957 2192 2088 2246 qua:

437 2270 574 2338 post
603 2267 1106 2322 resurrectionem
1138 2267 1457 2323 adoravere
1497 2266 1562 2321 ⁴⁴.
1594 2268 1803 2323 Petrus
1835 2273 1893 2322 et
1913 2267 2089 2321 Joan-

439 2370 566 2422 nes,
594 2355 696 2426 qui
739 2354 813 2410 ad
840 2362 1294 2411 monumentum
1325 2372 1637 2411 cucurrere
1654 2354 1721 2423 ‘5,
1754 2354 1800 2390 ⁴⁶
1853 2360 1911 2410 et
1940 2354 2087 2409 Tho-

440 2459 569 2499 mas
599 2443 698 2516 qui
734 2460 979 2499 manum
1012 2444 1073 2499 in
1102 2444 1259 2500 latus
1292 2445 1439 2516 ejus,
1474 2451 1534 2500 et
1587 2444 1801 2518 digitos
1858 2445 1919 2499 in
1968 2442 2092 2499 cla-

442 2549 649 2589 vorum
696 2532 943 2606 vestigia
996 2531 1336 2589 inseruit".
1382 2536 1494 2588 Pro
1552 2533 1725 2589 nobis
1782 2533 1941 2589 enim
1990 2532 2093 2588 ille

445 2622 762 2679 dilioenter
789 2620 1176 2678 contrectavit
1208 2639 1221 2676 :
1258 2621 1556 2693 quodque,
1590 2629 1673 2689 tu,
1706 2622 1807 2693 qui
1833 2638 2092 2694 praesens

446 2726 570 2767 non
618 2709 881 2766 adfuisti.
934 2709 1330 2781 inquisiturus
1377 2726 1531 2779 eras,
1564 2710 1622 2765 id
1671 2710 1771 2765 ille
1830 2725 2093 2782 praesens

448 2800 643 2858 altiori
677 2800 775 2855 Dei
805 2799 1055 2856 consilio
1086 2798 1462 2871 conquisivit.

514 2889 628 2945 XI...
654 2889 842 2945 Habes
879 2888 1192 2945 duodecim
1223 2889 1525 2960 apostolos
1564 2890 1757 2945 crucis
1805 2894 2006 2955 testes,
2040 2895 2097 2944 et

440 2985 658 3035 terram
691 2979 1053 3047 universam,
1077 2994 1146 3034 ac
1173 2977 1462 3034 mundum
1485 2977 1854 3034 credentium
1878 2979 1939 3034 in
1962 2996 2094 3034 cru-

440 3068 682 3127 ciﬁxum
714 3067 1047 3123 hominum.
1081 3065 1129 3102 ‘8
1158 3067 1278 3123 Hoc
1304 3068 1499 3140 ipsum
1548 3066 1707 3138 quod
1737 3084 1897 3123 nunc
1931 3068 2091 3139 ades,

2198 1901 2262 1954 τὸ
2297 1907 2486 1974 μνῆμα
2540 1901 2603 1956 τὸ
2634 1901 2896 1974 πλησίον,
2956 1902 3094 1959 ὅπου
3153 1903 3330 1976 ἐτέθη
3381 1906 3471 1961 καὶ
3529 1908 3558 1962 6
3590 1906 3853 1972 ἐπιτεθείς

2199 1993 2266 2063 τῇ
2328 1990 2463 2065 θύρᾳ
2513 1989 2692 2061 λίθος,
2744 1992 2772 2047 6
2833 1993 3001 2068 μέχρι
3060 1997 3301 2070 σήμερον
3357 1995 3506 2071 παρᾶ
3553 2002 3635 2070 τῷ
3695 2020 3844 2071 μνη-

2203 2078 2442 2154 μείῳ(4)
2487 2079 2756 2154 κείμενος·
2817 2080 3064 2157 ἄγγελοι,
3125 2083 3175 2137 o't
3231 2084 3355 2140 τότε
3400 2087 3687 2160 παρόντες
3746 2108 3845 2164 γυ-

2197 2173 2376 2231 ναῖκες
2417 2169 2471 2224 αἱ
2529 2172 2967 2246 προσκυνήσασαι
3028 2171 3162 2245 μετᾶ
3216 2173 3314 2242 τῆν
3374 2171 3684 2231 ἀνάστασιν·
3747 2174 3848 2233 H5-

2198 2278 2325 2332 τρος
2371 2258 2459 2313 καὶ
2513 2259 2795 2331 Ἰωάννης,
2830 2261 2882 2314 οἱ
2914 2259 3000 2315 ἐπὶ
3030 2261 3093 2316 τὸ
3146 2264 3337 2335 μνῆμα
3386 2261 3703 2338 δραμόντες·
3759 2264 3850 2321 καὶ

2199 2347 2417 2422 Θωμᾶς,
2452 2349 2480 2403 6
2514 2348 2699 2424 βαλῶ-ι
2726 2351 2827 2419 τήν
2886 2355 3046 2426 χεῖρα
3076 2350 3153 2413 εἷς
3204 2352 3302 2419 τήν
3363 2349 3604 2429 πλευρὰν
3663 2354 3850 2426 αὐτοῦ,

2198 2439 2287 2493 καὶ
2350 2436 2477 2502 τοὺς
2535 2435 2835 2499 δακτυλους
2890 2439 2968 2502 εἰς
3041 2440 3170 2503 τοὺς
3249 2441 3456 2505 τύπους
3503 2447 3609 2498 τῶν
3675 2444 3852 2515 ἣλων.

2198 2519 2359 2601 ’Υπὲρ
2388 2527 2504 2610 γὰρ
2540 2529 2702 2600 ἡμῶν
2757 2530 3007 2593 κάκεῖνος
3062 2524 3301 2601 ἀκριϐῶς
3356 2530 3731 2610 ἑψηλάφησεν·
3764 2534 3854 2589 καὶ

2201 2615 2333 2689 ὅπερ
2388 2613 2450 2669 σὺ
2480 2609 2732 2687 ἔμελλες,
2793 2616 2821 2670 6
2875 2615 2998 2671 τότε
3055 2616 3130 2689 μὴ
3190 2618 3376 2692 παρὼν
3435 2609 3634 2689 ζητεῖν,
3692 2625 3851 2676 τοῦτο

2202 2704 2401 2767 ἐκεῖνος
2431 2705 2617 2781 παρὼν
2648 2706 2765 2760 κατ’
2788 2704 3106 2778 οἰκονομίαν
3139 2705 3419 2778 ἐζήτησεν.

2275 2797 2365 2853 M'.
2397 2800 2587 2869 Ἔχεις
2638 2790 2849 2849 δώδεκα
2897 2793 3239 2858 ἀποστόλους
3287 2800 3384 2852 τοῦ
3440 2802 3670 2872 σταυροῦ
3701 2799 3849 2874 μάρ-

2202 2902 2386 2961 τυρας’
2437 2885 2523 2939 καὶ
2584 2885 2682 2952 τὴν
2743 2882 3070 2957 οἰκουμένην
3108 2930 3123 2955 ,
3197 2885 3289 2940 καὶ
3337 2886 3427 2940 τὸν
3475 2885 3680 2960 κόσμον
3733 2892 3846 2943 τῶν

2205 2974 2281 3036 εἷς
2340 2976 2419 3047 (5)
2472 2972 2564 3028 τὸν
2618 2971 3027 3047 ἐσταυρωμένον
3088 2968 3448 3030 πιστευόντων
3506 2974 3842 3050 ἀνθρώπων.

2204 3064 2349 3122 Αὐτὸ
2376 3066 2562 3132 τοῦτο,
2611 3061 2669 3116 σὶ
2707 3083 2795 3117 νυν
2854 3062 3126 3139 παρεῖναι,
3176 3063 3406 3130 πειθέτω
3436 3085 3494 3120 σε
3537 3068 3633 3120 τοῦ
3687 3087 3849 3122 σταυ-

512 3217 560 3254 ²²
585 3220 752 3293 Joan.
781 3236 897 3283 XIX,
934 3220 1017 3275 17.
1093 3218 1141 3254 ³ο
1173 3219 1315 3293 ibid.
1349 3222 1439 3293 2i.
1514 3218 1558 3253 3‘
1593 3220 1728 3275 Luc.
1763 3237 1919 3283 χχιιι,
1971 3222 2060 3276 26.

2245 3220 2380 3293 Luc.
2439 3219 2730 3293 χχιιιᾲ45.⁸
2791 3215 2840 3251 ³³
2870 3219 3046 3285 Marc,
3078 3235 3169 3285 xv,
3199 3221 3319 3293 23.”
3352 3219 3410 3293 θεέ
3440 3221 3640 3277 Matth.
3676 3241 3853 3293 xxv",

440 3290 530 3345 48.
605 3290 654 3325 ³⁸
681 3291 846 3345 .Ioan.
890 3307 1002 3358 χιχ,
1026 3293 1114 3345 29.
1190 3292 1234 3326 ⁸⁸
1265 3291 1465 3346 Matth.
1502 3308 1673 3356 xxvu,
1707 3294 1793 3345 35.

1873 3293 1918 3327 ³⁷
1946 3293 2112 3347 Joan.
2153 3308 2269 3353 χιχ,
2302 3292 2391 3345 34.
2468 3288 2517 3324 ³⁸
2573 3289 2774 3344 Matth.
2836 3305 3005 3359 χχνιι,
3042 3293 3129 3345 55.
3207 3290 3255 3326 ³⁸
3283 3291 3407 3348 ibid
3458 3296 3543 3347 51.

3623 3296 3671 3331 ⁴⁰
3694 3296 3844 3355 ibid.

440 3362 554 3438 27._
578 3359 654 3438 _“
686 3360 832 3438 ibid.
863 3364 951 3417 5i.
1028 3360 1076 3404 ⁴²
1100 3361 1243 3438 ibid.
1271 3364 1413 3438 60:”
1517 3364 1680 3417 Joan.
1720 3379 1811 3429 χχ,
1847 3366 1932 3418 12.
2010 3363 2056 3398 ⁴⁴
2086 3365 2099 3418 l

2207 3363 2288 3419 th.
2324 3378 2517 3429 xxvm,
2551 3363 2602 3415 9.
2680 3359 2726 3394 ⁴¹
2755 3360 2919 3416 Joan.
2980 3377 3073 3429 χχ,
3105 3364 3157 3429 3,
3189 3365 3244 3419 4.
3319 3364 3365 3399 ⁴⁶
3428 3363 3568 3421 Vide
3621 3373 3730 3423 cat.
3766 3369 3854 3438 14,

441 3448 502 3488 n.
538 3435 624 3488 12.
701 3431 746 3467 ⁴⁷
773 3434 936 3488 Juan.
972 3451 1064 3502 xx,
1095 3435 1184 3492 27.
1261 3432 1305 3469 ⁴⁸
1346 3435 1483 3489 Vide
1513 3440 1621 3489 cat.
1659 3438 1744 3490 10.
1768 3451 1827 3489 n.
1863 3438 1949 3491 19.

514 3587 586 3659 (li
616 3585 806 3659 Fidem
831 3586 1062 3656 faciens,
1105 3590 1216 3642 etc.
1272 3586 1600 3642 Scissuram
1632 3586 1694 3641 in
1723 3592 1927 3643 monte
1959 3587 2095 3643 Gol-
2126 3591 2168 3657 C

443 3658 624 3729 gotha
654 3658 950 3729 passionis
974 3664 1239 3729 tempore
1269 3659 1506 3726 factam,
1531 3675 1636 3714 suo
1656 3666 1921 3730 tempore
1951 3676 2094 3715 con-

442 3731 711 3804 spicuam
724 3730 785 3785 in
800 3730 1204 3804 testimonium
1219 3730 1742 3804 appellatbyrillus
1754 3731 1922 3786 testis
1934 3731 2095 3787 omni

443 3801 788 3874 exceptione
804 3803 1015 3873 major.
1033 3802 1198 3874 idem
1216 3801 1837 3857 cenﬁrmat’Lucianus
1852 3810 2096 3872 martyr,

358 3935 361 3937 _
441 3875 543 3947 qui
568 3872 724 3946 apud
744 3872 1025 3947 Rufinum
1049 3872 1152 3947 lib.
1177 3889 1233 3926 ιχ
1262 3874 1406 3928 Hist.
1440 3874 1676 3939 ecclcss.,
1701 3878 1907 3947 Acap.6,
1940 3875 2101 3929 Chri-

440 3944 651 4001 stianin
686 3945 995 4018 religionis
1020 3944 1412 4018 defensorem
1445 3959 1624 4018 agens
1667 3945 2097 4018 sicprzesidem

438 4018 767 4089 alloquitur
786 4014 853 4089 fu
881 4017 935 4089 Si
952 4014 1370 4089 minusadhuc
1384 4014 1665 4079 creditur,
1682 4014 1974 4071 adhibebo
1998 4034 2064 4072 vo
2082 4045 2095 4057 -

440 4112 467 4143 ι(
490 4086 782 4147 bis—etiam
809 4088 926 4158 loci
949 4086 1224 4158 ipsiusin
1249 4104 1365 4157 quo
1390 4104 1482 4141 res
1504 4093 1670 4158 gesta
1710 4093 1800 4142 est
1832 4089 2093 4143 testimo-

446 4181 468 4209 ι
489 4161 675 4231 ιιίιιιῐιΓ
707 4157 1074 4231 Astipulatur
1095 4157 1186 4212 his
1212 4157 1434 4231 ipsein
1461 4157 1885 4231 Hierosolymis
1909 4161 2096 4223 locus,

442 4255 467 4286 σ
497 4239 556 4289 et
577 4229 1143 4304 Golgothanarupes
1165 4229 1275 4284 sub
1295 4229 1546 4304 patibuli
1570 4229 1750 4304 onere
1774 4230 2048 4304 diriipta.
2065 4251 2092 4283 ι

440 4306 523 4360 Εχ
544 4304 638 4358 his
661 4300 851 4357 verbis
874 4300 1069 4373 colligi
1087 4302 1569 4373 potestiissuram
1595 4302 1805 4357 factam
1828 4300 2013 4358 fuisse
2036 4303 2097 4357 in

444 4378 574 4432 loco
599 4373 700 4430 ubi
720 4390 861 4428 crux
884 4373 1001 4427 ﬁxa
1022 4371 1244 4428 iuerat.
1278 4371 1496 4427 Eadem
1529 4373 1744 4429 ﬁssura
1772 4391 1933 4430 nunc
1966 4376 2101 4429 Hie-

441 4447 761 4517 rosolymis
790 4443 1124 4517 peregrinis
1155 4443 1507 4517 ostenditur.

512 4514 680 4591 (2)”0
714 4514 1163 4591 ἐσμυρνισμένος.
1223 4515 1552 4570 Articulum
1599 4515 1735 4571 addi
1782 4516 2007 4588 placuit
2032 4534 2101 4572 ex

444 4587 580 4649 Roe'
600 4597 660 4647 et
688 4587 936 4645 Casaub.

530 4664 605 4731 (3)
638 4662 699 4719 At
726 4663 998 4733 γυναῖκες.
1034 4655 1332 4714 Articulus
1388 4675 1458 4714 ex
1511 4658 1686 4715 codd.
1746 4660 1863 4715 Roe
1888 4665 1944 4716 et
1995 4660 2103 4716 Ca-

457 4733 631 4795 saub.
668 4731 767 4791 hic
788 4731 1101 4804 ascriptus.

530 4812 604 4879 (4)
640 4808 913 4879 ΙΙαραίτῴΑ
945 4799 1237 4879 μνημείῳέ
1283 4800 1454 4879 Coisl.
1522 4806 1579 4856 et
1625 4804 1787 4879 Begu
1846 4800 1953 4875 πρὸ
2003 4804 2103 4856 τοῦ

464 4872 763 4956 μνῂμείου.
793 4872 980 4956 Οοὶβζ,
1011 4874 1127 4956 πρὲ
1147 4872 1810 4956 τοιῦ.μνεόιιατος..ςξι’ὀά,
1844 4872 2101 4956 quoque,

457 4945 1222 5005 ante'monumentum.’Erat
1250 4945 1349 5001 ille
1381 4945 1554 5017 lapis.
1603 4945 1946 5017 Hieronymi
1990 4945 2104 5000 sal-
2145 4972 2152 5017 ξ

457 5027 578 5076 tem
610 5026 897 5090 tempore,
930 5018 1087 5090 intra
1116 5017 1304 5090 ipsam
1330 5015 1698 5090 monumenti
1733 5015 2102 5088 speluncam,
2145 5015 2151 5021 ’

456 5091 560 5171 sed
590 5089 774 5171 prope
796 5089 1220 5171 sarcophagum
1237 5089 1296 5143 in
1320 5104 1435 5171 quo
1454 5089 2106 5171 Christusacompositus

454 5159 667 5219 fuerat.
704 5159 853 5231 llaec,
895 5169 1034 5214 sunt
1084 5159 1270 5230 ipsius
1299 5159 1475 5214 verba
1515 5159 1683 5231 epist.
1718 5163 1806 5219 27.
1837 5159 1967 5215 nov.
2011 5160 2102 5216 ed.

458 5237 544 5301 86,
564 5233 636 5288 de
649 5230 903 5288 S.Paula
924 5231 1221 5303 loquentis
1246 5247 1258 5285 :
1280 5254 1305 5281 (ι
1336 5230 1602 5299 Ingressa
1631 5232 1991 5303 sepulcrum,
2011 5249 2106 5287 re-

459 5329 485 5356 υ
512 5303 899 5362 surrectionis
922 5302 1302 5358 osculabatur
1332 5303 1609 5373 lapidem.
1639 5302 1815 5374 quem
1845 5304 1917 5359 ab
1953 5304 2103 5359 ostio

456 5401 484 5428 ‹‹
508 5374 884 5447 monumenti
906 5374 1535 5447 removeratangelus;
1569 5397 1596 5424 ν
1622 5375 1773 5430 forte
1823 5375 1895 5431 ad
1924 5374 2103 5446 pedes

457 5449 608 5505 sacri
633 5445 892 5520 sepulcri
923 5445 1124 5520 fuisse,
1159 5444 1289 5520 istis
1314 5444 1588 5520 ejusdem
1605 5518 1612 5520 Α
1629 5444 1978 5520 Hieronymi
2005 5463 2100 5518 ep.

456 5525 542 5587 l7,
569 5515 730 5576 novre
754 5515 1030 5573 editionis
1053 5518 1140 5589 i4.
1166 5516 1358 5571 verbis
1381 5517 1615 5573 suaderi
1638 5526 1832 5589 potest
1855 5515 1875 5573 Ξ
1903 5540 1925 5569 α
1954 5515 2103 5582 Quo-

453 5615 483 5647 ‹‹
510 5585 863 5663 tiescunque
880 5585 1246 5663 ingredimur
1266 5590 1601 5663 sepulcrum
1624 5585 1926 5647 Domini...
1950 5590 2103 5647 vide-

454 5688 484 5723 ‹‹
514 5683 649 5729 mus
678 5658 972 5744 angelum'
985 5658 1191 5719 sedere
1222 5658 1295 5715 ad
1322 5658 1505 5735 pedes
1528 5663 1680 5736 ejus.

2277 3586 2350 3657 (5)
2382 3584 2487 3641 T6v
2527 3581 2734 3655 κόσμον
2791 3585 2898 3637 τῶν
2933 3580 3033 3652 sic,
3067 3589 3203 3652 etc.,
3251 3589 3516 3644 mundum
3571 3590 3854 3648 hominum

2205 3658 2308 3730 qui
2329 3661 2387 3712 in
2416 3658 2752 3730 Cruci/imum
2780 3657 3215 3730 οιέᾱωιιηϐοᾴ.
3251 3660 3451 3730 ίΟοὶει.
3486 3663 3726 3730 omittit,
3761 3662 3855 3716 ἀν-

2207 3727 2462 3805 ὸ-ρῴπων.
2494 3733 2567 3783 At
2594 3727 2756 3805 βου).
2807 3728 3138 3805 simplicius
3170 3729 3367 3805 habet.
3397 3731 3491 3785 τὸν
3521 3727 3732 3805 κόσμον
3757 3734 3849 3790 τὸν

2205 3798 2281 3862 εἷς
2307 3798 3092 3872 ἐσταυρωμένονπιστεύοντα,
3118 3802 3388 3872 mundum
3417 3807 3516 3872 qui
3544 3807 3603 3859 in
3629 3798 3638 3805 ’
3661 3807 3851 3863 Cruci-

2201 3878 2374 3944 ﬁmum
2403 3874 2596 3944 credit.
2629 3873 2697 3925 In
2728 3870 2840 3926 hoc
2870 3877 2986 3944 stat
3013 3871 3324 3944 utriusque
3346 3870 3619 3931 lectionis
3649 3877 3853 3934 discri-

2203 3943 2365 4024 men,
2399 3943 2555 4024 quod
2588 3944 2648 3997 in
2681 3943 3028 4024 posteriore,
3077 3943 3338 4024 mundus
3383 3952 3562 4024 totus,
3613 3957 3854 4024 propter

2205 4017 2515 4095 credentes
2546 4031 2651 4086 per
2678 4014 2884 4095 ipsum
2904 4014 3246 4095 universum
3279 4019 3460 4095 lusos,
3489 4019 3551 4075 in
3585 4014 3855 4077 testiino-

2204 4088 2368 4143 nium
2397 4095 2672 4165 voeetur;
2706 4086 2766 4139 in
2798 4086 3002 4165 priori,
3054 4086 3164 4165 soii
3212 4086 3544 4165 credentes.
3576 4094 3677 4165 qui
3726 4094 3856 4165 ipsa

2206 4176 2313 4215 sua
2332 4157 2716 4213 multitudine
2747 4156 2853 4228 per
2878 4156 3081 4211 orbem
3111 4157 3263 4225 fusa,
3286 4162 3574 4218 mundum
3594 4156 3854 4220 alterum

2206 4231 2267 4285 in
2300 4230 2522 4284 mundo
2545 4228 2848 4284 communi
2880 4229 3218 4284 conﬁciant.
3241 4231 3385 4286 Huic
3407 4235 3607 4290 sensui
3641 4238 3855 4291 suffra-

2205 4309 2377 4381 gatur
2391 4299 2853 4381 similisdicendi
2870 4301 3020 4355 ratio
3042 4317 3160 4381 qua
3174 4302 3361 4381 utitur
3380 4305 3643 4381 Ecclesia
3656 4309 3859 4381 ASmyr-

2207 4371 2411 4428 nensis
2438 4373 2498 4426 in
2532 4371 2783 4498 epistola
2811 4373 2887 4426 De
2915 4375 3183 4442 martyrio
3217 4374 3273 4429 S.
3305 4374 3614 4448 Polycarpi,
3651 4379 3712 4433 in
3741 4371 3859 4435 Ᾰο-

2207 4447 2274 4498 tis
2300 4451 2527 4498 martm'.
2612 4444 2760 4498 uin..
2792 4459 2957 4498 num.
2994 4446 3079 4498 l‘i.
3111 4443 3253 4498 dum
3285 4446 3369 4498 ait
3393 4448 3685 4498 Christum
3723 4467 3859 4498 nas.

2207 4447 2274 4500 tis
2300 4451 2527 4513 martyr.
2562 4443 2760 4522 Ruin._.
2792 4446 3079 4522 num.__l‘i,
3111 4443 3369 4522 dum_ait
3393 4443 3685 4522 Christum
3721 4467 3859 4522 pas.

2210 4533 2338 4591 sum
2371 4532 2500 4591 esse
2530 4532 2636 4591 pro
2669 4515 2858 4570 salute
2891 4513 3071 4591 totius
3099 4516 3309 4591 mundi
3336 4533 3537 4573 eorum
3567 4520 3668 4591 qui
3705 4513 3858 4577 salvi

2208 4588 2381 4655 ﬁunt,
2409 4584 2501 4640 τὸν
2531 4582 2670 4665 ᾗπερ
2699 4591 2800 4665 τῆς
2829 4582 3152 4665 τοῦ-παντὸς
3202 4588 3412 4660 κόσμου
3459 4592 3567 4644 τῶν
3586 4582 3855 4665 ’σωζομέο

2205 4679 2312 4712 νων
2345 4656 2616 4741 σωτῃρίοις
2643 4656 2901 4741 παθόντα.
2938 4658 3209 4741 Νομᾶ-991.
3237 4656 3572 4741 Augustini
3597 4656 3853 4737 duplicis

2212 4730 2419 4787 mundi
2452 4728 2755 4784 distinctio
2784 4745 2853 4783 ex
2884 4728 3069 4783 sacris
3099 4729 3314 4786 litteris
3332 4728 3432 4787 'ab
3465 4728 3851 4792 eodem-nro-

2209 4803 2364 4858 bata.
2397 4799 3156 4874 Nihilominusexistimem
3188 4802 3390 4874 Cyrilli
3438 4805 3622 4862 verba
3661 4799 3735 4864 ad
3765 4808 3854 4864 al-

2208 4879 2401 4929 terum
2436 4888 2676 4927 sensum
2714 4870 3057 4927 reducenda
3101 4870 3252 4941 esse,
3299 4880 3367 4929 ut
3419 4877 3680 4935 mundus
3727 4896 3853 4935 cre-

2214 4943 2657 5017 dentiumnihil
2687 4943 2849 5017 aliud
2881 4943 3192 5017 signiticet.
3215 4953 3432 5017 praeter
3451 4950 3744 5007 mundum
3776 4958 3861 5006 to-

2215 5023 2337 5100 tum
2362 5014 2725 5100 credentem,
2758 5014 2848 5100 vel
2880 5014 3012 5100 post
3030 5014 3326 5085 Evangelii
3375 5021 3859 5100 prmdiqationem

2215 5094 2402 5160 totum
2436 5087 2556 5160 fere
2590 5103 2659 5141 ex
2696 5086 3076 5160 credentibus
3129 5086 3545 5160 compositum.
3578 5094 3672 5149 Sic
3702 5103 3864 5151 cate-

2215 5159 2414 5238 chesis
2438 5158 2618 5231 hujus
2649 5175 2706 5213 n.
2744 5162 2795 5217 1.
2825 5157 3023 5238 verba,
3062 5155 3221 5238 τοὺςΔ
3238 5155 3292 5212 ις,
3320 5162 3388 5234 τῇ
3423 5160 3713 5238 οἰκουμένῃ
3742 5169 3861 5227 ταῖς

2213 5227 2988 5310 ᾳμαρτίαιςῐνενεκριυμένους,
3013 5227 3374 5310 signiﬁcant
3398 5227 3729 5310 universos,
3759 5238 3863 5310 qui

2215 5301 2275 5359 in
2310 5301 2428 5358 toto
2461 5301 2600 5357 orbe
2633 5301 2789 5365 sunt,
2826 5302 3082 5372 peccatis
3139 5313 3427 5371 mortuos,
3463 5313 3520 5362 et
3571 5301 3727 5366 infra
3756 5301 3862 5366 eo-

2213 5375 2344 5432 dem
2363 5375 2504 5454 _loco
2535 5372 2730 5454 verba,
2757 5370 2967 5454 κόσμον
2996 5370 3130 5454 ᾅλον
3162 5370 3484 5454 angam...
3521 5380 3865 5454 signiﬁcant

2211 5470 2239 5496 ‹‹
2278 5446 2580 5502 iniversos
2611 5445 2884 5500 homines
2915 5446 3015 5516 qui
3050 5445 3109 5499 in
3151 5445 3374 5505 mundo
3427 5445 3608 5506 sunt."
3636 5475 3663 5502 ››
3695 5453 3863 5509 Idem

2214 5525 2304 5574 est
2332 5534 2542 5574 sensus
2561 5517 2738 5587 hujus
2763 5516 3212 5573 Proverbiorum
3235 5523 3544 5579 sententiae
3565 5523 3658 5579 bis
3683 5541 3718 5580 a
3747 5525 3865 5587 Cy-

2214 5541 2304 5574 εει
2332 5541 2542 5574 sensus
2561 5541 2738 5587 uujus
2763 5541 3212 5573 rruvermurum
3235 5541 3544 5579 sententia
3565 5541 3658 5579 ms
3683 5541 3718 5580 a
3747 5541 3789 5580 υ
3832 5555 3862 5568 -

2211 5591 2348 5645 rillo
2375 5590 2588 5647 citatis.
2609 5612 2635 5638 α
2656 5588 2875 5644 Fidelis
2896 5587 3155 5644 hominis
3178 5597 3269 5647 est
3290 5598 3446 5649 totus
3476 5595 3735 5653 mundus
3762 5541 3862 5655 (Bi-

2213 5683 2242 5714 ‹‹
2268 5662 2564 5732 vitiarum,
2592 5660 2694 5718 hoc
2722 5667 2823 5730 est,
2850 5661 3030 5719 totius
3060 5663 3270 5719 mundi
3301 5665 3545 5727 divitias.
3588 5689 3619 5722 π
