4118 6264
319 347 434 407 827
1369 350 1433 408 S.
1479 347 1792 410 CYBILLI
1842 341 2252 406 HIEROSOL.
2299 349 2664 410 AIICHIEP.
3615 357 3731 416 828

321 481 477 552 apud
503 479 886 535 admirandos
917 480 1235 552 prophetas
1265 481 1594 548 tribuatur;
1657 488 1715 536 et
1766 487 1962 536 utrum

2112 483 2332 546 ητοῦσαι
2392 480 2552 536 αὐτὸν
2639 481 2729 537 καὶ
2791 484 2867 554 μὴ
2923 484 3200 558 εὑροῦσαι,
3261 484 3426 540 παλιν
3470 487 3731 560 εὑρουσαι

324 570 608 626 mulieres
638 587 770 640 quae
801 570 972 624 illum
1002 586 1120 624 non
1154 578 1456 642 repertum
1499 573 1842 643 qumsivere.
1901 587 1970 625 eo

2105 566 2385 642 [αἰρουσιψ
2441 568 2534 626 ’ἶνα
2588 575 2696 625 τῶν
2789 571 3137 647 Εὖαγγελίων
3189 574 3729 650 ἀναγινωσκομένων,

324 677 532 714 rursus
563 665 796 730 reperto
839 660 1161 732 gaudeant;
1194 667 1257 715 ut
1316 679 1444 716 cum
1477 662 1753 734 leguntur
1786 663 1973 715 Evan-

326 749 499 822 gelia,
531 766 653 804 non
684 748 920 814 fabula),
956 766 1149 821 neque
1194 752 1526 822 rhapsodiae
1576 754 1706 823 (seu
1755 752 1972 822 ineptas

326 854 527 893 rerum
559 839 1123 911 consarcinationes)
1173 841 1590 897 existimentur
1634 846 1971 896 sanctorum

329 927 779 1000 Evangeliorum
810 929 1199 986 narrationes.

401 1019 497 1074 III.
529 1017 693 1083 Quod
721 1017 900 1089 igitur
929 1019 1196 1090 sepultus
1227 1020 1302 1074 sit
1331 1021 1593 1076 Salvator
1623 1027 1822 1092 aperte
1868 1038 1972 1076 au-

327 1107 500 1164 distis
531 1108 591 1162 in
638 1108 929 1179 superiori
978 1107 1024 1143 5°
1051 1126 1326 1164 sermone
1374 1113 1470 1181 (1),
1519 1111 1670 1166 Isaia
1700 1111 1971 1167 dicente:

327 1200 446 1253 Erit
476 1200 534 1251 in
559 1214 696 1267 pace
725 1199 1008 1268 sepultura
1037 1199 1155 1268 ejus
1183 1199 1269 1262 ‘0;
1319 1200 1649 1271 paciﬁcavit
1691 1200 1846 1255 enim
1883 1218 1973 1255 se-

325 1286 566 1359 pultura
595 1303 703 1342 sua
735 1286 949 1342 coelum
981 1293 1040 1341 et
1063 1293 1279 1343 terram
1310 1288 1378 1356 6‘,
1413 1297 1751 1360 peccatores
1790 1290 1977 1345 addu-

330 1393 470 1431 cens
503 1377 658 1444 Deo;
711 1381 788 1438 et.
833 1378 878 1430 Α
919 1376 1066 1445 facie
1122 1380 1438 1448 iniquitatis
1485 1380 1730 1434 sublatus
1775 1386 1850 1434 est
1877 1381 1975 1450 ju-

328 1474 440 1522 stus
469 1465 555 1532 6';
590 1473 666 1534 et,
723 1465 849 1520 Erit
878 1469 936 1520 in
985 1483 1125 1536 pace
1174 1468 1461 1538 sepultura
1507 1471 1662 1539 ejus;
1707 1475 1783 1536 et,
1831 1471 1978 1525 Dabo

331 1557 501 1611 malos
524 1571 630 1626 pro
675 1556 961 1625 sepultura
1008 1555 1178 1625 ipsius
1204 1558 1267 1611 ⁸³.
1305 1560 1373 1612 Et
1416 1564 1502 1613 est
1549 1559 1859 1630 prophetia
1887 1560 1978 1614 Ja-

332 1644 440 1701 cob
471 1643 676 1699 dicens
708 1644 768 1698 in
811 1644 1166 1715 Scripturis:
1225 1647 1589 1702 Procumbens
1631 1648 1891 1703 dormivit
1921 1654 1981 1702 ut

332 1735 431 1802 leo,
465 1741 516 1788 et
547 1740 604 1788 ut
635 1734 877 1800 catulus;
911 1735 1033 1804 quis
1061 1736 1348 1790 suscitabit
1396 1753 1518 1790 eum
1564 1735 1658 1792 6“?
1688 1739 1755 1791 Et
1785 1737 1980 1791 simile

2087 659 2163 728 μὴ
2227 663 2410 730 μῦθοι,
2473 658 2615 733 μηδὲ
2697 660 2964 737 ῥαψῳδίαι
3015 669 3338 737 νομιζοιντο
3397 670 3504 720 τῶν
3556 665 3726 740 ἁγίων

2083 747 2430 824 Εὖαγγελίων
2462 752 2517 806 αἱ
2540 749 2848 827 διηγήσεις.

2157 1022 2229 1076 I“.
2261 1022 2380 1076 Ὅτι
2416 1023 2510 1095 μὲν
2544 1024 2637 1078 οὖν
2660 1022 2828 1102 ἐτάφη
2862 1025 2889 1079 ὁ
2938 1026 3157 1099 Σωτήρ,
3217 1024 3487 1095 ἀκηκόατε
3541 1032 3725 1107 σαφῶς

2085 1109 2137 1164 ἐν
2160 1114 2228 1184 τῇ
2260 1115 2498 1187 προτέρᾳ
2528 1111 2784 1186 διαλέξει,
2811 1118 2908 1170 τοῦ
2954 1113 3175 1170 Ἡσαΐου
3229 1114 3506 1192 λὲγοντος.
3539 1121 3730 1174 Ἔσται

2087 1199 2138 1254 ἐν
2174 1200 2361 1276 εἰρήνῃ
2414 1205 2448 1271 ἡ
2508 1205 2650 1280 ταφὴ
2712 1203 2902 1258 αὖτοῦ·
2967 1204 3359 1280 εἰρηνοποίησε
3413 1207 3514 1280 γάρ
3555 1205 3609 1261 ἐν
3662 1207 3734 1278 τῇ

2083 1294 2229 1364 ταφῇ
2262 1291 2425 1346 αὐτοῦ
2453 1297 2529 1367 t2)
2559 1293 2785 1367 οὐρανὸν
2821 1293 2913 1348 καὶ
2941 1295 3039 1363 τὴν
3092 1301 3222 1368 γῆν,
3275 1294 3411 1357 τοὺς
3469 1297 3729 1371 ἁμαρτω·

2091 1379 2221 1442 Αοὺς
2253 1381 2542 1456 προσάγων
2598 1386 2679 1453 τῷ
2731 1387 2864 1454 Θεῷ·
2924 1383 3038 1454 καὶ,
3088 1383 3170 1439 ὅτι
3232 1385 3367 1441 Ἀπὸ
3433 1386 3732 1460 προσώπου

2091 1465 2303 1534 ἀδικίας
2331 1470 2493 1545 ἦρται
2552 1471 2580 1526 ὁ
2640 1468 2874 1534 δίκαιος·
2929 1471 3042 1542 καὶ,
3098 1474 3289 1530 Ἔσται
3351 1472 3402 1528 ἰν
3459 1473 3647 1549 εἰρήνῃ
3693 1476 3730 1545 ἡ

2089 1560 2232 1636 ταφή
2287 1560 2470 1615 αὐτοῦ’
2529 1559 2639 1632 καί,
2701 1562 2870 1616 Δώσω
2943 1561 3072 1626 τοὺς
3122 1561 3401 1636 πονηροὺς
3456 1562 3575 1618 ἀντὶ
3631 1571 3733 1632 τῆς

2090 1655 2267 1722 ταφῆς
2327 1648 2515 1704 αὐτοῦ·
2600 1648 2690 1705 καὶ
2861 1651 3170 1728 προφητεία
3226 1657 3328 1706 τοῦ
3387 1647 3582 1709 Ἰακὼϐ
3643 1651 3738 1707 λέ-

2089 1759 2259 1814 γουσα
2316 1737 2368 1793 ἐν
2423 1744 2540 1801 ταῖς
2615 1746 2874 1818 Γραφαῖςσ
2935 1743 3245 1797 Ἀναπεσὼν
3324 1741 3592 1815 ἐκοιμήθη
3661 1744 3736 1805 ὡς

331 1823 466 1878 hoic
499 1823 559 1878 in
591 1823 861 1878 Numeris
923 1823 1362 1880 testimonium:
1399 1827 1678 1881 Recubans
1707 1829 1979 1896 requievit

2105 1827 2252 1895 λέων,
2294 1829 2383 1883 καὶ
2435 1829 2509 1892 ὡς
2563 1829 2818 1902 σκύμνοςο
2874 1831 2960 1892 τίς
3020 1830 3198 1905 ἐγερεῖ
3252 1830 3411 1886 αὐτόν
3455 1852 3471 1903 ;
3525 1831 3628 1888 Καὶ
3679 1833 3742 1887 τὸ

331 1921 393 1969 ιιι
427 1913 529 1980 leo,
561 1920 613 1967 et
645 1920 706 1967 ut
737 1913 951 1968 catulus
971 1913 1036 1966 ⁸⁵.
1071 1914 1136 1967 Et
1166 1931 1321 1985 saepe
1355 1915 1660 1970 audivistis
1685 1916 1980 1986 psalmum

337 2003 672 2058 dicentem:
704 2005 776 2058 Et
808 2004 866 2056 in
907 2001 1188 2072 pulverem
1243 2011 1436 2059 mortis
1474 2005 1752 2060 deduxisti
1800 2023 1884 2061 me
1913 2005 1979 2062 ⁸⁵.

337 2092 382 2128 ⁸⁷
415 2094 630 2148 Locum
661 2109 794 2147 vero
821 2092 1230 2148 adnotavimus
1261 2093 1323 2148 in
1356 2094 1466 2149 hoc
1487 2093 1645 2151 dicto
1677 2113 1688 2152 :
1723 2097 1985 2167 Inspicite

335 2186 396 2238 in
418 2189 639 2253 petram
667 2199 833 2252 quam
861 2181 1145 2238 excidistis
1171 2183 1216 2218 ⁸⁸
1241 2204 1255 2250 ;
1288 2183 1569 2254 deinceps
1589 2202 1727 2241 vero
1753 2185 1826 2242 de
1860 2187 1988 2258 ipsa

337 2275 466 2344 ejus
497 2272 930 2328 resurrectione
965 2272 1304 2328 testimonia
1334 2273 1778 2331 subnectamus.

2092 1917 2143 1972 ἐν
2233 1919 2514 1992 Ἀριθμοῖς
2595 1919 3001 1994 παραπλήσιονο
3065 1920 3425 1983 Κατακλιθεῖς
3509 1920 3743 1976 ἀνεπαύ-

2094 2029 2222 2062 σατο
2267 2008 2342 2070 ὡς
2397 2007 2560 2074 λὲων,
2621 2009 2705 2063 καὶ
2769 2009 2842 2070 ὡς
2893 2008 3151 2082 σκύμνος.
3216 2008 3312 2066 Καὶ
3364 2013 3461 2065 τοῦ
3511 2006 3744 2083 ψαλμοῦ

2094 2095 2348 2174 λέγοντος
2398 2095 2666 2166 ἠκούσατε
2721 2095 3014 2162 πολλάκις·
3085 2098 3188 2155 Καὶ
3244 2097 3319 2162 εἷς
3393 2103 3528 2174 χοῦν
3589 2099 3745 2154 θανά-

2093 2207 2189 2241 του
2218 2187 2521 2261 κατήγαγες
2553 2207 2636 2260 με.
2669 2188 2766 2240 Καὶ
2806 2189 2898 2242 τόν
2930 2188 3096 2243 τόπον
3155 2185 3214 2243 δὶ
3268 2191 3344 2260 (3)
3403 2187 3748 2262 ἐπεσημειω-

2097 2275 2321 2348 σάμεθα,
2404 2273 2454 2330 ἐν
2535 2280 2616 2348 τῷ
2672 2275 2870 2350 λέγειν·
2931 2273 3277 2351 Ἐμϐλὲψατε
3361 2277 3438 2340 εἷς
3495 2279 3595 2347 τήν
3654 2279 3749 2333 πέ-

334 2357 586 2432 τραν,ἤν
622 2359 1021 2432 ἐλατομήσατε.
1055 2360 1259 2415 Λοιπὸν
1293 2357 1350 2414 δὲ
1405 2361 1528 2438 περὶ
1589 2362 1754 2433 αὐτῆς
1811 2371 1910 2434 τῆς
1957 2367 2295 2427 ἀναστάσεως
2373 2365 2564 2435 αὐτοῦ,
2623 2365 3206 2441 παρακολουθείτωσαν
3267 2369 3404 2440 ἡμῖν
3487 2367 3541 2422 αἱ
3603 2387 3746 2442 μαρ-

332 2449 535 2525 τυρίαι.

413 2540 566 2596 206
597 2539 690 2594 IV.
737 2539 1003 2594 Primum
1034 2541 1212 2612 igitur
1269 2543 1330 2596 in
1388 2543 1618 2613 psalmo
1670 2546 1985 2602 undecimo

343 2631 526 2686 dicit:
553 2633 787 2700 Propter
813 2630 1090 2685 miseriam
1128 2634 1356 2701 inopum
1408 2639 1460 2686 et
1489 2637 1752 2702 gemitum
1772 2653 1987 2707 paupe-

343 2736 487 2789 rum,
545 2737 689 2776 nunc
732 2737 1042 2790 exsurgam,
1099 2723 1238 2776 dicit
1287 2720 1548 2778 Dominus
1590 2723 1655 2780 ⁸⁸.
1717 2725 1828 2780 Sed
1879 2726 1989 2781 hoc

347 2810 751 2865 testimonium
775 2810 933 2882 apud
953 2809 1241 2882 quosdam
1273 2810 1466 2865 adhuc
1484 2811 1732 2869 dubium
1759 2821 1988 2882 manet;

344 2916 482 2955 nam
514 2906 572 2955 et
601 2901 662 2954 in
694 2900 843 2955 iram
875 2917 1029 2971 saepe
1060 2901 1321 2971 exsurgit
1349 2900 1423 2955 ad
1456 2901 1741 2958 ultionem
1758 2921 1993 2960 sumen-

2170 2546 2241 2604 Δ’.
2276 2544 2425 2622 Λέγει
2467 2543 2648 2600 τοίνυν
2679 2549 2894 2620 πρῶτον
2949 2544 3001 2600 ἐν
3045 2549 3126 2618 τῷ
3182 2542 3449 2619 ἑνδεκάτῳ
3508 2543 3738 2620 ψαλμῷ·

2096 2636 2310 2690 Ἕνεκεν
2365 2640 2464 2704 τῆς
2517 2631 2893 2710 ταλαιπωρίας
2973 2639 3082 2690 τῶν
3164 2640 3409 2712 πτωχῶν
3493 2635 3582 2691 καὶ
3646 2640 3746 2690 τοῦ

2097 2728 2401 2798 στεναγμοῦ
2471 2728 2580 2778 τῶν
2635 2726 2908 2794 πενήτων,
2983 2729 3074 2778 νῦν
3167 2725 3564 2797 ἀναστήσομαι,
3652 2724 3741 2780 λέ-

2100 2835 2181 2889 γει
2211 2815 2431 2886 Κύριος.
2458 2811 2618 2870 Ἀλλ’
2674 2812 2752 2869 ἔτι
2808 2818 2969 2870 τοῦτο
3026 2816 3172 2890 παρά
3227 2836 3366 2871 τισιν
3425 2811 3737 2888 ἀμφίϐολον

2101 2902 2377 2979 τυγχάνει·
2412 2902 2684 2966 πολλάκις
2713 2904 2815 2979 γάρ
2873 2904 2962 2958 καὶ
3023 2903 3099 2967 εἷς
3157 2903 3324 2979 ὀργὴν
3355 2903 3610 2978 ἐγείρεται
3634 2906 3736 2974 (4),

344 2989 479 3045 dam
512 2990 584 3046 de
615 2990 874 3046 inimicis
893 2991 955 3042 ⁷ο.
993 2991 1135 3044 Veni
1168 2990 1345 3061 igitur
1374 2990 1446 3045 ad
1480 2991 1774 3062 psalmum
1810 2995 1986 3065 quin-

2105 2994 2236 3067 πρὸς
2263 2993 2326 3049 τὸ
2375 2987 2560 3048 λαϐεῖν
2616 2990 2886 3061 ἐκδίκησιν
2940 2993 3086 3070 παρὰ
3139 2998 3249 3049 τῶν
3308 2991 3535 3069 ἐχθρῶν.
3580 2991 3740 3056 Ἐλθὲ

347 3088 471 3136 tum
498 3080 795 3136 decimum
853 3080 1162 3153 propalam
1205 3080 1540 3137 dicentem:
1592 3083 1860 3140 Conserva
1887 3102 1991 3154 me,

344 3171 587 3234 Domine,
620 3173 754 3239 quia
783 3173 840 3224 in
869 3177 921 3226 te
946 3169 1166 3240 speravi
1188 3187 1201 3236 ;
1238 3177 1297 3224 et
1337 3177 1578 3242 postea:
1619 3176 1736 3229 Non
1765 3190 1993 3243 congre-

343 3258 482 3328 gabo
513 3260 890 3313 conventicula
940 3276 1126 3314 eorum
1157 3276 1224 3313 ea:
1251 3261 1630 3329 sanguinibus,
1683 3278 1778 3317 nec
1807 3279 1997 3318 nemor

345 3364 438 3402 ero
495 3349 776 3402 nominum
833 3364 1018 3402 eorum
1067 3366 1172 3419 per
1226 3348 1374 3403 labia
1412 3365 1568 3406 mea:
1619 3351 1994 3423 quandoqui-

346 3437 481 3494 dem
507 3454 600 3493 me
650 3438 1031 3510 abnegantes,
1077 3455 1275 3511 regem
1322 3457 1498 3495 suum
1544 3441 1656 3495 sibi
1706 3441 1995 3496 Caesarem

345 3535 752 3600 ascripserunt
787 3526 875 3594 7‘;
943 3533 1002 3583 et
1057 3528 1119 3583 in
1177 3529 1716 3600 consequentibus:
1778 3533 1998 3601 Prospi-

343 3618 552 3673 ciebam
582 3619 870 3674 Dominum
915 3633 1100 3673 coram
1147 3635 1230 3674 me
1280 3634 1508 3688 semper,
1541 3621 1674 3689 quia
1724 3637 1759 3675 a
1783 3621 1996 3676 dextris

341 3710 474 3762 meis
502 3713 669 3764 estut
697 3724 806 3763 non
849 3724 1204 3763 commovear.
1249 3708 1319 3761 Et
1363 3712 1497 3778 post
1524 3725 1750 3779 pauca:
1802 3710 1996 3766 Adhuc

344 3814 473 3855 vero
502 3803 552 3853 et
578 3814 746 3870 usque
773 3799 848 3854 ad
874 3804 1082 3853 noctem
1112 3797 1435 3853 erudierunt
1472 3815 1556 3852 me
1584 3815 1738 3854 renes
1766 3802 1894 3854 mei.
1929 3801 2000 3854 Et

345 3894 554 3961 postea
574 3887 1056 3946 manifestissime
1078 3888 1161 3942 ait
1184 3904 1196 3941 :
1217 3885 1489 3951 Quoniam
1519 3903 1628 3942 non
1655 3889 1998 3960 derelinques

347 3983 589 4036 animam
617 3997 790 4036 meam
821 3984 880 4034 in
909 3981 1210 4048 infernum.
1241 3994 1338 4032 nec
1367 3977 1523 4032 dabis
1563 3979 1823 4035 Sanctum
1845 3986 1999 4034 tuum

344 4070 532 4126 videre
559 4072 984 4140 corruptionem.
1015 4069 1140 4122 Non
1171 4065 1338 4132 dixit,
1372 4067 1486 4121 Nec
1517 4066 1685 4122 dabis
1717 4069 1996 4124 Sanctum

346 4164 514 4216 tuum
545 4159 741 4216 videre
773 4163 1046 4224 mortem,
1079 4155 1300 4226 alioqui
1334 4161 1603 4211 mortuus
1651 4174 1771 4212 non
1801 4164 1994 4226 esset;

349 4248 473 4315 sed,
505 4251 913 4320 corruptionem
943 4245 1206 4318 quidem,
1259 4245 1472 4315 inquit,
1527 4263 1648 4301 non
1691 4247 1884 4313 video,
1936 4249 1996 4305 in

348 4344 539 4395 morte
569 4346 768 4396 autem
809 4354 931 4394 non
987 4335 1371 4408 permanebo.
1431 4337 1597 4392 Notas
1626 4337 1767 4393 mihi
1818 4339 2000 4407 fecisti

419 4466 465 4501 ⁸⁹
494 4467 612 4521 Cat.
650 4467 734 4532 t3,
787 4482 844 4520 n.
878 4465 965 4519 34.
1023 4464 1071 4499 ⁶⁰
1102 4466 1210 4520 Isa.
1236 4481 1364 4530 Lvu,
1391 4467 1444 4521 2.
1503 4465 1546 4500 ⁶¹
1607 4463 1828 4518 Coloss.
1865 4480 1898 4529 ι,
1951 4466 2040 4518 20.

351 4540 401 4592 9.
459 4537 507 4573 ⁸⁵
564 4541 732 4594 Num.
768 4554 916 4598 xxnv.
951 4539 1003 4592 9.
1080 4536 1128 4571 ⁶⁶
1203 4536 1355 4591 Psal.
1391 4552 1505 4604 xxI,
1547 4537 1634 4590 16.
1710 4533 1756 4570 ⁸⁷
1789 4535 1906 4591 Cat.
1939 4552 1989 4590 ιι

2105 4552 2150 4590 νι.
2185 4536 2272 4590 35.

349 4624 444 4677 vn,
477 4613 530 4663 7.
607 4608 650 4644 ⁷¹
753 4611 918 4665 Joan.
973 4609 1212 4677 111,15.

2101 3081 2278 3137 τοίνυν
2306 3080 2394 3138 ἐπὶ
2423 3083 2513 3137 τὸν
2554 3081 3029 3138 πεντεκαιδὲκατον
3087 3081 3308 3157 ψαλμὸν
3369 3081 3592 3156 λεγοντα
3645 3101 3741 3137 σα-

2103 3177 2238 3252 φῶςι
2316 3172 2564 3243 Φύλαξόν
2651 3193 2739 3245 με,
2823 3173 3008 3246 Κύριε,
3071 3172 3154 3228 ὅτι
3211 3172 3296 3228 ἐπὶ
3378 3171 3463 3227 σοὶ
3515 3170 3743 3243 ἢλπισα·

2103 3261 2191 3318 καὶ
2246 3263 2379 3334 μετᾶ
2431 3266 2616 3316 ταῦτα’
2678 3263 2758 3319 Οὐ
2841 3263 2916 3335 μή
2977 3262 3264 3337 συναγάγω
3349 3261 3447 3323 τὰς
3507 3281 3744 3336 συναγωο

2103 3351 2202 3425 γὰς
2252 3352 2428 3406 αὐτῶν
2487 3351 2538 3421 ἐξ
2596 3351 2866 3422 αἱμάτων,
2923 3350 3037 3406 οὐδ’
3096 3350 3158 3405 οὐ
3219 3351 3296 3423 μὴ
3370 3354 3600 3422 μνησθῶ
3640 3353 3750 3404 τῶν

2105 3442 2389 3514 ὀνομάτων
2421 3440 2598 3496 αὐτῶν
2633 3438 2722 3495 διὰ
2751 3437 2985 3516 χειλέων
3053 3461 3178 3513 μου,
3235 3436 3424 3508 ἐπειδὴ
3484 3438 3583 3512 ἐμὲ
3611 3459 3749 3515 παρ-

2104 3532 2484 3604 αιτησάμενοι,
2547 3529 2773 3604 βασιλέα
2819 3531 3022 3585 ἑαυτῶν
3083 3527 3386 3605 ἐπέγραψαν
3468 3528 3562 3582 τὸν
3622 3529 3750 3582 Καί-

2105 3640 2259 3694 σαρα·
2317 3619 2406 3675 καὶ
2481 3621 2548 3674 τά
2607 3619 2748 3690 ἒξῆς’
2817 3619 3180 3694 Ηροωρώμην
3238 3619 3330 3673 τὸν
3407 3617 3610 3692 Κύριον
3667 3615 3751 3672 ἐν·

2105 3708 2277 3765 ώπιόν
2311 3731 2415 3782 μου
2446 3706 2754 3777 διαπαντὸς,
2815 3709 2898 3763 ὅτι
2959 3705 3019 3762 ἐκ
3075 3706 3262 3778 δεξιῶν
3325 3705 3431 3780 μού
3462 3704 3607 3761 ἐστιν
3661 3703 3753 3759 ’ἱνα

2109 3800 2186 3874 μὴ
2243 3797 2510 3863 σαλευθῶ·
2571 3798 2661 3854 καὶ
2723 3799 2836 3871 μετ’
2895 3795 3110 3871 ὀλίγον·
3169 3799 3290 3854 ’Έτι
3377 3793 3436 3851 δὶ
3490 3795 3580 3851 καὶ
3652 3791 3756 3856 ἓως

2103 3889 2294 3951 νυκτὸς
2350 3885 2667 3943 ἐπαίδευσάν
2709 3909 2777 3960 με
2834 3889 2886 3942 οἱ
2968 3887 3152 3965 νεφροί
3232 3907 3356 3959 μου·
3444 3886 3534 3940 καὶ
3620 3883 3754 3956 μετᾶ

2105 3983 2269 4034 ταῦτα
2327 3976 2626 4055 σαφέστατα
2711 3977 2881 4053 λέγει·
2965 3979 3087 4034 *Οτι
3163 3975 3262 4031 οὐκ
3343 3973 3750 4051 ἐγκαταλείψεις

2103 4069 2202 4138 τὴν
2235 4069 2422 4142 ψυχήν
2485 4089 2590 4140 μου
2647 4067 2723 4129 εἷς
2791 4063 2950 4138 ᾅδην,
3012 4063 3138 4120 οὐδὲ
3198 4062 3387 4126 δώσεις
3443 4065 3536 4119 τὸν
3569 4061 3752 4120 ὐσιόν

2106 4177 2201 4212 σου
2261 4153 2392 4211 ἰδεῖν
2459 4153 2780 4233 διαφθοράν.
2837 4153 2950 4211 οὐκ
3010 4155 3152 4210 εἶπεν
3217 4157 3307 4225 (5)·
3357 4151 3500 4210 Οὐδὶ
3559 4150 3753 4214 δώσεις

2103 4247 2195 4301 τὸν
2218 4246 2405 4303 *Οσιόν
2439 4267 2535 4300 σου
2569 4243 2703 4300 ἰδεῖν
2758 4247 3010 4315 θάνατον,
3060 4242 3176 4298 ἐπεὶ
3235 4241 3336 4297 οὐκ
3392 4243 3745 4312 ἀπέθνησκεν

2105 4332 2272 4402 ἀλλὰ,
2303 4335 2401 4404 τήν
2435 4336 2528 4409 μὲν
2576 4332 2894 4413 διαφθορὰν,
2950 4333 3137 4410 φησὶν,
3192 4330 3254 4387 οὐ
3315 4329 3527 4407 βλέπω,
3585 4331 3635 4385 ἐν
3696 4327 3753 4384 δὲ

2124 4464 2169 4499 ⁸⁵
2230 4463 2341 4518 Isa.
2394 4479 2524 4525 Lvn,
2586 4462 2636 4516 1.
2691 4460 2739 4496 ⁸³
2793 4462 2904 4518 Isa.
2981 4479 3104 4526 Lm,
3165 4465 3218 4517 9.
3303 4461 3350 4496 ⁶⁴
3399 4462 3516 4518 Gen
3597 4473 3746 4522 χιιι,

2357 4532 2405 4569 ⁸⁸
2503 4535 2615 4590 Isa.
2657 4551 2730 4602 ιι,
2765 4535 2812 4590 1.
2889 4531 2935 4568 ‘9
2993 4533 3146 4589 Psal.
3193 4549 3273 4601 ιι,
3319 4536 3372 4591 6.
3447 4532 3493 4567 ⁷⁸
3590 4528 3746 4585 Psal.

422 4735 500 4806 (1)
529 4736 777 4792 Audistis
805 4736 864 4790 in
912 4736 1195 4805 superiore
1251 4749 1514 4788 sermone.
1568 4733 1779 4806 Locum
1825 4729 1992 4806 Isaias
2026 4733 2069 4797 D
2104 4732 2188 4792 Et.
2221 4733 2343 4785 Erit
2374 4733 2433 4806 in
2461 4747 2603 4806 pace
2625 4731 2909 4800 sepultura
2960 4734 3097 4803 ejus,
3157 4730 3310 4806 legit
3356 4729 3480 4806 ille,
3540 4731 3630 4788 Et.
3665 4730 3743 4806 _1_n

389 4802 526 4863 nem
549 4825 611 4862 se
643 4807 765 4862 illic
794 4802 1010 4862 citasse
1036 4811 1482 4869 commemorat,
1509 4820 1627 4858 non
1659 4802 1911 4858 habetur
1931 4803 1992 4856 in

390 4880 579 4935 ecima
600 4881 774 4934 tertia
823 4879 1116 4935 catechesi
1143 4895 1155 4944 ;
1179 4883 1281 4932 aut
1303 4893 1438 4948 ergo
1463 4875 1756 4948 significat
1798 4874 1990 4948 homif

345 4949 488 5004 liam
512 4951 574 5002 in
606 4951 924 5020 synaxidie
943 4949 1298 5020 praecedenti
1326 4944 1588 5020 habita'm
1623 4965 1636 5013 ;
1663 4952 1783 5013 aut,
1834 4944 1994 5020 quod

349 5037 455 5093 ego
470 5017 661 5093 verius
686 5017 1169 5082 censeofallente
1186 5020 1472 5093 memoria
1495 5019 1707 5074 citasse
1728 5035 1787 5093 se
1804 5017 2000 5093 existi-

349 5087 535 5146 mavit
567 5093 992 5158 testimonium,
1055 5091 1214 5162 quod
1245 5093 1396 5146 forte
1455 5108 1586 5145 cum
1624 5087 1998 5144 recitandum

349 5163 775 5251 pronpqs‘uisset,
800 5178 869 5216 ex
896 5169 1165 5251 tempore
1197 5163 1402 5251 dipeps
1436 5162 1832 5251 prmtermjisit;

419 5232 496 5304 (2)
524 5234 610 5308 Ἐγ
655 5235 748 5308 τῇ-
779 5237 922 5308 ταφῇ
981 5232 1168 5287 αὐτοῦ.
1233 5232 1600 5308 verbame
1647 5232 1997 5308 addidimus

350 5323 418 5360 ex
451 5305 620 5360 codd.
655 5305 827 5378 Coisl.
861 5305 919 5360 et
945 5308 1081 5378 Reg.
1115 5321 1246 5375 quas
1278 5305 1430 5359 hanc
1462 5305 1724 5378 phrasim
1747 5321 1881 5378 cum
1906 5320 1999 5358 su-

348 5378 585 5460 periere
615 5375 940 5460 Isaiw‘loco
987 5375 1356 5460 connectunt
1379 5377 1607 5460 magis;
1650 5376 1994 5460 et_adduEto

349 5448 600 5504 inferius
632 5448 899 5517 ejusdem
918 5449 1079 5502 Isaiae
1105 5448 1256 5503 loco.
1294 5448 1439 5501 Dabo
1471 5449 1659 5514 malos,
1679 5454 1815 5514 etc.,
1835 5448 1995 5518 aCy-

349 5520 484 5575 rillo
517 5521 869 5576 confirmata
895 5519 1183 5574 videntur.
1219 5520 1357 5583 Quae
1393 5525 1744 5589 sequuntur.
1779 5520 1850 5574 ab
1883 5520 1995 5572 hoc

349 5592 730 5649 testimonio:
767 5597 809 5649 Α
861 5594 1006 5662 facie
1064 5590 1400 5662 iniquitatis,
1459 5591 1801 5662 transcribit
1835 5590 1992 5644 Rufi-

345 5681 481 5727 nus.
509 5666 612 5721 sed
642 5665 822 5738 paulo
861 5660 1104 5738 liberius
1126 5660 1459 5738 et_solutius
1492 5679 1669 5731 quam
1701 5660 1994 5738 decimam

347 5738 585 5794 tertiam
616 5730 972 5794 catecbesim
1004 5730 1392 5805 compilavit;
1411 5730 1660 5805 sumpta
1690 5748 1760 5788 ex
1775 5733 1993 5805 Cyrillo

350 5810 608 5882 sparsim
637 5816 696 5866 et
723 5807 1095 5882 longioribus
1125 5803 1456 5860 intervallis
1482 5803 1780 5856 inserens.
1818 5803 1991 5872 Loco,

2096 4819 2238 4872 pace
2265 4810 2342 4857 est
2373 4803 2520 4858 locus
2549 4805 2688 4872 ejus,
2725 4820 2812 4874 ps.
2846 4800 3009 4861 Lxxv'.
3043 4807 3096 4870 2,
3130 4800 3244 4858 nec
3297 4803 3514 4874 invitus
3545 4800 3745 4856 credi-

2105 4871 2303 4956 derim
2331 4874 2458 4956 loco
2482 4875 2515 4941 ἡ
2543 4875 2690 4956 ταφῇ
2725 4871 3034 4956 scripsisse
3065 4875 3350 4956 erillum
3376 4872 3410 4955 ,ὁ
3439 4871 3645 4956 etiam“
3665 4875 3750 4927 lta

2105 4946 2265 5034 enim
2279 4943 2774 5034 frigidaej‘usdem
2809 4943 3130 5029 testimonii
3156 4943 3748 5034 repetitiovitatbitu‘r.

2179 5019 2250 5086 (3)
2309 5013 2622 5090 Tiuovi'aé.
2670 5018 2749 5090 at
2807 5019 3115 5090 posuimus
3175 5013 3245 5090 ei
3303 5016 3487 5090 codd.
3528 5015 3754 5090 Coisl.,

2109 5090 2271 5213 Βρε..
2303 5090 2443 5213 goe,
2477 5089 2748 5156 Casaub.,
2781 5087 2951 5162 cujus
2974 5091 3100 5145 loco
3134 5089 3286 5145 male
3310 5090 3370 5143 in
3398 5087 3573 5143 editis
3619 5088 3756 5143 scri-

2109 5177 2144 5213 n
2177 5176 2276 5213 um
2364 5179 2408 5213 ς.

2153 5167 2276 5214 tum
2303 5167 2408 5218 δίς.

2107 5177 2601 5304 “diligentia
2638 5235 2909 5303 exsurgit.
2944 5233 3031 5287 Ita
3063 5231 3414 5304 scripsimus
3454 5248 3523 5286 ex
3553 5229 3753 5297 Coisl.,

2108 5305 2270 5376 Reg.,
2301 5302 2901 5376 ﬂbe,Casaub.,Grod.
2918 5303 3065 5367 ,loco
3098 5302 3404 5376 ἐγήγερται,
3421 5305 3754 5358 exsurrexit.

2178 5373 2254 5433 (Β)
2287 5373 2403 5448 Οὐκ
2429 5375 2600 5448 εἶπεν,
2637 5378 2753 5431 Non
2784 5377 2950 5431 dicit.
3011 5378 3092 5430 Ex
3136 5373 3353 5442 _Cdisl.,
3393 5377 3579 5448 _Reg.,
3615 5377 3755 5448 Boe,

2105 5446 2378 5518 Casaub.,
2412 5447 2586 5503 Grod.
2615 5448 3015 5518 emendatum.
3051 5453 3118 5502 ut
3149 5444 3541 5518 responderet
3585 5444 3756 5502 alteri

2105 5517 2460 5594 verboinfra
2489 5517 2676 5594 φησίν.
2715 5519 2866 5594 Editi
2901 5536 3034 5594 vero
3085 5517 3290 5574 contra
3340 5535 3580 5594 sensum
3607 5535 3756 5594 con-

2105 5591 2449 5664 structionis
2487 5588 2708 5664 habent
2738 5591 2799 5646 in
2843 5592 3033 5664 prima
3073 5606 3362 5664 persona,
3403 5588 3520 5645 Οὐκ
3578 5591 3755 5654 εἷπον,

2106 5663 2222 5733 Non
2245 5663 2393 5733 diri.
2456 5663 2637 5718 Paulo
2673 5661 3006 5733 postfloco
3067 5661 3345 5733 ὓπομένω,
3395 5664 3626 5733 ευπενο,
3691 5674 3762 5716 ex

2104 5731 2282 5787 Coisl.
2318 5739 2381 5807 et_
2405 5735 2542 5807 Reg.
2573 5740 2632 5791 et
2653 5729 2826 5791 Grod.
2861 5729 3270 5806 ascripsimus,
3315 5729 3604 5806 ἀπομενῶ,
3648 5747 3760 5789 ηοη

2096 5805 2450 5873 permanebo.
