4118 6264
277 324 389 387 831

1336 329 1400 391 8.
1448 326 1763 390 CYRILLI
1806 317 2220 384 HIEROSOL.
2268 318 2626 381 ARCHIEP.

3567 332 3687 392 832

280 473 476 528 neque
498 456 837 514 racemulus
861 476 875 513 :
905 459 1272 517 exscinditur
1292 478 1549 534 namque
1574 462 1746 517 vinea
1773 460 1929 531 ipso-

2062 449 2339 526 ιωτηρίας,
2399 447 2526 507 ἀλλ’
2582 449 2708 507 οὖὸὶ
2763 451 3078 530 ἐπιφυλλίς·
3133 457 3451 516 ἐκκόπτεται
3509 460 3612 535 γὰρ
3644 464 3680 533 ἡ

281 563 435 602 rum.
465 547 603 602 Vide
620 548 918 620 quomodo
940 548 1011 605 ad
1036 550 1362 623 discipulos
1386 549 1651 624 loquitur
1675 569 1687 606 :
1718 575 1744 602 α
1770 553 1930 607 Pras-

282 660 311 688 «
337 643 580 710 parate,
596 654 771 694 mane
790 656 960 713 surge
979 656 991 694 :
1012 663 1037 689 ››
1051 657 1226 696 mane
1249 650 1525 714 exspecta
1549 640 1932 697 resurrectio-

283 727 522 781 nem.Et
541 726 756 783 deinde
784 729 1112 784 secundum
1146 731 1417 787 eamdem
1448 730 1763 804 Scriptura:
1796 745 1935 783 con-

283 817 657 887 sequentiam
687 833 755 872 ac
785 822 1075 887 tenorem,
1100 820 1183 874 ait
1207 838 1219 875 :
1254 843 1282 871 ‹‹
1308 824 1627 893 PrOpterea
1653 824 1935 891 exspecta

286 926 315 957 «
341 921 458 971 me,
488 904 570 961 ait
600 906 905 974 Dominus,
934 908 995 963 in
1027 908 1185 965 diem
1208 909 1665 967 resurrectionis
1696 925 1843 964 meae
1871 908 1933 962 in

285 1015 315 1045 «
338 994 749 1067 martyrium"2
762 1018 790 1047 ››
811 995 939 1068 [seu
959 997 1592 1072 testimonium].Vides
1606 1000 1782 1055 etiam
1798 1012 1936 1070 pro-

287 1082 528 1157 phetam
570 1085 908 1156 prmvidisse
956 1086 1154 1143 locum
1208 1089 1665 1146 resurrectionis
1700 1089 1797 1161 (l),
1831 1087 1932 1158 qui

287 1174 631 1247 Martyrium
662 1176 1054 1248 appellandus
1107 1185 1254 1233 erat.
1305 1180 1444 1244 Quae
1485 1178 1647 1234 enim
1679 1177 1930 1243 ratione,

287 1280 408 1319 non
439 1270 787 1321 casterarum
809 1265 1206 1323 Ecclesiarum
1228 1285 1392 1324 more
1424 1269 1519 1323 hic
1551 1267 1850 1334 Golgothaa
1878 1269 1937 1322 et

288 1355 745 1410 resurrectionis
775 1355 941 1411 locus
972 1357 1234 1413 Ecclesia
1263 1357 1618 1430 appellatur,
1653 1355 1756 1412 sed
1787 1356 1933 1410 Mar-

288 1443 508 1515 tyrium
528 1443 557 1498 ?
583 1446 658 1499 At
686 1443 744 1500 id
774 1445 1023 1501 fortasse
1050 1452 1292 1519 propter
1322 1448 1672 1520 prophetam
1705 1445 1807 1517 qui
1841 1443 1935 1499 di-

286 1532 372 1586 xit
397 1549 410 1586 :
443 1556 469 1583 ‹‹
499 1534 564 1587 In
586 1532 745 1588 diem
768 1535 1222 1591 resurrectionis
1248 1553 1395 1592 meae
1420 1536 1483 1592 in
1507 1535 1880 1608 martyrium.
1905 1554 1933 1585 »

355 1623 471 1676 νιι.
504 1623 574 1677 Ει
603 1623 736 1695 quis
781 1624 893 1680 iste
953 1632 1061 1690 est,
1123 1626 1351 1697 quodve
1405 1626 1535 1697 ejus
1564 1624 1934 1697 resurgentis

286 1710 566 1782 signum?
595 1712 913 1770 Evidenter
933 1713 994 1769 in
1019 1715 1530 1787 consequentibus
1560 1714 1623 1769 in
1646 1714 1775 1786 ipsa
1797 1731 1931 1785 pro-

2036 539 2285 614 ἄμπελος
2317 538 2513 597 αὐτῶν.
2548 541 2749 613 Βλέπε,
2806 547 2925 607 πῶς
2982 542 3127 622 λέγει
3178 549 3313 622 πρὸς
3343 549 3469 613 τοὺς
3498 551 3679 623 μαθηο

2033 630 2149 694 τάς’
2206 629 2559 702 Ἐτοιμάζου,
2636 626 2912 706 ὅρθρισον⁸
2973 634 3172 711 δρθρου
3249 637 3525 711 προσδόκα
3573 641 3669 709 τήν

2036 718 2319 775 ἀνάστασιν
2351 722 2444 793 (2).
2503 719 2608 776 Καὶ
2665 720 2784 794 ἑξῆς
2838 723 2975 778 κατᾶ
3026 725 3124 795 τήν
3158 723 3323 798 αὐτὴν
3354 727 3678 785 ἀκολουθίαν

2034 817 2134 879 τῆς
2190 814 2411 886 Γραφῆς
2464 828 2619 888 φησι·
2680 810 2777 866 Διὰ
2830 815 2991 868 τοῦτο
3053 813 3345 889 ὑπόμεινον
3407 839 3494 892 με,
3526 816 3682 895 λέγει

2038 897 2262 974 Κύριος,
2339 896 2415 960 εἰς
2488 897 2699 974 ἡμέραν
2775 900 3115 966 ἀναστάσεως
3185 926 3292 978 μου
3345 906 3422 972 εἷς
3477 907 3681 982 μαρτῦ-

2039 1008 2173 1064 ριον.
2233 981 2482 1057 Βλέπεις,
2542 989 2624 1043 ὅτι
2675 991 2765 1045 καὶ
2820 990 2913 1045 τὸν
2955 992 3122 1048 τόπον
3179 1002 3281 1065 τῆς
3335 981 3672 1061 ἀναστάσεως

2037 1074 2286 1150 προεῖὂεν
2319 1077 2347 1131 ὁ
2394 1078 2708 1152 προφήτης,
2766 1081 3075 1155 Μαρτόριον
3130 1081 3685 1161 ἐπικληθησόμενονς

2036 1166 2159 1224 Τίνι
2188 1166 2292 1242 γὰρ
2320 1170 2402 1239 τῷ
2432 1164 2610 1242 λόγῳ,
2648 1168 2724 1240 μὴ
2781 1169 2918 1246 κατὰ
2949 1170 3042 1235 τὰς
3071 1173 3270 1237 λοιπάς
3297 1173 3628 1247 Ἐκκλησίας
3657 1178 3686 1234 ὁ

2037 1259 2135 1311 τοῦ
2166 1253 2420 1331 Γολγοθᾶ
2447 1257 2535 1310 καὶ
2581 1263 2681 1327 τῆς
2734 1256 3075 1324 ἀναστάσεως
3117 1261 3275 1326 οὗτος
3308 1264 3337 1320 ὁ
3365 1264 3533 1329 τόπος
3565 1267 3691 1325 Ἐκ-

2039 1343 2241 1417 κλησία
2298 1346 2568 1413 καλεῖται,
2623 1346 2770 1404 ἄλλά
2821 1349 3136 1426 Μαρτόριον
3171 1357 3287 1426 (3);
3347 1354 3508 1412 Ἀλλ’
3563 1355 3694 1421 ἴσως

2043 1433 2136 1491 διὰ
2163 1436 2254 1491 τὸν
2315 1437 2629 1512 προφήτην,
2687 1437 2784 1493 τὸν
2839 1437 3082 1495 εἰπόνταο
3133 1440 3233 1505 Εἰς
3291 1442 3501 1517 ἡμέραν
3560 1445 3691 1501 ἀνα-

2041 1526 2277 1588 στάσεώς
2312 1546 2417 1598 μου
2448 1525 2524 1589 εἶς
2555 1525 2880 1602 μαρτύριοι.

2113 1621 2182 1673 Ζ’.
2216 1615 2319 1671 Καὶ
2350 1614 2430 1676 τίς
2484 1614 2622 1670 ἐστιν
2679 1618 2783 1692 ἆρα
2839 1618 2989 1689 οὗτο,
3022 1623 3110 1677 καὶ
3160 1622 3214 1678 τί
3242 1621 3306 1679 τὸ
3336 1628 3565 1695 σημεῖον
3592 1629 3690 1680 τοῦ

2043 1706 2403 1780 ἀνισταμένου
2428 1724 2441 1774 ;
2471 1709 2667 1784 Σαφῶς
2691 1706 2745 1761 ἐν
2764 1713 2882 1770 τοῖς
2906 1709 3049 1782 ἑξῆς,
3074 1709 3125 1766 ἐν
3144 1715 3212 1787 τῇ
3236 1713 3374 1787 αὐτῇ
3397 1712 3699 1788 ἀκολουθίᾳ

286 1800 508 1873 phetici
529 1809 839 1858 contextus
858 1804 1009 1859 serie
1032 1805 1205 1859 dicit:
1236 1828 1255 1851 -
1273 1805 1421 1870 Quia
1436 1809 1577 1859 tunc
1599 1808 1936 1859 convertam

2062 1798 2141 1849 τοῦ
2163 1795 2471 1870 προφήτου,
2505 1793 2685 1870 φησίν·
2715 1796 2840 1852 Ὅτι
2871 1796 2996 1852 τότε
3026 1802 3377 1877 μεταστρέψω
3407 1801 3495 1856 ἐπὶ
3527 1802 3699 1865 λαοὺς

2081 1880 2100 1897 ς
2130 1887 2153 1897 ..
2386 1880 2401 1897 .
2509 1879 2563 1897 ιι.
2770 1884 2783 1897 .
2893 1886 2907 1897 .
3018 1888 3032 1897 .
3090 1887 3100 1897 .
3371 1889 3386 1897 -
3573 1889 3589 1897 -
3619 1891 3629 1897 .

284 1907 501 1961 «super
522 1892 772 1963 populos
799 1892 1494 1965 linguam”;»siquidem
1516 1899 1650 1965 post
1670 1907 1938 1949 resurre-

290 1980 761 2040 ctionem.misso
783 1981 1002 2054 Spiritu
1025 1988 1229 2039 sancto
1245 1984 1381 2038 data
1402 1983 1696 2056 estgratia
1713 1980 1937 2055 lingua-

287 2086 419 2126 rum
440 2071 507 2138 “,
531 2094 559 2120 «σ
579 2079 646 2127 ut
675 2073 931 2130 serviant
966 2074 1216 2130 Domino
1247 2074 1355 2130 sub
1372 2075 1583 2148 jugum
1607 2090 1795 2128 unum
1812 2072 1880 2128 ⁸⁵.
1907 2095 1929 2125 ι

284 2159 591 2225 Quodnam
612 2178 748 2218 vero
771 2161 935 2219 aliud
956 2163 1019 2219 in
1043 2163 1252 2219 eodem
1275 2164 1564 2236 prOpheta
1590 2162 1937 2234 adjuugitur

287 2249 1093 2322 symbolum,quod,servient
1114 2253 1361 2308 Domino
1376 2252 1511 2324 subj
1524 2268 1702 2326 ugum
1716 2249 1934 2306 unum?

293 2362 321 2389 ‹‹
342 2339 422 2394 Ex
447 2337 666 2394 ﬁnibus
688 2339 1003 2396 fluviorum
1024 2341 1334 2413 Ethiopim
1366 2342 1617 2397 afferent
1638 2341 1742 2395 tibi
1773 2339 1941 2395 victi-

292 2444 474 2485 «mas.
487 2429 678 2484 "Nosti
702 2428 861 2500 quod
884 2430 944 2484 in
962 2430 1120 2485 Actis
1144 2430 1429 2502 scriptum
1454 2430 1758 2499 est“,cum
1783 2428 1943 2485 venit

289 2517 552 2589 IElhiops
584 2517 894 2583 eunuchus
926 2535 996 2574 ex
1028 2518 1248 2574 finibus
1272 2518 1586 2574 ﬂuviorum
1608 2518 1936 2590 AithiOpiaa.

293 2608 537 2673 Quando
568 2608 748 2681 igitur
779 2613 836 2663 et
866 2609 1150 2681 temporis
1181 2608 1711 2676 circumstantiam,
1747 2612 1805 2663 et
1825 2607 1938 2663 loci

289 2697 561 2770 proprios
581 2698 981 2765 characteres,
996 2698 1233 2770 quando
1262 2703 1319 2753 et
1341 2704 1663 2754 consecuta
1684 2712 1947 2753 resurre-

290 2787 549 2843 ctionem
572 2787 740 2860 signa
760 2787 1005 2843 edicunt
1028 2787 1377 2859 Scriptura;
1404 2788 1640 2843 ﬁrmam
1663 2786 1944 2858 deinceps

290 2875 746 2932 resurrectionis
778 2875 961 2932 ﬁdem
1010 2876 1280 2949 concipe,
1315 2892 1508 2947 neque
1543 2882 1597 2931 te
1629 2876 1947 2948 quisquam

297 2971 658 3037 permoveat,
689 2966 1012 3037 quominus
1034 2965 1333 3022 Christum
1363 2966 1702 3022 conﬁtearis
1734 2982 1764 3021 e
1792 2981 1950 3021 mor-

297 3054 417 3110 tuis
446 3055 767 3111 excitatum
780 3095 795 3115 .

370 3146 513 3200 νιιι.
547 3145 762 3216 Accipe
793 3150 852 3200 et
879 3143 1044 3200 aliud
1063 3144 1471 3200 testimonium
1499 3144 1561 3200 in
1584 3144 1942 3218 octogesimo

298 3231 552 3304 septimo
582 3233 834 3304 psalmo,
858 3234 1089 3288 Christo
1112 3234 1174 3288 in
1201 3234 1507 3307 prophetis
1538 3234 1773 3290 dicente
1795 3234 1945 3306 {ipse

301 3322 462 3378 enim
493 3321 595 3394 qui
628 3327 755 3377 tum
786 3321 1141 3394 loquebatur
1158 3324 1223 3394 ⁸⁷,
1272 3329 1479 3396 postea
1508 3324 1662 3380 208
1694 3322 1905 3392 adfuit)
1932 3339 1946 3378 :

2044 1880 2323 1959 γλῶσσαν·
2383 1879 2597 1954 ἐπειδὴ,
2659 1884 2794 1957 μετὰ
2847 1886 2946 1955 τήν
3008 1887 3294 1944 ἀνάστασιν
3362 1889 3695 1948 ἀποσταλέν-

2042 1995 2140 2036 τος
2194 1977 2292 2028 τοῦ
2353 1974 2512 2047 ἁγίου
2571 1973 2907 2048 Πνεόματος,
2964 1974 3126 2049 ἐδόθη
3188 1979 3351 2056 χάρις
3401 1980 3693 2056 γλωσσῶν,

2043 2064 2180 2136 πρὸς
2207 2064 2268 2118 τὸ
2296 2059 2571 2118 δουλεύειν
2625 2069 2707 2137 τῷ
2765 2066 2953 2141 Κυρίῳ
3014 2067 3118 2123 ὑπὸ
3174 2070 3327 2146 ζυγὸν
3361 2063 3472 2128 ἕνα.
3505 2070 3611 2128 Καὶ
3640 2069 3695 2126 τί

2044 2150 2186 2208 ἄλλο
2220 2146 2501 2224 σύμϐολον
2561 2150 2613 2207 ἐν
2668 2158 2750 2226 τῷ
2782 2155 2927 2229 αὖτῳ
2979 2158 3260 2232 πρόκειται
3291 2163 3570 2238 προφήτῃ,
3595 2163 3692 2216 τοῦ

2047 2239 2329 2298 δουλεύειν
2386 2245 2466 2314 τῷ
2524 2242 2711 2316 Κυρίῳ
2767 2245 2871 2299 ὑπὸ
2926 2247 3082 2321 ζυγὸν
3136 2244 3268 2317 ἕνας
3301 2250 3400 2307 Ἐκ
3445 2249 3691 2323 περάτων

2045 2336 2309 2405 ποταμῶν
2366 2330 2654 2394 Αἰθιοπίας
2712 2332 2923 2388 οἴσουσι
2983 2357 3078 2409 μοι
3136 2334 3340 2401 θυσίας.
3411 2337 3582 2404 Οἶδας
3633 2338 3695 2394 τὸ

2045 2419 2417 2499 γεγραμμένον
2467 2421 2517 2475 ἐν
2577 2427 2696 2484 ταῖς
2754 2426 3029 2496 Πράξεσιν,
3089 2425 3177 2481 ὅτε
3254 2425 3423 2496 ἦλθεν
3493 2427 3693 2503 Αἰθίοψ

2049 2510 2315 2585 εὐνοῦχος
2346 2510 2405 2566 ἐκ
2435 2509 2678 2587 περάτων
2728 2517 2990 2587 ποταμῶν
3051 2514 3360 2579 Αἰθιοπίας.
3390 2518 3551 2573 Ὀταν
3578 2517 3697 2573 τοί-

2047 2621 2139 2654 νυν
2173 2599 2263 2654 καὶ
2291 2600 2381 2654 τὸν
2414 2600 2600 2674 καιρὸν
2633 2602 2723 2655 καὶ
2767 2606 2866 2656 τοῦ
2893 2602 3066 2658 τόπου
3094 2602 3156 2659 τὸ
3188 2600 3415 2677 ἰδίωμα,
3447 2604 3572 2660 ὅταν
3604 2606 3697 2661 καὶ

2049 2689 2114 2744 τὰ
2145 2692 2222 2764 (4)
2266 2688 2400 2762 μετᾶ
2444 2690 2545 2759 τήν
2596 2689 2875 2746 ἀνάστασιν
2925 2698 3127 2766 σημεῖα
3175 2690 3407 2770 λέγωσιν
3456 2694 3511 2749 αἱ
3559 2700 3693 2770 Γρα-

2052 2778 2167 2854 φαί·
2215 2783 2543 2835 πιστοποιοῦ
2574 2777 2768 2836 λοίπὸν
2825 2780 2900 2844 εἰς
2956 2784 3057 2851 τήν
3115 2782 3419 2853 ἀνάστασιν,
3461 2783 3548 2837 καὶ
3582 2805 3695 2856 μη-

2054 2865 2163 2934 δείς
2216 2890 2274 2924 σε
2318 2868 2592 2925 σαλευέτω
2641 2869 2748 2926 ἀπὸ
2792 2874 2890 2925 τοῦ
2937 2868 3238 2948 ὁμολογεῖν
3268 2872 3491 2950 Χριστὸν
3517 2870 3576 2928 ἑκ
3602 2893 3689 2927 νε-

2053 2962 2201 3033 κρῶν
2231 2958 2618 3036 ἐγηγερμένον.

2129 3145 2212 3197 H‘.
2246 3133 2500 3214 Λάμόανε
2547 3137 2606 3195 δὲ
2652 3140 2742 3196 καὶ
2791 3138 2970 3212 ἄλλην
3025 3139 3321 3218 μαρτυρίαν
3357 3141 3408 3197 ἐν
3436 3146 3514 3215 τῷ
3543 3137 3697 3217 ὀγδο-

2059 3235 2279 3304 ηκοστῷ
2326 3226 2549 3304 ἑϐδόμῳ
2596 3229 2825 3306 ψαλμῷ,
2873 3234 3111 3307 Χριστοῦ
3156 3231 3413 3309 λὲγοντος
3463 3232 3515 3289 ἐν
3572 3252 3703 3309 προ-

2060 3321 2257 3397 φήταις
2315 3317 2499 3393 (αὐτὸς
2554 3320 2657 3396 γάρ
2712 3320 2740 3374 ὁ
2789 3317 2977 3375 λαλῶν
3027 3322 3150 3377 τότε
3192 3325 3267 3395 (5)
3317 3321 3541 3399 ὕστερον
3571 3341 3704 3397 παρ-

369 3448 418 3485 ³²
446 3448 704 3521 Sophon.
737 3464 821 3516 ιιι,
850 3449 907 3506 8.
983 3446 1029 3484 ⁸³
1057 3448 1200 3505 ibid.
1233 3452 1286 3505 9.
1363 3450 1410 3486 "
1437 3456 1566 3506 Act.
1599 3467 1663 3521 ιι,
1696 3452 1749 3506 4.
1827 3447 1874 3485 ⁸³
1904 3448 1947 3504 Si

2065 3464 2163 3506 on.
2196 3466 2275 3517 ιιι,
2311 3452 2394 3504 10.
2472 3448 2518 3485 ⁸⁸
2546 3451 2673 3505 Act.
2707 3465 2829 3520 νιιι,
2862 3452 2951 3506 27.
3027 3449 3073 3486 ⁸⁷
3102 3452 3213 3507 Isa.
3244 3465 3341 3518 ιιι,
3375 3453 3428 3506 6.

374 3572 448 3650 (⁸1)
478 3595 504 3624 ‹‹
540 3572 758 3650 Locum
785 3577 1243 3650 resurrectionis
1265 3578 1367 3649 qui
1401 3577 1793 3650 appellandus
1826 3580 1952 3650 erat

303 3666 332 3697 «
356 3647 756 3721 Martyrium.»
780 3648 1028 3704 Deducit
1044 3649 1099 3704 id
1114 3647 1368 3721 Cyrillus
1384 3647 1454 3705 ei
1471 3647 1599 3706 loco
1616 3649 1950 3721 Sophoniaa;

304 3719 478 3793 cujus
502 3718 845 3775 Hebraicam
866 3737 1067 3777 vocem
1094 3718 1227 3776 LXX
1257 3724 1517 3793 lnterpp.
1565 3718 1956 3776 reddiderunt

304 3787 601 3866 μαρτύριον
640 3794 1007 3848 testimonium
1080 3787 1476 3866 Hieronymus
1501 3796 1773 3866 futurum.
1797 3793 1953 3866 Cum

301 3861 591 3936 ecclesia,
625 3878 759 3935 quas
792 3879 970 3936 super
1013 3861 1341 3936 martyrum
1374 3866 1635 3920 tumulos
1665 3863 1951 3919 aadiflcari

300 3932 594 4006 solebant,
627 3932 903 4006 martyrio
931 3932 1295 4002 dicerentur,
1330 3952 1361 3991 e
1391 3936 1567 3991 variis
1598 3951 1731 4006 quae
1760 3936 1822 3989 in
1854 3950 1953 3989 sa.

298 4005 416 4062 oris
446 4005 594 4062 locis
623 4006 854 4062 Christo
899 4013 1253 4063 constructas
1313 4013 1454 4063 sunt
1504 4005 1793 4068 ecclesiis.
1828 4006 1954 4061 sola

299 4093 431 4148 qum
454 4077 526 4132 ad
551 4085 1005 4150 monumentum
1025 4078 1156 4150 ejus
1173 4078 1414 4135 condita
1436 4084 1545 4145 est,
1568 4077 1831 4150 martyrii
1853 4094 1955 4132 no-

297 4164 437 4205 men
468 4149 753 4216 retinuit;
786 4150 947 4221 quod
977 4149 1245 4206 ecclesiis
1291 4152 1608 4206 Nativitatis
1642 4149 1951 4205 Bethlehe-

298 4221 403 4288 mi,
435 4222 494 4275 et
522 4220 871 4277 Ascensioriis
902 4221 964 4277 in
996 4229 1198 4277 monte
1231 4222 1530 4278 Olivarum
1561 4222 1956 4278 mdiﬁcatamt

300 4294 594 4365 superiori
624 4292 697 4365 in
717 4299 921 4365 monte
949 4293 1089 4348 Sion
1121 4293 1390 4350 ecclesias
1422 4294 1604 4349 tribui
1634 4310 1755 4349 non
1788 4299 1950 4364 pote-

298 4363 409 4420 rat.
445 4366 571 4420 Non
603 4364 853 4420 dubium
875 4363 964 4419 illi
989 4365 1265 4437 ecclesiae
1285 4366 1581 4437 praecipue
1605 4363 1952 4421 convenisse

2063 3575 2159 3661 tis,
2189 3575 2472 3663 apostoli‘s
2498 3581 2559 3663 et
2588 3575 2929 3663 virginibus.
2960 3577 3220 3647 condita,
3244 3578 3467 3663 horum
3498 3596 3707 3663 προφη-

2060 3651 2197 3724 τεῖα,
2226 3645 3040 3724 ᾇποστολεῖα,-θιῗπαρθενῶνας
3085 3645 3386 3723 appellata
3431 3645 3701 3724 legi-mils.

2061 3723 2137 3775 At
2166 3721 2345 3796 etiam
2376 3719 2450 3776 ad
2481 3720 2761 3776 ecclesias
2775 3719 2916 3777 aliis
2938 3719 3308 3779 sanctis'non
3342 3719 3704 3796 martyribus

2062 3792 2353 3852 conditas.
2383 3798 2691 3864 extensum
2721 3797 2980 3864 martyrii
3026 3811 3246 3850 nomen
3276 3794 3457 3850 variis
3488 3792 3549 3850 in
3581 3811 3703 3851 mo-

2060 3864 2367 3919 numentis
2392 3863 2708 3934 reperitur.
2751 3863 2918 3930 Quod
2948 3872 3147 3922 autem
3179 3866 3464 3922 Millesius
3492 3866 3555 3922 in
3584 3865 3706 3921 suis

2061 3935 2137 3991 ad
2169 3934 2539 4010 hunclocum
2566 3936 2743 3999 notis,
2768 3953 2838 4010 ex_
2858 3938 3257 4010 appellatione
3281 3938 3551 4010 martyrii
3582 3938 3709 4010 Hie-

2061 4007 2477 4079 rosolymitani
2507 4007 2728 4063 factum
2784 4007 3002 4082 ait,'_ut
3065 4009 3183 4082 alia
3221 4007 3457 4082 quoque
3487 4009 3710 4082 templa

2061 4082 2334 4154 martyrio
2363 4085 2889 4154 nuncuparentur;
2923 4079 2981 4135 id
3021 4081 3186 4154 nullo
3219 4079 3458 4137 auctore
3490 4079 3704 4154 prodit,

2062 4157 2121 4205 et
2152 4166 2223 4225 ex_
2250 4151 2547 4225 frequenti
2571 4151 2807 4225 Eusebii
2831 4166 2940 4206 usu
2977 4152 3258 4209 ecclesias
3290 4151 3708 4225 martyriorum

2062 4222 2309 4295 nomine
2337 4222 2700 4295 appellandi.
2727 4223 2855 4294 jam
2914 4230 3051 4278 ante
3085 4225 3350 4279 ecclesias
3379 4222 3708 4295 Hierosoly-

2063 4293 2303 4350 mitanaa
2330 4293 2719 4349 structiouem
2748 4294 3167 4351 confirmatum
3208 4297 3392 4352 fuisse
3424 4297 3582 4352 hunc
3612 4293 3707 4349 ec-

2061 4365 2276 4439 clesias
2304 4364 2691 4439 nuncupaudi
2742 4382 2992 4439 morem,
3035 4369 3177 4424 satis
3206 4374 3275 4423 ut
3304 4375 3443 4439 puto
3477 4368 3709 4439 convin-

300 4438 559 4514 martyrii
586 4451 828 4514 nomen,
863 4452 996 4514 qua)
1026 4434 1351 4514 adChristi
1385 4434 1711 4514 martyrum
1744 4437 1953 4514 capitis
1986 4434 2029 4498 D
2061 4437 2216 4514 citur
2243 4454 2256 4504 ;
2290 4434 2597 4514 magisque
2652 4455 2721 4493 ex
2777 4437 2910 4514 aliis
2967 4439 3267 4514 martyriis
3297 4434 3357 4495 id
3400 4455 3612 4496 nomen
3644 4438 3707 4493 in

304 4509 668 4581 sepulcrum,
697 4510 838 4581 etin
865 4509 992 4564 loco
1017 4508 1117 4564 ubi
1142 4510 1488 4581 praaclaram
1515 4508 1953 4564 confessionem

303 4579 654 4637 testificatus
710 4579 825 4636 fuit
880 4581 931 4649 (Ι
988 4579 1260 4646 Τίηιξνι,
1325 4584 1413 4645 t3)
1474 4581 1766 4636 mdiﬁcata
1809 4585 1954 4636 erat.

305 4652 703 4725 Quamobrem
733 4651 891 4725 apud
922 4652 1240 4725 Eusebium
1271 4653 1450 4708 variis
1481 4654 1542 4707 in
1573 4652 1742 4725 locis,
1766 4657 1825 4706 et
1854 4653 1948 4707 hu-

300 4724 402 4796 jus
435 4724 636 4780 saaculi
666 4723 843 4796 atque
876 4724 1055 4781 etiam
1088 4725 1467 4796 sequentium
1501 4723 1842 4795 scriptores.
1872 4740 1962 4779 ec-

308 4795 491 4870 clesia
521 4795 996 4870 Resurrectionis
1048 4795 1287 4870 proprio
1330 4796 1573 4852 nomine
1601 4797 1958 4870 Martyrium,

307 4867 399 4923 vel
429 4885 690 4938 magnum
722 4867 1075 4938 Martyrium}
1129 4867 1220 4924 vel
1280 4871 1609 4938 Martyrium
1656 4868 1963 4924 Saluatoris

309 4939 425 4996 dici
444 4939 627 5012 solet.
687 4940 899 5012 Verum
954 4940 1219 5010 martyrii
1265 4956 1487 4995 nomen
1518 4939 1631 5012 ipsi
1663 4939 1960 5011 sepulcro,

310 5016 415 5068 aut
443 5008 573 5065 loco
603 5013 662 5066 et
689 5010 908 5065 sacello
940 5008 1416 5068 Resurrectionis
1461 5008 1567 5067 seu
1599 5008 1802 5066 sancto
1836 5027 1964 5066 mo-

308 5086 617 5156 numento,
652 5080 1034 5156 peculiariter
1075 5081 1428 5138 attributum
1479 5082 1769 5156 legimus:
1801 5082 1961 5139 verbi

312 5151 687 5229 gratiaapud
718 5152 931 5229 Euseb.
962 5152 1065 5229 lib.
1085 5171 1154 5229 _m
1193 5156 1303 5213 Vit.
1338 5151 1709 5229 Constantini,
1744 5170 1877 5229 capt
1905 5172 1963 5225 8.

315 5222 389 5299 et
403 5225 479 5279 De
500 5222 713 5299 taadib.
748 5224 1115 5299 Constantini,
1147 5241 1275 5298 cap.
1311 5230 1366 5283 9.
1399 5232 1458 5281 et
1489 5222 1753 5287 Hieron..
1780 5222 1961 5299 epist.

312 5297 458 5354 olim
489 5295 577 5357 Π,
611 5311 773 5350 num.
808 5297 898 5353 Η.
946 5295 1238 5352 θειιιοιιιιιί
1267 5304 1726 5354 monumentum
1761 5295 1967 5354 Christi

313 5369 532 5426 Domini
549 5369 964 5436 confessionem,
987 5367 1147 5436 quod
1172 5368 1331 5423 idem
1359 5369 1581 5425 Latinis
1605 5376 1696 5425 est
1714 5387 1782 5427 ac
1804 5387 1965 5427 mar-

311 5442 534 5515 tyrium
561 5439 797 5503 Graecis,
827 5439 1130 5515 appellare
1153 5440 1403 5495 videtur.
1440 5441 1637 5513 Ipsum
1662 5443 1841 5499 etiam
1871 5443 1962 5498 lo-

314 5510 450 5571 c'um
500 5512 562 5567 in
614 5528 731 5583 quo
780 5510 1033 5583 qumsita
1078 5517 1138 5565 et
1182 5518 1419 5583 reperta
1467 5510 1637 5570 crux.
1680 5515 1965 5571 Paulinus

316 5586 489 5660 epist.
531 5582 840 5651 3l,’num.
904 5586 961 5660 6,
1019 5582 1195 5639 locum
1253 5582 1652 5660 testiﬁcatiouis
1682 5587 1964 5660 appellat,

318 5654 497 5733 quem
527 5672 695 5733 uuln.
755 5672 880 5733 seq:
942 5654 1118 5733 locum
1165 5658 1441 5726 passionis
1481 5656 1655 5733 dicit.
1689 5654 1966 5733 Ecclesia:

318 5728 681 5802 martyribus
727 5728 1033 5802 mdiﬁcataa
1082 5728 1297 5802 horum
1328 5731 1668 5802 sanctorum
1695 5731 1969 5802 martyria

319 5797 671 5859 dicebantur
692 5815 710 5870 ς
740 5797 1243 5872 quemadmodum
1263 5797 1444 5852 etiam
1464 5797 1692 5868 templa
1708 5798 1966 5870 prophe-

2065 4509 2239 4564 istam
2273 4508 2600 4565 derivatum
2632 4511 2986 4566 censuerim.

2138 4581 2482 4653 (2))’ορθρου
2547 4577 2825 4653 προσδόκα
2905 4583 3005 4647 τήν
3091 4580 3399 4640 ἀνάστασιν.
3457 4585 3553 4640 Ea)
3611 4599 3709 4638 vo-

2065 4652 2704 4729 ces_desiderant_ur.iu
2736 4653 2906 4709 codd.
2941 4653 3141 4729 Goisl.,
3175 4659 3294 4729 Reg
3323 4699 3336 4719 .
3366 4657 3486 4729 Boe
3517 4660 3575 4710 et
3603 4656 3710 4711 Ca-

2069 4723 2511 4803 saub._qua_rum
2536 4724 2968 4803 locoleguutur
2989 4723 3156 4803 ista;
3188 4723 3321 4784 Εἶτα
3340 4727 3424 4803 τὸ,
3447 4730 3714 4803 Διέφθιρ-

2066 4791 2395 4881 ταιῆπᾶξαςῄ
2421 4791 2719 4881 iuuenili:
2746 4791 3065 4881 etiam}?
3097 4797 3223 4881 ἑξῆς
3249 4791 3556 4881 animm;

2143 4868 2218 4939 (3)
2273 4854 2444 4922 Ἀλλᾶ
2504 4854 2835 4943 Μαρτύριον.
2872 4854 3082 4943 ΔΕιίἰῑὰ,
3346 4854 3464 4943 xiiii
3496 4854 3717 4943 Μαρτῦ-

2074 4946 2449 5014 ptov,_contra
2479 4940 2723 5014 scopum
2752 4940 2953 5014 Cyrilli
2987 4941 3087 5014 qui
3132 4942 3286 4999 hanc
3316 4942 3527 5010 aedem,
3561 4940 3718 4998 com-

2068 5012 2379 5087 inuni__usu
2414 5028 2535 5067 non
2565 5012 2910 5087 Eccles_iam_,
2934 5012 3037 5069 sed
3060 5015 3420 5087 Martyrium.
3457 5014 3719 5087 appella-

2072 5083 2391 5157 tamtdicit:
2412 5101 2599 5157 quare
2631 5084 2781 5139 illud
2811 5083 2899 5139 καὶ
2923 5083 3340 5157 expunximus,
3365 5083 3716 5145 auctoritate

2071 5155 2241 5212 codd.
2271 5155 2472 5227 Coisli,
2506 5158 2670 5227 Reg,
2700 5158 2842 5225 Roe,
2874 5155 3122 5213 Casanb.

2144 5228 2220 5295 (4)
2251 5227 2355 5282 Καὶ
2385 5224 2472 5283 τά.
2506 5224 2840 5284 Articulum
2893 5227 2961 5282 τά
3017 5229 3358 5287 addidimus
3399 5247 3468 5288 ex
3498 5228 3715 5288 codici-

2071 5300 2183 5356 bus
2213 5301 2331 5354 Boe
2359 5305 2419 5355 et
2446 5300 2694 5356 Casaub.

2146 5373 2223 5447 (5)
2250 5370 2314 5427 '0
2343 5367 2529 5447 λαλῷν
2559 5371 2702 5447 τότε.
2762 5370 3120 5447 adverbium
3175 5373 3300 5447 τότε
3356 5374 3652 5447 adjectum
3684 5390 3719 5430 a

2073 5442 2250 5498 nobis
2282 5459 2351 5499 ex
2381 5443 2552 5519 codd.
2585 5445 2726 5519 Boe,
2759 5444 3019 5519 Casaub‘
3042 5452 3099 5501 et
3150 5446 3326 5503 Grod.
3354 5442 3715 5519 Scripsimus

2073 5531 2209 5570 vero
2235 5515 2584 5589 παρεγένετο,
2641 5504 2771 5571 loco
2827 5535 2965 5590 παρε
2989 5504 3174 5571 ἓνεται
3213 5518 3369 5590 quod
3402 5504 3716 5576 manifeste

2073 5586 2429 5643 mendosum
2461 5593 2569 5645 est.
2626 5605 2697 5643 ex
2753 5588 2923 5644 codd.
2967 5538 3146 5645 Yﬂean
3180 5591 3355 5645 (Zoisl.
3390 5599 3449 5645 et
3478 5593 3617 5645 Roe.
3651 5591 3716 5645 Et

2073 5586 2429 5662 mendosum
2461 5593 2574 5662 est,
2626 5586 2923 5662 ex_codd'.
2980 5586 3146 5662 Begu.
3180 5586 3355 5645 (Zoisl.
3390 5599 3449 5646 et
3478 5593 3617 5648 Roe.
3651 5591 3718 5662 Et

2074 5658 2292 5733 iisdem
2312 5659 2492 5716 etiam
2512 5658 3167 5733 libris,insuperque'ex
3190 5663 3436 5733 casaub.
3463 5670 3523 5718 et
3543 5661 3716 5720 Grod.

2075 5729 2262 5809 qodd._
2279 5746 2481 5787 vocem
2537 5730 2822 5807 ἄνθρωπος
2854 5729 3014 5805 Ῥοεὶ
3064 5732 3415 5809 παρεγένεται
3462 5734 3718 5808 positam

2077 5801 2421 5859 delevimus.
