4138 6264
406 217 525 278 833

1052 212 1529 276 CATECHESIS
1573 213 1728 276 XIV.
1773 214 1880 275 DE
1923 211 2237 275 CHRISTI
2285 212 2974 295 RESURRECTIONE,
3008 225 3179 286 ETC.

3706 231 3823 294 834

410 349 669 424 εγένετο)·
730 345 900 423 Κύριε
951 349 980 404 ὁ
1039 347 1170 410 Θεὸς
1225 353 1326 416 τῆς
1385 345 1656 420 σωτηρίας
1737 368 1862 420 μου,
1912 345 2063 418 ἡμέ-

2190 347 2405 404 Domine
2448 356 2592 408 Deus
2619 355 2819 410 salutis
2843 371 2999 425 meae,
3029 358 3095 412 de
3123 360 3212 414 die
3242 359 3479 418 clamavi
3507 369 3561 418 et
3583 363 3643 420 in
3671 372 3830 422 nocte

410 460 506 514 ρας
571 438 826 514 ἐκέκραξα
907 437 998 493 καὶ
1084 437 1137 492 ἐν
1219 437 1368 494 νυκτὶ
1448 437 1683 493 ἐναντίον
1771 456 1887 492 σου’
1972 436 2062 491 καὶ

414 531 530 604 μετ’
591 528 798 606 ὀλίγα*
855 531 1157 604 Ἐγενήθην
1236 528 1364 583 ὡσεὶ
1443 525 1670 602 ἅνθρποι
1753 521 2064 597 ἀϐοήθητος

415 618 469 674 ἐν
529 623 755 694 νεκροῦς
812 617 1092 691 ἐλεύθερος
1125 663 1139 676 .
1200 618 1314 676 Οὐκ
1397 621 1543 674 εἶπεν
1576 637 1588 649 ·
1676 617 1936 692 Ἐγεήθην
1992 620 2062 687 (l)

412 706 703 783 ἄνθρωπος
742 703 1077 778 ἀϐοήθητοςο
1139 706 1286 777 ἀλλ’,
1346 707 1473 762 ὡσει
1526 704 1836 782 ἅνθρωποις
1883 699 2064 773 ἀϐοή-

411 810 601 866 θητος.
637 798 731 853 Καὶ
782 799 882 873 γάρ
940 795 1276 871 ἐσταυρώθη,
1332 797 1432 852 οὐκ
1480 796 1530 871 ἐξ
1589 795 1881 862 ἀσθενείας,
1938 793 2066 849 ἀλλ’

408 885 692 948 ἑκουσίως·
726 889 815 942 καὶ
867 886 968 942 οὐκ
1021 885 1072 961 ἐξ
1133 886 1402 948 ἀσθενείας
1461 885 1716 941 ἀκουσίου
1748 886 1813 954 ἦν
1847 886 1874 940 ὁ
1908 885 2065 949 θάνα-

407 998 502 1039 τος
538 1022 552 1035 .
605 976 1054 1052 Προσελογίσθην
1111 978 1244 1050 μετά
1316 980 1424 1031 τῶν
1507 971 1942 1031 καταϐαινόντων
1993 972 2068 1035 εἰς

419 1065 647 1124 λάκκον.
708 1066 812 1124 Καὶ
868 1067 923 1123 τί
975 1067 1039 1122 τὸ
1106 1066 1435 1139 σῦσσημονς
1523 1064 1861 1141 Ἐμάκρυνας
1941 1063 2069 1125 τοὺς

425 1156 706 1232 γνωστούς
760 1178 865 1229 μου
922 1157 1015 1212 ἀπ’
1071 1156 1208 1230 ἐμοῦ
1266 1155 1584 1234 (πεφεύγασι
1639 1154 1742 1229 γὰρ
1802 1154 1852 1208 οἱ
1891 1164 2067 1227 μαθη-

410 1248 570 1319 ταί).
631 1249 723 1316 Μή
781 1252 898 1310 τοῖς
956 1252 1168 1323 νεκροῖς
1223 1247 1463 1320 ποιήσῃς
1549 1247 1869 1318 (inopiam;
1957 1243 2069 1298 εἶτα

419 1339 532 1410 μετ’
592 1336 800 1412 ὀλίγα’
865 1337 962 1393 Καὶ
1023 1336 1150 1414 ἐγὼ,
1237 1337 1424 1412 Κύριε,
1483 1335 1618 1411 πρὸς
1678 1335 1735 1389 σὲ
1792 1333 2067 1406 ἐκέκραξα,

415 1426 598 1482 καὶτὸ
654 1430 803 1499 πρωί
854 1428 890 1496 ἡ
948 1427 1234 1504 προσευχὴ
1301 1447 1406 1500 μου
1461 1426 1761 1501 προφθάσεὶ
1820 1445 1895 1480 σε.
1930 1421 2069 1480 Βλέ-

414 1538 556 1589 πεις,
587 1522 704 1579 πῶς
740 1514 972 1586 δηλοῦσι
1003 1518 1090 1572 καὶ
1122 1518 1214 1571 τὸν
1260 1515 1446 1589 καιρόν
1479 1522 1579 1585 τῆς
1635 1513 1801 1589 ὥρας,
1850 1515 1940 1570 καὶ
1972 1519 2070 1570 τοῦ

418 1606 646 1672 πάθους,
670 1607 761 1662 καὶ
789 1613 890 1676 τῆς
918 1606 1258 1669 ἀναστάσεως
1294 1612 1366 1679 (2)
1399 1627 1414 1677 ;

489 1699 562 1757 ϐ’.
597 1696 701 1753 Καὶ
732 1697 913 1794 1:609:-
939 1696 1228 1772 ἐγήγερται
1289 1698 1345 1794 ὁ.
1381 1698 1618 1794 Σωτήρς
1658 1696 1812 1771 Λέγει
1870 1695 1920 1794 ἐν
1951 1700 2069 1794 τῃῖς
2107 1728 2148 1794 Β

415 1792 661 1860 νᾼσμασι
717 1784 824 1858 τῷν
885 1785 1163 1858 ᾀσμάτων.
1223 1785 1471 1855 Ἀνάστα,
1533 1785 1678 1856 ἐλθὲ,
1738 1788 1772 1856 ἠ
1831 1784 2066 1855 πλησίον

422 1897 528 1948 μου
563 1894 575 1907 ⁸
629 1876 721 1932 καὶ
775 1875 827 1931 ἐν
886 1881 1003 1938 τοῖς
1062 1877 1204 1946 ἑξῆς·
1294 1877 1382 1933 Ἐν
1436 1876 1608 1951 σκέπῃ
1665 1880 1766 1942 τῆς
1823 1877 2022 1950 πέτρας
2056 1937 2070 1952 ο

419 1970 634 2038 Σκέπην
694 1968 794 2035 τῆς
845 1965 1043 2041 πέτρας
1073 1970 1146 2038 (4;
1206 1967 1319 2022 εἶπε
1358 1967 1457 2034 τήν
1515 1966 1640 2022 τότε
1687 1967 1793 2042 πρὸ
1849 1971 1948 2032 τῆς
1977 1965 2072 2021 θύ-

422 2077 517 2133 ρας
573 2060 675 2112 τοῦ
719 2055 994 2131 σωτηρίου
1057 2056 1341 2129 μνήματος
1392 2054 1552 2110 οὖσαν
1612 2057 1838 2128 σκέπην,
1869 2057 1957 2111 καὶ
2019 2055 2069 2130 ἐξ

412 2149 582 2219 αὐτῆς
631 2157 733 2218 τῆς
780 2149 1002 2224 πέτρας,
1033 2149 1213 2212 καθὼς
1274 2150 1500 2218 συνηθες
1560 2146 1782 2213 ἐνταῦθα
1833 2149 2069 2225 γίνεσθαι

414 2240 520 2316 πρὸ
549 2243 658 2293 τῶν
716 2239 1041 2311 μνημάτων,
1096 2237 1498 2310 λελαξευμένην
1557 2241 1652 2309 (’i).
1712 2242 1823 2294 Νῦν
1877 2239 1976 2312 γὰρ
2010 2237 2070 2293 οὐ

413 2330 682 2401 φαίνεται,
739 2324 929 2395 ἐπειδή
977 2326 1100 2381 τότε
1157 2326 1492 2401 ἐξεκολάφθη
1551 2327 1614 2382 τὸ
1676 2327 2073 2401 προσκέπασμα

415 2418 507 2475 διά
534 2421 633 2488 τήν
663 2421 937 2492 παροῦσαν
971 2413 1290 2490 εὐκοσμίαν.
1324 2417 1436 2491 Πρὸ
1489 2416 1592 2493 γὰρ
1632 2423 1732 2486 τῆς
1781 2417 2074 2493 βασιλικῆς

418 2506 741 2587 φιλοτιμίας
769 2513 868 2576 τῆς
896 2511 1230 2575 κατασκευῆς
1289 2509 1385 2561 τοῦ
1441 2507 1749 2579 μνήματος,
1801 2508 1970 2579 σκέπη
2003 2509 2070 2579 ἧν

417 2596 722 2672 ἔμπροσθεν
755 2598 849 2668 τῆς
899 2600 1120 2671 πτέρας.
1152 2595 1333 2654 Ἀλλά
1390 2601 1496 2651 ποῦ
1556 2595 1697 2652 ἐστιν
1748 2599 1783 2667 ἡ
1811 2597 2000 2672 πέτρα,
2034 2601 2068 2670 ἠ

421 2686 626 2762 ἔχουσα
655 2687 753 2756 τὴν
783 2686 1030 2756 σκέπην;
1065 2687 1166 2760 ἄρα
1211 2684 1335 2760 περὶ
1384 2684 1451 2740 τά
1509 2687 1646 2759 μέσα
1701 2693 1802 2756 τῆς
1853 2687 2071 2750 πόλεως

419 2782 616 2846 κεῖται,
647 2777 682 2848 ἢ
715 2775 838 2852 περὶ
867 2777 934 2831 τά
961 2775 1121 2850 τείχη
1163 2774 1253 2830 καὶ
1283 2777 1350 2830 τά
1379 2775 1666 2832 τελευταῖα
1697 2795 1711 2846 ;
1771 2779 1860 2834 καὶ
1913 2778 2074 2834 πότε-

419 2887 511 2942 ρον
547 2865 596 2920 ἐν
629 2871 746 2929 τοῖς
804 2865 1059 2942 ἀρχαίοις
1115 2865 1350 2943 τείχεσίν
1382 2864 1548 2934 ἐστιν,
1607 2867 1789 2937 ἢτοῖς
1846 2867 2070 2945 ὕστερον

415 2956 731 3030 γενομένοις
793 2955 1261 3030 προτειχίσμασι;
1341 2954 1497 3031 Λέγει
1568 2956 1747 3011 τοίνυν
1825 2955 1878 3012 έν
1954 2964 2072 3021 τοῖς

418 3047 709 3118 ’Ϊᾼσμασινο
767 3045 858 3102 Ἐν
917 3044 1086 3120 σκέπῃ
1133 3047 1210 3118 (5)
1238 3051 1339 3114 τῆς
1395 3047 1615 3120 πέτρας,
1676 3045 1917 3122 ἐχόμενα
1973 3053 2070 3102 τοῦ

421 3132 912 3210 προτειχίσματος.

490 3260 535 3297 ⁸³
566 3262 722 3318 Psal.
758 3279 1000 3323 Lxxxvn.
1037 3262 1090 3317 1.
1190 3261 1240 3296 3°
1266 3260 1410 3315 ibid.
1444 3264 1497 3328 5,
1530 3264 1582 3316 6.

427 3333 666 3390 95Cant.
703 3351 762 3402 ιι,
797 3337 882 3389 10.
960 3334 1006 3369 ⁹⁶
1036 3333 1177 3389 ibid.
1233 3335 1319 3389 14.
1397 3333 1438 3368 ⁸⁷
1488 3333 1632 3391 ibid.

493 3464 570 3535 (1)
619 3461 937 3535 Ἐγενήθην.
1019 3464 1160 3518 Eam
1242 3478 1445 3518 vocem
1514 3464 1919 3535 supplevimus
2006 3483 2077 3522 ex

423 3535 593 3592 codd.
629 3535 830 3596 Cois-1.,
855 3537 973 3606 Reg
1004 3578 1016 3589 .
1042 3537 1206 3606 Roe..
1229 3535 1378 3594 Cas..
1405 3535 1571 3589 deest
1592 3537 1652 3590 in
1677 3538 1887 3593 Ruﬁno
1919 3538 2079 3594 hunc

424 3608 622 3663 locum
655 3623 726 3662 ex
751 3605 968 3676 Cyrillo
1002 3612 1066 3660 ut
1094 3605 1324 3660 videtur
1348 3607 1755 3676 exscribente.

496 3683 570 3749 ('2)
605 3677 702 3754 ίςαὶ
731 3675 828 3754 toi;
853 3677 1076 3754 πάθους,
1103 3679 1314 3754 καὶτῆς
1335 3675 1696 3754 ἀναστάσεως,
1723 3680 1880 3754 Coisl
1937 3684 2075 3754 ΗΘΒ·

423 3754 566 3817 Ιὶοϐ,
611 3751 882 3814 Casaub,.
941 3751 1029 3802 καί
1087 3749 1148 3802 τὸ
1206 3749 1400 3813 πάθος,
1458 3750 1549 3803 καὶ
1605 3751 1705 3817 τήν
1767 3749 2076 3820 ἀνάστασιν,

423 3829 476 3879 et
504 3824 813 3892 passionem
860 3829 913 3876 et
957 3823 1409 3894 resurrectionem
1465 3826 1538 3877 At
1568 3824 1823 3894 Cyrillus
1855 3841 1974 3880 non
2005 3825 2078 3880 de

427 3897 558 3967 ipsa
589 3895 865 3967 passione
896 3899 954 3967 et
994 3893 1450 3967 resurrectione,
1511 3893 1625 3948 sed
1668 3896 1738 3950 de
1771 3897 2080 3967 utriusque

427 3965 728 4041 adjunmis
759 3972 817 4020 et
857 3965 1323 4041 circumstantiis
1381 3966 1877 4041 loquitur._Paulo
1928 3965 2080 4041 post,

432 4034 561 4094 loco
593 4034 872 4110 ἐγείρεται,
906 4039 1026 4109 Reg
1053 4082 1067 4106 ,
1099 4039 1219 4092 Ιίοθ
1279 4041 1338 4091 et
1393 4034 1640 4093 casaub.
1674 4034 2080 4114 habent,'é~(1§-

503 4128 636 4163 εται.

429 4129 714 4254 γρὲῗξιλῆς
746 4180 966 4254 πέτρας.
1019 4180 1260 4254 Addunt
1315 4180 1484 4236 codd.
1542 4184 1662 4236 Roe
1708 4188 1766 4237 et
1805 4183 2079 4249 Casaub.,

427 4250 668 4326 ἐχόμενα
697 4255 792 4326 τοῦ
813 4250 1301 4326 προτειχίσματος,
1333 4254 1471 4318 Quas
1504 4260 1644 4307 sunt
1673 4254 1848 4309 verba
1874 4271 2080 4310 conse-

429 4323 675 4397 quentia
702 4323 927 4380 laudati
971 4323 1048 4377 ex
1074 4323 1332 4397 Canticis
1383 4326 1730 4380 testimonii.
1767 4327 1981 4397 Verum
2014 4343 2084 4381 ea

428 4395 606 4452 verba
637 4397 885 4451 inferius
919 4402 1146 4450 tantum
1179 4395 1435 4467 explicat
1464 4397 1739 4467 Cyrillus,
1770 4396 1968 4468 ibique
2003 4399 2084 4452 ita

429 4470 643 4525 recitat
671 4469 840 4525 quasi
874 4485 1077 4522 eorum
1111 4473 1250 4523 ante
1281 4484 1398 4521 non
1431 4468 1792 4524 meminerit.

1661 3261 1707 3298 ⁹⁰
1737 3262 1884 3322 ibid.
1918 3269 1969 3322 9.

2047 3265 2096 3302 9’
2127 3266 2327 3323 Matth.
2361 3281 2510 3331 XXVI,
2543 3265 2630 3318 56.

2175 455 2364 496 coram
2388 448 2439 496 te
2465 440 2534 508 ⁸⁸,
2568 450 2626 498 et
2654 450 2790 516 post
2818 463 3010 516 pauca
3039 464 3051 500 :
3077 449 3277 504 Factus
3328 467 3446 506 sum
3497 453 3638 509 sicut
3670 455 3828 511 homo

2173 531 2290 585 sine
2318 531 2619 602 adjutorio,
2652 537 2711 588 in
2738 539 2965 592 mortuis
3025 538 3162 592 liber
3187 537 3254 595 δ’.
3303 542 3430 597 Non
3490 543 3657 614 dixit,
3685 546 3826 603 Fac-

2175 622 2270 673 tus
2301 635 2430 674 sum
2466 622 2642 676 homo
2675 623 2802 677 sine
2829 623 3125 696 adjutorio
3159 643 3172 693 ;
3202 626 3326 694 sed,
3353 631 3492 683 sicut
3523 632 3682 687 homo
3710 633 3828 689 sine

2177 710 2459 779 adjutorio
2493 727 2506 764 :
2539 713 2856 768 cruciﬁxus
2889 715 3046 769 enim
3080 721 3188 784 est,
3222 733 3342 772 non
3382 734 3453 773 ex
3480 721 3693 776 virium
3725 723 3826 778 de-

2175 797 2353 860 fectu.
2388 799 2490 853 sed
2520 801 2890 863 voluntariae.
2931 820 3040 858 nec
3083 821 3153 859 ex
3202 805 3602 864 involuntaria
3657 811 3825 866 inﬁr-

2177 887 2381 942 mitate
2411 905 2570 942 mors
2603 891 2730 962 ejus
2764 891 3035 962 prodivit.
3067 897 3368 965 Reputatus
3395 913 3512 952 sum
3542 914 3663 954 cum
3703 900 3825 957 des-

2177 977 2529 1033 cendentibus
2555 980 2611 1032 in
2641 979 2821 1035 lacum
2841 979 2908 1036 9°.
2940 984 3012 1036 Et
3040 984 3198 1054 quod
3222 985 3456 1058 signum
3483 986 3511 1041 ?
3534 990 3712 1058 Longe
3741 992 3827 1058 fe-

2179 1068 2301 1121 cisti
2328 1073 2484 1122 notos
2511 1084 2653 1123 meos
2681 1087 2714 1124 a
2737 1087 2822 1125 me
2842 1069 2884 1105 ⁹¹
2919 1070 3219 1145 (fugerunt
3244 1075 3402 1130 enim
3427 1075 3705 1149 discipuli
3738 1078 3824 1150 9').

2179 1157 2442 1226 Nunquid
2497 1161 2728 1213 mortuis
2777 1163 2946 1228 facies
2977 1163 3235 1218 mirabila
3262 1162 3366 1219 93?
3423 1166 3646 1221 Deinde
3695 1174 3830 1240 post

2179 1262 2404 1316 pauca:
2438 1249 2509 1301 Et
2540 1264 2660 1317 ego,
2692 1250 2938 1317 Domine,
2973 1251 3045 1305 ad
3073 1259 3124 1306 te
3151 1253 3405 1316 clamavi.
3436 1262 3486 1311 et
3517 1273 3676 1312 mane
3698 1274 3828 1314 ora-

2181 1337 2256 1391 tio
2300 1353 2418 1391 mea
2442 1340 2722 1406 perveniet
2747 1345 2797 1392 te
2817 1340 2886 1395 9".
2921 1339 3143 1408 Viden‘,
3177 1343 3474 1414 quomodo
3507 1346 3686 1401 etiam
3714 1347 3822 1403 de-

2181 1426 2410 1481 clarant
2439 1426 2628 1498 ipsam
2662 1428 2823 1483 horai
2854 1429 3388 1503 circumstantiam,
3422 1441 3546 1490 tum
3599 1437 3828 1508 passio-

2179 1513 2274 1568 nis
2304 1519 2430 1567 tum
2462 1514 2916 1570 resurrectionis
2937 1515 2964 1570 ?

2254 1695 2346 1751 IX.
2381 1694 2690 1749 Undenam
2745 1711 2878 1751 vero
2910 1697 3236 1752 resurrexit
3286 1698 3555 1755 Salvator
3581 1700 3609 1755 ?
3637 1701 3720 1757 ait
3767 1703 3830 1760 in

2180 1783 2435 1838 Canticis
2466 1783 2829 1838 canticorum
2857 1800 2869 1838 :
2903 1784 3099 1852 Surge,
3131 1787 3272 1854 veni,
3300 1792 3564 1856 proxima
3605 1803 3725 1842 mea
3745 1788 3826 1858 9‘;

2180 1878 2238 1927 et
2266 1874 2327 1927 in
2360 1873 2769 1944 sequentibus.
2796 1874 2860 1927 In
2891 1875 3150 1944 spelunca
3177 1886 3348 1945 petrae
3379 1873 3448 1931 9⁵.
3476 1877 3830 1949 Speluncam

2177 1968 2360 2035 petrae
2392 1963 2553 2028 dicit,
2587 1979 2716 2018 eam
2749 1979 2881 2033 quas
2912 1970 3052 2018 tunc
3081 1964 3192 2018 fuit
3235 1967 3313 2034 (6)
3345 1971 3480 2021 ante
3513 1967 3830 2024 Salvatoris

2178 2053 2551 2110 monumenti
2583 2054 2796 2107 ostium
2833 2053 3216 2126 speluncam;
3280 2071 3351 2109 ex
3412 2057 3615 2112 eadem
3641 2064 3830 2130 petra,

2180 2145 2332 2199 sicut
2385 2143 2479 2198 hic
2513 2143 2571 2197 in
2625 2143 2851 2198 foribus
2901 2150 3427 2200 monumentorum
3479 2146 3607 2201 ﬁeri
3657 2148 3830 2217 solet,

2180 2234 2456 2289 excisam.
2494 2233 2659 2288 Nunc
2709 2249 2845 2288 vero
2881 2234 3010 2304 jam
3058 2251 3178 2289 non
3209 2240 3472 2306 apparet,
3533 2252 3602 2290 eo
3662 2237 3824 2307 quod

2179 2323 2565 2397 praesentium
2595 2329 3079 2379 ornamentorum
3113 2324 3616 2381 instituendorum
3645 2325 3835 2398 gratia

2180 2416 2324 2472 olim
2355 2432 2524 2471 erasa
2554 2416 2632 2470 sit
2661 2415 2925 2470 anterior
2955 2415 3243 2486 spelunca
3270 2437 3285 2483 ;
3318 2421 3452 2473 ante
3486 2416 3648 2473 enim
3679 2417 3832 2474 hanc

2180 2506 2553 2561 monumenti
2613 2522 2683 2560 ex
2740 2504 2902 2577 regia
2947 2506 3392 2578 magniﬁcentia
3448 2511 3832 2573 structuram,

2181 2602 2308 2652 erat
2337 2601 2472 2651 ante
2503 2600 2732 2666 petram
2769 2594 3071 2666 spelunca.
3125 2595 3375 2652 Ubinam
3424 2600 3620 2652 autem
3666 2602 3835 2668 petra

2181 2688 2286 2743 illa
2319 2691 2409 2742 est
2437 2703 2569 2758 quae
2601 2685 2948 2757 speluncam
2982 2685 3207 2741 habet?
3237 2703 3310 2741 an
3345 2687 3406 2742 in
3440 2685 3635 2742 medio
3668 2686 3833 2742 urbis

2183 2778 2314 2842 sita,
2348 2783 2450 2832 aut
2495 2776 2652 2831 circa
2700 2792 2900 2830 muros
2935 2781 2992 2830 et
3022 2781 3288 2830 extrema
3316 2775 3344 2830 ‘l
3391 2779 3670 2831 utrumne
3697 2792 3831 2832 vero

2183 2870 2245 2924 in
2276 2868 2570 2923 veteribus
2601 2867 2788 2922 muris
2822 2872 2926 2926 est.
2954 2883 3028 2922 an
3059 2866 3118 2921 in
3152 2867 3464 2922 exstructis
3495 2874 3700 2939 postea
3728 2883 3832 2922 an-

2185 2957 2620 3016 temuralibns?
2651 2957 2800 3011 Dicit
2826 2957 3004 3027 igitur
3036 2957 3095 3011 in
3126 2957 3383 3013 Canticis
3411 2974 3424 3012 :
3469 2959 3532 3013 In
3577 2959 3836 3030 spelunca

2177 3057 2358 3124 petrae
2369 3050 2542 3120 juxta
2568 3047 2912 3103 antemurale
2938 3049 3002 3102 9".

2707 3262 2755 3298 93
2813 3263 2966 3321 Psal.
3002 3280 3247 3336 Lxxxvn,
3306 3264 3391 3320 11.
3468 3263 3514 3301 ⁹⁴
3570 3263 3714 3320 ibid.
3751 3265 3833 3321 14.

2185 3466 2356 3523 facile
2382 3465 2638 3521 Adriano
2670 3465 2962 3536 imputare
2987 3466 3182 3536 potuit
3203 3465 3359 3536 quod
3383 3471 3471 3521 est
3495 3483 3530 3522 a
3553 3468 3839 3522 Constan-

2189 3540 2311 3593 tino
2343 3538 2671 3619 perfectum
2707 3543 2767 3619 et
2815 3537 3515 3619 absplqtuynﬂuidquid
3554 3540 3837 3594 aediﬁcio-

2187 3628 2317 3664 rum
2342 3609 2499 3663 intra
2527 3610 2651 3663 hwc
2672 3609 3069 3663 antemularia
3096 3609 3392 3665 inclusum
3417 3611 3544 3676 fuit,
3569 3627 3688 3665 una
3706 3627 3840 3666 cum

2187 3680 2662 3736 Resurrectionis
2694 3680 2964 3740 ecclesia.
3000 3680 3060 3734 id
3091 3697 3218 3734 esse
3253 3689 3390 3752 puto
3423 3682 3581 3752 quod
3615 3683 3686 3736 ab
3728 3683 3840 3735 Eu-

2190 3753 2374 3808 sebio.
2402 3753 2503 3806 lib.
2538 3769 2598 3807 Ill
2640 3754 2746 3808 Vit.
2783 3758 3087 3814 constant,
3121 3769 3248 3823 cap.
3300 3755 3386 3818 33,
3425 3760 3665 3807 vocatur
3694 3769 3842 3808 nova

2187 3825 2512 3881 Jerusalem
2547 3841 2613 3878 ex
2647 3824 2890 3878 adverso
2923 3824 3134 3879 veteris
3167 3823 3477 3878 mdiﬁcata.
3510 3824 3676 3888 Quod
3707 3841 3840 3880 cum

2191 3898 2480 3957 Socrates.
2517 3896 2617 3951 lib.
2653 3914 2687 3962 ι,
2712 3913 2762 3952 c.
2799 3899 2883 3963 Π,
2903 3896 2975 3950 de
3002 3895 3130 3950 sola
3159 3896 3629 3951 Resurrectionis
3653 3896 3836 3951 eccle-

2192 3969 2297 4036 sia,
2333 3968 2594 4023 Valesius
2643 3969 2705 4022 in
2740 3967 2862 4022 suis
2893 3968 2966 4022 ad
2997 3969 3154 4022 hunc
3188 3967 3425 4022 Eusebii
3457 3968 3651 4022 locum
3681 3969 3837 4023 notis

2193 4040 2262 4094 de
2298 4048 2417 4095 tota
2445 4041 2593 4094 Ailia
2648 4040 3108 4110 interpretatur;
3143 4040 3243 4095 ille
3296 4041 3448 4094 hanc
3492 4039 3840 4111 appellatio-

2191 4129 2329 4167 nem
2361 4113 2609 4166 nimium
2644 4113 3006 4166 contraxisse
3034 4111 3288 4175 videtur,
3331 4112 3442 4167 iste
3491 4111 3624 4182 plus
3673 4128 3843 4180 sequo

2192 4184 2531 4254 ampliasse.
2579 4183 2852 4247 Quamvis
2903 4184 3206 4239 Anastasis
3255 4184 3315 4238 in
3352 4189 3630 4238 extremis
3683 4183 3847 4254 urbis

2192 4253 2464 4327 partibus
2494 4256 2668 4313 foret.
2711 4258 3033 4320 conjuncta
3065 4261 3261 4310 tamen
3287 4255 3338 4310 ei
3370 4255 3641 4316 Basilica,
3676 4253 3841 4327 atriis

2195 4326 2253 4381 et
2283 4327 2610 4398 porticibus
2641 4332 2778 4399 ante
2814 4333 2871 4380 et
2902 4342 3052 4398 pone
3084 4333 3252 4399 septa
3276 4333 3510 4399 tantum
3545 4326 3720 4398 spatii
3751 4342 3849 4380 oc-

2192 4399 2466 4470 cupabat.
2501 4398 2655 4453 utad
2679 4399 2942 4453 medium
2980 4398 3167 4469 usque
3201 4398 3364 4453 urbis
3418 4398 3617 4470 forum
3645 4401 3846 4470 extre-

2193 4469 2289 4526 ma
2320 4469 2524 4542 templi
2549 4470 2838 4524 vestibula
2856 4471 3342 4542 perducerentur.
3369 4469 3580 4525 Euseb.
3606 4469 3845 4542 locxcit.

505 4537 1012 4624 ς4).Λελ.αξευμέ·ιη.
1043 4540 1189 4624 Μαιθ
1234 4539 1294 4593 in
1324 4539 1522 4624 ‘cod‘d'~
1579 4540 1754 4624 Coisl.
1817 4542 2084 4624 etl‘Beﬁ2
2116 4552 2164 4616 D
2196 4560 2324 4624 cap.
2352 4543 2406 4603 9,
2441 4537 2596 4624 unde
2621 4542 2768 4624 ipse,
2791 4537 2874 4623 'De
2901 4541 3075 4624 laud.
3102 4541 3310 4624 ροηδε..ἴ
3341 4545 3479 4624 c‘.“9,
3535 4541 3848 4624 ecclesiam

433 4607 799 4684 λελαξευμένὴ
857 4607 1260 4688 ’νῦν’φαίνεται,
1321 4607 1560 4682 ἐπειδή,
1620 4618 1826 4667 contra
1883 4607 2084 4684 Cyrilli

435 4693 693 4740 mentem
711 4726 720 4736 .

502 4760 577 4827 (5)
609 4756 696 4811 ’Ev
727 4752 918 4826 σκέπῃ.
953 4755 1291 4827 Naturalem
1315 4755 1524 4809 horum
1549 4755 1864 4826 Scriptura:
1887 4756 2086 4810 verbo-

428 4826 566 4883 rum
595 4827 868 4883 ordinem
893 4843 964 4881 ex
986 4826 1160 4898 codd.
1180 4827 1389 4898 Coisl.,
1413 4829 1575 4898 Reg,
1607 4827 1724 4883 Roe
1757 4836 1816 4883 et
1836 4827 2084 4883 Casaub.

428 4900 821 4955 restituimus.
851 4898 952 4969 qui
986 4898 1046 4969 in
1095 4897 1268 4969 editis
1330 4899 1410 4952 ita
1459 4897 1742 4954 canfusus
1797 4908 1964 4954 erat:
1999 4899 2085 4953 Ἐν

429 4970 599 5054 σκέπῃ
629 4974 725 5024 τοῦ
756 4967 1219 5054 προτειχίσματος
1250 4967 1486 5052 ἐχόμενα
1514 4975 1615 5037 τῆς
1646 4971 1844 5043 πέτρας
1873 4988 1884 5025 :
1931 4971 2088 5042 quod

471 5041 690 5098 essime
741 5058 970 5097 versum
1006 5058 1040 5096 a
1071 5041 1375 5110 Grodecio,
1435 5044 1500 5096 In
1551 5041 1788 5097 caverna
1838 5041 2088 5098 maceria

471 5117 686 5170 abantis
715 5121 927 5184 petras.
962 5115 1057 5167 Ait
1097 5113 1352 5184 Cyrillus
1410 5129 1638 5168 sacram
1699 5115 2090 5168 resurrectio-

430 5187 526 5242 nis
555 5183 903 5258 speluncam
934 5201 1126 5258 neque
1147 5183 1204 5238 in
1238 5183 1401 5238 urbis
1432 5185 1649 5258 medio.
1685 5201 1877 5258 neque
1919 5185 2092 5257 juxta

431 5255 660 5314 veteres
695 5274 916 5318 muros,
952 5255 1054 5311 sed
1078 5256 1250 5326 juxta
1298 5255 1693 5310 antemuralia
1734 5255 1934 5310 sitam'
1965 5259 2089 5311 Non

433 5331 530 5385 hic
573 5330 789 5385 veteris
851 5328 1289 5399 Hierosolyma).
1351 5327 1452 5382 sed
1507 5327 1670 5381 Elim
1723 5327 2087 5383 mentionem

429 5402 604 5457 facit:
637 5417 809 5468 cujus
840 5399 1239 5454 antemuralia
1270 5399 1392 5453 haec
1424 5399 1688 5454 recentia
1719 5415 1754 5452 a
1799 5400 2090 5454 Constan-

435 5475 584 5539 tino,
613 5473 754 5527 dum
788 5471 1125 5542 sepulcrum
1161 5477 1353 5536 ornat,
1373 5470 1446 5543 ad
1479 5469 1628 5543 illud
1662 5471 2090 5543 protegendum

432 5545 708 5600 instituta
737 5559 1070 5601 censemus.
1112 5545 1253 5599 Nam
1289 5542 1447 5614 quod
1491 5542 1858 5609 Sozoremus,
1916 5542 2019 5598 lib.
2054 5560 2093 5601 ιι

433 5620 607 5683 Hist.,
639 5634 690 5677 ο.
729 5619 777 5681 l,
811 5614 894 5670 ait
924 5615 1249 5671 Adrianum
1288 5613 1414 5671 tum
1468 5613 1745 5670 Calvariaa
1803 5620 2089 5685 montem,

435 5694 568 5751 tum
594 5689 796 5748 locum
827 5685 1084 5762 sepulcri
1122 5704 1292 5749 muro
1350 5686 1758 5754 circumducto
1810 5687 2089 5761 cinxisse,

2197 4612 2668 4670 Resurrectionis
2700 4614 2759 4666 in
2789 4613 2916 4684 ipso
2948 4613 3112 4667 urbis
3135 4612 3467 4668 meditullio
3499 4613 3852 4668 aediﬁcatam

2195 4687 2295 4741 ait.
2321 4688 2672 4756 Temporum
2693 4685 2944 4756 decursu
2961 4685 3122 4738 urbis
3145 4685 3215 4739 ab
3239 4684 3523 4740 Orientali
3548 4690 3711 4756 parte
3731 4699 3852 4738 ani-

2240 4755 2603 4815 lilicata’est.
2637 4763 2694 4809 et
2718 4755 3001 4826 templum
3035 4773 3070 4810 a
3101 4755 3612 4811 Mahummedanis
3635 4757 3695 4810 in
3722 4755 3848 4810 loco

2242 4776 2461 4812 uncata
2493 4776 2603 4815 eat.
2637 4776 2694 4809 et
2718 4776 3001 4826 [Blnplum
3035 4776 3070 4810 a
3101 4776 3612 4811 manummeaams
3635 4776 3695 4810 ιιι
3722 4776 3848 4810 ιοοο

2196 4776 2552 4884 ἓᾶιοιῐιοιιιιιί
2588 4827 2793 4897 templi
2850 4833 3159 4898 structum,
3216 4834 3391 4898 atque
3425 4844 3459 4882 a
3501 4827 3854 4882 Christianis

2197 4900 2564 4972 postliminio
2597 4899 2658 4952 in
2690 4897 3402 4972 ecclesiamiconversum.
3436 4899 3854 4972 intraimmnia

2199 4970 2452 5043 recepit:
2488 4971 2634 5025 adeo
2669 4976 2732 5043 ut
2765 4970 2824 5024 in
2855 4971 3135 5038 angulum
3173 4971 3491 5041 quemdam
3537 4971 3701 5026 urbis
3734 4987 3853 5026 una

2199 5041 2534 5098 cum—sacro
2560 5041 2832 5112 sepulcro
2856 5043 3140 5096 contracti
3167 5051 3553 5098 censerentur
3572 5043 3852 5098 Christia-

2197 5115 2259 5170 ni
2287 5115 2414 5185 :qui
2433 5131 2631 5168 rerum
2649 5121 2835 5168 status
2853 5122 3131 5168 eratcum
3157 5115 3380 5169 bellum
3401 5132 3632 5170 sacrum
3656 5115 3852 5184 incep-

2199 5193 2322 5243 tum
2347 5193 2453 5240 est.
2474 5186 2612 5240 Vide
2633 5186 2804 5241 Guill.
2825 5187 2953 5255 Tyr.
2977 5186 3079 5240 lib.
3106 5203 3201 5240 thl
3221 5202 3348 5257 cap.
3376 5191 3426 5258 2.
3451 5194 3508 5240 et
3529 5205 3602 5254 ιχ,
3629 5205 3734 5258 cap
3766 5189 3854 5252 18,

2269 5261 2345 5331 (6,)
2378 5261 2510 5312 Eam
2543 5273 2670 5327 qua?
2701 5265 2829 5331 tunc
2858 5261 2997 5331 fuit.
3018 5264 3130 5331 etc.
3165 5257 3482 5313 Constabat
3510 5257 3854 5331 sepulcrum

2198 5329 2411 5385 Christi
2445 5331 2732 5400 spelunca
2781 5327 2999 5400 duplici
3051 5330 3112 5384 in
3160 5347 3306 5401 rupe
3345 5327 3620 5387 excavata
3654 5348 3665 5384 :
3703 5344 3851 5400 qua-

2199 5419 2329 5456 rum
2362 5401 2526 5473 prior
2572 5401 2746 5473 alteri
2806 5418 2908 5471 pro
2965 5401 3254 5456 vestibulo
3300 5409 3442 5468 erat,
3479 5419 3548 5458 ex
3606 5403 3850 5470 antiquo

2200 5472 2376 5529 more
2403 5473 2538 5530 loci.
2571 5478 2638 5526 ut
2665 5472 2898 5528 videtur
2955 5475 3098 5528 Gen.
3159 5490 3319 5540 xxm,
3356 5477 3459 5539 19;
3493 5491 3618 5534 xxv,
3653 5476 3702 5527 9.
3741 5473 3853 5524 Pa-

2201 5551 2333 5618 tens
2365 5551 2484 5600 erat
2521 5545 2684 5618 prior
2742 5544 2845 5600 illa
2892 5545 3198 5618 spelunca,
3252 5545 3323 5600 de
3379 5561 3498 5616 qua
3541 5547 3851 5604 Juvencus,

2200 5617 2242 5674 l.
2272 5635 2348 5686 ιν,
2383 5617 2533 5675 Hist.
2559 5633 2754 5686 evang.
2781 5632 2795 5673 :

2331 5691 2524 5753 Limen
2555 5689 2894 5754 concludunt
2920 5691 3183 5750 immensa
3219 5687 3503 5745 volumina
3518 5687 3723 5762 petrae.
