4138 6264
414 233 529 292 837

1057 224 1531 288 CATECHESIS
1575 226 1733 288 XIV.
1781 225 1882 286 DE
1927 225 2239 288 CHRlSTI
2287 228 2977 300 RESURRECTIONE,
3013 230 3183 290 ETC.

3708 230 3827 291 838

423 368 525 436 τήν
554 364 840 448 παρακοήν
872 362 1173 438 ἠμαύρωσε
1201 365 1298 434 (1)'
1330 362 1416 417 Ἐν
1447 366 1527 432 τῷ
1551 364 1729 434 καιρῷ
1770 359 1863 414 οὗν
1899 361 1944 434 ᾧ
1974 361 2075 416 ἀπ-

2212 364 2257 419 ιά
2277 365 2714 431 similitudinem,
2746 383 2853 438 per
2875 365 3274 422 obedientiam
3297 367 3635 422 obscuravit
3655 372 3713 422 et
3736 369 3831 424 in-

423 457 598 513 ώλεσε
624 458 810 519 τοῦτο,
842 451 894 509 ἰν
924 452 1102 524 τούτῳ
1129 451 1221 506 καὶ
1279 449 1569 527 διόρθωσις
1621 449 1854 526 ἐγένετο.
1889 452 2017 507 Ὅτε
2049 452 2076 506 ὁ

423 543 876 608 κατασκευασθεὶς
918 547 1206 615 ἄνθρωπος
1261 545 1357 614 (2).
1409 545 1756 616 παρακούσας
1807 535 2074 613 ἐξεϐλήθη

422 641 520 692 τοῦ
549 632 899 707 παραδείσων
955 631 1080 688 τότε
1136 632 1164 686 ὁ
1221 629 1532 697 πιστεύσας,
1596 629 1903 691 ὑπακούσας
1965 629 2076 684 εἷσ-

429 726 666 799 ηνὲχθη.
699 723 832 780 Τότε
859 720 1042 776 τοίνυν
1083 721 1299 796 γέγονεν
1331 721 1366 789 ἡ
1400 719 1664 795 σωτηρία,
1723 717 1813 774 ὅτε
1863 719 2077 795 γέγονεν

425 817 462 885 ἡ
521 814 864 875 ἀπόπτωσις·
924 811 1015 866 ὃτι
1064 811 1132 864 τὰ
1204 808 1336 880 ἃνθη
1425 808 1604 888 ὤφθη,
1689 810 1780 866 καὶ
1837 811 1873 880 ἡ
1927 809 2080 884 τομή

425 899 643 983 ἔφθασε.

501 1082 604 1138 IA'.
641 1086 828 1150 Κῆπος
857 1079 924 1148 ἧν
959 1079 987 1133 ὁ
1015 1077 1183 1142 τόπος
1222 1085 1322 1148 τῆς
1379 1084 1576 1157 ταφῆς·
1626 1079 1717 1134 καὶ
1767 1076 2016 1151 ἄμπελος
2045 1080 2080 1147 ἡ

431 1172 767 1252 φυτευθεῖσαο
853 1167 951 1223 Καὶ
1036 1169 1142 1242 ἐγώ
1229 1168 1342 1242 εἶμι
1392 1171 1427 1238 ἡ
1486 1167 1758 1241 ἄμπελος,
1847 1167 2080 1240 εἶ’ρηκεν.

432 1260 734 1340 Ἐτρυτεύθη
795 1259 888 1314 οὗν
947 1257 999 1312 ἐν
1047 1262 1116 1332 τῇ
1175 1261 1272 1333 γῇ,
1325 1257 1406 1313 ἴνα
1463 1258 1732 1334 ἐκριζωθῇ
1763 1261 1798 1328 ἡ
1852 1255 1941 1312 διὰ
1995 1260 2086 1312 τὸν

431 1349 617 1422 Ἀδὰμ
644 1352 910 1426 γενομένη
965 1347 1187 1420 κατάραο
1219 1347 1485 1412 Ἀκάνθας
1513 1347 1605 1402 καὶ
1633 1343 1928 1420 τριϐόλους
1956 1367 2088 1401 κατ-

436 1438 687 1510 εδικάσθη
722 1441 757 1509 ἡ
788 1445 881 1514 γῆ·
943 1437 1210 1493 ἀνέτειλεν
1270 1436 1331 1492 ἐκ
1383 1443 1485 1505 τῆς
1543 1438 1709 1513 γῆςή
1743 1433 1991 1515 ἃμπελος
2048 1437 2082 1505 ἡ

439 1529 672 1599 ἀληθινῆ
703 1531 803 1599 (3),
857 1525 949 1581 ἵνα
1004 1523 1280 1599 πληρωθῇ
1334 1526 1396 1581 τὸ
1455 1524 1766 1600 εῗρημένον·
1828 1524 2088 1596 Ἀλήθεια

436 1617 495 1672 ἐκ
550 1623 649 1686 τῆς
703 1623 806 1692 γῆς
858 1613 1118 1682 ἀνέτειλε,
1176 1615 1266 1669 καὶ
1341 1613 1656 1683 δικαιοσύνη
1715 1612 1776 1669 ἐκ
1829 1618 1925 1668 τοῦ
1984 1613 2086 1669 ού-

2181 455 2447 512 fuscavit.
2480 457 2695 512 Eadem
2730 456 2908 528 igitur
2935 457 3219 526 temporis
3238 457 3684 513 circumstantia
3715 475 3833 529 qua

2182 544 2292 600 hoc
2323 546 2543 612 amisit,
2590 546 2649 600 in
2704 545 2910 600 eadem
2967 561 3174 600 rursus
3221 547 3466 617 contigit
3510 550 3827 619 reparatio.

2183 637 2427 700 Quando
2461 638 2634 692 homo
2666 643 2920 702 creatus,
2955 641 3198 706 propter
3224 635 3689 694 inobedientiam
3718 640 3836 710 eje-

2183 731 2312 780 ctus
2345 731 2433 780 est
2463 726 2534 779 de
2566 725 2838 796 paradiso
2871 743 2882 791 ;
2918 724 3127 780 eodem
3160 730 3428 795 tempore
3450 726 3499 780 is
3522 727 3620 796 qui
3645 727 3835 783 credi-

2186 812 2292 880 dit,
2326 830 2432 884 per
2461 812 2862 867 obedientiam
2897 813 3269 868 introductus
3291 819 3397 868 est.
3431 813 3454 848 ²
3481 815 3626 868 Tum
3659 816 3838 885 igitur

2184 899 2342 957 facta
2372 901 2534 956 salus
2565 908 2654 955 est
2697 901 2933 972 quando
2983 908 3041 956 et
3095 901 3336 972 lapsus;
3387 918 3523 958 cum
3573 907 3632 957 et
3680 907 3835 973 ﬂores

2193 993 2316 1054 visi,
2352 998 2408 1046 et
2431 990 2754 1060 putationis
2776 998 2988 1062 tempus
3015 992 3234 1046 advenit
3263 991 3305 1045 ³.

2260 1081 2353 1135 XI.
2401 1080 2616 1134 Hortus
2647 1086 2774 1134 erat
2804 1079 2970 1135 locus
3002 1079 3564 1150 sepultum,etvitis
3594 1098 3725 1152 qua
3757 1081 3840 1137 ibi

2191 1169 2456 1242 plantata
2478 1175 2586 1226 est.
2613 1168 2795 1223 dixit:
2845 1171 2914 1223 Et
2945 1185 3042 1238 ego
3071 1185 3190 1223 sum
3218 1170 3348 1223 vitis
3371 1170 3415 1204 θ’
3447 1171 3512 1224 In
3544 1174 3704 1227 terra
3732 1170 3836 1244 igi-

2189 1264 2286 1312 tur
2316 1257 2493 1312 insita
2524 1264 2632 1321 est,
2666 1263 2732 1310 ut
2764 1257 3100 1311 maledictio
3131 1263 3372 1328 propter
3392 1258 3413 1292 ⁸
3433 1257 3724 1314 Adamum
3747 1259 3844 1314 in-

2189 1364 2363 1402 cussa
2386 1348 2408 1381 ⁶
2439 1346 2860 1401 eradicaretur.
2895 1347 3185 1401 Damnata
3215 1352 3300 1401 est
3335 1347 3510 1402 tellus
3531 1349 3606 1403 ad
3638 1349 3842 1420 spinas

2191 1443 2250 1493 et
2279 1437 2530 1491 tribulos
2553 1435 2875 1508 [ferendos]
2911 1451 2923 1489 :
2957 1452 2987 1490 e
3021 1442 3177 1490 terra
3206 1435 3460 1507 prodivit
3506 1438 3640 1492 vitis
3684 1455 3840 1509 vera,

2191 1533 2256 1582 ut
2285 1527 2638 1599 impleretur
2663 1524 2821 1596 quod
2852 1525 3078 1579 dictum
3109 1531 3234 1580 est:
3271 1547 3300 1575 «
3337 1526 3562 1582 Veritas
3594 1527 3665 1583 de
3686 1534 3846 1584 terra
3903 1585 3908 1588 _

2197 1639 2216 1666 ι
2248 1624 2377 1672 orta
2391 1621 2507 1671 est:
2534 1615 2838 1686 etjustitia
2859 1615 2929 1669 de
2952 1615 3097 1669 coelo
3116 1615 3451 1686 prospexit"
3470 1639 3520 1673 ».
3536 1617 3686 1682 Quid
3708 1635 3842 1674 vero

436 1710 600 1783 ρανοῦ
633 1705 873 1780 διέκυψε,
908 1704 1013 1761 Καὶ
1043 1704 1096 1759 τί
1156 1702 1352 1778 μέλλει
1400 1702 1575 1778 λέγειν
1607 1705 1635 1758 ὁ
1665 1703 2002 1777 θαπτόμενος
2033 1702 2083 1758 ἐν

2212 1706 2462 1762 licturus
2485 1710 2574 1760 est
2603 1705 2653 1759 is
2684 1705 2776 1771 qui
2802 1704 2862 1758 in
2886 1704 3056 1758 horto
3080 1703 3404 1775 sepelitur?
3425 1727 3454 1756 «
3481 1705 3844 1761 Vindemiavi

431 1801 512 1870 τῷ
534 1799 739 1869 nium;
781 1794 1085 1870 Ἐτρύγησα
1146 1792 1381 1866 σμύρναν
1446 1815 1550 1866 μου
1597 1794 1732 1866 μετᾶ
1779 1791 2084 1870 ἀρωμάτων

437 1907 562 1960 μου·
597 1887 686 1940 καὶ
716 1882 902 1940 πάλιν·
940 1884 1162 1959 Σμύρνα
1219 1885 1308 1938 καὶ
1355 1883 1497 1953 ἀλόη
1540 1886 1616 1955 (4)
1669 1883 1804 1956 μετᾶ
1853 1884 2086 1958 πρώτων

433 1977 647 2032 πάντων
689 1973 1020 2050 ἀρωμάτων.
1079 1977 1259 2028 Ταῦτα
1331 1970 1387 2028 δὲ
1441 1978 1540 2028 τοῦ
1596 1972 1964 2050 ἐνταφιασμοῦ
2020 1973 2089 2027 τὰ

433 2061 831 2139 σύμϐολα-καὶ
883 2063 934 2118 ὲν
992 2068 1112 2124 τοῖς
1163 2061 1522 2140 Εὐαγγελίοις
1579 2061 1812 2135 εἴρηται.
1881 2061 2085 2126 Ἦλθον

433 2153 488 2210 αἶ
514 2159 764 2230 γυναῖκες
794 2159 868 2228 (5)
927 2152 1004 2214 εἰς
1060 2153 1123 2207 τὸ
1184 2159 1399 2225 μνῆμα,
1451 2155 1706 2228 φέρουσαι
1764 2151 1796 2206 ἄ
1851 2151 2089 2224 ἡτοίμα-

437 2266 530 2300 σαν
591 2244 876 2318 ἀρώματον
963 2241 1054 2296 ναὶ
1137 2245 1166 2297 ο
1253 2239 1572 2314 Νικόδημος
1653 2242 1827 2315 φέρων
1910 2241 2089 2316 μίγμα

439 2333 686 2408 σμύρνης
739 2331 830 2388 καὶ
886 2330 1084 2398 ἀλόηςο
1142 2329 1240 2386 Καὶ
1321 2331 1446 2402 ἑξῆς
1530 2326 1853 2406 γέγραπταισ
1912 2332 2086 2408 Ἔφα-

438 2445 538 2500 γον
590 2424 749 2498 ἄρνον
813 2442 919 2494 μου
979 2421 1113 2494 μετά
1174 2420 1396 2494 μελιτός
1453 2442 1558 2493 μου
1617 2426 1716 2492 (6)’
1774 2422 1837 2476 τὸ
1894 2423 2087 2496 πικρὸν

438 2512 548 2588 πρὸ
574 2515 671 2567 τοῦ
701 2512 923 2580 πάθους,
956 2510 1046 2565 καὶ
1101 2512 1165 2565 τὸ
1218 2507 1392 2585 γλυκὺ
1449 2510 1584 2583 μετᾶ
1629 2512 1727 2579 τήν
1783 2510 2086 2570 ἀνάστασιν.

444 2605 582 2660 Εἶτα
639 2602 888 2670 ἀναστὰς,
939 2598 1181 2671 εἰσῆλθε,
1239 2597 1331 2654 διὰ
1417 2604 1594 2674 θυρῶν
1667 2599 2086 2674 κεκλεισμένων

445 2689 572 2746 ἀλλ’
601 2691 904 2760 ἠπιστεῖτοσ
939 2686 1158 2743 ἐδόκουν
1215 2687 1318 2763 γὰρ
1363 2691 1574 2761 πνεῦμα
1623 2695 1864 2764 θεωρεῖνο
1897 2691 1958 2746 Ὀ
2010 2688 2089 2764 δὲ,

447 2777 830 2854 Ψηλαφήσατὲ
889 2799 975 2850 με,
1033 2777 1188 2856 φησὶ,
1254 2777 1345 2831 καὶ
1415 2775 1581 2832 ’ἰδετισ
1659 2776 1893 2854 βάλλετε
1965 2781 2090 2842 τοὺς

443 2862 746 2926 δακτύλους
778 2867 852 2937 (7)
879 2863 955 2926 εἷς
993 2864 1084 2919 τὸν
1141 2863 1310 2918 τύπον
1357 2867 1464 2918 τῶν
1525 2861 1704 2937 ἥλων,
1763 2865 1837 2928 ὡς
1893 2867 2089 2938 ἐπεζή-

515 2991 538 3024 ²
577 2992 702 3046 Vid.
733 2998 843 3046 cat.
882 2994 966 3057 15,
997 3008 1052 3046 η.
1089 2990 1176 3048 3|.
1252 2991 1274 3025 ⁸
1303 2994 1463 3045 Cant.
1499 3008 1560 3055 ιι,
1597 2995 1680 3048 12.
1758 2992 1781 3026 ⁴
1809 2995 1978 3050 Joan.
2012 3013 2103 3061 xv,
2139 2999 2188 3050 1.

443 3080 665 3122 Lxxxw.
701 3066 785 3119 12.
887 3062 908 3096 ⁸
940 3068 1101 3118 Cant.
1134 3080 1185 3124 v,
1221 3067 1272 3116 1.
1375 3064 1396 3098 ’
1431 3063 1555 3117 Vid.
1589 3070 1697 3119 cat.
1735 3067 1821 3132 13,
1853 3083 1908 3121 η.
1946 3069 2031 3121 32.

519 3262 598 3337 (_l)_
627 3253 1261 3337 'Eitz6a..:'i,pa-5Jomcc-_
1281 3263 1374 3317 Sic
1405 3261 1793 3337 emendamus
1824 3281 1895 3319 ex
1924 3265 2094 3320 codd.
2129 3271 2172 3337 ρ

450 3333 651 3398 Coisl.,
703 3336 820 3401 Reg
851 3375 864 3399 ,
889 3336 1027 3401 Boe,
1056 3333 1302 3388 Casaub.
1339 3339 1396 3388 et
1417 3334 1590 3388 Grod.
1619 3352 1632 3401 ;
1663 3351 1801 3389 nam
1833 3337 1893 3391 in
1925 3337 2098 3392 editis

451 3373 624 3389 ωηο..
705 3373 780 3389 ..υ
893 3373 1004 3389 ..νυ
1059 3373 1302 3388 usus“...
1340 3373 1590 3388 ..νυ-ω...
1663 3373 1801 3389 ...μμ
1833 3373 1893 3391 ι..
1925 3373 2098 3392 sums

451 3378 723 3478 habetur.
783 3373 1122 3475 ξλέὶϐομέν...
1165 3377 1632 3478 ἡμετιυριέισοιμεν.³
1669 3407 1788 3461 Vox
1845 3425 2100 3478 sequens

453 3475 702 3551 ἀπώλεσε
741 3477 801 3551 in
823 3477 1102 3532 omnibus
1161 3476 1328 3531 libris
1377 3477 1585 3551 eodem
1633 3475 2097 3551 modoisci-ipta,

457 3549 935 3604 emendationem
960 3557 1225 3604 nostram
1253 3548 1648 3603 necessariam
1680 3550 1873 3604 reddit
1922 3548 2101 3606 Porro

463 3621 524 3702 in
556 3621 728 3710 c.0dld.
761 3623 881 3676 Boc
901 3626 972 3710 ’ξι
1001 3620 1537 3707 Ca.saub.~ph£asi,s,
1561 3617 1621 3710 ,ἐν
1654 3623 1732 3689 τῷ
1757 3624 1956 3710 καιρῷ,
1989 3630 2100 3710 (310ζ

464 3693 547 3766 _sic
578 3692 988 3766 habeturs'Ev
1020 3691 1099 3762 τῷ
1128 3687 1303 3766 καιρῷ
1337 3687 1426 3744 οὖν
1462 3687 1742 3744 ἀπώλεσεν
1768 3687 1965 3764 τούτῳ,
2014 3693 2104 3747 καὶ

458 3761 510 3816 ἐν
543 3762 721 3837 τούτῳ
751 3761 1059 3837 διόρθωσις.

529 3838 604 3903 (2)
638 3830 702 3892 Ὁ
729 3830 1166 3906 κατασκενασθεὶς
1227 3830 1534 3906 ἄνθρωπος.
1585 3833 1855 3891 Alterum
1887 3838 2108 3892 articu-

459 3907 584 3963 lum
618 3907 646 3960 ὁ
679 3909 804 3962 voci
839 3903 1132 3977 ἅνθρωπος
1164 3903 1470 3977 praefixum
1505 3906 1796 3962 erasimus
1819 3925 1885 3962 ex
1907 3909 2106 3974 Coisl.,

462 3981 580 4051 Reg
611 4022 624 4044 ,
647 3981 799 4051 ilioe,
825 3979 1072 4034 Casaub.
1098 3978 1431 4051 Fidelisille
1455 3978 1553 4051 qui
1583 3995 1687 4049 per
1706 3979 2106 4035 obedientiam

464 4049 838 4106 introductus
852 4057 941 4105 est
965 4051 1024 4104 in
1049 4049 1624 4121 paradisum,eodem
1651 4057 1912 4120 tempore
1933 4068 2108 4106 verno

465 4129 525 4177 et
551 4127 887 4192 vespertino
928 4137 1044 4192 quo
1077 4121 1213 4175 inde
1244 4121 1471 4191 primus
1500 4137 1714 4190 parens
1746 4122 1968 4192 ejectus
1999 4128 2109 4191 est,

467 4194 603 4266 pius
633 4193 780 4248 latro
813 4199 900 4248 est
930 4193 1373 4265 intelligendus.
1405 4197 1472 4245 ut
1501 4192 1725 4260 patebit
1746 4193 2110 4249 hunclocum

471 4265 797 4320 conferenti
827 4281 961 4320 cum
993 4270 1104 4320 cat.
1139 4268 1194 4329 5,
1226 4280 1279 4318 n.
1322 4266 1408 4325 10,
1469 4269 1529 4317 et
1566 4270 1678 4317 cat.
1732 4266 1816 4324 13,
1864 4283 1922 4319 ιι.
1960 4267 2024 4319 18
2055 4272 2113 4320 et

467 4338 552 4390 31.
592 4337 734 4391 Vide
763 4337 942 4392 etiam
973 4342 1273 4391 auctorem
1331 4333 1735 4398 Qumstionum
1781 4335 1854 4390 ad
1906 4337 2110 4391 Antio-

469 4409 646 4464 chum
679 4409 787 4464 sub
818 4409 1061 4463 nomine
1109 4406 1296 4463 sancti
1345 4406 1672 4473 Athanasii,
1725 4413 1932 4476 quwst.
1987 4410 2109 4475 136,

463 4495 520 4534 n.
557 4483 608 4534 9.

535 4551 693 4620 (3t'H
725 4547 973 4620 ἄμπελος
1020 4551 1054 4618 ἡ
1113 4547 1374 4616 ἀληθινή.
1436 4547 1732 4620 Articulos
1778 4554 1837 4603 et
1891 4566 2112 4606 nomen

463 4618 698 4691 ἀληθινή
732 4618 1064 4695 adiecimus
1091 4638 1160 4695 ex
1191 4621 1361 4677 codd.
1391 4619 1566 4695 Coisl.
1601 4627 1660 4695 et
1690 4623 1825 4695 Heg.

537 4695 613 4776 (ξ)
643 4691 866 4776 Eia-ipim
893 4693 986 4747 καὶ
1017 4692 1181 4776 ᾁλόη,
1235 4699 1378 4776 etc.“
1399 4693 1467 4774 in
1514 4691 1684 4774 cod‘d.
1737 4691 1854 4776 Roe
1897 4698 1952 4748 et
2005 4694 2112 4776 Ca-

465 4761 632 4838 saub.
661 4761 904 4838 legitur,
937 4761 1178 4836 σμύρναν
1237 4761 1443 4838 ἀληβῇ,
1507 4762 1640 4838 μετᾲ
1682 4764 1942 4838 πρώτων,
1970 4771 2106 4838 4610.

470 4836 618 4891 lllud
650 4832 831 4908 ἀλῆθῇ
861 4832 1081 4892 factum
1115 4838 1253 4908 sine
1274 4835 1453 4892 dubio
1485 4832 1560 4908 ex
1584 4832 1936 4908 didﬁquod
1967 4836 2114 4908 legi-

467 4913 562 4962 tur
594 4908 722 4964 loco
756 4906 895 4976 ἁλόη
930 4909 990 4962 in
1016 4909 1158 4964 LXX
1191 4907 1282 4962 ed.
1320 4910 1485 4961 Rom.
1519 4907 1646 4962 sine
1674 4906 1893 4962 καίξΑι
1921 4909 1982 4961 in
2016 4906 2108 4963 ed.

466 4979 598 5052 Ald.
635 4981 850 5052 legitur
879 4976 1056 5047 ἀλωή.
1082 4980 1550 5052 iAquilaigautem
1583 4978 1770 5052 versio
1793 4979 1907 5034 fert
1925 4986 1990 5034 ut
2011 4979 2113 5049 Cy-

469 5050 642 5106 rillus
673 5049 762 5104 κ”αἰ
795 5051 976 5120 ἀλωή,
1013 5051 1137 5106 solo
1168 5049 1386 5105 vocalis
1417 5069 1460 5101 ω
1492 5049 1859 5105 discrimine.

535 5124 608 5192 (5)
639 5122 707 5178 Αἱ
738 5143 1004 5194 γυναικες.
1041 5125 1182 5178 Eam
1214 5138 1418 5194 vocem
1440 5120 1500 5174 in
1545 5121 1718 5194 editis
1751 5122 2113 5194 prsetermis-

467 5191 593 5248 sam
625 5191 997 5251 rertituimus
1029 5211 1097 5249 ex
1119 5193 1287 5248 codd.
1313 5195 1448 5258 Reg.
1475 5197 1534 5244 et
1553 5191 1923 5247 Coisl.lidem
1938 5193 2107 5248 codd.

463 5264 593 5386 ξοίέο
627 5263 701 5326 εἰς
733 5266 1141 5338 sequentibus,
1165 5265 1387 5320 habent
1401 5269 1467 5317 ut
1489 5263 1549 5316 in
1573 5263 1907 5332 cvangelico
1927 5270 2107 5334 textu,

463 5353 528 5386 επ
561 5378 574 5386 .

463 5353 574 5390 επι.

534 5409 605 5474 (6)
639 5408 782 5462 Μετᾶ
817 5406 1040 5479 μέλιτός
1073 5427 1200 5476 μου.
1235 5408 1566 5462 Pronomen
1612 5422 1736 5479 pou
1781 5405 2111 5479 adiecimus

462 5480 762 5553 exACoislq
797 5475 957 5553 Reg,
997 5475 1133 5536 Rue.
1171 5479 1443 5553 Casaub._,
1477 5475 1676 5553 Grod.,
1707 5476 1927 5553 Cyrillo
1982 5478 2110 5548 ipso

464 5549 836 5624 infralocum
869 5549 952 5608 ita
981 5557 1305 5624 repetente,
1337 5555 1396 5605 et
1427 5551 1586 5606 hom.
1626 5551 1688 5604 in
1719 5550 1908 5606 I'aral.
1942 5566 2106 5605 num.

469 5623 555 5691 11,
587 5623 829 5694 citante,
861 5630 922 5682 et
949 5640 1118 5681 sacro
1150 5628 1331 5680 textu.

2133 3066 2179 3102 10

443 3080 665 3122 Lxxxw.
701 3066 785 3119 12.
887 3063 908 3096 ⁸
940 3068 1101 3118 Cant.
1134 3080 1185 3124 v,
1221 3067 1272 3116 1.
1375 3064 1396 3098 ’
1431 3063 1555 3117 Vid.
1589 3070 1697 3119 cat.
1735 3067 1821 3132 13,
1853 3083 1908 3121 η.
1946 3069 2031 3121 32.

415 3197 417 3199 ,
450 3133 494 3171 ¹³
521 3135 746 3192 Cantic.
777 3151 830 3204 ν,
866 3138 915 3190 1.
994 3135 1037 3168 “
1070 3134 1188 3189 Vid.
1222 3135 1365 3190 hom.
1398 3136 1457 3188 in
1488 3137 1616 3191 Par.
1651 3152 1706 3191 η.
1743 3139 1828 3191 11.
1907 3138 1951 3172 ¹⁵
1978 3140 2098 3195 Joal

2212 3067 2374 3120 Cant.
2418 3081 2488 3125 IV,
2526 3063 2610 3115 14.
2717 3063 2754 3096 ¹²
2793 3063 2926 3116 Luc.
2960 3079 3110 3128 xxiv,
3144 3067 3189 3118 1.

2212 3156 2276 3202 .x,
2313 3137 2497 3191 19-26.
2580 3133 2624 3170 “
2655 3133 2788 3189 Luc.
2823 3151 2974 3201 xxw,
3007 3135 3189 3190 37-39.

2197 1819 2224 1846 «
2241 1796 2542 1867 myrrham
2562 1810 2755 1849 meam
2774 1809 2906 1848 cum
2932 1793 3294 1848 aromatibus
3317 1793 3520 1859 meiss,
3546 1817 3576 1844 »
3607 1795 3844 1850 9etrur-

2199 1903 2322 1942 sus:
2349 1907 2376 1934 ‹‹
2403 1885 2635 1956 Myrrha
2658 1889 2716 1937 et
2735 1883 2865 1938 aloe
2891 1898 3024 1937 cum
3040 1882 3250 1954 primis
3273 1883 3548 1940 omnibus
3563 1886 3844 1940 aromati-

2198 1975 2308 2030 bus
2330 1975 2534 2028 '°.Haac
2557 1979 2754 2028 autem
2773 1973 3095 2044 sepulturae
3110 1973 3560 2045 suntsymbola:
3583 1981 3762 2046 atque
3780 1976 3842 2030 in

2198 2063 2528 2136 Evangeliis
2559 2063 2805 2117 dicitur:
2833 2084 2860 2111 «
2892 2063 3193 2117 Venerunt
3224 2062 3506 2118 mulieres
3537 2063 3610 2118 ad
3635 2081 3844 2120 monu-

2199 2177 2226 2204 ‹‹
2241 2157 2844 2223 mentum.portantes
2857 2168 2987 2222 quas
3003 2158 3786 2224 praeparaverantaromata»
3805 2157 3846 2190 “

2202 2264 2228 2292 ‹‹
2258 2248 2317 2298 et
2346 2241 2720 2305 Nicodemus,
2753 2241 2907 2296 2H)
2937 2240 3136 2295 ferens
3159 2241 3469 2296 misturam
3502 2243 3757 2314 myrrha:
3791 2248 3850 2298 et

2203 2357 2224 2386 ι
2249 2333 2412 2388 aloes
2435 2331 2952 2400 ".Consequenter
2963 2331 3250 2402 scriptum
3264 2330 3516 2386 habetur
3532 2348 3546 2387 :
3562 2355 3588 2380 ‹‹
3604 2331 3845 2388 Comedi

2201 2443 2228 2471 ‹‹
2252 2437 2467 2493 panem
2489 2435 2687 2474 meum
2702 2436 2835 2474 cum
2856 2419 3033 2476 melle
3050 2435 3178 2474 meo
3195 2421 3296 2472 ⁸³».
3315 2421 3360 2455 ¹⁵
3376 2420 3541 2487 Quod
3554 2437 3843 2490 amarum,

2201 2518 2336 2566 ante
2363 2510 2700 2582 passionem
2737 2527 2749 2576 ;
2775 2508 2934 2580 quod
2952 2509 3146 2577 dulce,
3168 2517 3302 2582 post
3324 2511 3845 2568 resurrectionem.

2199 2602 2410 2655 Postea
2429 2597 3035 2670 redivivusingressus
3047 2605 3136 2654 est
3157 2599 3425 2667 perfores
3438 2599 3670 2655 clausas
3687 2601 3730 2636 “
3751 2602 3848 2671 (8).

2202 2692 2416 2744 Verum
2447 2688 2594 2744 ﬁdes
2627 2687 3084 2743 detrahebatur:
3120 2689 3539 2744 existimabant
3567 2690 3728 2745 enim
3784 2708 3846 2747 se

2203 2779 2477 2852 spiritum
2511 2777 2727 2831 videre.
2759 2776 2866 2831 Ille
2897 2783 3116 2842 autem,
3148 2780 3374 2847 Tangite
3411 2795 3515 2846 me,
3548 2779 3763 2850 inquit,
3796 2787 3849 2837 et

2204 2869 2386 2924 uidete
2416 2867 2477 2920 ιθ.
2532 2865 2780 2921 lnserite
2835 2865 3052 2936 digitos
3108 2867 3171 2922 in
3221 2866 3491 2923 foramen
3539 2868 3842 2924 clavorum

2266 2994 2286 3028 ⁸
2324 2992 2448 3047 Vid.
2485 2997 2593 3046 cat.
2632 2990 2717 3056 13,
2751 2991 2816 3043 35
2848 2996 2898 3045 et
2930 2992 3013 3045 18.
3090 2991 3112 3025 ⁸
3143 2992 3289 3049 Gen.
3331 3009 3412 3058 ιιι,
3443 2994 3528 3048 18.
3631 2991 3655 3026 ⁷
3685 2994 3842 3049 Psal.

2717 3063 2754 3096 “
2793 3063 2926 3116 Luc.
2960 3079 3110 3136 xxiv,
3144 3067 3192 3118 1.
3294 3063 3340 3099 ¹³
3368 3064 3534 3120 Joan.
3580 3081 3698 3133 xix,
3754 3067 3841 3136 39,

2279 3265 2357 3334 (7)
2387 3257 2637 3334 Βάλλετε
2659 3257 2788 3319 τοὺς
2832 3255 3152 3327 δακτύλους,
3207 3268 3318 3318 etc.
3369 3265 3463 3319 Em
3511 3281 3682 3320 voces
3728 3281 3852 3321 non

2210 3331 2348 3389 sunt
2378 3331 2894 3406 evangelistarum,
2930 3334 3039 3406 sed
3090 3335 3330 3406 Cyrilli;
3387 3336 3504 3391 sive
3547 3338 3848 3392 memoriae

2209 3407 2378 3478 lapsu
2410 3421 2508 3459 eas
2539 3404 2768 3478 Christo
2800 3405 3094 3478 tribuerit,
3127 3404 3244 3460 sive
3271 3409 3339 3462 ad
3377 3415 3622 3464 caeteros
3651 3415 3853 3463 exten-

2210 3476 2364 3532 derit
2393 3476 2693 3548 apostolos
2719 3492 2849 3546 qum
2882 3477 2984 3530 uni
3023 3478 3257 3531 Thomas
3309 3479 3466 3534 dicta
3512 3481 3583 3535 ab
3627 3481 3853 3535 Joanne

2213 3547 2570 3621 evangelista
2590 3547 2945 3621 referuntur.
2972 3549 3139 3602 Certe
3161 3549 3414 3620 Cyrillus
3438 3551 3614 3618 hujus
3626 3553 3852 3608 catech.

2212 3619 2385 3694 numf
2407 3619 2724 3683 22,5entire
2757 3619 2988 3694 videtur
3017 3636 3137 3694 non
3169 3619 3355 3694 unum
3388 3623 3720 3694 apostolum
3754 3621 3857 3677 sed

2213 3693 2443 3764 plures,
2469 3706 2678 3764 manus
2710 3697 2769 3744 et
2796 3690 2978 3764 pedes
3000 3691 3220 3764 Christi
3253 3690 3514 3764 tetigisse
3541 3711 3554 3760 ;
3607 3693 3720 3747 nisi
3753 3710 3858 3764 per

2215 3761 2448 3834 humeri
2483 3761 3115 3832 enallagenpluralem
3134 3779 3238 3834 pro
3266 3761 3549 3833 singulari
3573 3761 3856 3834 posuerit.

2215 3833 2921 3917 Qum-si'ejus‘sententia
2949 3833 3154 3917 fuerit,
3175 3834 3386 3916 nititur
3413 3835 3473 3891 in
3517 3833 3862 3917 gravissima

2217 3905 2404 3961 sancti
2439 3903 2645 3976 lgnatii
2695 3910 2990 3976 martyris
3027 3907 3376 3976 auctoritate
3434 3903 3749 3962 scribentis
3787 3905 3860 3961 ad

2219 3974 2568 4051 ξιῐιγτῐιᾳῖοε,
2604 3991 2664 4051 ῃ.
2698 3977 2727 4028 3
2758 3993 2770 4029 :
2806 3974 2901 4027 καὶ
2939 3974 3050 4051 ’ὅτι
3075 4047 3083 4051 _
3107 3977 3242 4051 προς
3295 3974 3422 4040 τοὺς
3477 3977 3600 4051 περὶ
3659 3978 3860 4051 Πέτρον

2217 4043 2401 4122 ἦλθεν.
2571 4044 2774 4122 αὐτοῖς·
2810 4043 3239 4122 -Ψῃλαιρήσατέ-
3275 4068 3363 4122 με,
3419 4049 3508 4122 και
3549 4043 3718 4122 ’ἴδε-τε,
3768 4043 3864 4102 ’ὅτι

2219 4119 2318 4172 οὐκ
2347 4117 2459 4189 εὶμί
2477 4116 2776 4189 ’δαιμόνιον
2799 4116 3109 4189 ἀσώματον.
3145 4118 3243 4175 Καὶ
3261 4116 3419 4181 ἐύθὺς
3443 4119 3607 4174 αὐτοῦ
3630 4119 3863 4189 ἥψαντο,

2219 4190 2308 4244 καὶ
2342 4187 2650 4243 ἐπίστευσαν
2683 4187 2955 4258 κραθὲντει
2987 4193 3055 4262 τῇ
3089 4189 3245 4262 σαρκὶ
3275 4192 3440 4246 αύτοῦ
3465 4187 3861 4262 καὶπνεύματιδ

2223 4284 2252 4313 (ι
2282 4265 2348 4316 Ει
2379 4278 2513 4316 cum
2534 4262 2606 4316 ad
2637 4263 2870 4316 Petrum
2898 4268 2956 4317 et
2978 4263 3210 4318 sodales
3233 4265 3408 4331 venit,
3438 4265 3520 4320 ait
3541 4264 3660 4319 illis
3685 4281 3698 4318 :
3721 4265 3866 4318 Tan-

2222 4357 2248 4383 ι(
2283 4334 2398 4406 gite
2440 4349 2555 4406 me,
2589 4334 2865 4406 etgvidete
2896 4334 3054 4404 quod
3082 4352 3200 4389 non
3233 4337 3342 4390 sim
3376 4336 3738 4391 daamonium
3770 4336 3866 4390 in-

2223 4429 2249 4456 ‹‹
2282 4404 2610 4474 corporale.
2645 4404 2715 4458 Et
2743 4406 2939 4460 statim
2975 4423 3108 4460 eum
3143 4407 3482 4474 tetigerunt,
3511 4412 3570 4462 et
3595 4406 3864 4463 credide-

2221 4500 2249 4526 ‹‹
2284 4482 2424 4530 runt
2453 4476 2615 4530 carni
2652 4476 2781 4547 ejus
2813 4483 2872 4531 et
2903 4478 3145 4546 Spiritui
3179 4479 3424 4533 immisti
3458 4501 3508 4533 ».

2291 4550 2370 4614 (8)
2400 4549 2676 4620 Ingressus
2707 4555 2782 4620 est
2808 4565 2910 4617 per
2937 4552 3084 4616 fores
3113 4549 3342 4604 clausas.
3369 4552 3493 4605 Non
3527 4567 3631 4620 per
3645 4549 3867 4620 januas

2219 4619 2583 4677 clausas.sed
2602 4619 2804 4691 januis
2826 4620 3044 4674 clausis
3064 4621 3392 4691 ingressum
3420 4619 3549 4677 esse
3569 4619 3867 4675 Christum

2221 4697 2473 4746 testatur
2493 4690 2868 4762 evangelista.
2899 4694 3022 4746 Non
3047 4690 3289 4748 omnino
3313 4711 3497 4748 unum
3520 4692 3748 4748 etidem
3780 4708 3863 4745 ea)

2224 4763 2353 4835 dum
2383 4779 2476 4816 res
2508 4768 2681 4826 sunt;
2716 4762 2878 4835 prius
2909 4763 3066 4816 enim
3093 4763 3344 4819 includit
3369 4781 3500 4819 eam
3523 4780 3702 4835 quam
3733 4763 3865 4834 phi-

2224 4834 2950 4908 losophigpenet‘rationem
2984 4843 3356 4908 vocant,gqua
3387 4836 3500 4891 duo
3533 4834 3782 4908 corpora
3804 4835 3866 4889 in

2223 4904 2431 4973 eodem
2460 4905 2589 4959 loco
2622 4905 2800 4960 simul
2832 4906 3156 4973 exsistunt;
3181 4906 3435 4963 alterum
3455 4924 3590 4963 vero
3615 4904 3744 4962 eam
3769 4924 3866 4962 ex-

2221 4972 2605 5050 plicationem
2636 4977 2756 5050 pati
2805 4983 3016 5050 potest,
3051 4978 3204 5048 quod
3238 4996 3450 5049 corpus
3504 4978 3743 5050 aliquod
3793 4977 3865 5032 ab

2220 5064 2339 5102 uno
2372 5048 2561 5116 spatio
2595 5048 2654 5122 in
2685 5048 3141 5119 aliud,quamvis
3172 5048 3498 5122 interiectis
3519 5048 3866 5122 corporibus

2223 5124 2580 5189 separatum,
2613 5119 3056 5189 impertransito
3086 5121 3278 5176 medio
3313 5119 3702 5178 transferatur
3750 5123 3864 5174 Ve-

2221 5207 2353 5244 rum
2389 5189 2558 5259 pauci
2581 5191 2824 5245 omnino
2843 5193 3040 5248 Patres
3064 5193 3122 5248 id
3153 5193 3476 5250 discrimen
3490 5194 3578 5249 vel
3596 5195 3869 5248 viderunt

2222 5263 2306 5316 vel
2341 5261 2738 5315 attenderunt.
2766 5263 2924 5318 Unus
2951 5263 3081 5319 fere
3109 5265 3362 5320 Hilarius
3383 5265 3508 5322 haec
3524 5264 3866 5321 distinxisse

2220 5333 2474 5398 videtur,
2509 5331 2610 5408 lib.
2647 5349 2717 5408 n_1
2748 5335 2820 5387 De
2854 5336 3004 5408 Trin.
3063 5353 3122 5391 ιι.
3153 5339 3244 5402 20,
3268 5338 3368 5408 qui
3403 5345 3601 5394 tamen
3636 5337 3693 5391 in
3717 5335 3865 5405 psal.

2220 5422 2308 5470 Lv,
2342 5419 2483 5458 num
2531 5405 2582 5459 5.
2615 5403 2686 5456 ad
2705 5406 3174 5473 penetrationem
3209 5403 3495 5474 recurrit;
3519 5403 3869 5463 cmterorum

2220 5477 2343 5532 fere
2374 5477 2614 5548 Patrum
2650 5475 2920 5548 exemplo
2953 5479 3052 5548 qui
3084 5479 3382 5534 Christum
3413 5497 3519 5548 per
3537 5475 3866 5548 januas_in-

2219 5563 2487 5622 gressum
2519 5544 2704 5599 aiunt.
2722 5547 2809 5622 Ita
2827 5544 3044 5622 auctor
3073 5544 3482 5622 Confutatioﬁis
3502 5544 3867 5622 quarumdam

2211 5611 2511 5696 propositq
2542 5633 2707 5675 num.
2746 5621 2834 5692 14,
2857 5620 3016 5694 apud
3039 5611 3322 5679 Athenas.
3354 5626 3494 5676 tom.
3509 5611 3599 5684 ’11,
3619 5613 3730 5666 vel-
3761 5611 3865 5676 ΙΙΙ,
