4138 6264
365 398 484 458 845

994 388 1474 454 CATECHESIS
1518 391 1676 454 XIV.
1723 391 1824 452 DE
1867 393 2019 455 CHR

2135 397 2176 458 Ἰ
2224 398 2892 474 RESURRECTIONE,
2940 404 3114 466 ETC.

3666 406 3786 468 846

362 529 432 582 τά
461 524 657 596 οῗκεῖα,
687 525 755 578 τὰ
785 520 843 578 δὲ
891 519 1135 596 ἡμέτερα
1191 519 1643 595 ἀποδοκιμάζετε,
1703 521 1794 576 καὶ
1851 527 2019 580 ταῦτα

2135 530 2362 586 ratione
2393 533 2570 605 igitur
2601 541 2792 591 vestra
2820 534 2960 589 dum
2995 534 3327 604 admittitis,
3378 541 3583 592 nostra
3628 536 3781 609 reji-

367 618 471 674 ὑπὸ
500 619 612 672 τῶν
643 616 766 691 παρ’
795 615 925 689 ὑμῖν
957 607 1228 688 Ἐϐραίων
1259 611 1616 688 γεγραμμένα
1649 630 1664 681 ;

441 800 530 870 Ιζ’.
563 795 722 856 Ἀλλ’
762 793 1044 862 ἀδύνατον,
1100 792 1249 868 λέγει
1298 813 1402 865 τις,
1459 793 1522 846 τὸ
1583 791 1876 860 ἀναστῆναι
1938 812 2026 846 νε-

366 887 556 965 κρούς.
590 887 695 944 Καὶ
731 886 840 960 μὴν
869 881 1084 960 ἤγειρεν
1109 881 1426 943 Ἐλισσαῖος
1457 878 1566 952 δὶς,
1624 879 1713 935 καὶ
1774 883 1879 950 ζῶν
1934 881 2024 936 καὶ

368 977 718 1048 τελευτήσας.
751 974 906 1041 Εἶτα,
938 971 1289 1046 πιστεύομεν,
1321 971 1406 1026 ὅτι
1465 967 1782 1028 Ἐλισσαίου
1832 974 2024 1045 νεκροῦ

370 1067 528 1129 ὄντος
557 1065 737 1140 ἥψατο
770 1064 957 1140 νεκρὸς
994 1061 1322 1141 ἐπιῤῥιφεὶς,
1373 1061 1464 1116 καὶ
1512 1060 1730 1130 ἀνέστη·
1788 1059 2024 1134 Χριστὸς

373 1155 432 1213 δὶ
462 1159 563 1232 ἆρα
617 1154 676 1212 ἐκ
702 1157 904 1228 νεκρῶν
960 1152 1058 1208 οὐκ
1113 1151 1436 1229 ἐγήγερταις
1496 1147 1652 1207 Ἀλλ’
1713 1148 2026 1204 Ἐλισσαίου

376 1247 470 1321 μὶν
524 1245 634 1302 ἐκεῖ
685 1249 758 1318 (1)
811 1244 1002 1320 νεκρὸς
1057 1243 1329 1316 ἁψάμενος
1383 1240 1600 1312 ἀνέστη,
1657 1239 1748 1296 καὶ
1809 1239 1965 1302 αὐτὸς
1996 1240 2024 1294 ὁ

371 1336 679 1407 ἀναστήσας
709 1333 917 1407 ἔμεινεν
978 1333 1187 1408 ὁμοίως
1235 1331 1445 1408 νεκρός·
1498 1328 1606 1386 ὧδε
1656 1328 1714 1385 δὲ
1761 1329 1851 1384 καὶ
1882 1330 1909 1383 ὁ
1939 1349 2022 1384 νει

370 1426 501 1501 κρὸς
530 1427 559 1480 ὁ
589 1421 856 1499 ἡμέτερος
885 1419 1104 1494 ἀνέστη,
1160 1421 1251 1477 καὶ
1299 1420 1506 1477 πολλοὶ
1567 1417 1712 1493 μηδὲ
1754 1421 2022 1493 ἁψάμενοι

371 1517 540 1572 αὐτοῦ
597 1515 778 1590 νεκροὶ
839 1511 1154 1584 ὀνέστησαν.
1214 1509 1409 1567 Πολλά
1465 1511 1567 1586 γάρ
1635 1511 1862 1583 σώματα
1911 1512 2022 1564 τῶν

370 1605 798 1678 κεκοιμημένων
855 1603 1024 1678 ἀγίων
1104 1601 1334 1678 ἠγέρθη·
1419 1600 1508 1656 καὶ
1597 1598 1904 1671 ἐξελθόντες
1963 1596 2024 1653 ἐκ

371 1698 480 1749 τῶν
544 1691 828 1766 μνημείων
892 1691 1027 1765 μετά
1079 1691 1180 1760 τήν
1241 1687 1450 1766 ἔγερσιν
1509 1689 1696 1759 αὐτοῦ,
1765 1685 2019 1758 εἰσῆλθον

374 1784 450 1846 εἷς
476 1783 577 1852 τήν
627 1781 778 1856 ἀγίαν
833 1779 995 1836 πόλιν
1044 1777 1238 1853 (δῆλον
1288 1776 1366 1849 δὲ,
1421 1779 1506 1835 ὃτι
1549 1777 1750 1849 ταύτην
1779 1777 1831 1833 ἐν
1927 1781 2019 1831 νῦν

2137 623 2350 680 cienda
2377 624 2774 693 arbitramini,
2807 640 2994 696 eaque
3016 624 3088 678 ab
3119 625 3384 680 Hebraeis
3409 627 3584 681 vestri
3615 642 3790 698 gene-

2135 712 2220 767 ris
2247 715 2578 786 perscripta
2598 713 2626 769 ‘I

2209 802 2465 858 XVI.Sed
2498 802 2865 874 impossibile
2884 807 2993 870 est,
3030 803 3148 858 aiet
3177 802 3500 873 quispiam,
3527 807 3790 860 resusci-

2135 890 2246 944 tari
2277 896 2562 946 mortuos.
2597 891 2773 962 Atqui
2803 892 2990 946 semel
3037 897 3096 946 et
3144 891 3362 946 iterum
3412 892 3786 948 resuscitavit

2134 978 2387 1046 Eliseus,
2423 984 2481 1033 et
2510 980 2706 1034 vivens
2735 980 2776 1015 ⁶ι
2812 987 2870 1035 et
2906 986 3040 1051 post
3092 985 3345 1035 mortem
3373 979 3442 1036 ⁵³.
3473 980 3786 1038 Credimus

2135 1068 2466 1140 projectum
2492 1075 2792 1125 mortuum
2817 1070 2993 1125 Elisei
3017 1071 3230 1125 mortui
3238 1071 3497 1141 jacentis
3510 1075 3788 1128 contactu

2136 1159 2461 1213 surrexisse
2488 1175 2501 1212 :
2527 1158 2793 1214 Christus
2821 1176 2954 1215 vero
2981 1175 3047 1215 ex
3065 1161 3316 1215 mortuis
3338 1177 3462 1216 non
3487 1163 3788 1218 surrexit?

2138 1249 2387 1319 Insuper
2419 1265 2552 1302 cum
2584 1248 2708 1304 illic
2740 1254 3010 1304 mortuus
3059 1250 3160 1319 qui
3211 1250 3472 1304 Eliseum
3517 1252 3784 1323 contigit,

2135 1337 2554 1403 resurrexerit;
2577 1337 2703 1409 ipse
2727 1339 2828 1410 qui
2852 1338 3124 1394 excitavit
3143 1338 3538 1395 nihilominus
3561 1343 3784 1396 mansit

2133 1429 2350 1480 utante
2384 1431 2683 1482 mortuus:
2719 1427 2814 1482 hic
2843 1444 3002 1493 vero,
3037 1433 3095 1481 et
3123 1433 3327 1482 noster
3356 1434 3626 1484 mortuus
3656 1447 3787 1486 sur-

2133 1515 2306 1584 rexit,
2339 1519 2398 1568 et
2419 1515 2592 1569 multi
2623 1517 2842 1571 mortui
2876 1517 2976 1587 qui
3009 1533 3084 1571 ne
3116 1517 3357 1588 quidem
3391 1517 3562 1573 illum
3594 1521 3787 1575 conti-

2131 1609 2697 1674 gere,surrexerunt.
2730 1629 2750 1654 ι
2789 1605 2968 1660 Multa
2997 1607 3142 1660 enim
3172 1622 3421 1677 corpora
3441 1612 3783 1665 sanctorum

2134 1693 2234 1764 qui
2250 1693 2341 1749 2|
2356 1694 2402 1749 8
2417 1693 2884 1762 obdormierant,
2905 1701 3307 1750 surrexerunt.
3326 1697 3394 1748 Et
3408 1701 3690 1752 exeuntes
3711 1697 3784 1752 de

2131 1783 2568 1838 «monumentis
2585 1790 2717 1855 post
2729 1785 3221 1841 resurrectionem
3240 1785 3368 1857 ejus
3381 1786 3632 1858 ingressi
3647 1791 3788 1842 sunt

375 1873 583 1946 ἐσμεν),
631 1871 724 1927 καὶ
807 1868 1216 1948 ἐνεφανίσθησαν
1301 1866 1560 1931 πολλοῖς.
1645 1869 1868 1942 Ἤγειρε
1927 1867 2022 1940 μὶν

2135 1872 2236 1926 «in
2255 1877 2516 1927 sanctam
2535 1874 2870 1928 civitatem»
2896 1873 3115 1945 (palam
3136 1879 3334 1929 autem
3347 1879 3437 1930 est
3449 1890 3579 1930 eam
3592 1874 3654 1930 in
3667 1892 3786 1946 qua

375 1961 466 2018 οὖν
503 1958 816 2022 Ἐλισσαῖος
843 1960 1052 2035 νεκρὸν,
1086 1956 1212 2013 ἀλλ’
1261 1957 1360 2013 οὐκ
1416 1957 1704 2032 ἐκράτησεν
1759 1955 2017 2030 οἰκουμέ-

373 2071 490 2125 νης·
525 2050 738 2128 ἤγειρεν
771 2049 961 2112 Ἠλίας
1011 2049 1223 2124 νεκρὸν,
1267 2047 1391 2104 ἀλλ’
1442 2047 1541 2102 οὐκ
1569 2046 1622 2102 ἐν
1651 2051 1732 2118 τῷ
1790 2045 2017 2119 ὀνόματι

374 2141 540 2200 Ἠλία
596 2137 851 2214 δαίμονες
905 2137 1318 2195 ἀπελαύνονται.
1376 2138 1456 2195 Οὐ
1513 2140 1694 2200 κακῶς
1779 2134 2016 2211 λέγομεν

371 2234 499 2299 τοὺς
553 2233 862 2312 προφήτας,
920 2228 1067 2286 ἀλλά
1123 2230 1216 2285 τὸν
1275 2227 1548 2299 Δεσπότην
1623 2227 1716 2281 τὸν
1800 2225 2016 2282 ἐκείνων

375 2324 639 2399 μειζόνως
669 2322 1024 2394 ἀνιτμνοῦμεν.
1071 2320 1152 2377 Οὐ
1207 2319 1309 2394 γὰρ
1363 2317 1540 2373 ἐκεῖνα
1587 2318 1920 2386 κακίζοντες,
1951 2316 2017 2370 τὰ

371 2413 609 2488 ἧμέτερα
663 2409 1020 2484 σεμνόνομενο
1096 2405 1336 2483 ἡμέτερα
1389 2409 1490 2484 γὰρ
1542 2407 1780 2463 κάκεῖνα.
1854 2401 2014 2462 Ἀλλ’

372 2501 432 2558 ἐκ
455 2506 565 2556 τῶν
593 2501 719 2576 παρ’
747 2498 932 2562 αὐτοῖς
950 2497 1018 2553 τὰ
1046 2497 1286 2572 ἡμέτερα
1315 2499 1764 2568 πιστοποιοῦμεν.

450 2683 548 2738 lZ'.
606 2676 782 2736 Ἀλλὰ
825 2675 988 2734 πάλιν
1071 2673 1347 2751 λέγουσιν,
1421 2675 1508 2730 ’ὃτι
1577 2674 1778 2749 Νεκρὸς
1848 2672 1944 2747 μὶν
1991 2673 2020 2726 ὁ

375 2770 684 2849 πρόσφατον
706 2768 830 2825 τότε
857 2766 1208 2836 τελευτήσας,
1260 2766 1364 2821 ὑπὸ
1409 2769 1506 2821 τοῦ
1552 2768 1753 2834 ζῶντος
1800 2761 2021 2841 ἐγήγερ-

372 2879 482 2917 ται’
543 2857 747 2932 δείξατε
778 2855 834 2913 δὲ
863 2859 1000 2931 ἡμῖν
1059 2855 1141 2911 ὅτι
1200 2853 1444 2931 ἐγχωρεῖ
1488 2853 1676 2926 νεκρὸν
1720 2855 2018 2929 τριήμερον

373 2953 688 3019 ἀναστῆναι,
745 2947 836 3004 καὶ
885 2946 1124 3023 ἐγχωρεῖ
1189 2942 1471 3017 ἄνθρωπον
1553 2943 1801 3020 ταφέντα·
1885 2941 2021 3015 μετά

371 3045 517 3116 τρεῖς
573 3036 783 3114 ἡμέρας
840 3036 1154 3106 ἀναστῆναι.
1223 3031 1538 3105 Ζητούντων
1589 3029 1646 3088 δὲ
1695 3034 1856 3105 ἡμῶν
1915 3032 2013 3100 τὴν

371 3130 496 3202 περὶ
522 3129 789 3186 τοιούτων
844 3129 919 3201 (2)
975 3123 1295 3202 μαρτυρίαν,
1351 3119 1571 3178 δίδωσιν
1631 3125 1766 3196 ἡμῖν
1815 3119 2020 3191 ταύτην

369 3220 535 3281 αὐτὸς
598 3219 625 3273 ὁ
685 3215 884 3293 Κύριος
965 3216 1178 3285 Ἰησοῦς
1237 3211 1290 3268 ἐν
1359 3211 1732 3286 Εὖαγγελίοις,
1819 3207 2014 3284 λέγων’

366 3317 566 3384 Ὥσπερ
622 3307 724 3384 γάρ
774 3305 843 3373 ἦν
901 3305 1086 3365 Ἰωνᾶς
1147 3301 1198 3357 ἐν
1254 3305 1324 3375 τῇ
1374 3298 1566 3372 ποιλίᾳ
1636 3303 1734 3354 τοῦ
1791 3301 2015 3370 κήτους.

365 3403 516 3473 τρεῖς
572 3397 783 3470 ἡμέρας
837 3395 928 3450 καὶ
1021 3396 1169 3468 τρεῖς
1248 3389 1461 3452 νύκτας·
1550 3387 1722 3452 οὕτως
1783 3386 1928 3444 ἔσται
1989 3387 2016 3442 ὁ

367 3489 497 3552 Υἱὸς
550 3490 648 3541 τοῦ
706 3486 992 3560 ἀνθρώπου
1050 3480 1102 3536 ἐν
1162 3483 1226 3555 νῇ
1282 3477 1477 3554 καρδίᾳ
1532 3485 1630 3548 τῆς
1689 3482 1812 3554 γῆς,
1871 3483 2019 3553 τρεῖς

369 3577 586 3653 ἡμέρας
641 3575 733 3631 καὶ
790 3578 934 3648 τρεῖς
993 3570 1224 3643 ζνόκτας.
1298 3567 1684 3639 Ἐξεταζόντων
1744 3567 1800 3622 δὲ
1856 3569 2017 3639 ἡμῶν

370 3668 475 3735 τὴν
505 3663 643 3720 κατά
668 3662 760 3718 τὸν
791 3664 982 3719 ’Ῑωνᾶν
1025 3657 1304 3735 διήγησιν.
1362 3655 1552 3726 πολλή
1605 3663 1706 3726 τῆς
1750 3656 2018 3729 ὁμοιότη-

372 3758 469 3819 τός
524 3754 666 3812 ἐστιν
729 3757 764 3822 ἡ
847 3751 1098 3827 ἐνέργεια.
1195 3752 1407 3824 [Forte.
1491 3747 1758 3823 ἐνάργεια.
1843 3748 2020 3818 Eum]

377 3849 585 3918 Ἰησοῦς
643 3841 920 3913 ἀπεστάλη
980 3841 1262 3913 μετάνοιαν
1328 3837 1578 3912 κηρύξαι·
1658 3835 1749 3891 καὶ
1837 3837 2022 3898 Ἰωνᾶς

374 3934 680 4004 ἀπεστάλη.
711 3928 872 3988 Ἀλλ’
902 3930 931 3984 ὁ
966 3929 1060 4002 μὲν
1093 3923 1322 4004 λέφυγεν,
1373 3926 1576 4002 ἀγνοῶν
1630 3925 1692 3980 τὸ
1742 3923 2020 3998 ἐσόμενον·

375 4027 408 4082 ὁ
438 4023 496 4082 δὶ
516 4022 778 4086 ἑκουσίως
821 4017 1180 4094 παραγέγονεν
1234 4015 1322 4073 ἐπὶ
1385 4017 1644 4090 μετατοίᾳ
1693 4022 1794 4085 τῆς
1843 4035 2026 4084 σωτη-

380 4115 736 4190 ρίας.Ἰωνᾶς
764 4105 1041 4174 ἐκάθευδεν
1082 4105 1136 4162 ἐν
1196 4110 1274 4178 τῷ
1318 4103 1524 4178 πλοίῳ,
1574 4104 1664 4160 καὶ
1711 4099 1904 4181 ἕρεγχε
1931 4105 2028 4158 θα-

377 4205 589 4275 λάσσης
617 4199 1054 4279 χειμαζομένης
1112 4196 1204 4252 καὶ
1261 4196 1442 4265 Ἰησοῦ
1482 4191 1861 4264 καθεύδοντος,
1907 4193 2027 4249 κατ’

375 4292 700 4366 οἰκονομίαν
731 4286 1038 4365 ἐπεγείριτο
1067 4288 1106 4356 ἡ
1137 4282 1398 4353 θάλασσα,
1430 4282 1569 4358 πρὸς
1596 4282 1662 4338 τὸ
1717 4290 2025 4359 γνωσθῆναι

380 4383 520 4458 μετά
556 4385 726 4438 ταῦτα
778 4381 878 4435 τοῦ
923 4371 1279 4440 καθεύδοντος
1333 4373 1436 4441 τὴν
1499 4369 1746 4445 δύναμιν.
1801 4371 2027 4446 Ἑκείνῳ

377 4470 590 4548 ἔλεγον,
640 4467 702 4524 Τί
775 4465 839 4523 σὺ
911 4465 1173 4543 ῥέγχειςς
1262 4461 1546 4532 ἀνάστηθι,
1630 4459 1893 4517 ἐπικαλοῦ

376 4547 495 4618 τὸν
533 4558 662 4616 Θεόν
748 4576 867 4628 σου,
922 4553 1014 4609 ἳνα
1095 4549 1337 4626 διασώσῃ
1421 4550 1570 4624 ἡμᾶς
1622 4550 1651 4604 ὁ
1707 4548 1860 4605 Θεόο·
1921 4547 2028 4605 ὧδε

2130 1979 2291 2019 nunc
2324 1978 2528 2017 sumus
2560 1964 2658 2034 (4),
2692 1963 3060 2036 signiﬁcari),
3105 1970 3157 2018 et
3203 1970 3587 2036 apparuerunt
3634 1966 3779 2020 mul-

2123 2055 2190 2108 tis
2221 2050 2286 2106 ⁸³.
2323 2052 2606 2107 Excitavit
2635 2053 2877 2123 quidem
2909 2053 3138 2109 Eliseus
3191 2060 3512 2122 mortuum,
3549 2054 3653 2110 sed
3685 2072 3779 2109 or-

2123 2141 2258 2198 bem
2291 2158 2412 2196 non
2444 2142 2710 2214 subegit;
2770 2143 3044 2198 excitavit
3095 2143 3252 2198 Elias
3299 2149 3622 2214 mortuum,
3673 2143 3777 2200 sed

2124 2251 2242 2288 non
2275 2233 2336 2288 in
2369 2234 2610 2288 nomine
2641 2233 2782 2288 Elia:
2813 2233 3115 2290 daamones
3145 2234 3483 2307 abiguntur.
3513 2237 3638 2290 Non
3670 2234 3775 2290 de-

2125 2323 2413 2378 trahimus
2445 2323 2769 2395 prophetis,
2804 2324 2907 2379 sed
2937 2325 3256 2380 Dominum
3281 2341 3485 2380 eorum
3509 2324 3775 2396 magniﬁ-

2124 2413 2355 2468 centius
2369 2411 2757 2468 celebramus.
2779 2415 2903 2468 Non
2920 2414 3080 2469 enim
3102 2414 3207 2470 illa
3226 2413 3551 2469 minuendo
3565 2418 3772 2469 nostra

2125 2501 2636 2570 commendamus,
2656 2518 2796 2557 nam
2827 2507 2886 2557 et
2915 2502 3020 2558 illa
3069 2519 3306 2574 quoque
3356 2507 3561 2557 nostra
3608 2507 3769 2557 sunt.

2121 2607 2324 2647 verum
2348 2607 2418 2645 ex
2442 2590 2620 2646 rebus
2649 2591 2888 2646 illorum
2915 2591 3136 2646 nostris
3158 2591 3340 2646 fidem
3361 2590 3773 2647 conciliamus.

2196 2681 2362 2735 XVII.
2386 2680 2599 2735 Verum
2615 2679 2830 2735 iterum
2852 2680 3023 2735 aiunt
3052 2696 3064 2734 :
3089 2681 3352 2735 Mortuus
3372 2679 3650 2751 equidem
3671 2695 3775 2733 re-

2124 2789 2266 2827 cens
2301 2777 2427 2826 tum
2458 2771 2773 2827 defunctus
2803 2789 2836 2827 a
2869 2773 3096 2827 vivente
3148 2771 3542 2827 exsuscitatus
3566 2776 3674 2828 est.
3708 2773 3783 2826 At

2124 2860 2421 2916 ostendite
2436 2859 2608 2915 nobis
2622 2877 2797 2932 posse
2829 2861 2958 2916 ﬁeri
2978 2865 3043 2915 ut
3063 2865 3332 2916 mortuus
3354 2861 3534 2916 trium
3548 2860 3779 2916 dierum

2127 2954 2418 3019 resurgat,
2451 2954 2511 3004 et
2540 2949 2808 3019 sepultus
2834 2949 3014 3004 homo
3048 2954 3183 3020 post
3211 2949 3340 3004 dies
3370 2954 3490 3004 tres
3511 2948 3775 3005 advitam

2125 3044 2452 3094 revocetur.
2487 3037 2834 3108 Hujusmodi
2874 3054 3076 3093 rerum
3107 3038 3587 3094 testiﬁcationem
3615 3056 3777 3110 quaa-

2125 3127 2416 3193 rentibus,
2448 3127 2603 3182 hanc
2634 3126 2808 3182 nobis
2839 3128 3178 3199 suppeditat
3203 3127 3488 3183 Dominus
3516 3129 3684 3183 Jesus
3714 3129 3776 3183 in

2127 3217 2458 3290 Evangeliis
2491 3215 2685 3272 aiens:
2710 3238 2738 3266 «
2774 3216 2934 3271 Sicut
2963 3216 3124 3271 enim
3153 3216 3267 3272 fuit
3284 3218 3461 3273 Jonas
3479 3217 3541 3272 in
3570 3222 3774 3272 ventre

2129 3329 2157 3357 ‹‹
2181 3306 2294 3362 ceti
2317 3311 2437 3361 tres
2459 3305 2585 3361 dies
2604 3310 2663 3360 et
2685 3311 2802 3361 tres
2824 3311 3058 3373 noctes;
3081 3305 3166 3361 sic
3189 3306 3299 3361 erit
3321 3305 3502 3361 Filius
3515 3305 3774 3361 hominis

2129 3418 2156 3445 «
2176 3395 2235 3450 in
2249 3395 2426 3450 corde
2443 3400 2614 3450 terra;
2632 3399 2752 3450 tres
2767 3394 2894 3450 dies
2918 3400 2976 3450 et
3005 3400 3124 3451 tres
3141 3401 3348 3450 noctes
3369 3393 3419 3429 ⁵⁴
3445 3417 3496 3450 ».
3529 3395 3775 3459 Quando

2128 3491 2325 3539 autem
2338 3484 2647 3539 historiam
2657 3485 2820 3538 Jonas
2833 3484 3784 3557 diligenterindagamus,plurima

2129 3573 2389 3628 occurrit
2420 3572 2830 3627 similitudinis
2860 3573 2943 3627 vis
2973 3579 3150 3644 atque
3168 3574 3452 3630 efficacia.
3477 3575 3644 3630 Jesus
3657 3590 3780 3645 pa:-

2130 3662 2446 3717 nitentiam
2477 3661 2866 3732 praedicatum
2895 3663 3113 3718 missus
3145 3668 3271 3718 est:
3315 3663 3532 3718 missus
3580 3668 3640 3718 et
3683 3663 3783 3717 Jo-

2132 3768 2240 3807 nas
2270 3750 2336 3804 ‘5.
2372 3750 2483 3805 Sed
2517 3749 2618 3806 ille
2665 3750 2847 3805 futuri
2903 3751 3130 3806 inscius
3189 3751 3374 3823 fugit:
3428 3752 3527 3806 hic
3584 3755 3784 3806 autem

2131 3840 2462 3896 voluntarie
2493 3839 2907 3910 paenitentiam
2961 3840 3170 3896 salutis
3219 3839 3465 3896 daturus
3513 3838 3782 3896 accessit.

2132 3933 2308 3986 Jonas
2335 3928 2668 3984 dormiebat
2688 3929 2749 3984 in
2772 3931 3002 4004 navigio
3029 3935 3088 3985 et
3111 3929 3415 3997 stertebat,
3449 3928 3590 3984 dum
3619 3944 3784 3984 mare

2137 4023 2487 4091 tempestate
2494 4018 2823 4089 jactaretur
2839 4036 2852 4073 :
2867 4021 2893 4075 ,Ι
2899 4036 3003 4075 esu
3017 4036 3252 4091 quoque
3267 4019 3600 4075 dormiente
3623 4021 3782 4073 certo

2135 4107 2387 4164 consilio
2409 4107 2728 4163 excitatum
2759 4112 2851 4164 est
2870 4125 3032 4164 mare
3043 4109 3108 4176 ⁵⁸,
3134 4114 3200 4164 ut
3231 4108 3581 4164 dormientis
3599 4108 3784 4162 virtus

2136 4201 2343 4271 postea
2371 4203 2847 4270 cognosceretur.
2867 4197 2959 4252 Illi
2980 4197 3286 4254 dicebant:
3313 4198 3458 4264 Quid
3474 4203 3534 4252 tu
3554 4195 3738 4252 stertis
3755 4196 3784 4251 ?

2135 4303 2317 4358 surge,
2340 4289 2536 4344 invoca
2550 4289 2723 4342 Deum
2743 4292 2917 4359 tuum,
2948 4295 3012 4342 ut
3038 4289 3215 4344 salvos
3242 4302 3339 4342 nos
3356 4286 3533 4356 faciat
3553 4287 3692 4340 Deus
3711 4283 3780 4339 ⁵⁷.

2138 4377 2243 4432 Ηίο
2273 4381 2471 4432 autem
2501 4377 2752 4432 Domino
2802 4376 3043 4433 dicunt:
3101 4379 3328 4433 Domine
3381 4392 3538 4432 serva
3592 4391 3688 4430 nos
3717 4375 3782 4431 ⁵⁸.

2136 4466 2221 4520 Ibi
2252 4465 2567 4522 dicebant:
2599 4467 2798 4522 Invoca
2828 4469 2998 4522 Deum
3024 4473 3215 4534 tuum;
3247 4466 3344 4522 hic
3375 4470 3574 4521 autem
3595 4465 3785 4520 Serva.

2145 4557 2221 4610 At
2240 4555 2341 4612 ille
2372 4555 2614 4628 quidem
2637 4555 2781 4611 dicit
2807 4572 2819 4609 :
2856 4556 3051 4611 Tollite
3076 4572 3160 4611 me
3191 4561 3242 4610 et
3264 4555 3526 4626 projicite
3555 4555 3616 4608 in
3639 4569 3792 4609 mare

449 4719 494 4756 ⁵¹
528 4719 600 4774 IV
629 4719 775 4814 Reg;
803 4731 880 4780 ιν,
912 4716 1004 4784 20,
1031 4712 1120 4766 3‘7.
1196 4709 1246 4744 ⁵³
1267 4709 1340 4764 IV
1370 4710 1507 4814 Βεξ.
1540 4723 1665 4774 χιιι,
1697 4710 1786 4761 21.
1862 4707 1910 4743 ⁵³
1938 4709 2022 4764 Ma

455 4795 489 4814 ιι
523 4807 630 4814 _._...
805 4785 982 4814 “non.
1035 4799 1131 4814 η...
1185 4783 1254 4814 0L
1307 4783 1373 4814 οτι
1493 4777 1516 4813 7
1553 4781 1687 4814 lnan
1743 4795 1761 4814 ι
1814 4781 1846 4814 ρ.
1945 4779 1997 4814 58

2135 4728 2344 4814 ἰξιινιι,
2368 4715 2581 4814 52),κὸ3.
2656 4711 2705 4748 ⁵⁴
2731 4712 2932 4768 Matth.
2958 4727 3060 4781 χιι,
3085 4712 3192 4767 4οι
3221 4711 3350 4766 Jon.
3380 4726 3442 4778 ιι,
3467 4713 3516 4764 1.
3593 4708 3789 4767 “Ion.

377 4810 424 4863 ι,
455 4795 492 4847 2
520 4807 651 4862 sqq.
718 4783 775 4824 ⁸⁸
805 4785 1006 4843 Matth.
1035 4799 1153 4853 rm,
1185 4783 1275 4848 24,
1307 4783 1395 4837 25.

1546 4781 1712 4835 Joan.
1743 4795 1782 4848 ι,
1814 4781 1867 4835 6.
1945 4779 1997 4814 ⁵⁸
2027 4783 2230 4838 Matth.
2262 4779 2379 4839 νιιι.
2415 4788 2504 4840 25.

451 4945 530 5017 (1)
561 4945 733 5020 Ἐκεῖ.
789 4941 918 4996 Νοιι
976 4936 1132 4994 male
1185 4938 1306 4991 Roe
1366 4938 1426 4990 et
1480 4932 1754 5000 Casaub.,
1816 4929 1865 4987 εἴ
1917 4929 2030 5002 καί,
2063 4938 2111 5003 D
2141 4943 2450 5020 surgentes
2577 4934 3233 5020 cmlestem'gerusalem
3264 4937 3604 5020 assumpto?
3635 4949 3787 5020 esse.

377 5016 652 5090 quamvis.

452 5105 532 5177 (2)
566 5099 694 5177 Περῖ
745 5097 1051 5177 τοιούτων.-
1075 5093 1473 5177 Τοιούτωνιιιρ
1526 5094 1744 5177 aptius.
1777 5093 2032 5177 legimus

379 5165 774 5242 Ιοόότούῖτων,
801 5189 873 5228 ex
902 5169 1102 5236 Coisl.,
1140 5171 1280 5242 Reg.
1331 5171 1390 5221 et
1432 5165 1646 5231 Grod.;
1692 5169 1753 5219 at
1803 5165 1923 5220 Roe
1975 5169 2034 5220 et

375 5249 628 5306 Casaub.
663 5237 1302 5318 habent,}ib_v_to_6'tuiy.
1355 5311 1390 5318 _
1587 5311 1597 5318 Δ
1659 5307 1691 5318 Α
1787 5305 1803 5318 ¹
1983 5306 1994 5318 .

449 5323 528 5391 (3)
553 5314 873 5391 Ἐπικα),οὓ.
892 5305 1087 5391 ’(ζοάά.
1118 5309 1322 5391 coisl_.,
1354 5311 1493 5380 Reg.
1513 5383 1523 5391 ι
1547 5311 1623 5391 ει¹
1654 5305 1858 5391 ϐιοάκ
1883 5306 2030 5361 εει-ἰο

421 5372 549 5448 tum
575 5372 811 5456 habent,
831 5392 898 5442 ut
926 5386 989 5441 in
1020 5372 1366 5456 prophetico
1378 5372 1694 5456 _c5nte_xtu,
1714 5376 1810 5456 καὶ
1839 5372 2032 5456 ἐπικα-

421 5408 549 5448 tum
580 5408 804 5446 nanent
831 5408 898 5442 ut.
926 5408 989 5441 In
1021 5408 1125 5456 pro
1173 5408 1366 5436 ucuuu
1393 5408 1694 5445 υυιιισιιιι,
1722 5408 1810 5430 mu
1839 5408 2032 5430 ιιιυιυι-

377 5408 504 5520 λοῦ.
536 5465 650 5518 Pro
672 5457 767 5514 ’ίνα
797 5455 1065 5530 διασώσῃ,
1120 5408 1322 5530 Eoislq
1377 5448 1511 5509 ἳσως
1565 5444 1840 5530 διασῴσει,
1865 5451 2032 5530 “forte

379 5519 636 5592 Saluabit.
672 5533 814 5588 Post
842 5519 1451 5593 cluovf'sustulimus,
1501 5537 1573 5576 ex
1612 5519 1816 5590 Coisl.,
1865 5522 2030 5591 Reg.,

387 5609 531 5669 Roe,
566 5610 624 5659 et
646 5601 894 5659 Casaub.
926 5597 1244 5655 articulum
1271 5593 1356 5648 τό.
1731 5643 1736 5648 ,

458 5661 534 5750 (4)
569 5675 758 5750 Baiani
797 5679 876 5750 est
917 5687 1072 5750 _eani_
1097 5671 1159 5724 in
1215 5682 1342 5750 qua_
1371 5679 1520 5750 nunc
1562 5677 1766 5750 sumus,
1792 5666 1935 5750 "etc.
1967 5661 2033 5750 Id

383 5732 638 5824 opponit
663 5743 934 5820 opinioni
965 5741 1111 5800 satis
1139 5732 1498 5814 pervulgata
1528 5738 1766 5791 sanctos
1789 5732 1926 5789 illos
1947 5749 2034 5788 re-

2141 5010 2228 5063 Ita
2250 5006 2413 5064 inter
2441 5009 2590 5064 alias
2622 5007 2810 5064 sensit
2838 5007 3043 5073 Hilar.,
3076 5008 3136 5060 in
3159 5006 3307 5076 psal.
3340 5023 3397 5070 ιι,
3430 5022 3489 5060 ιι.
3519 5006 3612 5072 26,
3645 5009 3705 5060 et
3730 5007 3790 5060 in

2135 5082 2281 5152 psal.
2318 5097 2496 5146 chVI,
2521 5097 2580 5135 ιι.
2606 5083 2668 5147 2;
2687 5077 3525 5152 Ruﬁnus.inE1:pos.Sy_r_nboli;
3549 5076 3784 5152 Euseb.,

2143 5148 2245 5208 lib.
2282 5155 2634 5231 IV_D_8m.(_7?'ISt.
2668 5167 2841 5220 evang
2871 5193 2887 5218 ,
2920 5152 3182 5231 cap._i2;
3204 5154 3275 5231 ‘et
3313 5148 3418 5231 lib“.
3464 5165 3519 5217 ιι,
3570 5151 3787 5231 cap.n§,

2143 5242 2272 5297 pag.
2302 5227 2400 5279 501
2425 5243 2438 5290 ;
2475 5219 3094 5297 Hieronymus,_epist.
3128 5224 3241 5275 vet.
3266 5219 3359 5275 ed.
3383 5219 3791 5297 3,_n_ov._ed.(_3!_3,

2142 5291 2288 5362 n.3,
2323 5312 2664 5366 quanquam
2700 5291 2976 5366 epistola'
3019 5295 3104 5358 17,
3161 5308 3325 5366 novae
3370 5291 3787 5366 editionisuéiy,

2143 5361 2456 5424 ridiculam
2486 5361 2639 5422 lianc
2668 5361 3090 5438 plérorumque
3120 5364 3466 5438 Opinionem
3504 5361 3786 5438 appellat.

2143 5380 2456 5424 I'ldlCIllam
2487 5380 2639 5422 nanc
2668 5380 3090 5438 plerorumque
3120 5380 3466 5435 opinionem
3504 5380 3786 5487 appellat.

2142 5442 2303 5515 Hanc
2333 5439 2433 5515 alii
2466 5454 2701 5509 quoque
2734 5440 2936 5492 Patres
2966 5436 3245 5515 refutant.
3271 5435 3520 5515 Sanctus
3589 5431 3793 5515 pipha—

2143 5513 2301 5578 nius,
2335 5513 2546 5565 haeres.
2579 5526 2742 5576 Lxxv,
2772 5525 2938 5581 num.
2973 5510 3024 5574 7,
3063 5523 3164 5562 eos
3226 5511 3462 5581 sanctos
3498 5509 3564 5581 in
3584 5509 3793 5581 terra:

2143 5573 2325 5639 strem
2355 5581 2682 5638 Jerusalem
2715 5573 2996 5651 primum,
3020 5584 3146 5634 tum
3176 5574 3545 5634 ascensionis
3575 5573 3793 5625 Christi

2142 5656 2237 5711 die
2268 5656 2331 5710 in
2357 5654 2658 5710 caelestem
2691 5651 3009 5707 translatos
3040 5654 3226 5722 putat.
