4138 6264
439 340 558 399 84⁸7
1501 333 1565 392 S.
1612 326 1920 392 CYBILLI
1964 323 2379 391 HIEROSOL.
2425 326 2791 393 ARCHIEP.
3726 338 3849 397 848

435 476 488 525 et
517 469 754 541 quiescet
777 482 929 522 mare
958 482 993 521 a
1022 463 1172 521 vobis
1199 463 1284 531 5’;
1318 463 1415 518 hic
1472 477 1607 517 vero
1651 462 1778 533 ipse
1824 465 2009 515 ventos
2039 465 2088 515 et

2204 454 2423 533 λέγουσι
2484 456 2563 529 τῷ
2648 459 2912 534 Δεσπότῃ.
2977 459 3170 537 Κύριε,
3255 465 3429 517 σῶσον
3514 465 3663 537 ἡμᾶς
3744 464 3860 521 έκεῖ

432 572 584 614 mare
610 556 938 626 increpavit,
970 559 1020 609 et
1046 555 1203 622 facta
1233 558 1313 608 est
1348 548 1732 620 tranquillitas
1788 564 1993 618 magna
2019 547 2087 602 ⁸ο.

2200 546 2374 617 εἷπον,
2435 544 2735 603 Ἐπικαλοῦ
2788 548 2880 603 τὸν
2942 548 3071 604 Θεόν
3129 569 3246 606 σου·
3300 550 3393 606 καὶ
3449 549 3577 625 ὧδε,
3639 557 3853 613 Σῶσον.

432 648 504 701 Ει
532 646 635 701 ille
664 645 967 718 projectus
1027 646 1117 697 est
1160 643 1222 697 in
1278 640 1473 697 alvum
1521 639 1634 695 ceti
1664 638 1751 692 δίε
1793 638 1902 692 iste
1953 653 2087 692 vero

2200 634 2353 692 Ἀλλ’
2395 634 2598 699 ἐκεῖνος
2661 637 2759 710 μὲν
2814 636 2987 713 λέγει,
3049 639 3246 714 Ἀρατέ
3308 661 3375 713 με
3423 640 3514 696 καὶ
3571 637 3854 715 ἐμϐάλλε-

433 740 648 808 sponte
678 732 987 789 descendit.
1017 732 1077 786 in
1107 730 1328 798 locum,
1360 729 1459 783 ubi
1518 733 1645 783 erat
1694 725 2087 799 intelligibilis

2200 746 2251 779 τε
2303 728 2379 799 (1)
2437 726 2513 789 εἷς
2568 727 2665 794 τὴν
2729 724 3028 798 θάλασσαν,
3086 729 3176 784 καὶ
3226 731 3455 786 κοπάσει
3508 733 3545 801 ἡ
3603 732 3854 796 θάλασσα

432 830 599 881 cetus
629 824 875 890 mortis;
912 826 1123 893 sponte
1151 836 1287 875 vero
1317 818 1643 885 descendit,
1676 822 1744 872 ut
1798 833 1958 872 mors
1985 833 2085 872 eos

2200 817 2285 880 ἀφ’
2320 816 2494 888 ὑμῶν·
2532 813 2639 870 ὧδε
2669 814 2728 871 δὲ
2757 816 2919 879 αὐτὸς
2973 816 3297 892 ἐπετίμησεν
3327 824 3445 883 τοῖς
3504 819 3725 894 ἀνέμοις
3756 824 3853 877 καὶ

431 929 586 985 quos
617 910 1005 968 absorbuerat
1033 907 1590 979 evomeret,juxtaid
1612 906 1768 978 quod
1795 907 2085 977 scriptum

2200 907 2261 978 τῇ
2295 903 2558 978 θαλάσσῃ,
2607 903 2698 959 καὶ
2765 903 2971 982 ἐγένετο
3028 904 3245 981 γαλήνη
3310 906 3544 981 μεδάλη“
3603 915 3853 973 κακεῖνος

434 1007 560 1059 est:
599 1022 621 1050 α
658 1004 737 1058 De
770 1017 953 1057 manu
986 1000 1158 1055 inferi
1192 998 1457 1054 liberabo
1491 1013 1613 1067 eos,
1676 1000 1733 1051 et
1778 995 1848 1051 de
1902 1012 2083 1052 manu

2200 993 2294 1065 μὲν
2320 988 2530 1065 ἐϐλήθη
2569 993 2645 1056 είς
2688 993 2909 1050 κοιλίαν
2961 997 3186 1066 κήτους·
3246 998 3402 1060 οὗτος
3458 995 3516 1054 δὲ
3570 997 3846 1070 κατῆλθεν

432 1113 463 1144 «
492 1092 703 1150 mortis
732 1090 1024 1146 redimam
1055 1088 1191 1144 illos
1221 1086 1269 1121 ⁸³
1296 1106 1349 1142 υ.

2200 1081 2477 1153 ἑκουσίως,
2507 1082 2645 1138 ὅπου
2674 1084 2737 1139 τὸ
2776 1086 2975 1155 νοητὸν
3022 1089 3119 1141 τοῦ
3166 1089 3397 1151 θανάτου
3450 1094 3636 1158 κῆτος·
3690 1088 3854 1146 ἑκου-

431 1178 565 1244 σίως
591 1177 650 1234 δὶ
678 1177 972 1247 κατῆλθεν,
1002 1176 1095 1231 ἳνα
1153 1174 1375 1249 ἐξεμέσῃ
1433 1172 1564 1237 τοὺς
1612 1173 2016 1237 καταποθέντας
2047 1174 2076 1228 0
2108 1173 2359 1243 θάνατος,
2408 1173 2549 1228 κατὰ
2596 1174 2661 1229 τὸ
2714 1177 3121 1251 γεγραμμένον·
3180 1178 3276 1232 Ἐκ
3321 1178 3508 1254 χειρὸς
3558 1176 3691 1251 ᾷδου
3750 1178 3850 1257 ῥύ-

433 1289 600 1343 σομαι
634 1266 851 1337 αὐτοὺς,
881 1267 972 1322 καὶ
1010 1264 1069 1320 ἐκ
1096 1265 1285 1341 χειρὸς
1316 1262 1545 1328 θανάτου
1575 1262 1931 1338 λυτρώσομαι
1963 1262 2182 1324 αὐτούς.

502 1358 704 1417 XVIII.
737 1357 826 1413 Ad
859 1358 1010 1412 hanc
1042 1361 1272 1428 partem
1306 1354 1593 1411 orationis
1625 1353 2086 1427 appulsi,consi-

2267 1353 2371 1407 Ill‘.
2433 1352 2689 1407 Ἐνταῦθα
2745 1351 3025 1429 γενόμενοι
3079 1357 3176 1409 τοῦ
3230 1354 3422 1430 λόγου,
3482 1359 3851 1433 σκοπήσωμεν

430 1450 707 1506 deremus
729 1454 930 1503 utrum
953 1444 1258 1501 difficilius
1282 1444 1677 1500 sithominem
1693 1443 1990 1515 sepultum
2012 1442 2084 1498 de

2200 1439 2349 1494 ποῖόν
2384 1439 2495 1496 ἐστι
2530 1438 2966 1519 δυσκολώτερον,
2999 1443 3284 1520 ἄνθρωπον
3314 1443 3547 1521 ταφέντα
3603 1444 3709 1502 ἀπὸ
3741 1455 3851 1523 γῆς

427 1543 591 1595 terra
609 1550 918 1608 resurgere
955 1551 967 1588 :
992 1550 1067 1590 an
1084 1534 1390 1589 hominem
1420 1533 1481 1588 in
1512 1538 1717 1589 ventre
1739 1533 1874 1600 ceti,
1906 1538 2083 1603 atque

2200 1528 2503 1599 ivaa‘tﬁvav
2552 1528 2590 1600 ἤ
2649 1527 2930 1606 ἂνθρωπον
2987 1531 3039 1587 έν
3096 1532 3282 1606 κοιλίᾳ
3337 1536 3563 1606 κήτους,
3619 1537 3708 1591 καὶ
3772 1537 3852 1601 εἷς

429 1629 495 1684 in
525 1631 751 1683 tantam
780 1624 1029 1680 viventis
1058 1622 1339 1679 animalis
1368 1622 1731 1679 caliditatem
1763 1622 2081 1696 ingestum,

2200 1618 2455 1690 τοσαύτην
2484 1621 2797 1695 θερμότητα
2823 1625 2921 1676 τοῦ
2972 1622 3115 1691 ζώου
3158 1622 3511 1694 κατελθόντα,
3557 1625 3633 1698 μὴ
3668 1633 3852 1697 σαπῆ-

427 1732 552 1773 non
576 1715 721 1771 solvi
744 1730 814 1770 ac
834 1713 1179 1785 corrumpi?
1199 1712 1340 1779 Quis
1352 1712 1666 1767 hominum
1692 1713 1924 1785 ignorat
1949 1716 2079 1766 tan-

2200 1728 2310 1779 ναι;
2343 1708 2433 1772 Τίς
2458 1709 2557 1765 οὐκ
2587 1706 2732 1765 οἶδεν
2782 1711 3113 1786 ἀνθρώπων,
3175 1712 3258 1767 ὅτι
3315 1712 3588 1784 τοσαύτην
3637 1716 3848 1790 θέρμην

428 1812 557 1862 tum
589 1805 788 1861 inesse
834 1802 1050 1859 caloris
1076 1803 1139 1857 in
1165 1802 1491 1870 ventribus,
1522 1806 1589 1856 ut
1617 1802 1796 1857 etiam
1826 1817 1961 1857 ossa
1990 1802 2087 1857 de-

2200 1795 2413 1872 ἔχουσιν
2472 1798 2528 1853 αἱ
2584 1798 2865 1876 γαστέρες,
2926 1800 3003 1863 ὡς
3059 1801 3149 1855 καὶ
3238 1802 3396 1857 ὀστέα
3477 1804 3852 1860 καταποθέντα

428 1898 636 1951 vorata
663 1891 1040 1949 dissolvant?
1068 1893 1176 1958 Qui
1209 1892 1390 1964 igitur
1417 1892 1595 1946 Jonas
1627 1891 1690 1946 in
1740 1896 1943 1946 ventre
1974 1891 2087 1947 ceti

2200 1883 2521 1959 διασήπεινς
2556 1893 2680 1953 Πῶς
2719 1887 2900 1944 τοίνυν
2953 1891 3136 1952 Ἰωνᾶς
3167 1888 3219 1944 ἐν
3244 1893 3313 1965 τῇ
3361 1890 3547 1965 κοιλίᾳ
3598 1896 3697 1948 τοῦ
3744 1896 3853 1965 κή-

433 1990 550 2039 tres
580 1984 707 2039 dies
742 1988 800 2037 et
827 1981 1075 2037 totidem
1096 1986 1302 2037 noctes
1322 1986 1607 2047 moratus,
1632 1996 1753 2035 non
1775 1985 2088 2052 corruptus

2200 1995 2321 2038 τους
2353 1982 2498 2048 τρεῖς
2525 1979 2735 2054 ἡμέρας
2768 1974 2843 2033 ὤν
2874 1978 2964 2033 καὶ
2992 1983 3138 2056 τρεῖς
3179 1978 3375 2044 νύκτας
3425 1982 3522 2054 (2),
3572 1981 3635 2036 οὗ
3686 1981 3855 2054 σέση-

431 2088 499 2128 ac
527 2071 697 2127 fusus
730 2070 854 2127 est?
886 2071 1040 2127 214
1070 2069 1377 2136 Quomodo
1409 2085 1567 2137 vero,
1600 2085 1736 2124 cum
1759 2084 1830 2125 ea
1859 2070 1936 2124 sit
1961 2086 2086 2125 om-

2200 2085 2324 2129 πενς
2358 2071 2484 2129 Πῶς
2517 2064 2574 2122 δὲ
2629 2070 2719 2123 καὶ
2776 2068 2987 2144 φύσεως
3042 2065 3209 2140 οὔσης
3269 2069 3463 2124 ἅπασιν
3516 2071 3855 2147 ἀνθρώποις,

434 2163 605 2220 nium
631 2163 943 2217 hominum
962 2165 1193 2226 natura,
1228 2165 1296 2215 ut
1327 2160 1455 2216 sine
1476 2160 1591 2215 ista
1616 2160 1677 2214 in
1692 2175 1826 2215 aere
1839 2161 2088 2232 respira-

2200 2156 2374 2232 χωρὶς
2404 2156 2676 2226 ἀναπνοῆς
2716 2163 2816 2227 τῆς
2876 2157 2929 2213 έν
2987 2156 3103 2234 ἀέρι
3160 2157 3386 2231 ταύτης,
3450 2162 3527 2234 μὴ
3588 2158 3856 2225 δύνασθαι

429 2252 592 2308 tione
626 2252 816 2307 vivere
848 2267 970 2305 non
1000 2250 1320 2322 possimus,
1354 2248 1454 2305 ille
1488 2249 1748 2305 triduum
1766 2249 1908 2303 vixit
1928 2250 2087 2305 hunc

2200 2247 2482 2319 ζῇν-ἡμᾶς·
2519 2245 2722 2309 ἐκεῖνος
2774 2244 2825 2302 ἒν
2882 2248 3057 2318 τρισὶν
3118 2249 3351 2322 ἡμέραις
3411 2248 3511 2305 οὐκ
3565 2248 3851 2305 ἀναπνέων

433 2356 634 2396 aerem
664 2355 785 2394 non
817 2337 1092 2409 spirans?
1119 2337 1505 2409 Respondent
1532 2337 1718 2393 Judaei
1750 2342 1810 2391 et
1838 2336 2047 2392 dicunt
2070 2354 2083 2391 :

436 2428 884 2484 Descendituna
902 2443 1035 2481 cum
1054 2428 1218 2495 Iona,
1247 2426 1389 2481 dum
1410 2426 1472 2481 in
1497 2425 1729 2481 inferno
1743 2427 2084 2499 agitaretur,

432 2518 619 2572 virtus
650 2517 775 2571 Dei.
830 2516 957 2570 Jam
989 2531 1149 2583 vero,
1183 2532 1349 2571 servo
1376 2533 1483 2571 suo
1516 2516 1873 2571 submittens
1903 2516 2085 2570 virtu-

434 2611 575 2673 tem,
606 2605 893 2659 Dominus
914 2604 1093 2659 vitam
1118 2604 1473 2675 praestabat;
1506 2605 1632 2676 ipse
1666 2621 1798 2659 vero
1829 2605 1939 2659 sibi
1970 2605 2083 2678 ipsi

433 2698 718 2769 praestare
740 2711 861 2749 non
879 2694 1118 2765 possit?
1148 2693 1203 2748 Si
1236 2693 1520 2748 credibile
1543 2693 1715 2761 illud,
1737 2699 1795 2747 et
1823 2695 1932 2749 hoc
1956 2711 2083 2749 cre-

434 2784 656 2851 dibile;
690 2784 740 2839 si
771 2784 883 2839 hoc
907 2781 1636 2852 incredibile,incredibile
1653 2788 1711 2837 et
1731 2782 1911 2837 illud:
1939 2784 2083 2837 mihi

431 2879 630 2928 autem
661 2877 913 2944 utraque
946 2872 1226 2927 similiter
1254 2871 1581 2927 credibilia.
1616 2871 1802 2926 Credo
1835 2873 1994 2927 enim
2028 2879 2085 2928 et

425 2966 639 3022 Jonam
671 2968 1088 3020 conservatum
1147 2979 1298 3031 esse,
1346 2965 1530 3019 omnia
1587 2963 1747 3018 enim
1796 2963 2085 3034 possibilia

430 3055 588 3126 apud
616 3056 788 3110 Deum
813 3054 880 3108 ⁸³.
914 3052 1101 3109 Credo
1125 3053 1305 3109 etiam
1336 3053 1634 3109 Christum
1657 3069 1691 3108 a
1721 3054 1971 3109 mortuis
1990 3070 2083 3109 re-

2194 2334 2285 2389 τὸν
2317 2334 2447 2409 ἀέρα
2493 2339 2709 2405 τοῦτον,
2770 2331 2996 2407 ἔζησεν;
3050 2335 3212 2393 Ἀλλ’
3269 2337 3655 2415 ἀποκρίνονται
3715 2340 3853 2397 Ἰου-

2195 2422 2341 2479 δαῖοι
2398 2426 2485 2480 καὶ
2553 2423 2793 2500 λέγουσι’
2853 2422 3169 2502 Συγκατέϐη
3226 2427 3305 2500 τῷ
3361 2425 3852 2503 Ἱωνᾷὴδύναμις

2191 2518 2289 2569 τοῦ
2315 2518 2448 2569 θεοῦ
2481 2515 2531 2570 έν
2580 2510 2683 2589 ᾅδῃ
2731 2514 3111 2589 κλονουμένῳ.
3167 2519 3322 2590 Εἶτα,
3373 2514 3556 2592 δούλῳ
3607 2519 3703 2592 μὶν
3763 2518 3855 2574 ol-

2192 2604 2323 2677 κξίῳ
2382 2603 2727 2678 συμπέμπων
2785 2607 2885 2674 τήν
2942 2603 3194 2679 δύναμιν,
3245 2605 3475 2683 παρέχει
3545 2607 3609 2663 τὸ
3666 2610 3765 2682 ζῇν
3824 2608 3857 2663 0

2194 2692 2410 2769 Κύριοςο
2444 2693 2609 2757 αὐτὸς
2640 2691 2699 2748 δὲ
2747 2692 2921 2767 ἐαυτῷ
2968 2700 3270 2770 παρασχεῖν
3319 2698 3419 2772 ἄρα
3468 2697 3533 2752 οὗ
3587 2693 3852 2767 ὃύναται;

2193 2780 2259 2838 Εἴ
2291 2782 2484 2838 πιστὸν
2517 2780 2713 2853 έκεῖνο,
2761 2782 2851 2838 καὶ
2902 2787 3063 2838 τοῦτο
3121 2783 3334 2839 πιστόν·
3395 2784 3441 2841 εἶ
3497 2789 3659 2841 τοῦτο
3718 2784 3855 2841 ἄπι-

2195 2892 2341 2943 στον,
2398 2872 2615 2927 κάκεῖνο
2666 2871 2937 2937 ίᾶπιστονο
3008 2874 3133 2947 ἒμοὶ
3212 2873 3307 2948 μὲν
3378 2876 3482 2949 γὰρ
3567 2874 3855 2953 ἀμφότερα

2194 2961 2403 3034 ὁμοίως
2434 2962 2619 3019 πιστά.
2654 2961 2899 3018 Πιστεύω
2959 2963 3087 3039 γὰρ,
3140 2961 3222 3019 δτι
3269 2963 3361 3019 καὶ
3420 2965 3601 3027 Ἰωνᾶς
3662 2961 3852 3043 διεφυ-

2192 3048 2403 3127 λάχθη.
2436 3054 2619 3107 Πάντα
2646 3051 2747 3128 γὰρ
2798 3048 2995 3107 δυνατὰ
3052 3053 3197 3129 παρά
3243 3057 3323 3126 τῷ
3380 3054 3518 3126 Θεῷ.
3579 3055 3848 3113 Πιστεύω.

428 3144 785 3200 surrexisse.
812 3141 861 3177 ⁶⁴
884 3141 1062 3198 Multa
1075 3143 1236 3198 enim
1256 3142 1446 3197 habeo
1470 3142 1598 3214 ejus
1619 3143 1705 3198 rei
1722 3143 2084 3214 testimonia,

2200 3139 2281 3196 ὅτι
2311 3141 2401 3196 καὶ
2442 3142 2676 3218 Χριστὸς
2734 3142 2794 3196 έκ
2849 3146 3049 3216 νεκρῶν
3110 3140 3416 3219 ἐγήγερται*
3474 3142 3689 3206 πολλὰς
3739 3143 3849 3219 γὰρ

430 3248 569 3287 cum
601 3248 674 3286 ex
704 3231 916 3286 divinis
947 3232 1288 3303 Scripturis,
1322 3235 1448 3286 tum
1503 3247 1571 3286 ex
1603 3232 1792 3303 ipsius
1823 3233 1922 3303 qui
1957 3249 2089 3289 sur-

427 3320 672 3386 rexit,in
694 3319 1055 3375 hodiernum
1068 3337 1256 3392 usque
1279 3320 1436 3375 diem
1460 3319 1807 3377 efficientia:
1833 3321 1934 3393 qui
1955 3322 2086 3393 qui-

432 3409 570 3465 dem
590 3408 653 3464 in
676 3408 915 3463 inferna
934 3408 1244 3464 descendit
1260 3409 1441 3478 solus,
1465 3408 1737 3481 pluribus
1756 3427 1889 3466 vero
1903 3411 2085 3466 comi-

428 3502 593 3553 tatus
620 3497 742 3553 huc
780 3502 1047 3553 revectus
1070 3505 1175 3553 est.
1202 3498 1519 3555 Descendit
1546 3514 1803 3571 namque
1834 3500 1895 3555 in
1925 3516 2085 3555 mor-

429 3592 573 3655 tem,
607 3591 667 3641 et
695 3585 891 3642 multa
920 3603 1170 3660 corpora
1199 3594 1542 3645 sanctorum
1590 3588 1693 3661 qui
1751 3588 2089 3645 obdormie-

428 3681 565 3732 rant
595 3692 704 3748 per
735 3676 935 3748 ipsum
975 3676 1229 3734 excitata
1259 3683 1398 3734 sunt
1424 3677 1489 3732 ⁸⁸.

502 3765 648 3821 ΧΙΧ.
680 3765 973 3822 Exterrita
1001 3783 1165 3821 mors
1225 3772 1334 3835 est,
1386 3785 1604 3824 novum
1656 3768 1973 3840 quemdam
2026 3771 2087 3825 in

432 3855 735 3912 infernum
768 3854 1236 3912 descendentem
1269 3857 1633 3929 conspicata,
1659 3858 1760 3930 qui
1777 3857 2087 3931 hujusloci

431 3946 685 4003 vinculis
717 3961 843 4003 non
874 3947 1190 4003 tenebatur
1217 3948 1282 4002 ⁵⁸.
1316 3948 1440 4013 Qua
1469 3948 1541 4005 de
1573 3966 1770 4018 causa,
1804 3967 1836 4005 ο
1868 3950 2086 4007 inferni

426 4037 745 4110 janitores,
762 4052 899 4091 eum
922 4035 1189 4092 videntes
1211 4037 1525 4109 expavistis
1544 4038 1591 4073 δ”
1611 4038 1638 4093 ?
1668 4039 1769 4109 qui
1801 4055 1900 4093 vos
1925 4039 2086 4095 inso-

437 4126 570 4181 lens
600 4126 907 4198 occupavit
938 4126 1156 4182 timor?
1189 4127 1358 4199 Fugit
1385 4144 1566 4196 mors,
1602 4128 1849 4199 ejusque
1871 4129 2089 4184 timidi-

433 4221 620 4272 tatem
650 4216 788 4290 fuga
835 4216 942 4272 illa
972 4216 1273 4289 arguebat.
1306 4219 1707 4273 Accurrerunt
1733 4218 1920 4273 sancti
1952 4236 2088 4290 pro-

434 4307 652 4379 phetaa,
685 4311 745 4361 et
772 4307 999 4377 Moyses
1030 4305 1354 4378 legislator,
1389 4312 1447 4361 et
1471 4306 1791 4374 Abraham,
1824 4308 2085 4375 etIsaac,

434 4400 493 4450 et
511 4395 688 4451 Jacob
709 4414 723 4464 ;
744 4394 925 4451 David
948 4411 1188 4466 quoque
1212 4399 1273 4450 et
1290 4396 1547 4466 Samuel,
1581 4402 1639 4451 et
1668 4396 1871 4466 Isaias,
1893 4402 1952 4452 et
1980 4398 2088 4453 Ba-

433 4484 615 4556 ptista
643 4485 922 4551 Joannes,
958 4484 1062 4557 qui
1092 4484 1179 4540 ait
1208 4489 1265 4540 et
1290 4488 1540 4540 testatur
1568 4502 1581 4540 :
1614 4488 1694 4541 Tu
1724 4502 1777 4543 es
1806 4489 1905 4559 qui
1953 4503 2087 4542 ven-

2195 3226 2315 3306 ἕχω
2344 3232 2438 3292 τὰς
2498 3231 2621 3307 περὶ
2672 3230 2869 3286 τούτου
2927 3230 3245 3307 μαρτυρίας,
3292 3228 3354 3287 ἔκ
3406 3252 3465 3287 τε
3524 3235 3632 3287 τῶν
3687 3233 3847 3289 θείων

2195 3324 2445 3397 Γραφῶν,
2477 3320 2564 3375 καὶ
2597 3318 2657 3374 ἐκ
2701 3327 2800 3390 τῆς
2852 3319 3019 3395 μέχρι
3075 3323 3315 3397 σήμερον
3372 3326 3469 3376 τοῦ
3521 3319 3851 3385 ἀναστάντος

2196 3407 2459 3486 ἐνεργείας
2487 3413 2587 3483 (3)’
2636 3414 2734 3465 τοῦ
2790 3409 2957 3482 μόνου
3016 3410 3112 3483 μέν
3168 3406 3499 3472 καταϐάντος
3554 3410 3631 3473 είς
3684 3408 3849 3483 ᾃδην,

2195 3496 2512 3555 πολλοστοῦ
2544 3496 2601 3553 δὲ
2634 3493 2948 3563 ἀναϐάντος.
2981 3497 3234 3570 Κατῆλοε
3263 3500 3365 3575 γὰρ
3398 3500 3477 3563 εἷς
3530 3500 3622 3556 τὸν
3682 3502 3852 3565 θάνα-

2194 3610 2311 3659 τον,
2352 3589 2439 3644 καὶ
2502 3585 2692 3643 πολλά
2744 3588 2971 3662 σώματα
3026 3592 3135 3643 τῶν
3190 3589 3609 3664 κεκοιμημένων
3669 3590 3846 3665 ἀγίων

2194 3679 2400 3754 ⁴ἠγέρθη
2434 3675 2503 3733 δι’
2533 3675 2719 3735 αὐτοῦ.

2267 3769 2370 3838 19⁸,
2425 3765 2731 3843 Ἐξεπλάγη
2793 3767 2822 3822 0
2880 3765 3106 3833 θάνατος
3160 3769 3439 3845 Θεωρήσας
3494 3769 3674 3825 καινόν
3718 3788 3851 3827 τινα

2195 3854 2526 3923 κατελθόντα
2556 3856 2633 3919 εἲς
2665 3852 2823 3928 ᾆδην,
2884 3852 3107 3930 δεσμοῖς
3148 3862 3267 3919 τοῖς
3326 3857 3514 3923 αὐτόθι
3573 3859 3650 3931 μὴ
3702 3878 3851 3915 κατ-

2197 3945 2483 4021 εχόμενον·
2516 3945 2674 4007 Τίνος
2705 3942 2898 4016 ἕνεκεν,
2929 3943 2974 4000 ὧ
3003 3945 3260 4023 πυλωροὶ
3294 3943 3449 4017 ᾃδου,
3473 3950 3667 4003 τοῦτον
3698 3945 3852 4004 ίδόν-

2194 4056 2281 4098 τες
2313 4034 2649 4106 ἑπτήξασθε;
2706 4034 2790 4098 τίς
2820 4036 2848 4090 0
2891 4030 3143 4110 κατέχων
3207 4036 3348 4109 ὑμᾶς
3406 4036 3685 4109 ἀσυνήθης
3743 4037 3847 4116 φό-

2197 4121 2330 4194 60:;
2361 4127 2595 4201 Ἒφυγεν
2632 4125 2660 4179 ὁ
2687 4125 2940 4194 θάνατος,
2970 4125 3060 4179 καὶ
3087 4125 3229 4201 φυγὴ
3260 4126 3357 4195 τὴν
3416 4122 3625 4181 δειλίαν
3674 4126 3850 4204 ἠλέγ-

2200 4234 2349 4291 χετο.
2383 4213 2759 4290 Προσέτρεχον
2790 4214 2842 4269 οἱ
2872 4213 3016 4290 ἃγιοι
3046 4216 3346 4292 προφῆται,
3404 4215 3493 4270 καὶ
3543 4222 3788 4286 Μωϋσῆς
3818 4218 3848 4272 0

2196 4306 2520 4378 νομοθέτης,
2575 4303 2665 4357 καὶ
2740 4298 3010 4377 Ἀϐραὰμ,
3069 4302 3159 4358 καὶ
3220 4303 3417 4370 Ἰσαὰκ,
3475 4309 3564 4359 καί
3624 4302 3846 4361 Ἰακώϐ·

2199 4388 2362 4449 Δαϐίδ
2393 4414 2449 4448 τε
2477 4392 2568 4447 καὶ
2602 4391 2892 4466 Σαμουὴλ,
2941 4392 3031 4447 καὶ
3090 4390 3312 4455 Ἡσαΐας
3357 4392 3447 4447 καὶ
3480 4393 3509 4447 0
3542 4394 3850 4469 βαπτιστὴς

2198 4485 2474 4554 Ἰωάννης,
2509 4483 2537 4537 0
2594 4480 2769 4558 λέγων
2827 4481 2916 4536 καὶ
2972 4485 3280 4555 μαρτυρῶν·
3342 4480 3418 4536 Σὺ
3475 4482 3856 4558 εἷὸἑρχόμε-

505 4663 555 4699 5°
583 4665 714 4722 Jon.
748 4681 790 4725 ι.
826 4665 914 4720 12.
989 4661 1037 4698 δθ
1064 4664 1273 4737 Matth.
1306 4680 1428 4731 vm,
1459 4667 1547 4737 20,
1624 4663 1669 4701 ⁶¹
1699 4666 1825 4722 Jon.
1861 4669 1901 4733 i,
1934 4665 2041 4734 l5;
2076 4684 2088 4721 1

2208 4708 2220 4721 .
2296 4665 2345 4701 ⁶²
2374 4666 2506 4723 Ose.
2533 4681 2658 4732 xm,
2693 4665 2785 4737 174.
2828 4662 2902 4737 _63
2933 4663 3132 4719 Matth.
3168 4681 3289 4734 xxx,
3319 4667 3411 4722 26.
3488 4664 3534 4707 ⁸⁸
3572 4666 3713 4722 Vide
3738 4673 3853 4725 cat.

439 4738 526 4805 10,
558 4753 711 4793 num.
745 4737 851 4805 19;
884 4741 996 4793 cat.
1030 4736 1117 4804 13,
1143 4752 1297 4793 num.
1326 4737 1421 4795 40.
1504 4734 1552 4770 ⁸⁵
1580 4737 1785 4796 Matth.
1816 4753 1989 4807 xxvn,
2022 4733 2088 4794 52

2200 4738 2232 4773 ⁵⁸
2262 4739 2388 4795 Act.
2423 4753 2483 4806 Il,
2515 4738 2604 4792 24.
2682 4736 2728 4770 (³⁷
2759 4733 2886 4793 Job.
2918 4750 3153 4806 xxxvul,
3190 4740 3274 4792 17.

507 4944 591 5018 (1).
615 4940 722 5018 Καὶ
753 4937 1077 5014 ἐμϐάλλετε.
1102 4945 1168 5000 Id
1185 4944 1425 5018 verbum
1454 4945 1783 5018 adjecimus
1813 4962 1882 5001 ex
1914 4944 2084 5001 codd.
2122 4949 2165 5015 υ

439 5010 645 5086 Coisl.,_
674 5010 795 5086 Reg
826 5057 840 5081 ,
872 5018 1011 5086 Roe,
1043 5017 1315 5085 Casaub.,
1368 5010 1545 5073 Grod:
1588 5023 1647 5073 et
1690 5034 1856 5073 sacro
1902 5022 2084 5072 textu.

438 5082 590 5161 Loco
622 5083 712 5161 ἀφ’
745 5082 1178 5161 ὗξαῷνκαυοὸὶδ,
1208 5082 1311 5145 est
1353 5090 1415 5145 in
1478 5089 1681 5144 Bibliis
1729 5090 1964 5159 Graecis,
1999 5088 2089 5161 ἀφ’

436 5155 473 5225 ἡ
484 5157 625 5228 μῶν,
658 5155 693 5211 ὰ
720 5155 909 5213 nabis.
928 5158 1114 5214 Habet
1144 5161 1387 5232 Vulgata
1416 5167 1484 5216 ut
1509 5161 1776 5233 Cyl-illus.
1816 5155 1960 5217 Post
1982 5155 2090 5215 ὧδε

436 5225 782 5285 addidimus
811 5230 1164 5290 particulam
1195 5228 1253 5284 δέ
1284 5249 1355 5287 ex
1384 5232 1584 5290 Coisl..
1616 5233 1755 5290 ltea.
1790 5238 1849 5287 et
1885 5234 2087 5290 Grod..

436 5241 782 5285 audiuimus
811 5241 1164 5301 particulam
1195 5241 1253 5284 δέ
1284 5249 1355 5287 ex
1384 5241 1584 5303 (20131.,
1618 5241 1755 5306 lteg.
1790 5241 1849 5287 et
1885 5241 2087 5300 Grod.,

434 5299 1512 5405 Ρτῖςξξθὲ-⁸ξὶν.ῗτ¹ἓιῖῗὲἓ¹ῗ.Ροὲὶί“.ξ¹1;ι.-
2022 5392 2087 5405 --

440 5371 453 5373 ⁷
507 5372 607 5441 (2)
637 5371 741 5429 Καὶ
768 5371 1167 5445 τρεῖςνύκταςῖ
1212 5375 1292 5429 Ea
1343 5374 1519 5431 verba
1574 5375 1978 5447 supplevimus
2021 5392 2093 5432 ex

440 5443 625 5520 Colsl.
658 5448 718 5498 et
747 5442 908 5520 Reg,
939 5450 998 5499 et
1026 5460 1095 5499 ex
1127 5444 1340 5520 iisdem
1372 5447 1613 5520 verbum
1644 5443 1738 5515 ὢν,
1770 5452 2087 5520 αηιοᾉτρεῖς

436 5514 662 5600 ﬁatfiat,
685 5515 967 5600 positum,
1000 5515 1276 5600 αῐιξθνκαὶ
1316 5520 1465 5600 τρεῖς
1497 5516 1715 5600 νύκτας
1760 5514 2087 5600 posuimus.

439 5582 584 5646 Post
602 5582 858 5650 δύνασθαι
893 5589 1010 5661 ζῇν,
1042 5582 1382 5659 addidimus
1410 5590 1557 5660 ἡμᾶς
1587 5605 1661 5648 ex
1677 5582 1877 5659 Coisl.,
1922 5596 2087 5664 Reg.,

437 5661 583 5731 Hoc,
613 5659 861 5718 Casaub.

2270 4945 2343 5019 (β)
2399 4943 2754 5019 Ἀναστάντος
2810 4940 3095 5019 ἐνεργείας.
3161 4946 3312 5001 Ante
3378 4942 3644 5019 ἐνεργείας
3706 4948 3851 5004 editi

2197 5013 2441 5090 addunt,
2479 5013 2776 5090 μαρτυρίας
2806 5013 2916 5085 καί,
2942 5013 3013 5071 ut
3043 5017 3120 5090 sit
3149 5033 3379 5081 sensus,
3435 5013 3752 5075 testimonia
3782 5037 3855 5075 ea:

2199 5089 2581 5161 testiﬁcatione
2609 5089 2664 5142 et
2706 5090 3004 5161 efﬁcientia
3047 5089 3184 5158 ejus,
3216 5093 3328 5144 etc.
3351 5090 3504 5161 _Eam
3542 5106 3720 5161 porro
3748 5109 3853 5147 vo-

2199 5176 2329 5215 cem
2362 5176 2492 5231 quaa
2522 5158 2692 5216 abest
2717 5175 2753 5215 a
2783 5158 2954 5231 codd.
2988 5160 3127 5231 Roe,
3159 5159 3408 5215 Casaub.
3434 5166 3493 5216 et
3517 5158 3722 5229 Grod.,
3745 5163 3853 5219 de-

2199 5230 2471 5296 levimUs,
2500 5236 2565 5285 ut
2592 5230 2996 5301 imprudentia
3025 5230 3409 5287 librariorum
3457 5233 3575 5287 huc
3612 5248 3689 5288 ex
3716 5233 3852 5290 loco

2203 5303 2505 5376 superiore
2523 5303 2979 5376 invectamllaec
2991 5302 3205 5376 Christi
3230 5301 3554 5376 efﬁcientia
3571 5320 3632 5359 se
3651 5306 3856 5376 prodit

2202 5373 2664 5429 in’diemonibus
2697 5373 2787 5427 sui
2816 5373 3075 5429 nominis
3134 5374 3506 5430 invocatione
3552 5380 3611 5430 et
3655 5373 3853 5431 crucis

2201 5447 2367 5517 signo
2400 5444 2788 5517 expellendis,
2815 5450 2939 5517 cat.
2960 5446 3015 5511 4»,
3048 5461 3109 5502 n.
3143 5447 3248 5512 13;
3280 5450 3394 5501 cat.
3426 5448 3512 5513 13,
3535 5464 3598 5502 n.
3620 5448 3675 5512 3,
3707 5450 3852 5503 etin

2199 5516 2544 5573 hominibus
2567 5516 2645 5574 ad
2702 5517 2793 5572 sui
2851 5516 3078 5572 cultum
3135 5517 3521 5587 adducendis,
3580 5524 3696 5577 cat.
3759 5521 3847 5587 13,

2198 5605 2362 5646 num.
2392 5590 2482 5645 40.
