4118 6264
332 327 450 388 855

1385 321 1450 380 S.
1497 322 1813 384 CYRILLI
1861 324 2266 388 HIEROSOL.
2315 329 2680 392 ARCHIEP.

3625 331 3742 394 8'56

335 461 463 532 quit
489 457 554 512 '9.
587 457 800 512 Milites
831 460 889 510 et
919 459 1232 511 numerata
1260 455 1474 512 iisdem
1515 459 1767 528 pecunia
1798 461 1836 514 ί.
1872 461 1980 516 Lo-

2111 466 2440 536 ιτρατιῶται,
2482 462 2572 518 καὶ
2602 464 2664 519 τὸ
2695 462 2949 540 ἀργύριον
2980 464 3042 520 τὸ
3095 463 3270 529 δοθὲν.
3329 466 3392 523 Ὀ
3441 465 3614 529 τόπος
3641 465 3740 522 αὖ·

335 566 438 605 cus
461 549 588 620 ipse
613 546 807 602 adhuc
829 545 1184 618 conspicuus
1207 563 1222 614 ;
1249 551 1306 602 et
1327 546 1532 602 isthmc
1554 548 1829 604 Ecclesia}
1851 567 1990 606 san-

335 643 444 695 cta:
475 637 688 693 domus
719 652 753 692 a
783 635 972 690 felicis
997 633 1428 691 recordationis
1451 636 1807 708 imperatore
1839 641 1988 694 Con-

341 727 602 786 stantino
661 742 731 781 ex
789 742 1087 798 propenso
1145 743 1344 782 amore
1413 726 1626 782 Christi
1677 727 1986 798 aediﬁcata,

337 825 520 890 utque
548 817 745 873 cernis
776 815 860 872 ita
889 821 1171 872 exornata
1200 818 1242 873 3.

411 908 610 964 XXIII.
635 908 904 962 Testatur
929 905 1107 962 etiam
1136 906 1637 962 resurrectionem
1665 907 1822 977 Jesu,
1855 923 1986 978 quae

335 999 399 1053 in
419 997 661 1054 nomine
677 995 726 1069 ej
737 1012 806 1051 ns
828 1011 864 1051 a
879 995 1130 1051 mortuis
1147 995 1399 1051 excitata
1421 1001 1510 1050 est
1523 995 1770 1051 Tabitha
1785 997 1878 1054 2|
1895 995 1984 1052 13.

336 1087 444 1152 Qui
477 1087 638 1143 enim
698 1084 1087 1141 resurectioni
1137 1085 1352 1140 Christi
1383 1085 1763 1158 derogabitur
1814 1085 1983 1152 ﬁdes,

337 1176 575 1250 quando
610 1180 667 1230 et
696 1190 916 1230 nomen
949 1174 1078 1246 ejus
1119 1177 1387 1229 mortuos
1419 1175 1756 1230 suscitavit?
1800 1177 1987 1231 Testis

339 1271 430 1321 est
452 1263 908 1321 resurrectionis
929 1264 955 1318 J
962 1279 1064 1318 esu
1087 1263 1265 1320 etiam
1289 1279 1472 1335 mare,
1495 1269 1562 1319 ut
1580 1264 1746 1336 prius
1766 1263 1788 1298 4
1819 1265 1987 1321 audi-

336 1357 450 1423 sti;
483 1355 651 1411 testis
683 1359 742 1409 et
768 1353 1022 1426 piscium
1070 1357 1330 1424 captura,
1367 1358 1426 1409 et
1470 1355 1756 1410 carbones
1787 1356 1984 1428 positi,

335 1449 394 1500 et
422 1443 738 1502 obsonium
769 1442 1118 1515 impositum
1141 1443 1183 1496 ⁵.
1229 1444 1500 1498 Testatur
1541 1449 1598 1498 et
1628 1447 1856 1513 Petrus,
1885 1445 1987 1517 qui

335 1535 500 1606 prius
531 1533 770 1605 quidem
805 1536 894 1587 ter
923 1535 1274 1604 negaverat;
1322 1533 1560 1588 tertium
1593 1549 1726 1589 vero
1755 1534 1989 1590 confes-

338 1641 440 1679 sus
471 1627 560 1678 est
587 1626 814 1694 postea,
851 1625 909 1676 et
933 1620 1231 1692 spiritales
1262 1638 1396 1678 oves
1439 1639 1684 1693 pascere
1713 1623 1920 1696 jussus
1941 1622 1983 1678 σ.

335 1714 462 1768 Stat
488 1713 553 1768 in
578 1711 938 1768 hodiernum
967 1727 1158 1780 usque
1186 1710 1344 1766 diem
1376 1711 1592 1785 (mons)
1625 1713 1921 1768 Olivarum
1941 1713 1984 1782 ⁷,

335 1819 472 1858 eum
503 1802 604 1874 qui
649 1817 828 1872 super
875 1799 1093 1856 nubem
1143 1801 1491 1857 conscendit
1537 1802 1598 1857 in
1631 1802 1986 1857 hodiernum

333 1908 524 1964 usque
560 1890 717 1946 diem
749 1889 1016 1946 ﬁdelium
1047 1889 1236 1945 oculis
1267 1895 1497 1946 tantum
1542 1908 1663 1947 non
1703 1891 1984 1947 demons-

333 1987 520 2052 trans,
555 1999 624 2036 ac
653 1981 954 2036 cmlestem
978 1979 1611 2052 ascensionisjanuam
1641 1981 1740 2052 (1).
1775 1981 1839 2036 In
1880 1981 1983 2035 Be-

335 2069 604 2126 thlehem
634 2069 706 2125 de
738 2067 901 2124 caalis
933 2067 1276 2135 descendit;
1338 2085 1408 2122 ex
1437 2073 1639 2124 monte
1688 2069 1984 2125 Olivarum

330 2160 392 2214 in
425 2159 604 2215 ccelos
635 2157 922 2214 ascendit.
950 2158 1091 2212 Inde
1123 2157 1195 2213 ad
1255 2157 1527 2214 homines
1574 2159 1772 2232 (venit)
1797 2164 1984 2215 certa-

331 2247 497 2304 mina
524 2247 909 2318 incepturus;
942 2247 1118 2302 isthic
1162 2263 1297 2303 vero
1328 2247 1403 2302 ob
1436 2248 1763 2304 certamina
1819 2265 1986 2304 coro-

331 2342 525 2392 natur.
558 2336 770 2391 Multos
801 2335 982 2408 igitur
1012 2339 1192 2391 testes
1223 2335 1406 2392 habes
1432 2354 1444 2404 ;
1491 2337 1674 2392 habes
1704 2337 1862 2392 hunc
1894 2337 1984 2408 ip—

333 2442 466 2482 sum
494 2423 952 2481 resurrectionis
980 2424 1198 2495 lacum,
1225 2425 1408 2480 habes
1442 2425 1638 2481 locum
1689 2426 1984 2482 ascensio-

331 2515 426 2571 nis
450 2514 623 2571 nobis
652 2514 728 2570 ad
757 2513 1058 2570 Orientem
1085 2514 1283 2568 situm.
1319 2517 1517 2570 Testes
1547 2515 1730 2570 habes
1762 2533 1862 2570 eos
1885 2515 1986 2587 qui

336 2605 418 2660 ibi
451 2605 647 2661 testati
680 2608 820 2660 sunt
849 2602 1110 2674 angelos,
1144 2607 1204 2657 et
1245 2603 1464 2658 nubem
1488 2621 1664 2676 quam
1697 2603 1986 2661 ascendit.

332 2699 392 2751 et
413 2693 738 2767 discipulos
769 2692 869 2764 qui
901 2691 1039 2747 inde
1069 2691 1507 2748 descenderunt
1535 2694 1576 2748 ⁸.

407 2873 606 2930 XXIV.
667 2873 796 2928 Jam
817 2887 951 2928 vero
984 2869 1270 2926 doctrinm
1303 2870 1440 2926 ﬁdei
1487 2872 1691 2940 series,
1723 2877 1790 2926 ut
1827 2876 1886 2927 et
1915 2871 1985 2927 de

339 2964 746 3036 assumptione
795 2963 1148 3031 diceremus,
1181 2963 1501 3019 monebat:
1544 2963 1648 3019 sed
1676 2963 1759 3019 ita
1789 2963 1988 3019 divina

333 3055 520 3128 gratia
533 3053 847 3126 disposuit,
863 3051 1286 3125 utplenissime
1305 3070 1409 3124 pro
1425 3053 1636 3109 virium
1650 3059 1985 3110 nostrarum

332 3143 574 3200 modulo
597 3160 664 3198 eo
691 3143 763 3198 de
783 3159 847 3198 re
871 3141 1152 3198 hesterno
1177 3141 1270 3197 die
1293 3143 1354 3196 in
1378 3143 1685 3199 Dominica
1704 3143 1940 3200 audires
1967 3161 1982 3210 ;

2096 549 2190 612 τὸς
2219 547 2296 606 ἔτι
2327 547 2665 629 φαινόμενος·
2703 553 2790 608 καὶ
2821 553 2848 608 6
2876 555 2976 623 τῆς
3013 552 3168 630 ἁγίας
3228 553 3558 626 Ἑκκλησίας
3589 555 3744 618 οὗτος

2099 640 2267 710 οἶκος,
2300 641 2328 696 ὁ
2353 645 2420 716 τῇ
2454 641 2804 720 φιλοχρίστῳ
2833 642 3146 719 προαιρέσει
3192 647 3288 700 τοῦ
3347 643 3436 700 ἐπὶ
3492 643 3596 712 τῆς
3630 666 3739 719 μα-

2096 728 2283 803 καρίας
2335 732 2578 804 μνήμης,
2636 731 3042 788 Κωνσταντίνου
3097 736 3194 788 τοῦ
3257 732 3527 809 βασιλέως
3557 736 3632 809 (2)
3661 735 3738 790 οἱ.

2095 815 2428 890 κοδομηοεις
2456 841 2514 875 τε
2541 819 2653 891 καὶ,
2687 820 2761 884 ὡς
2793 821 2944 894 ὁρᾶς,
2978 819 3149 884 οὕτως
3176 819 3544 900 φαιδρυνθεῖς.

2167 909 2288 966 Kl".
2323 911 2696 985 Μαρτυρεῖτῇ
2745 911 3026 966 ἀναστάσει
3090 915 3186 967 τοῦ
3243 913 3446 984 Ἰησοῦ,
3502 913 3592 968 καὶ
3619 915 3654 982 ἡ
3685 912 3736 970 ἐν

2097 1001 2174 1069 τῷ
2205 997 2428 1071 ὀνόματι
2461 997 2624 1054 αὐτοῦ
2658 999 2717 1054 ἐκ
2761 1003 2962 1074 νεκρῶν
3023 998 3298 1078 ἐγερθεῖσα
3353 995 3583 1060 Ταϐιοά.
3616 1003 3739 1066 Πῶς

2094 1086 2197 1162 γὰρ
2257 1086 2682 1162 ἀπιστηθήσεται
2741 1091 2970 1166 Χριστὸς
3027 1090 3278 1162 ἀναστὰς,
3338 1089 3476 1148 ὅπου
3532 1113 3596 1168 γε
3651 1092 3739 1148 καὶ

2093 1177 2156 1230 τὸ
2189 1172 2363 1250 ὅνομα
2393 1179 2556 1234 αὐτοῦ
2607 1179 2830 1256 νεκροὺς
2888 1180 3118 1256 ἢγειρε;
3182 1187 3459 1258 Μαρτυρεῖ
3512 1185 3583 1250 τῆ
3612 1181 3741 1238 ἀνα-

2097 1267 2276 1322 στάσει
2331 1272 2428 1322 τοῦ
2483 1269 2664 1340 Ἰησοῦ
2719 1269 2874 1340 καὶὴ
2907 1268 3172 1339 θάλασσα,
3232 1271 3413 1334 καθὼς
3473 1271 3734 1348 πρότερον

2095 1353 2353 1425 ἤκουσας·
2413 1363 2676 1434 μαρτυρεῖ
2729 1355 2818 1413 καὶ
2871 1360 2906 1430 ἡ
2939 1362 3046 1414 τῶν
3100 1357 3308 1434 ἰχθύων
3367 1357 3528 1436 ἄργα,
3585 1359 3674 1416 καὶ
3705 1363 3738 1431 ἡ

2095 1445 2357 1520 ἀνθρακιά
2465 1447 2714 1520 κειμὲνη,
2753 1446 2844 1502 καὶ
2873 1447 2936 1502 1:6
2967 1446 3196 1524 ὀψάριον
3255 1448 3319 1504 τὸ
3377 1447 3740 1523 ἐπικείμενον·

2099 1541 2362 1610 μαρτυρεῖ
2406 1535 2494 1592 καὶ
2553 1535 2775 1609 Πέτρος,
2809 1537 3127 1612 ὁπρότερον
3188 1537 3282 1611 μὲν
3339 1542 3456 1601 τοῖς
3510 1537 3743 1612 ἀρνησά·

2101 1645 2260 1699 μενος
2294 1627 2387 1700 (3),
2420 1627 2481 1681 τὸ
2513 1623 2570 1681 δὲ
2607 1624 2790 1704 τρίτον
2850 1623 3226 1702 ὁμολογήσας,
3283 1625 3374 1682 καὶ
3429 1628 3742 1701 ποιμαίνειν

2093 1715 2162 1769 τὰ
2189 1714 2359 1784 νοητά
2403 1709 2649 1789 πρόϐατα
2701 1715 3086 1791 προσταχθείς.
3146 1717 3382 1787 ’Έστηκε
3439 1715 3608 1792 μέχρι
3641 1718 3743 1788 σή-

2100 1823 2264 1876 μερον
2297 1805 2324 1858 6
2355 1801 2616 1878 Ἐλαιῶν,
2643 1804 2734 1858 τὸν
2778 1803 2864 1858 ἐπὶ
2896 1800 3130 1880 νεφέλης
3163 1799 3432 1860 ἀναϐάντα
3485 1810 3604 1868 τοῖς
3633 1809 3740 1860 τῶν

2094 1896 2298 1948 πιστῶν
2333 1891 2642 1972 ὀφθαλμοῖς
2691 1893 2989 1970 μονονουχὶ
3049 1891 3307 1949 δεικνύων
3371 1895 3538 1970 μέχρι
3571 1896 3743 1968 σήμε-

2241 2004 2254 2014 .
2313 1982 2327 2000 ς
2381 1983 2440 2016 ’.ι
2583 1981 2671 2015 ’,ρ
3017 1989 3045 2000 ..
3237 1979 3261 2000 κ
3430 1983 3455 2018 ,1
3669 1983 3712 2007 ην

2095 2003 2210 2059 ρον,
2244 2003 2330 2036 και
2392 2004 2481 2052 ..ην
2541 2003 2792 2052 ουρανιον
2851 1985 2926 2058 (4)
2977 2003 3080 2053 της
3131 1982 3330 2038 ἀνόοου
3385 1982 3590 2054 πύλην.
3649 1985 3744 2046 hic:

2098 2073 2192 2146 μὲν
2224 2089 2328 2147 γαρ
2378 2069 2636 2144 Βηθλεὲμ
2663 2071 2712 2144 ἐξ
2745 2073 2992 2148 οὐρανῶν
3047 2069 3440 2142 κατελήλυθεν·
3475 2072 3534 2128 ἐκ
3563 2069 3622 2128 δὲ
3647 2077 3744 2128 τοῦ

2095 2157 2254 2236 ὅρους
2283 2165 2390 2216 τῶν
2425 2161 2656 2217 Ἐλαιῶν
2688 2159 2762 2223 εἷς
2795 2159 3060 2236 οὐρανοὺς
3117 2157 3476 2232 ἀνελήλυθενο
3541 2159 3741 2226 ἐκεῖθεν

2099 2252 2192 2324 μὲν
2229 2249 2304 2312 εἷς
2355 2250 2672 2324 ἀνθρώπους
2865 2253 2973 2305 τῶν
3030 2250 3254 2324 ἀγώνων
3307 2249 3631 2326 ἀρξάμενος,
3663 2249 3743 2306 ἐν·

2092 2344 2261 2404 ταῦθα
2291 2337 2348 2394 δὲ
2377 2337 2465 2394 ἐπὶ
2493 2345 2610 2402 τοῖς
2637 2339 2806 2414 ἀγῶσι
2855 2340 3312 2416 στεφανούμενος.
3365 2337 3622 2404 Ηολλοὺς
3653 2339 3742 2395 οὗν

2095 2423 2242 2504 ἔχεις
2278 2427 2404 2491 τοὺς
2469 2427 2762 2504 μάρτυρας⁶
2824 2424 2972 2502 ἔχεις
3030 2428 3370 2491 ἀναστάσεως
3424 2429 3518 2484 τὸν
3575 2427 3742 2486 τόπον

2091 2523 2310 2574 τοῦτον·
2344 2516 2492 2593 ἔχεις
2521 2518 2607 2572 καὶ
2655 2517 2744 2573 τὸν
2801 2515 2850 2590 ἐξ
2901 2515 3172 2588 ἀνατολῆς
3229 2519 3390 2591 ἡμῶν
3448 2517 3616 2575 τόπον
3643 2525 3743 2590 τῆς

2096 2604 2424 2671 ἀναϐάσεως·
2476 2606 2623 2684 ἔχεις
2681 2607 2772 2662 καὶ
2835 2607 3130 2684 μάρτυρας,
3188 2605 3314 2671 τοὺς
3371 2605 3486 2664 ἐκεῖ
3543 2629 3744 2686 μαρτυ-

2097 2699 2362 2772 ρήσαντας
2391 2695 2684 2774 ἀγγέλους,
2711 2695 2802 2752 καὶ
2857 2697 2960 2767 τήν
3015 2695 3246 2774 νεφέλην
3304 2699 3371 2766 ἧς
3429 2692 3623 2769 ἐπέϐη,
3653 2697 3744 2753 καὶ

2092 2785 2219 2850 τοὺς
2249 2786 2445 2842 ἐκεῖθεν
2477 2785 2840 2851 κατελθόντας
2877 2784 3146 2860 μαθητάς.

2169 2877 2282 2934 ΚΔ“.
2318 2876 2422 2933 Καὶ
2482 2878 2517 2946 ἡ
2580 2876 2674 2949 μὲν
2729 2874 3024 2930 ἀκολουθία
3078 2881 3180 2946 τῆς
3239 2872 3588 2938 διδασκαλίας
3639 2881 3740 2946 τῆς

2095 2967 2329 3028 πίστεως
2359 2969 2458 3039 (0),
2491 2965 2814 3041 προέτρεπεν
2848 2963 3016 3020 εἰπεῖν
3060 2964 3150 3020 καὶ
3183 2963 3251 3020 τά
3299 2963 3418 3040 περὶ
3473 2971 3574 3034 τῆς
3606 2965 3738 3020 ἀνα-

2097 3056 2338 3132 λήψεωςσ
2372 3054 2496 3110 ἀλλ’
2517 3055 2552 3125 ἠ
2583 3059 2680 3110 τοῦ
2712 3059 2844 3110 Θεοῦ
2869 3054 3028 3130 χάρις
3049 3053 3372 3129 ᾠκονόμησε
3397 3053 3740 3131 πληρὲστατά

2096 3167 2153 3202 σε
2174 3147 2420 3213 ἀκοῦσαι,
2450 3145 2588 3200 κατά
2614 3143 2715 3212 τὴν
2745 3142 3016 3218 ἡμετέραν
3049 3143 3344 3214 ἀσθένειαν,
3368 3143 3570 3218 τῇχθὲς
3601 3143 3739 3218 ἡμέ-

329 3251 465 3288 cum
496 3233 710 3288 divina:
733 3232 935 3305 gratiae
957 3231 1346 3302 dispositione
1391 3232 1715 3288 lectionum
1746 3233 1889 3288 ordo
1923 3233 1984 3287 in

2111 3255 2166 3308 >ᾳ
2189 3237 2324 3291 κατά
2343 3240 2442 3306 τήν
2466 3234 2748 3308 Κυριακήν
2769 3235 2842 3307 ('7)
2863 3233 2978 3288 κατ’
3001 3231 3322 3307 οἰκονομίαν
3348 3239 3450 3303 τῆς
3483 3233 3627 3298 θείας
3649 3231 3748 3312 χά.-

329 3322 560 3394 synaxi,
584 3337 653 3375 ea
676 3337 810 3392 qua)
838 3320 914 3375 ad
941 3320 1258 3376 Salvatoris
1283 3322 1470 3377 nostri
1493 3322 1556 3378 in
1579 3323 1759 3378 caalos
1784 3339 1986 3378 ascen-

330 3412 558 3466 sionem
603 3409 908 3480 pertinent
957 3410 1468 3481 complecteretur.
1511 3411 1620 3466 llla
1661 3429 1797 3468 vero
1858 3429 1990 3484 qua:

332 3500 610 3568 diximus,
642 3503 884 3571 propter
895 3515 1101 3554 omnes
1117 3516 1256 3556 sane
1275 3505 1584 3573 etpropter
1605 3501 1988 3557 collectorum

337 3588 606 3644 ﬁdelium
623 3586 1066 3644 multitudinem
1081 3631 1096 3654 ,
1118 3595 1178 3644 at
1191 3590 1492 3662 praecipua
1504 3591 1734 3646 ratione
1749 3597 1991 3663 propter

341 3685 395 3735 te
429 3679 854 3748 disseruimus;
890 3677 950 3734 id
983 3684 1179 3735 autem
1211 3681 1497 3752 quaeritur
1525 3698 1669 3737 num
1701 3681 1874 3737 dictis
1903 3687 1987 3737 at-

337 3770 622 3827 tenderis.
655 3769 816 3826 Nosti
841 3769 1000 3824 enim
1026 3770 1182 3842 quod
1215 3771 1354 3826 ﬁdei
1377 3776 1550 3827 tenor
1579 3772 1750 3828 docet
1780 3777 1833 3828 te
1865 3788 1989 3828 cre-

403 3923 448 3960 ⁹⁹
473 3923 636 3978 JOan.
673 3936 765 3988 xx,
797 3922 846 3982 6,
883 3922 935 3976 7.
1012 3919 1032 3953 ί
1066 3921 1266 3976 Matth.
1296 3937 1482 3987 xxvm,
1519 3923 1603 3978 I5.
1637 3922 1658 3956 ³
1694 3921 1828 3978 Vide
1847 3939 2018 3998 supra
2046 3939 2194 3978 num.
2223 3923 2280 3987 7,
2306 3923 2337 3976 9
2363 3928 2416 3976 et
2448 3923 2534 3979 14.
2609 3917 2632 3954 ³
2655 3921 2780 3976 Act.
2817 3935 2896 3991 IX,
2947 3919 3036 3974 40.

403 3997 550 4051 [οίιῐι.
587 4009 702 4052 xxx.
733 3994 789 4052 6,
819 3993 872 4044 9.
950 3989 973 4024 ⁶
1003 3990 1145 4046 ibid.
1183 3993 1370 4048 45-17.
1447 3991 1470 4026 7
1499 3995 1626 4048 Act.
1661 4011 1697 4052 ι.
1730 3997 1782 4052 9.
1825 3995 1911 4051 i2.
1988 3995 2008 4030 ³
2039 3993 2186 4052 ibid.
2225 3997 2306 4048 l2.
2825 4049 2829 4052 .

333 3993 358 4030 ⁵
385 3997 550 4051 Joan.
587 4009 702 4064 xxx,
733 3994 789 4064 6,
819 3993 872 4044 9.
950 3989 973 4024 ⁶
1003 3990 1145 4046 ibid.
1183 3993 1370 4048 45-17.
1447 3991 1470 4026 7
1499 3995 1626 4048 Act.
1661 4011 1697 4062 ι,
1730 3997 1782 4061 9,
1825 3995 1911 4051 i2.

336 4147 550 4205 missas
581 4147 938 4204 resarcimus
977 4162 1045 4201 ex
1076 4148 1237 4218 Reg,
1259 4145 1469 4218 Coisl.,
1495 4145 1694 4218 Crod.,
1716 4147 1858 4218 Roe,
1889 4149 1986 4202 Ca-

338 4219 528 4284 saub.,
559 4219 660 4290 qui
697 4219 812 4274 duo
845 4219 1128 4292 postremi
1161 4213 1406 4286 addunt,
1451 4213 1539 4270 καὶ
1587 4215 1649 4271 τὸ
1681 4213 1986 4292 σουδάριον·

339 4299 392 4347 et
421 4292 728 4346 sudarium.

413 4363 488 4433 (1)
519 4364 670 4419 Mons
702 4362 994 4433 olivarum,
1029 4361 1337 4433 etc.ADuasi
1357 4377 1452 4433 res
1483 4360 1545 4415 in
1577 4365 1777 4416 monte
1801 4359 1990 4417 Oliva-

339 4431 479 4490 rum
505 4431 943 4505 quodammodo
974 4431 1157 4488 videri
1193 4432 1524 4504 signiﬁcat:
1574 4433 1890 4505 Dominum
1925 4433 1986 4505 in

341 4504 996 4571 cmlos’ascendentem,
1031 4509 1088 4558 et
1108 4505 1357 4575 januam
1389 4520 1505 4574 qua
1527 4504 1703 4558 caelos
1725 4504 1993 4560 escendit

340 4578 511 4633 Prius
541 4576 793 4649 intelligi
825 4581 1019 4649 potest
1047 4575 1408 4649 devestigiis
1449 4575 1664 4649 Christi
1693 4575 1991 4649 humide-
2023 4577 2069 4642 Ι)

343 4649 476 4704 ﬁxis
509 4666 638 4720 qua:
669 4646 978 4719 nunquam
1009 4647 1232 4720 aboleri
1267 4646 1510 4720 patuere
1532 4646 1690 4720 adeo
1711 4651 1776 4701 ut
1805 4646 1988 4720 aediﬁ-

344 4726 474 4776 cata
503 4717 564 4776 in
587 4721 699 4776 hoc
729 4717 931 4776 monte
965 4717 1344 4776 Ascensionis
1376 4717 1645 4786 ecclesia,
1675 4717 1841 4773 locus
1891 4718 1993 4773 ille

345 4792 558 4864 Christi
587 4792 850 4864 vestigiis
881 4791 1400 4864 sacerpavimcnto
1435 4789 1586 4864 sicut
1613 4795 1996 4864 cmterapcon-

345 4863 530 4919 sterni
562 4861 933 4934 nequiverit:
959 4862 1062 4919 sed
1095 4862 1155 4916 in
1190 4862 1278 4916 sui
1311 4861 1554 4934 cespitis
1579 4861 1772 4934 specie
1799 4861 1994 4934 virens

345 4931 760 5006 permanserit.
783 4933 848 5006 Id
881 4939 1173 4991 testantur
1193 4931 1478 5006 Paulinus
1515 4931 1990 5006 Nolanus,Fepist.

345 5005 435 5074 31,
457 5021 518 5058 n.
550 5007 606 5075 4,
640 5009 698 5058 et
725 5005 1022 5076 Sulpicius
1062 5007 1328 5071 Severus,
1360 5005 1464 5060 lib.
1496 5021 1536 5076 ιι
1566 5005 1746 5060 Sacra:
1773 5006 1991 5074 histor.,

345 5092 477 5147 cap.
499 5075 981 5147 74§,_etc.iln’eum
1011 5077 1210 5132 locum
1234 5093 1304 5131 ex
1324 5075 1601 5132 omnibus
1623 5076 1783 5132 orbis
1812 5077 1994 5147 parti-

345 5143 692 5219 busﬁdeles
722 5146 935 5202 Christi
965 5148 1208 5219 vestigia
1248 5148 1548 5204 adoraturi
1593 5143 1992 5216 conﬂuebant,

347 5233 418 5297 ex
448 5217 822 5297 Aug',_tract.
863 5220 931 5297 4‘7
991 5219 1050 5272 in
1079 5217 1356 5297 Joan.,_n.
1393 5223 1444 5297 li.
1479 5219 1656 5297 Addit
1701 5219 1996 5297 Sulpicius

345 5289 474 5344 loco
507 5288 708 5355 citato,
744 5288 902 5358 quod
959 5306 1080 5345 cum
1133 5293 1524 5359 conﬂuentium
1553 5293 1684 5359 ﬁdes
1713 5308 1782 5345 ore
1808 5288 1996 5346 eodem

346 5361 460 5416 loco
491 5365 695 5414 terram
729 5362 968 5427 auferat,
1001 5362 1260 5415 damnum
1291 5369 1471 5418 tamen
1529 5379 1700 5416 arena
1728 5379 1835 5418 non
1873 5379 1999 5418 scn—

347 5434 473 5486 tiat.
508 5429 778 5487 Alterum
801 5431 958 5502 quod
989 5431 1243 5502 Cyrillus
1274 5434 1376 5500 ait,
1407 5433 1820 5490 auctoritatem
1853 5451 1996 5490 c011-

349 5502 551 5559 ciliare
595 5505 790 5574 potest
820 5499 1154 5574 isingul'arir
1184 5499 1508 5574 narrationi
1543 5505 1712 5560 Beda)
1763 5506 1838 5560 De
1869 5507 1997 5562 locis

351 5573 585 5650 sanctia,
604 5573 738 5644 ’cap.
773 5574 860 5650 _7,__
859 5579 917 5650 et
937 5573 1193 5627 auctoris
1224 5573 1360 5650 libri
1391 5578 1466 5630 De
1489 5575 1622 5650 locis
1653 5583 1832 5632 actum
1861 5594 1996 5650 apo-

344 5643 795 5719 stolérumgapu‘d
817 5643 1265 5719 Hieronymum,
1299 5647 1352 5719 si
1377 5663 1498 5702 non
1529 5647 1686 5702 idem
1718 5665 1854 5704 cum
1891 5643 1997 5705 Be-

345 5720 422 5781 da
451 5719 548 5791 sit,
580 5715 866 5777 aiehtium
911 5715 1091 5792 hujus
1147 5717 1412 5774 ecclesia:
1443 5719 1578 5774 tecti
1611 5723 1840 5791 partem
1867 5737 1997 5792 quae

2101 3345 2270 3401 ριτος,
2304 3324 2356 3380 ἐν
2381 3327 2450 3398 τῇ
2485 3322 2692 3394 συνάξει
2721 3329 2823 3393 τῆς
2851 3326 2959 3378 τῶν
3011 3323 3451 3398 ἀναγνωσμάτων
3511 3319 3752 3379 ἀκολου-

2099 3412 2238 3484 θίας,
2265 3412 2332 3466 vi
2359 3410 2614 3488 περὶτῆς
2663 3410 2741 3475 εἷς
2787 3409 3048 3486 οὐρανοὺς
3102 3407 3300 3466 ἀνόδου
3340 3413 3440 3465 τοῦ
3490 3415 3754 3486 Σωτῆρος

2099 3503 2260 3574 ἡμῶν
2319 3499 2708 3574 περιεχούσης.
2773 3496 3020 3574 Ἐλὲγετο
3071 3495 3129 3554 δὲ
3181 3499 3250 3554 τά
3306 3495 3602 3574 λεγόμενα,
3649 3498 3753 3572 μά-

2103 3587 2264 3646 λιστα
2299 3589 2392 3663 μὲν
2428 3587 2516 3644 διά
2544 3585 2770 3656 πάντας,
2827 3585 2920 3642 καί
2958 3583 3048 3642 διὰ
3090 3586 3155 3642 τὸ
3209 3590 3319 3642 τῶν
3367 3591 3576 3643 πιστῶν
3610 3588 3748 3662 ὁμοῦ

2101 3677 2340 3750 πλῆθος,
2383 3676 2669 3754 ἐξαιρέτως
2720 3673 2778 3732 δὶ
2809 3673 2898 3732 διὰ
2955 3677 3032 3732 σὲθ
3094 3675 3335 3748 ζητεῖται
3393 3671 3452 3732 δὲ
3499 3675 3546 3732 εἰ
3577 3696 3747 3754 προσο

2103 3768 2260 3844 ἐσχες
2286 3773 2406 3830 τοῖς
2439 3765 2782 3843 λεγομένοις.
2815 3763 2977 3828 Οἶδας
3013 3765 3117 3844 γὰρ
3170 3768 3246 3841 (8)
3273 3767 3356 3822 ὅτι
3385 3765 3422 3838 ἠ
3453 3764 3750 3824 ἀκολουθία

3111 3916 3136 3954 ⁴
3163 3919 3298 3990 Sup.
3329 3935 3481 3976 num.
3539 3923 3605 3974 17
3632 3935 3746 3992 seq.

2099 4144 2314 4202 Christi
2345 4145 2604 4218 vestigiis
2622 4143 2994 4212 imminebat,
3015 4160 3321 4218 nunquam
3343 4142 3748 4204 concamerari

2101 4218 2286 4290 tegive
2315 4217 2598 4290 potuisse.

2170 4283 2248 4362 (2)
2275 4283 2380 4364 Τοῦ
2411 4283 2698 4364 βασιλέως.
2737 4289 3072 4364 Articulum
3115 4291 3427 4364 posuimus
3481 4307 3552 4347 ex
3582 4288 3746 4346 codi-

2099 4360 2265 4416 cibus
2297 4360 2432 4433 Reg.
2445 4403 2465 4433 ,_
2492 4363 2611 4417 Roe
2638 4366 2706 4433 et
2725 4361 2972 4419 Casaub.

2173 4433 2250 4504 (3')
2277 4431 2411 4506 Τρὶξ
2444 4431 2838 4506 ἀρνησάμενος.
2877 4435 3088 4490 Vocem
3134 4433 3258 4506 τρίς
3311 4433 3643 4491 addidimus
3675 4448 3743 4487 ex

2100 4505 2220 4559 Iloe
2243 4508 2300 4558 et
2328 4503 2578 4561 Casaub.

2173 4572 2709 4651 (4-)'l"},v_06_p&vtov.
2763 4578 2851 4632 Ita
2873 4577 3251 4651 _scr_ipsimus
3306 4578 3434 4636 loco
3488 4572 3742 4651 οὐρανίου

2093 4647 2266 4722 juxta
2285 4647 2456 4722 codd.
2491 4649 2630 4722 Roe,
2663 4647 3036 4722 ReguCoisl.

2173 4720 2250 4795 (5)
2284 4719 2514 4795 Ἐδεξῖβεν
2565 4720 2668 4795 μὲν,
2711 4717 2786 4780 si}
2831 4717 3170 4795 ἀνθρώπους.
3233 4723 3451 4779 Vitiose
3489 4736 3750 4795 prorsus

2103 4795 2193 4866 est
2222 4787 2288 4866 in
2307 4790 2502 4866 editis,
2536 4787 2675 4866 μετά
2705 4809 2810 4866 pro
2845 4787 2964 4866 μέν,
3011 4793 3168 4866 quod
3225 4811 3297 4850 ex
3353 4787 3550 4862 Coisli,
3585 4797 3747 4866 Reg,

2104 4811 2193 4845 CSI.
2222 4811 2288 4860 111.
2307 4811 2502 4856 θαιιιε,
2541 4811 2675 4860 μετα
2705 4811 2810 4863 pro
2845 4811 2964 4862 μεν,
3051 4811 3168 4848 11οα
3225 4811 3297 4850 ΘΧ
3353 4811 3550 4862 υοιδι.,
3585 4811 3747 4866 “98.,

2104 4862 2320 4935 Qttob.,
2355 4865 2496 4935 Hoc,
2523 4862 2770 4918 Casaub.
2804 4868 2862 4918 et
2893 4811 3066 4920 Grod.
3109 4867 3499 4922 restituimus.
3548 4868 3748 4935 Voces,

2102 4931 2178 5010 ξῖς
2201 4931 2517 5010 ἄερθρώπρυς
2537 4937 2736 5010 θχῌοε
2750 4939 2809 5010 et
2821 4935 3069 5010 Casaub.
3085 4931 3751 5010 a_scripsimus,quarum

2104 5005 2527 5082 locoRquQtt
2549 5009 2607 5060 et
2627 5006 2802 5082 Coisl.
2832 5006 3056 5082 habent
3083 5005 3160 5068 εἷς
3190 5005 3476 5082 οὖρανούς.
3497 5005 3746 5082 ὗιρωιοε.

2177 5072 2387 5149 (ϐλτλῆς
2419 5072 2772 5149 διᾷασκαλίας
2793 5077 2894 5144 τῆς
2912 5078 3164 5142 πίστεως.
3191 5072 3364 5149 Edili,
3385 5086 3485 5148 τῆς
3514 5079 3748 5143 πίστεως

2102 5153 2204 5216 τῆς
2233 5143 2626 5210 διδασκαλίας.
2692 5143 2880 5205 Verba
2921 5167 3027 5208 suo
3085 5151 3279 5207 ordini
3333 5143 3640 5209 reddimus
3680 5169 3751 5210 ex

2103 5219 2306 5290 Coisl.,
2337 5223 2500 5293 Reg,
2533 5223 2672 5288 Roe,
2705 5221 2952 5279 Casaub.

2177 5293 2255 5364 (7)
2277 5291 2418 5368 Κατά
2434 5291 2872 5368 “τήν--Κυριακήν.
2899 5293 3296 5368 Οοὶ81.,ῌθεζ.,
3329 5297 3630 5368 Ro‘e.,Cas.
3651 5302 3750 5365 τῆς

2105 5363 2405 5439 Κυριακῇς·
2439 5363 2700 5439 mallem,
2729 5367 2798 5438 τῇ
2831 5369 3094 5439 Κυριακῇ.
3115 5363 3270 5439 Illud
3289 5365 3425 5422 κατά
3441 5363 3513 5424 ex
3531 5363 3749 5425 vicinia

2105 5433 2439 5512 verborum,
2469 5437 2588 5512 κατ’
2619 5433 2962 5512 οέκονομίαν,
2993 5433 3304 5512 irrepsisse
3335 5445 3560 5512 putem.

2177 5507 2254 5587 (_8)
2285 5503 2452 5587 Oi§aq
2481 5506 2613 5587 γὰρ..
2636 5503 2838 5587 ῌιίιιίζ-
2863 5503 3004 5587 οἶδα,
3061 5503 3437 5587 corriguntur
3483 5529 3553 5568 ex
3609 5515 3746 5587 Reg.

2107 5584 2165 5634 et
2183 5581 2335 5652 Roe.
2357 5579 2632 5652 Supraet
2651 5579 2806 5636 infra
2823 5579 3088 5652 loquitur
3106 5581 3167 5636 in
3189 5579 3444 5652 persona
3466 5579 3747 5642 secunda.

2107 5651 2346 5727 Nemini.
2370 5647 2687 5727 ἀκολούθία,
2730 5647 3046 5727 articulum
3079 5647 3252 5708 suum
3289 5655 3656 5727 praeﬁximus
3678 5673 3748 5714 ex

2108 5721 2332 5778 eisdem
2353 5739 2494 5779 mss.
2522 5727 2581 5778 et
2609 5723 2854 5780 Casaub.
