4138 6264
339 336 455 424 861

971 354 1450 419 CATECHESIS
1495 353 1655 417 XIV.
1700 352 1804 414 DE
1848 347 2163 412 CHRISTI
2208 350 2896 423 RESURIIECTIONE,
2942 353 3111 414 E’l‘C.

3628 355 3748 416 862

344 489 636 548 καθισαντά
691 488 751 545 ἐκ
831 486 1017 559 δεξιῶν
1090 488 1188 542 τοῦ
1268 483 1501 561 Πατρὸς.
1588 483 1800 556 Ηρόνου
1896 480 1991 553 μὶν

2115 482 2300 553 priam
2331 499 2466 537 vero
2494 483 2671 557 hujus
2702 484 2859 540 sedis
2888 485 3182 541 rationem
3207 503 3282 542 ne
3313 487 3627 543 sollicitius
3656 488 3747 542 in-

347 579 601 652 ῐδιὸτητα
652 579 729 652 μή
782 577 1372 651 πολυπραγμονῶμεν·
1426 568 1810 641 ἀκατάληπτον
1863 570 1987 645 γάρ.

344 672 503 740 Μήτε
533 668 592 725 δὶ
619 667 945 744 ἀνεχώμεθα
972 669 1080 721 τῶν
1143 664 1413 739 λεγόντων
1462 665 1665 731 κακῶς,
1718 661 1801 714 ὅτι
1859 658 1994 731 μετά

343 759 439 814 τὸν
472 758 697 833 σταυρὸν
728 756 818 811 καὶ
869 756 968 824 τὴν
1024 754 1332 824 ἀνάστασιν,
1387 752 1477 806 καὶ
1533 750 1636 819 τήν
1694 748 1770 810 εἰς
1827 747 1993 821 οὖρα-

349 848 479 913 νοῦς
502 845 716 914 ἃνοδον,
745 847 870 902 τότε
898 842 1100 919 ἤρξατο
1150 841 1247 899 τοῦ
1296 840 1356 897 ἐκ
1401 839 1586 911 δεξιῶν
1630 843 1728 895 τοῦ
1784 837 1991 911 Πατρὸς

349 939 663 1010 καθέξεσθαι
696 937 724 991 6
759 930 905 997 Υἱός.
964 933 1044 991 Ού
1099 932 1203 1009 γὰρ
1261 930 1322 988 ἐκ
1376 937 1663 1005 προκοπῆς
1721 924 1851 1003 ἔσχε
1898 927 1990 983 τὸν

348 1028 564 1103 θρόνον·
597 1023 744 1081 ἀλλά
771 1023 862 1102 ἀφ’
919 1023 1089 1099 οὗπερ
1140 1018 1282 1078 ἔστιν
1356 1018 1489 1094 (ἔστι
1547 1017 1606 1075 δὶ
1662 1019 1742 1075 ἀεὶ
1799 1038 1992 1092 γεννη-

344 1120 497 1192 θεὶς),
530 1118 619 1174 καὶ
653 1118 1030 1193 συγκαθέζεται
1060 1117 1135 1190 (1)
1166 1119 1247 1187 τῷ
1277 1113 1468 1187 Πατρί.
1502 1112 1601 1167 Καὶ
1651 1115 1844 1167 τοῦτον
1899 1110 1991 1164 τὸν

343 1209 556 1284 θρόνον,
609 1207 716 1280 πρὸ
771 1212 871 1275 τῆς
925 1204 1186 1279 ἐνσάρκου
1235 1200 1536 1276 παρουσίας
1592 1204 1689 1255 τοῦ
1735 1200 1995 1275 Σώτῆρος

342 1295 604 1372 ἑωρακὼς
663 1295 692 1349 6
737 1294 1027 1370 προφήτης
1113 1292 1276 1369 φησὶν
1357 1286 1599 1352 Ἠσαίας·
1684 1284 1844 1343 Εἶδον
1900 1286 1992 1340 τὸν

347 1392 542 1460 Κσριον
596 1384 904 1455 καθήμενον
992 1382 1077 1437 ἐπὶ
1141 1380 1337 1456 θρόνου
1398 1376 1617 1453 ὑψηλοῦ
1672 1376 1764 1432 καὶ
1822 1375 1994 1451 ἐπηρ-

350 1474 537 1548 μένου,
594 1473 684 1528 καὶ
733 1474 801 1527 τὰ
851 1472 995 1543 ἑξῆς*
1052 1470 1144 1526 τὸν
1204 1472 1416 1543 Πατέρα
1475 1468 1571 1542 μὲν
1636 1469 1737 1542 γὰρ
1818 1462 1998 1526 οὐδεὶς

341 1564 551 1637 ἑώρακε
614 1563 857 1632 πώποτε,
918 1561 945 1615 6
997 1558 1056 1615 δὲ
1107 1563 1189 1631 τῷ
1262 1559 1519 1636 προφήτῃ
1590 1556 1715 1612 τότε
1789 1556 1996 1633 φανεὶς,

344 1652 471 1714 Υἱὸς
499 1649 713 1721 ἧν.Καὶ
761 1651 790 1704 6
842 1645 1163 1722 Ψαλμῳδός
1217 1665 1399 1726 φησιν’
1455 1648 1722 1720 Ἔτοιμος
1778 1645 1808 1699 ὁ
1868 1643 1998 1719 θρό-

338 1761 432 1803 νος
466 1761 563 1795 σου
589 1741 666 1813 (2)
696 1738 802 1794 ἀπὸ
830 1737 973 1808 τότε,
1006 1738 1114 1792 ἀπὸ
1137 1740 1233 1792 τοῦ
1268 1736 1467 1798 αἶ’ῶνος
1514 1756 1577 1790 συ
1642 1734 1708 1791 εἶ.
1758 1730 1993 1789 Πολλῶν

2098 574 2426 643 quiramus,
2458 580 2697 646 captum
2716 574 2874 630 enim
2899 574 3362 647 excedit.l\'eque
3375 576 3746 649 perferamus

2097 677 2199 717 eos
2229 662 2303 735 (4)
2336 663 2437 734 qui
2469 680 2744 735 perverse
2774 669 3070 733 asserunt,
3121 665 3279 735 quod
3328 670 3463 736 post
3509 682 3746 721 crucem

2098 756 2157 805 et
2186 753 2707 821 resurrectionem,
2736 758 2795 808 et
2823 769 3159 826 regressum
3182 754 3241 808 in
3274 754 3473 823 caelos,
3499 760 3641 810 tunc
3656 756 3751 810 Fi-

2098 840 2215 896 lius
2246 858 2280 896 a
2311 841 2534 896 dextris
2563 843 2754 898 Patris
2792 842 2997 898 sedere
3029 843 3244 915 coepit;
3291 860 3413 899 non
3466 844 3625 899 enim
3677 860 3747 899 ex

2097 929 2365 1001 profectu
2393 930 2595 986 sedem
2624 932 2778 987 hanc
2807 933 3056 1004 adeptus
3088 940 3214 999 est;
3248 932 3352 987 sed
3383 949 3452 987 cx
3483 949 3599 1003 quo
3631 939 3739 1001 est,

2099 1023 2210 1080 (est
2229 1025 2427 1076 autem
2445 1022 2517 1077 ab
2540 1026 2764 1077 mterno
2781 1022 2911 1095 geni
2924 1024 3058 1094 tus),
3077 1023 3258 1078 etiam
3283 1022 3448 1078 sedet
3466 1039 3586 1079 una
3611 1040 3748 1079 cum

2098 1110 2290 1165 Patre.
2325 1110 2395 1164 Et
2424 1111 2583 1167 hunc
2627 1112 2907 1167 thronum
2941 1117 3078 1167 ante
3128 1112 3445 1168 Salvatoris
3477 1113 3538 1168 in
3569 1129 3746 1169 carne

2100 1200 2414 1256 adventum
2446 1204 2825 1275 conspicatus
2853 1204 3037 1259 Isaias
3067 1203 3378 1276 propheta,
3412 1205 3533 1260 ait:
3563 1226 3591 1255 «
3619 1204 3745 1260 Vidi

2098 1312 2125 1339 «
2160 1292 2474 1346 Dominum
2507 1293 2813 1349 sedentem
2846 1310 3025 1365 super
3048 1293 3330 1349 thronum
3362 1294 3661 1351 excelsum
3694 1300 3754 1350 et

2100 1400 2128 1429 «
2162 1379 2453 1436 elevatum
2483 1381 2528 1417 ²⁶
2553 1405 2603 1451 ››,
2637 1388 2748 1439 etc.
2782 1386 3016 1440 Patrem
3048 1401 3305 1457 namque
3335 1408 3363 1435 «
3397 1401 3575 1441 nemo
3603 1384 3752 1440 vidit

2101 1490 2129 1518 α
2161 1485 2426 1540 unquam
2454 1470 2500 1505 27
2533 1494 2561 1521 ››
2587 1491 2600 1540 ;
2627 1473 2728 1543 qui
2750 1489 2885 1528 vero
2908 1478 3050 1529 tunc
3068 1474 3372 1545 prophetaa
3394 1487 3746 1546 conspectus

2100 1563 2209 1627 est,
2253 1559 2435 1615 Filius
2494 1566 2639 1616 erat.
2700 1563 2770 1616 Et
2815 1562 3211 1619 Psalmidicus
3262 1563 3387 1619 ait:
3439 1585 3467 1613 «
3499 1565 3749 1619 Paratus

2101 1668 2129 1696 «
2159 1647 2410 1703 thronus
2440 1655 2578 1705 tuus
2605 1666 2675 1705 ex
2706 1655 2869 1719 tunc,
2918 1667 2953 1706 a
2999 1652 3215 1707 saeculo
3269 1658 3331 1707 tu
3362 1668 3424 1707 es
3454 1652 3502 1687 ³⁸
3523 1674 3573 1706 ››.
3601 1653 3748 1707 Cum

2099 1752 2233 1791 vero
2266 1738 2455 1794 multa
2485 1739 2604 1794 sint
2634 1739 2814 1813 hujus
2844 1741 2929 1795 rei
2963 1740 3269 1811 [nimirum
3301 1746 3592 1797 aeternum
3618 1758 3747 1797 eam

343 1828 523 1884 οὐσῶν
554 1833 662 1883 τῶν
694 1828 818 1901 περὶ
847 1828 1049 1883 τούτου
1083 1830 1416 1900 μαρτυριῶν,
1448 1823 1537 1879 διὰ
1592 1826 1653 1879 τὸ
1701 1824 1845 1879 πολὺ
1894 1829 1994 1892 τῆς

2115 1826 2304 1882 sedem
2338 1830 2489 1900 esse]
2524 1830 2881 1899 testimonia,
2908 1831 3032 1886 haec
3060 1837 3301 1903 propter
3324 1832 3747 1904 provectiorem

346 1918 490 1996 ὥρας
520 1918 834 1997 ἀρκούμεθα
862 1918 952 1974 καὶ
980 1916 1223 1979 ταύταις.

414 2013 552 2070 KH'.
588 2010 695 2067 Νῦν
729 2009 786 2066 δὲ
818 2010 956 2085 ὑμᾶς
982 2010 1358 2084 ὑπομνηστέον
1386 2007 1441 2063 ό)
1460 2009 1610 2081 ίγων,
1636 2012 1744 2063 τῶν
1773 2005 1831 2062 ἐκ
1852 2005 1993 2063 πολ-

346 2102 463 2158 λῶν
491 2101 797 2175 εἲρημένων
817 2101 941 2177 περὶ
964 2105 1062 2155 τοῦ
1093 2098 1154 2155 ἐκ
1183 2097 1368 2170 δεξιῶν
1400 2102 1497 2153 τοῦ
1528 2098 1743 2173 ΙΙατρὸς
1772 2098 1990 2166 καθέζε-

345 2192 463 2246 σθαι
492 2191 585 2246 τὸν
607 2190 755 2248 Υίόν,
778 2191 838 2248 Ὀ
865 2189 961 2263 μὲν
986 2190 1090 2265 γὰρ
1106 2188 1209 2264 γὰρ
1228 2187 1514 2250 ὲκατοστὸς
1533 2186 1746 2250 ἔννατος
1773 2185 1884 2261 ψαλ
1895 2185 1995 2259 μὸς

346 2284 532 2357 σαιρῶς
591 2300 776 2357 φησιν·
850 2281 1013 2336 Εἶπεν
1074 2279 1101 2333 6
1156 2277 1352 2354 Κύριος
1436 2282 1516 2350 τῷ
1600 2275 1783 2350 Κυρίῳ
1866 2296 1992 2350 μου·

349 2370 528 2424 Κάθου
584 2366 644 2423 ἐκ
702 2366 887 2439 δεξιῶν
954 2388 1081 2440 μου,
1136 2363 1240 2429 ἓως
1298 2364 1358 2421 ἂν
1420 2370 1499 2430 θῶ
1553 2365 1685 2427 τοὺς
1761 2364 1996 2440 ἐχθρούς

350 2481 446 2514 σου
499 2455 798 2514 ὑποπόδιον
844 2461 954 2513 τῶν
1013 2455 1197 2512 ποδῶν
1257 2477 1372 2512 σου.
1434 2450 1675 2512 Βεϐαιῶν
1726 2451 1841 2509 δέὁ
1874 2460 1994 2509 Σωο

346 2550 453 2624 τὴρ
483 2549 545 2603 τὸ
598 2547 884 2622 εἰρημένον
942 2545 995 2603 ἐν
1049 2544 1427 2623 Εὐαγγελίοις,
1486 2543 1619 2623 φησὶ
1677 2545 1770 2599 τὸν
1830 2538 1996 2599 Δαϐὶδ

350 2636 452 2692 οὐκ
482 2638 569 2714 ἀφ’
604 2637 792 2693 ἑαυτοῦ
820 2640 1009 2708 ταῦτα,
1069 2633 1195 2691 ἀλλ’
1247 2634 1298 2706 ἐξ
1351 2634 1631 2697 ἐπιπνοίας
1684 2637 1782 2690 τοῦ
1840 2632 1997 2709 ἁγίου

357 2725 667 2799 Πνεύματος
722 2726 1012 2799 εἰρηκέναι,
1068 2723 1264 2801 λέγων’
1351 2729 1475 2787 Πῶς
1550 2722 1642 2778 οὗν
1720 2719 1887 2778 Δαῦὶδ
1944 2721 1995 2778 ἐν

354 2815 627 2889 Πνεύματι
688 2816 885 2892 Κύριον
969 2814 1128 2871 αὐτὸν
1205 2814 1386 2888 καλεῖ,
1470 2813 1664 2888 λέγων·
1747 2816 1911 2871 Εἶπεν
1970 2814 1999 2869 ὁ

361 2906 556 2977 Κύριος
585 2911 666 2979 τῷ
695 2905 882 2981 Κυρίῳ
942 2924 1067 2980 μου·
1128 2907 1309 2963 Κάθου
1368 2905 1427 2961 ἐκ
1482 2903 1671 2978 δεξιῶν
1723 2928 1850 2980 μου,
1907 2907 1997 2962 καὶ

352 2995 421 3051 τὰ
450 2995 613 3067 ἑξῆς;
674 2995 771 3051 Καὶ
821 2993 877 3051 ἐν
926 3000 1044 3059 ταῖς
1098 2995 1326 3069 Πράξεσι
1380 2999 1489 3050 τῶν
1548 2994 1893 3065 ἀποστόλων,
1950 2995 2003 3051 ἐν

352 3089 426 3157 τῇ
482 3091 582 3155 τῆς
641 3087 1020 3155 Ῑιεντηκοστῆς
1076 3085 1258 3160 ἡμέρᾳ
1313 3083 1523 3150 σταθεὶς
1566 3086 1595 3139 6
1652 3086 1855 3161 Ηέτρος
1905 3083 1998 3140 σὺν

2104 1919 2311 1973 horam
2342 1919 2656 1975 adduxisse
2680 1920 2955 1976 sufﬁciat.

2171 2008 2416 2064 XXVIII.
2451 2011 2616 2065 Nunc
2647 2015 2845 2066 autem
2878 2010 3040 2067 vobis
3070 2012 3131 2067 in
3162 2013 3515 2068 memoriam
3570 2011 3749 2069 redu-

2103 2098 2291 2154 cenda
2320 2104 2459 2154 sunt
2486 2116 2675 2172 pauca
2704 2100 2775 2156 de
2809 2101 3034 2170 multis,
3095 2119 3225 2173 quas
3276 2101 3432 2157 dicta
3475 2107 3616 2158 sunt
3660 2102 3749 2174 [in

2105 2188 2445 2261 Scripturis]
2472 2189 2544 2244 de
2570 2189 2682 2245 hoc
2734 2196 3083 2263 argumento
3136 2189 3296 2262 quod
3325 2207 3360 2247 a
3390 2190 3611 2246 dextris
3641 2192 3750 2246 Pa-

2104 2279 2210 2332 tris
2240 2278 2423 2333 Filius
2452 2278 2675 2336 sedeat.
2735 2280 3107 2336 Centesimus
3147 2280 3307 2335 enim
3354 2297 3547 2336 nonus
3589 2279 3746 2351 psal-

2103 2384 2235 2423 mus
2266 2373 2468 2439 aperte
2500 2367 2679 2424 dicit:
2715 2392 2743 2419 «
2776 2370 2932 2424 Dixit
2962 2369 3247 2425 Dominus
3277 2369 3527 2425 Domino
3558 2384 3693 2424 meo
3728 2383 3741 2423 :

2108 2478 2132 2509 (ι
2164 2457 2311 2512 Sede
2342 2474 2376 2513 a
2405 2458 2627 2513 dextris
2658 2459 2828 2529 meis,
2888 2458 3076 2514 donec
3124 2458 3426 2531 posuerim
3475 2458 3749 2513 inimicos

2112 2566 2133 2595 ι
2168 2552 2301 2602 tuos
2331 2546 2656 2603 scabellum
2686 2547 2905 2620 pedum
2936 2552 3173 2604 tuorum
3204 2570 3256 2604 ».
3290 2547 3521 2604 Dictum
3550 2547 3663 2603 hoc
3691 2546 3753 2602 in

2105 2637 2437 2709 Evangeliis
2468 2638 2830 2695 conﬁrmans
2862 2637 3143 2708 Salvator,
3177 2637 3261 2693 ait
3310 2637 3592 2693 Davidem
3622 2636 3750 2691 haac

2106 2742 2226 2781 non
2257 2743 2291 2782 a
2322 2744 2384 2783 se
2411 2726 2561 2799 ipso,
2605 2728 2707 2783 sed
2738 2744 2807 2783 ex
2837 2727 3019 2783 divini
3060 2728 3311 2799 Spiritus
3363 2726 3753 2799 inspiratione

2107 2815 2349 2887 dixisse,
2381 2818 2473 2873 his
2503 2817 2730 2874 verbis:
2768 2838 2796 2871 ιι
2826 2818 3131 2884 Quomodo
3162 2834 3303 2890 ergo
3334 2816 3515 2873 David
3535 2817 3599 2871 in
3621 2816 3752 2888 Spi-

2109 2926 2136 2953 «
2168 2906 2287 2959 ritu
2309 2905 2627 2960 Dominum
2650 2922 2788 2961 eum
2809 2911 3002 2977 vocat,
3025 2905 3228 2961 dicens
3254 2922 3267 2958 :
3292 2905 3752 2960 DixitDominus

2110 3014 2139 3043 «
2171 2994 2421 3049 Domino
2446 3009 2617 3049 meo:
2670 2994 2820 3050 Sede
2852 3011 2887 3050 a
2917 2994 3140 3050 dextris
3193 2994 3343 3050 meis
3374 2995 3422 3029 ²⁰
3454 3016 3502 3063 ι,
3535 2999 3593 3050 et
3622 3010 3753 3065 qua)

2108 3084 2485 3155 sequuntur?
2515 3086 2585 3137 Et
2615 3083 2675 3138 in
2706 3083 2949 3139 Actibus
2980 3083 3386 3156 apostolorum
3419 3084 3482 3139 in
3500 3083 3595 3139 die
3615 3085 3762 3139 Pen-

351 3177 473 3237 τοῖς
498 3169 710 3243 ἕνδεκα,
742 3174 975 3236 καὶτοῖς
1035 3172 1397 3247 Ἰσραηλίταις
1447 3170 1863 3250 διαλεγόμενος,
1900 3181 2001 3244 τῆς

2115 3178 2390 3239 tecostes,
2420 3177 2584 3229 stans
2614 3175 2823 3229 Petrus
2854 3189 2989 3229 cum
3013 3172 3294 3229 undecim
3325 3178 3383 3229 et
3411 3172 3485 3230 ad
3521 3172 3761 3230 Israeli-

355 3260 409 3317 ἐν
466 3266 547 3335 τῷ
604 3264 883 3335 ἑκατοστῷ
939 3260 1140 3336 ἐννάτῳ
1187 3261 1394 3337 ψαλμῷ
1450 3264 1650 3335 ταύτης
1727 3262 2003 3334 αύτολεξεὶ

351 3358 455 3422 τῆς
487 3351 782 3427 μαρτυρίας
806 3349 1230 3425 ἐμνημόνευσεν.

428 3439 976 3513 ΚΘ’.Ὑπομνηστὲον
1038 3436 1095 3493 δὲ
1149 3440 1239 3494 καὶ
1298 3438 1484 3494 ἄλλων
1542 3438 1741 3515 ὀλίγων
1803 3459 2009 3516 μαρτυ-

356 3533 487 3604 ριῶν
521 3527 731 3602 ὁμοίως
758 3529 881 3603 περῖ
910 3532 1007 3584 τοῦ
1039 3526 1099 3583 ἐκ
1128 3525 1314 3599 δεξιῶν
1348 3532 1443 3584 τοῦ
1491 3529 1700 3603 [ἰατρὸς
1755 3532 1827 3603 (3)
1875 3531 2009 3585 καθ-

358 3617 567 3687 έζεσθαι
598 3618 689 3674 τὸν
748 3618 896 3674 Υἱόν.
958 3619 1046 3673 Ἐν
1108 3618 1204 3690 μὲν
1247 3618 1347 3695 γὰρ
1403 3622 1484 3691 τῷ
1535 3619 1672 3674 κατὰ
1726 3621 2004 3683 Ματθαῖον

355 3706 675 3783 Εύαγγελῖῳ
728 3705 1047 3783 γέγραπται·
1106 3704 1263 3775 Πλήν
1324 3706 1471 3784 λέγω
1528 3708 1679 3781 ὑμῖν,
1741 3709 1833 3763 ἀπ’
1886 3710 2006 3782 ἄρτι

352 3791 548 3869 ὄψεσθε
626 3798 718 3852 τὸν
807 3796 929 3851 Υῖὸν
1010 3800 1106 3851 τοῦ
1187 3796 1478 3873 ἀνθρώπου
1561 3799 1864 3871 καθήμενον
1949 3797 2009 3853 ἐκ

357 3882 547 3955 δεξιῶν
575 3891 675 3955 τῆς
718 3882 1023 3959 δυνάμεως,
1083 3887 1171 3941 καὶ
1230 3886 1298 3941 τὰ
1354 3885 1493 3960 ἑξῆς·
1556 3888 1638 3949 οἷς
1690 3886 2008 3952 ἀκολούθως

352 3974 449 4030 καὶ
481 3975 509 4030 6
541 3972 849 4038 ἀπόστολος
880 3976 1086 4052 Πέτρος
1145 3975 1302 4052 φησὶ,
1354 3978 1597 4054 γράφων·
1654 3979 1731 4031 Δι’
1781 3978 2010 4033 αναστά-

357 4084 496 4128 σεως
576 4065 758 4136 Ἰησοῦ
842 4066 1098 4141 Χριστοῦ,
1188 4062 1247 4128 ὅς
1329 4066 1470 4123 ἐστιν
1548 4067 1600 4123 ἐν
1687 4064 1833 4138 δεξιᾷ
1912 4072 2009 4123 τοῦ

354 4157 514 4223 Θεοῦ,
566 4153 849 4229 πορευθεὶς
925 4154 1002 4217 εἷς
1084 4152 1337 4231 ούρανόν.
1426 4157 1483 4209 Ὀ
1559 4154 1616 4211 δὲ
1698 4156 2009 4219 ἀπόστολος

359 4241 576 4307 Παῦλος
631 4243 925 4317 Ῥωμαίοις
980 4244 1073 4317 μὲν
1133 4245 1380 4320 γράφων,
1435 4245 1617 4319 φησίν·
1691 4248 1926 4320 Χριστὸς
1981 4249 2009 4303 6

359 4332 672 4403 ἀποθανὼν,
735 4330 948 4405 μᾶλλον
1012 4329 1070 4387 δὲ
1125 4332 1217 4388 καὶ
1277 4332 1541 4408 ἐγερθεὶς,
1601 4335 1661 4397 ἀς
1716 4336 1807 4391 καὶ
1864 4334 2009 4393 ἔστιν

357 4421 409 4477 ἐν
472 4418 618 4493 δεξιᾷ
660 4425 758 4477 τοῦ
816 4422 972 4477 Θεοῦ*
1033 4421 1307 4501 Ἐφεσίοις
1387 4420 1445 4477 δὲ
1502 4419 1865 4498 ἕπιστέλλων,
1919 4425 2014 4482 οὕ-

356 4531 465 4573 τως
524 4510 728 4588 εῗρηκε·
784 4512 937 4568 Κατᾶ
989 4512 1089 4581 τήν
1144 4510 1409 4589 ἐνέργειαν
1466 4516 1564 4568 τοῦ
1621 4515 1859 4590 κράτους
1906 4519 2007 4586 τῆς

2117 3268 2205 3320 tas
2237 3263 2559 3331 disserens,
2594 3264 2771 3335 hujus
2829 3280 2898 3319 ex
2955 3264 3282 3319 centesimo
3328 3280 3487 3319 nono
3531 3263 3763 3337 psalmo

2117 3353 2443 3409 testimonii
2477 3353 2623 3425 ipsis
2646 3352 2840 3408 verbis
2862 3354 3137 3409 meminit
3159 3353 3228 3408 3°.

2187 3443 2385 3499 XXIX.
2418 3444 2485 3499 In
2514 3443 2867 3499 memoriam
2925 3458 3161 3515 quoque
3217 3441 3557 3499 reducenda
3605 3441 3761 3499 220

2119 3538 2258 3589 sunt
2287 3549 2475 3605 pauca
2504 3533 2621 3588 alia
2642 3532 2933 3605 ejusmodi
2965 3533 3308 3588 testimonia
3328 3533 3399 3588 de
3425 3532 3555 3587 Filii
3576 3547 3611 3586 a
3631 3530 3766 3586 dex-

2119 3623 2227 3679 tris
2256 3623 2445 3678 Patris
2475 3639 2779 3679 consessu.
2818 3623 2886 3676 In
2917 3621 3228 3694 Evangelio
3261 3623 3590 3678 secundum
3621 3622 3764 3675 Mat-

2121 3713 2343 3767 thmum
2366 3712 2650 3783 scriptum
2669 3716 2789 3767 est:
2816 3733 2843 3760 ‹‹
2876 3712 3161 3766 Caeterum
3186 3711 3318 3766 dico
3338 3710 3524 3779 vobis,
3547 3709 3765 3765 abhinc

2126 3824 2147 3852 α
2175 3800 2446 3857 videbitis
2457 3801 2669 3856 Filium
2683 3800 2944 3855 hominis
2958 3800 3265 3856 sedentem
3288 3817 3321 3856 a
3342 3799 3563 3855 dextris
3584 3798 3767 3854 virtu-

2121 3895 2195 3949 tis
2213 3893 2257 3930 3‘
2274 3916 2302 3945 »
2316 3893 2536 3949 etc.His
2550 3896 2952 3947 consentanea
2964 3890 3232 3946 scribens
3243 3892 3452 3945 Petrus
3463 3886 3767 3960 apostolus

2121 3983 2265 4039 dicit
2288 4000 2300 4037 :
2331 4005 2359 4035 «
2390 3984 2502 4037 Per
2520 3981 3020 4037 resurrectionem
3043 3981 3179 4035 Jesu
3198 3978 3439 4048 Christi,
3462 3978 3566 4050 qui
3594 3978 3766 4034 estin

2123 4098 2150 4127 «
2166 4074 2409 4131 dextera
2420 4074 2519 4129 Dei
2534 4072 2832 4145 profectus
2846 4072 2907 4127 in
2919 4072 3125 4129 cwlum
3136 4070 3186 4106 ³³
3198 4071 3473 4127 ».Paulus
3484 4087 3623 4125 vero
3637 4086 3773 4142 apo-

2125 4163 2311 4220 stolus
2325 4163 2399 4219 ad
2414 4163 2709 4218 Romanos
2729 4161 2997 4217 scribens
3010 4162 3092 4217 ait
3117 4178 3174 4215 :«
3198 4161 3468 4216 Christus
3487 4159 3590 4231 qui
3609 4175 3768 4214 mor-

2125 4274 2153 4303 ‹‹
2168 4257 2303 4308 tuus
2318 4257 2425 4319 est,
2447 4252 2565 4307 imo
2591 4250 2787 4323 potius
2806 4252 2908 4322 qui
2925 4256 2983 4306 et
3003 4250 3349 4317 resurrexit,
3369 4250 3470 4320 qui
3489 4249 3667 4305 etiam
3681 4253 3772 4304 est

2129 4363 2149 4391 α
2187 4343 2248 4397 in
2278 4341 2519 4398 dextera
2550 4342 2651 4396 Dei
2683 4342 2729 4377 ³³
2753 4363 2805 4397 ››.
2829 4341 2916 4395 Ad
2938 4339 3222 4412 Ephesios
3244 4356 3380 4395 vero
3404 4338 3668 4395 scribens
3689 4338 3773 4393 ita

2123 4432 2411 4505 profatur:
2437 4454 2464 4482 «
2481 4431 2817 4488 Secundum
2832 4430 3239 4503 operationem
3253 4427 3775 4501 potentimfortitu-

2131 4544 2159 4577 ι
2173 4521 2330 4578 (linis
2344 4522 2494 4594 ejus,
2512 4538 2689 4594 quam
2704 4521 2964 4577 exseruit
2976 4520 3037 4575 in
3051 4520 3303 4590 Christo,
3325 4520 3619 4574 suscitans
3632 4533 3772 4572 eum

358 4598 555 4676 ἰσχύος
616 4599 804 4668 αὐτοῦ,
856 4601 922 4670 ἢν
979 4599 1241 4677 ἐνῆρησεν
1298 4601 1350 4656 ἐν
1407 4605 1489 4675 τῷ
1570 4607 1812 4678 Χριστῷ,
1871 4604 2001 4682 ἐγεί.

2118 4634 2145 4663 ‹‹
2179 4629 2213 4668 a
2242 4612 2515 4680 mortuis,
2535 4616 2593 4666 et
2608 4611 2814 4667 sedere
2837 4609 3061 4666 faciens
3079 4610 3141 4665 in
3165 4609 3410 4665 dextera
3429 4624 3537 4664 sua
3555 4608 3603 4643 “
3629 4628 3683 4677 »,
3712 4611 3773 4663 et

440 4784 486 4820 ²⁶
513 4787 724 4860 Ιξιιδιι,
760 4787 809 4860 _l.
917 4784 960 4821 ³⁷
991 4786 1157 4844 Joau.
1192 4804 1234 4860 ι,
1268 4788 1331 4860 18
1365 4804 1381 4854 ;
1412 4788 1607 4846 ITim.
1638 4806 1714 4860 vi,
1770 4793 1856 4847 16.

1956 4791 2005 4828 ³⁸
2046 4793 2202 4850 Psal.
2252 4810 2388 4859 xcu,
2430 4796 2482 4847 2.

2584 4793 2630 4828 ”
2677 4792 2881 4849 Matth.
2932 4808 3072 4860 xxn,
3110 4793 3200 4846 43.
3299 4789 3348 4825 ³ο
3399 4792 3524 4846 Act.
3575 4806 3637 4859 ιι,
3686 4791 3774 4845 η’

363 4858 450 4913 34.
539 4853 583 4893 ³¹
617 4857 818 4912 Matth.
847 4873 996 4925 χχιιι,
1030 4860 1116 4914 64.
1193 4858 1242 4894 ³⁸
1272 4859 1293 4914 l
1323 4853 1476 4915 Petr.
1511 4878 1594 4931 ιιι,
1626 4853 1715 4931 2|,
1737 4865 1836 4922 r22.
1914 4864 1960 4900 ³³
1991 4864 2001 4921 1

2115 4882 2158 4920 1.
2187 4882 2307 4933 vm,
2341 4853 2428 4920 3'4.
2508 4864 2556 4899 3‘
2582 4864 2797 4935 Ephes.
2831 4880 2873 4932 ι,
2906 4865 2993 4931 19,
3020 4853 3111 4917 2ί).

359 5038 599 5115 patiens,
633 5042 743 5115 etc:
778 5039 898 5093 Roe
929 5042 988 5092 et
1015 5038 1289 5115 Casam)"
1322 5037 1523 5115 ἀνέχου
1560 5041 1708 5103 τινὸς
1752 5045 1860 5097 τῶν
1910 5038 2007 5097 λε-

363 5106 567 5182 Ῑγόντων
597 5110 1010 5186 palmaeque
1034 5106 1633 5183 patiare'queh'zquam
1679 5131 1863 5171 eorum
1914 5116 2014 5186 qui

364 5198 538 5252 prave
568 5183 750 5252 aiunt,
772 5185 882 5252 etc.

437 5253 514 5324 (1)
542 5252 697 5328 Ἔστι
729 5249 786 5307 δὲ
814 5248 895 5328 ἀεὶ
924 5249 1218 5328 γεννηθεὶς,
1249 5252 1337 5307 καὶ
1380 5255 1602 5328 συγκαθ.
1652 5257 2011 5313 Particulam

373 5318 808 5398 dié'scripsimus
838 5318 1115 5398 loco‘yaip
1172 5318 1243 5381 ex
1298 5318 1477 5398 codd:
1530 5328 1668 5398 Reg.
1728 5335 1789 5384 et
1836 5329 2011 5386 Grod.

369 5394 865 5465 Conjunctionem
918 5394 1203 5454 xat'ante
1261 5394 1658 5465 συγκαθέζεταῇ
1733 5400 2017 5456 omittunt

366 5467 538 5542 codd.
570 5468 773 5542 Coisl_.,
806 5470 944 5540 Reg.
978 5472 1037 5523 et
1066 5472 1204 5542 Roe.
1244 5467 1383 5525 Vide
1415 5468 1789 5542 parallelum,
1835 5477 1895 5527 et
1923 5473 2011 5527 si-

369 5538 690 5595 millimum
722 5538 940 5604 locum,
973 5545 1086 5597 cat.
1120 5541 1171 5607 4,
1206 5557 1267 5595 ιι.
1300 5545 1353 5598 7.

443 5612 517 5686 (_2)
545 5610 609 5667 Ὀ
640 5608 980 5686 θρόνοςᾼσουτ
1013 5610 1184 5667 Cois].
1222 5617 1283 5686 et
1329 5615 1471 5686 Reg.
1520 5611 1768 5681 addunt,
1801 5614 1830 5669 6
1861 5612 2012 5685 Θεός,

372 5696 401 5737 ο
446 5683 600 5753 Deus,
633 5682 765 5756 qua:
796 5682 1016 5739 additio
1046 5683 1341 5757 reperitur
1368 5682 1443 5740 in'
1479 5686 1785 5743 nonnullis
1832 5682 2014 5762 hujus

2116 5043 2391 5099 versiculi
2422 5042 2933 5115 allegation_ibus,_
2963 5041 3303 5115 infra,_loco
3331 5042 3395 5097 τὸ
3429 5038 3621 5115 βραδύ,
3656 5048 3772 5097 tar-

2123 5117 2369 5182 ditatem,
2399 5110 2674 5187 legimus,
2703 5113 2767 5167 τὸ
2793 5110 2938 5187 πολύ
2970 5130 3039 5168 ex
3069 5113 3374 5169 codicibus
3398 5110 3772 5186 Coisl.,Reg.,

2124 5187 2267 5249 Roe,
2297 5185 2570 5251 Casaub.,
2602 5190 2671 5241 ut
2699 5190 2811 5241 cat.
2849 5185 2934 5252 15,
2966 5200 3132 5239 num.
3185 5187 3251 5239 33
3280 5202 3295 5254 ;
3350 5191 3464 5240 cat.
3496 5187 3550 5253 4,
3582 5201 3645 5242 ιι.
3677 5185 3768 5242 20.

2124 5258 2445 5314 Grodecius
2474 5257 2687 5330 legisse
2716 5256 2967 5331 videtur,
3004 5254 3206 5331 βραχύ,
3238 5262 3481 5328 propter
3508 5256 3770 5311 brevita-

2124 5336 2266 5385 tem.
2300 5335 2367 5384 ut
2395 5335 2508 5386 cat.
2542 5328 2826 5396 14,,num.
2857 5328 2911 5381 8.

2194 5404 2268 5484 (3)
2298 5399 2582 5484 Περίῃτοῦ
2619 5394 2696 5484 ἐκ
2753 5394 2937 5484 δεξιῶν
2991 5401 3093 5484 τόῦ
3133 5394 3379 5484 ¹ξῐιιιοιτριός.
3434 5400 3771 5484 ΡΓοιιοιιιθξι

2120 5467 2219 5526 τοῦ
2249 5467 2311 5529 in
2342 5467 2518 5545 editis
2546 5467 2877 5545 maleante
2903 5467 3028 5545 περί
3059 5470 3437 5545 collocatum,
3474 5487 3595 5525 sum
3641 5469 3767 5524 sedi

2122 5543 2493 5615 restituimus
2523 5559 2594 5598 ex
2620 5542 2824 5615 Coisl.,
2853 5542 2988 5615 Reg.
3014 5548 3081 5615 et
3102 5542 3243 5615 Roe.
3270 5544 3484 5615 Vocem
3507 5556 3765 5613 quoque,

2119 5617 2218 5669 τοῦ
2252 5612 2484 5686 Πατρός.
2518 5632 2589 5670 ex
2618 5613 2755 5687 Reg.
2791 5620 2850 5671 et
2878 5612 3049 5671 Gfod.
3085 5612 3532 5686 adscripsimus.

2192 5688 2269 5762 (4)
2297 5686 2697 5745 Paulianistae.
