4138 6264
327 318 459 383 8,,

331 562 359 591 ‹‹
377 540 431 595 Si
445 539 624 612 igitur
633 539 1047 595 resurrexistis
1059 556 1181 597 una
1192 556 1327 595 cum
1343 540 1828 611 Christo,supera
1839 555 1994 610 quas-

331 650 360 680 «
381 629 515 697 rite,
542 627 646 684 ubi
668 628 939 685 Christus
956 634 1047 684 est
1063 628 1125 684 in
1142 629 1385 685 dextera
1405 630 1606 685 Patris
1629 628 1844 684 sedens
1868 628 1914 663 "
1937 649 1988 683 ».

330 718 474 774 Etin
492 717 762 789 Epistola
781 717 855 774 ad
877 717 1155 775 Hebraeos
1175 720 1286 775 ait:
1308 739 1329 767 ι
1348 718 1987 791 Purgationepeccato—

334 830 363 858 ‹‹
385 824 518 863 rum
538 807 715 876 facta,
734 807 1078 863 conseditin
1100 808 1343 864 dextera
1360 808 1691 881 majestatis
1714 808 1775 863 in
1791 807 1985 863 excel-

335 919 363 946 «
379 897 462 953 sis
483 895 530 934 ³6
553 919 606 951 ››.
630 897 971 968 Iterumque
991 914 1003 951 :
1020 920 1048 948 ‹‹
1071 897 1160 953 Ad
1186 914 1363 969 quem
1376 915 1511 954 vero
1537 896 1883 970 angelorum
1896 896 1984 951 di-

339 1007 367 1037 ι(
388 986 477 1041 xit
498 1000 764 1057 unquam
786 1004 800 1041 :
826 986 972 1043 Sede
1001 1004 1036 1044 a
1064 987 1286 1044 dextris
1317 987 1485 1056 meis,
1519 986 1709 1042 donec
1729 1001 1984 1059 posuero

333 1098 360 1126 «
380 1074 659 1131 inimicos
672 1080 806 1132 tuos
819 1075 1145 1132 scabellum
1158 1076 1376 1148 pedum
1389 1080 1626 1132 tuorum
1645 1074 1689 1111 3"
1704 1077 1764 1131 n?
1776 1077 1845 1130 Et
1859 1091 1985 1130 rur-

346 1179 474 1220 sus:
498 1185 525 1214 ιι
552 1163 655 1219 Hic
672 1181 807 1219 vero
830 1180 951 1219 una
974 1182 1079 1236 pro
1112 1165 1392 1220 omnibus
1422 1163 1622 1220 oblata
1652 1164 1891 1219 victima
1922 1164 1983 1217 in

341 1275 373 1304 ‹‹
390 1253 1045 1326 perpetuum,consedit
1059 1254 1122 1309 in
1137 1253 1380 1309 dextera
1395 1253 1526 1321 Dei;
1549 1253 1609 1308 id
1623 1253 1782 1325 quod
1804 1268 1981 1324 supe-

340 1365 369 1393 ‹‹
389 1347 894 1415 restexspectans,
918 1343 1105 1399 donec
1121 1342 1494 1414 inimiciejus
1513 1343 1690 1415 positi
1713 1343 1835 1397 sint
1856 1358 1985 1397 sca-

340 1453 369 1483 «
387 1430 612 1489 bellum
625 1431 846 1505 pedum
859 1432 988 1505 ejus
1000 1430 1050 1467 33
1064 1455 1085 1482 -
1098 1473 1112 1488 .
1135 1434 1217 1489 Ac
1229 1432 1428 1488 denuo
1446 1449 1459 1487 :
1475 1455 1504 1483 «
1521 1432 1890 1504 Aspicientes
1920 1430 1983 1484 in

337 1543 366 1571 «
383 1521 521 1578 ﬁdei
534 1526 837 1578 auctorem
851 1527 910 1578 et
921 1528 1460 1579 consummatorem
1475 1523 1501 1577 J
1508 1538 1694 1590 esum;
1716 1522 1817 1592 qui
1830 1521 1891 1575 in
1906 1520 1988 1574 lo-

339 1633 365 1662 α
384 1627 517 1667 cum
532 1610 821 1683 propositi
835 1611 949 1667 sibi
960 1612 1160 1684 gaudii
1174 1612 1704 1668 sustinuitcrucem
1715 1610 1986 1683 ,ignomi-

337 1723 364 1751 ‹‹
383 1701 483 1756 nia
500 1705 859 1773 contempta;
876 1702 1006 1757 etin
1020 1701 1262 1757 dextera
1274 1702 1473 1757 throni
1486 1702 1589 1757 Dei
1603 1698 1982 1757 consedit39».

1384 317 1449 379 S.
1496 316 1812 380 CYRILLI
1857 314 2272 377 HIEROSOL.
2318 316 2686 379 ARCHIEP.

331 466 463 523 quas
493 452 842 521 sequuntur.
876 448 1257 506 Colossenses
1297 454 1497 507 autem
1560 450 1643 505 sic
1691 448 1982 507 docebat:

2104 467 2197 521 ρας
2245 446 2404 503 αὐτὸν
2468 448 2529 504 ἐκ
2579 453 2811 523 νεκρῶν,
2866 451 2955 506 καὶ
3036 450 3260 516 καθίσας

3338 450 3390 507 ἐν
3447 449 3593 526 δεξιᾷ
3646 457 3749 510 αὖ·

2098 541 2218 609 τοῦ,
2247 537 2435 593 καὶτὰ
2464 538 2608 611 ἑξῆς·
2664 536 2794 602 τοὺς
2845 536 2905 594 δὲ
2953 537 3003 594 ἐν
3054 540 3355 602 Κολοσσαῖς
3411 540 3582 605 οὕτως
3639 541 3748 599 ἐδί-

2104 621 2278 696 δαξεν·
2327 625 2393 683 Ei‘
2451 626 2543 680 οὖν
2598 624 2965 704 συνηγέρθητε
3020 633 3100 701 τῷ
3170 630 3412 705 Χριστῷ,
3486 630 3553 685 τὰ
3632 628 3742 687 ἅνω

2095 717 2325 784 ζητεῖτε,
2369 714 2432 770 οὗ
2488 715 2518 769 6
2576 716 2806 789 Χριστός
2864 716 3006 772 ἐστιν
3061 718 3115 771 ἐν
3174 716 3319 790 δεξιᾷ
3371 722 3468 773 τοῦ
3527 720 3737 794 Πατρὸς

2093 806 2426 879 καθήμενος·
2481 803 2534 861 ἐν
2589 802 2649 860 δὲ
2696 810 2765 881 τῇ
2819 807 2954 883 πρὸς
3009 803 3296 881 Ἐϐραίους
3356 808 3510 886 φησί’
3573 811 3748 865 Καθα-

2095 894 2290 970 ρισμὸν
2346 899 2455 950 τῶν
2522 895 2803 972 ἁμαρτιῶν
2856 899 2929 970 (2)
3014 898 3414 971 ποιησάμενος,
3501 897 3746 955 ἐκάθισεν

2092 981 2145 1036 ἐν
2202 979 2350 1054 δεξιᾷ
2403 990 2503 1053 τῆς
2599 982 2993 1059 μεγαλωσύνης
3048 984 3102 1040 ἐν
3166 985 3424 1060 ὑψηλοῖς³
3492 987 3584 1043 καὶ
3641 989 3749 1042 πά-

2094 1070 2200 1127 λιν·
2278 1073 2423 1147 Πρὸς
2477 1072 2594 1127 τίνα
2678 1071 2734 1128 δὲ
2810 1078 2918 1129 τῶν
3009 1073 3252 1150 ἀγγέλων
3327 1074 3514 1150 εἶ’ρηκέ
3592 1095 3745 1132 ποτε·

2094 1160 2275 1225 Κάθου
2308 1160 2368 1217 ἐκ
2392 1159 2579 1232 δεξιῶν
2637 1182 2777 1236 μου,
2811 1159 2915 1225 ἓως
2963 1160 3024 1217 ἂν
3069 1168 3158 1228 θῶ
3194 1162 3324 1228 τοὺς
3370 1163 3602 1241 ἐχθρούς
3655 1186 3755 1221 σου

2098 1247 2402 1305 ὑποπόδιον
2456 1255 2565 1306 τῶν
2622 1249 2806 1305 ποδῶν
2860 1273 2999 1321 σου;
3058 1254 3149 1307 καὶ
3207 1252 3392 1309 πάλινο
3456 1254 3636 1317 Αὐτὸς
3690 1252 3749 1309 δὲ

2096 1340 2227 1413 μίαν
2298 1339 2431 1415 ὑπὲρ
2516 1341 2731 1395 πάντων
2816 1343 2895 1415 (3)
2978 1341 3344 1417 προσενέγκας
3424 1343 3611 1399 Θυσίαν
3667 1344 3752 1399 εἷς

2091 1429 2155 1484 τὸ
2198 1426 2465 1500 διηνεκὲς,
2523 1426 2764 1493 ἐκάθισεν
2821 1429 2878 1484 ἐν
2931 1427 3080 1501 δεξιᾷ
3137 1435 3234 1486 τοῦ
3288 1431 3444 1487 Θεοῦ·
3502 1432 3566 1487 τὸ
3623 1431 3746 1487 λοι-

2093 1517 2194 1573 πὸν
2252 1515 2638 1592 ἐκδεχόμενος,
2705 1514 2811 1581 ἕως
2895 1520 3125 1574 τεθῶσιν
3177 1521 3231 1575 οἳ
3312 1518 3508 1597 ἐχθροὶ
3581 1522 3753 1578 αὐτοῦ

2097 1604 2403 1662 ὑποπόδιον
2458 1611 2567 1662 τῶν
2650 1603 2838 1662 ποδῶν
2922 1607 3108 1663 αὐτοῦ’
3193 1608 3284 1664 καὶ
3362 1608 3550 1667 πάλινο
3618 1609 3755 1686 Ἀερ-

2095 1700 2329 1772 ορῶντες
2366 1695 2443 1758 εἷς
2489 1696 2581 1751 τὸν
2633 1703 2732 1766 τῆς
2778 1697 3014 1760 πίστεως
3062 1696 3314 1774 ἀρχηγὸν
3367 1699 3458 1754 καὶ
3514 1698 3738 1755 τελειω-

325 1788 429 1857 τὴν
460 1789 693 1860 Ἰησοῦν·
727 1789 786 1851 ὅς
816 1789 934 1845 όίντὶ
962 1795 1061 1859 τῆς
1093 1791 1458 1864 προκειμένης
1482 1789 1628 1861 αὐτῷ
1651 1791 1849 1864 χαρᾶς,
1912 1785 2166 1859 ὑπέμεινε
2215 1787 2307 1841 τὸν
2369 1787 2595 1861 σταυρὸν
2653 1789 2753 1860 (4),
2807 1785 3077 1862 αἰσχύνης
3132 1808 3270 1843 κατα
3320 1790 3612 1863 φρονήσας·
3672 1789 3728 1845 ἐν

337 1874 482 1948 δεξιᾷ
507 1898 567 1932 τε
593 1881 691 1932 τοῦ
722 1876 917 1954 θρόνου
945 1883 1042 1934 τοῦ
1071 1883 1204 1935 Θεοῦ
1233 1879 1504 1936 κεκάθικε.

407 1967 574 2024 ΧΧΧ.
616 1969 687 2023 Et
713 1985 848 2024 cum
878 1969 996 2025 alia
1025 1969 1145 2025 sint
1173 1969 1472 2041 permulta
1500 1968 1574 2024 de
1623 1967 1921 2040 Unigeniti
1954 1983 1987 2023 a

2168 1965 2247 2022 A‘.
2277 1964 2380 2021 Καὶ
2410 1961 2599 2020 ἄλλων
2659 1960 2717 2019 δὲ
2773 1965 2949 2020 οὐσῶν
3005 1970 3318 2043 μαρτυριῶν
3367 1967 3491 2042 περὶ
3540 1974 3644 2038 τῆς
3694 1967 3756 2023 ἐκ

343 2056 565 2113 dextris
596 2058 700 2113 Dei
723 2058 862 2114 sede
885 2059 1249 2130 testimonia,
1281 2059 1396 2114 ista
1414 2058 1587 2114 nobis
1608 2058 1908 2113 sufﬁciant
1929 2056 1991 2110 in

337 2146 650 2220 praesenti;
691 2147 963 2205 eamdem
994 2149 1212 2205 iterum
1243 2148 1290 2183 ⁸ο
1318 2148 1791 2205 admonitionem
1820 2162 1994 2219 repe-

334 2237 622 2304 tentibus,
653 2237 813 2309 quod
843 2254 965 2293 non
996 2243 1132 2311 post
1162 2255 1338 2295 suum
1370 2239 1432 2294 in
1463 2254 1641 2295 carne
1672 2236 1991 2293 adventum

335 2326 492 2382 hanc
526 2325 685 2382 sedis
716 2332 1073 2383 consecutus
1133 2328 1211 2383 sit
1260 2328 1746 2400 prazrogativam;
1801 2326 1905 2383 sed
1936 2331 1996 2382 et

336 2420 472 2471 ante
503 2415 708 2472 omnia
736 2416 959 2472 suacula
990 2416 1333 2489 unigenitus
1382 2417 1486 2472 Dei
1536 2416 1743 2485 Filius,
1792 2415 1991 2471 Domi-

336 2522 450 2561 nus
480 2522 616 2561 vero
646 2510 852 2562 noster
895 2507 1032 2561 Jesu
1088 2506 1379 2575 Christus,
1430 2506 1588 2561 hunc
1636 2506 1699 2561 in
1751 2505 1995 2562 dextera

338 2595 531 2650 Patris
561 2594 633 2651 ab
666 2599 890 2650 aaterno
921 2593 1151 2649 obtinet
1177 2595 1481 2650 thronum.
1539 2596 1671 2666 Ipse
1700 2611 1835 2651 vero
1867 2612 1992 2650 om-

339 2686 510 2741 nium
538 2683 695 2740 Deus
727 2683 943 2739 Christi
975 2683 1167 2753 Pater,
1201 2689 1261 2738 ct
1289 2684 1575 2739 Dominus
1605 2689 1808 2739 noster
1825 2684 1993 2740 Jesus

337 2775 632 2845 Christus,
665 2772 767 2844 qui
799 2772 1078 2828 descendit
1108 2779 1158 2828 et
1213 2772 1457 2829 ascendit
1489 2771 1554 2839 δι,
1588 2778 1647 2827 et
1693 2789 1815 2829 una
1856 2789 1992 2828 cum

333 2865 507 2920 Patre
569 2861 758 2932 sedet,
821 2862 1117 2919 custodiat
1172 2862 1404 2919 animas
1462 2867 1728 2919 vestras:
1784 2863 1990 2919 incon-

335 2968 574 3010 cussam
607 2952 1167 3025 immutabilemque
1197 2957 1457 3009 vestram
1486 2952 1549 3008 in
1580 2970 1716 3009 eum
1765 2953 1867 3024 qui
1895 2970 1984 3008 re-

338 3041 594 3099 surrexit
623 3058 789 3115 spem
818 3048 1160 3110 conservet;
1212 3042 1393 3098 simul
1425 3041 1748 3099 exsuscitet
1791 3059 1892 3098 vos
1923 3058 1992 3098 ex

330 3132 581 3189 mortuis
597 3133 857 3204 peccatis
887 3132 1096 3190 vestris
1130 3131 1205 3187 ad
1235 3133 1470 3189 donum
1501 3149 1679 3189 suum
1709 3132 1949 3189 cosleste
1976 3149 1989 3188 :

339 3221 549 3293 dignos
572 3239 675 3278 vos
705 3222 945 3290 efficiat,
970 3222 1072 3294 qui
1092 3220 1417 3294 rapiamini
1441 3223 1502 3278 in
1523 3220 1783 3277 nubibus
1810 3222 1873 3276 in
1894 3238 1993 3278 oc-

2103 2051 2292 2126 δεξιῶν
2323 2057 2419 2108 τοῦ
2473 2051 2607 2109 Θεοῦ
2671 2052 2934 2130 καθέδρας
2985 2059 3083 2110 τοῦ
3139 2060 3498 2132 Μονογενοῦς,
3557 2055 3762 2133 αὐτάρ-

2101 2165 2217 2207 κεις
2241 2144 2377 2215 ἡμῖν
2410 2140 2461 2197 ἐν
2493 2147 2573 2215 τῷ
2611 2144 2842 2219 παρόντι
2897 2145 2987 2199 καὶ
3046 2144 3224 2200 αὗταν
3269 2147 3368 2213 τὴν
3420 2145 3591 2215 αὐτὴν
3645 2147 3756 2201 πά-

2105 2231 2192 2288 λιν
2226 2234 2389 2306 ἡμῶν
2430 2240 2778 2305 ποιουμένων
2838 2231 3167 2304 ὑπόμνησιν,
3217 2232 3300 2289 ὅτι
3354 2234 3419 2289 οὗ
3474 2233 3607 2307 μετᾶ
3654 2236 3755 2306 τήν

2102 2317 2358 2395 ἕνσαρκον
2414 2320 2712 2396 παρουσίαν
2768 2327 2870 2390 τῆς
2925 2318 3190 2396 καθέδρας
3243 2320 3444 2389 ταύτην
3507 2327 3581 2396 (5)
3629 2321 3760 2399 ἔσχε

2099 2412 2201 2480 τήν
2234 2410 2401 2483 ἀξίαν
2441 2408 2586 2465 ἀλλὰ
2622 2409 2721 2484 γὰρ
2777 2410 2869 2465 καὶ
2929 2412 3034 2485 πρὸ
3093 2410 3303 2466 πάντων
3360 2416 3468 2467 τῶν
3518 2410 3755 2482 αἰώνων,

2103 2500 2130 2554 6
2166 2499 2470 2574 μονογενής
2498 2499 2623 2562 Υἱὸς
2650 2503 2747 2554 τοῦ
2777 2507 2931 2555 Θεουο
2963 2496 3165 2573 Κύριος
3223 2498 3281 2555 δὲ
3330 2502 3491 2575 ἡμῶν
3542 2501 3757 2572 Ἰησοῦς

2104 2593 2130 2647 ὁ
2162 2592 2423 2669 Χριστὸς,
2452 2591 2545 2646 τὸν
2578 2589 2632 2645 ἐν
2666 2588 2810 2664 δεξιᾷ
2838 2595 2935 2646 τοῦ
2966 2593 3178 2666 Πατρὸς
3210 2592 3290 2648 ἀεὶ
3342 2594 3562 2669 κατέχει
3615 2595 3753 2670 θρό-

2101 2702 2216 2740 νον.
2250 2680 2427 2745 Αὐτὸς
2459 2678 2518 2736 δὲ
2545 2682 2573 2736 6
2604 2684 2710 2736 τῶν
2744 2678 2889 2736 ὅλων
2922 2681 3051 2745 Θεὸς
3084 2683 3115 2736 ἀ
3142 2685 3239 2739 τοῦ
3267 2688 3503 2758 Χριστοῦ
3534 2686 3612 2757 (6)
3642 2689 3757 2738 Πα-

2100 2773 2229 2847 τήρ,
2259 2771 2352 2826 καὶ
2384 2772 2412 2825 6
2445 2769 2647 2846 Κύριος
2676 2771 2836 2843 ἡμῶν
2894 2771 3106 2841 Ἰησοῦς
3162 2772 3424 2846 Χριστὸς,
3456 2772 3484 2826 6
3515 2768 3753 2836 καταϐὰς

2101 2860 2194 2916 καὶ
2224 2854 2427 2924 ἀναϐὰς
2456 2859 2547 2915 καὶ
2604 2863 2685 2931 τῷ
2737 2859 2909 2935 Πατρὶ
2968 2860 3450 2935 συγκαθεζόμενος,
3502 2860 3756 2939 φυλάξειε

2100 2951 2196 3013 τὰς
2232 2950 2494 3024 ὑμετέρας
2524 2949 2725 3023 ψυχάς·
2759 2945 3002 3005 ἄσειστον
3037 2948 3189 3023 ὑμῶν
3220 2950 3310 3005 καὶ
3345 2946 3607 3025 ἄτρεπτον
3654 2952 3755 3021 τήν

2104 3036 2325 3110 ἐλπίδα,
2380 3039 2480 3109 τὴν
2540 3036 2618 3102 εἷς
2661 3038 2753 3093 τὸν
2812 3037 3127 3107 ἀναστάντα,
3205 3035 3577 3114 διατηρήσειεο
3629 3061 3752 3094 συν-

2104 3127 2412 3204 εξεγείρειεν
2474 3128 2614 3200 ὑμᾶς
2668 3126 2727 3182 ἐκ
2781 3129 2891 3181 τῶν
2947 3128 3153 3201 νεκρῶν
3212 3127 3365 3200 ὑμῶν
3428 3128 3754 3201 ἁμαρτημά-

2101 3221 2239 3288 τῶν,
2298 3215 2374 3280 εἷς
2426 3217 2527 3284 τήν
2580 3215 2903 3292 ἐπουράνιον
2954 3214 3117 3272 αὐτοῦ
3189 3212 3414 3292 δωρεάνο
3493 3217 3761 3288 καταξιώ-

341 3324 585 3365 cursum
616 3310 851 3365 Domini
880 3311 943 3373 in
972 3326 1112 3366 aera
1140 3310 1210 3381 ⁴²,
1239 3311 1301 3366 in
1339 3315 1607 3383 tempore
1627 3316 1987 3383 opportuno:

2105 3328 2242 3364 σειεν
2305 3307 2444 3379 ὑμᾶς
2500 3306 2806 3381 ἁρπαγῆναι
2863 3303 2915 3360 ἐν
2966 3302 3238 3384 νεφέλαις,
3297 3306 3376 3369 εἷς
3456 3307 3755 3380 ἀπάντησιν

2168 3402 2195 3410 .-
2232 3399 2275 3410 .ρ
2357 3395 2368 3410 1
2514 3394 2529 3410 9
2626 3385 2667 3410 θ’.
2829 3393 2845 3410 9
3076 3399 3105 3410 ευ
3205 3395 3282 3410 9n!
3515 3396 3529 3410 ι
3588 3393 3614 3410 ον
3732 3399 3746 3410 ο

340 3402 400 3454 et
426 3397 619 3454 donec
645 3403 882 3471 tempus
898 3398 1047 3455 illud
1068 3399 1344 3456 adveniat
1365 3400 1609 3473 gloriosi
1627 3401 1757 3472 ejus
1771 3401 1989 3456 adven-

336 3491 432 3542 tus
462 3486 730 3556 secundi,
763 3486 1050 3544 inscribat
1076 3489 1346 3545 omnium
1376 3492 1637 3546 vestrum
1657 3490 1903 3547 nomina
1922 3490 1984 3544 in

337 3576 492 3632 libro
522 3576 842 3633 viventium
869 3594 884 3644 ;
912 3577 1317 3651 inscriptaque
1350 3580 1535 3636 semel
1552 3594 1861 3652 nunquam
1891 3580 1989 3636 de-

335 3663 460 3721 leat
487 3665 630 3723 221
672 3665 1019 3738 [multorum
1050 3667 1210 3723 enim
1242 3669 1344 3740 qui
1376 3668 1657 3726 excidunt
1712 3668 1988 3725 delentur

337 3754 585 3812 nomina
610 3756 655 3791 ⁸³
681 3755 800 3829 (1)].
831 3758 1081 3814 Ρτωειθι
1109 3761 1309 3815 autem
1341 3758 1619 3815 omnibus
1643 3758 1809 3815 vobis
1858 3775 1988 3816 cre—

404 3880 455 3917 ³⁵
481 3881 703 3940 Coloss.
734 3898 815 3951 ιιι,
852 3885 901 3940 1.
1006 3881 1053 3918 ³⁸
1083 3881 1258 3938 Hebr.
1309 3900 1349 3952 ι,
1399 3884 1451 3937 3.

1554 3883 1599 3919 ³⁷
1640 3882 1783 3939 ibid.
1830 3885 1933 3952 l3;
1983 3882 2142 3938 Psal.
2207 3898 2314 3948 cur,
2377 3883 2426 3936 1.

2101 3402 2199 3454 τοῦ
2231 3395 2437 3470 Κυρίου
2486 3394 2565 3458 εἰς
2615 3394 2765 3469 ἀέρα,
2826 3393 2881 3450 ἰν
2940 3399 3118 3468 καιρῷ
3166 3395 3391 3468 εὐθέτῳ·
3440 3396 3532 3451 καὶ
3588 3393 3694 3454 ἕως
3724 3399 3754 3453 6

2097 3487 2285 3563 καιρὸς
2317 3485 2519 3548 ἐκεῖνος
2550 3480 2770 3559 ἔρχεται
2817 3490 2917 3554 τῆς
2968 3481 3185 3557 ἐνδόξου
3229 3486 3309 3558 (7)
3359 3481 3608 3562 δευτέρας
3656 3486 3750 3541 αὖ·

2096 3582 2197 3633 τοῦ
2228 3575 2551 3649 παρουσίας,
2602 3574 2917 3650 ὲγγράψειεν
2975 3573 3125 3647 ὑμῶν
3183 3574 3251 3628 τὰ
3309 3574 3549 3649 ὀνόματα
3604 3577 3753 3631 πάν-

2097 3688 2206 3722 των
2239 3665 2291 3721 ἐν
2324 3659 2505 3741 βίϐλῳ
2539 3662 2780 3733 ζώντων,
2832 3661 2923 3717 καὶ
2975 3659 3249 3738 ἐγγράψας
3302 3663 3497 3736 μηκέτι
3544 3663 3745 3735 ἐξαλεί-

2099 3759 2220 3830 ψειε
2249 3751 2503 3829 (πολλῶν
2559 3752 2664 3828 γὰρ
2720 3749 3052 3828 ἐξαλείφεται
3109 3756 3218 3807 τῶν
3277 3752 3744 3823 ἀποπιπτὲντων).

2533 3878 2585 3914 ³³
2612 3878 2786 3934 Ilebr.
2843 3895 2904 3953 7x,
2964 3880 3050 3946 l2,
3112 3880 3198 3934 13.
3305 3879 3353 3916 ³⁹
3408 3881 3582 3937 Hebr.
3643 3898 3753 3953 xu,

337 3956 391 4008 2.
467 3951 515 3989 4°
539 3955 676 4025 Sup.
716 3971 774 4010 η.
805 3955 894 4008 27.
974 3953 1019 3990 ⁴ί
1049 3955 1262 4026 Ephes.
1297 3971 1367 4025 ιν,
1397 3955 1484 4011 10.
1560 3955 1609 3991 ⁴²
1641 3955 1664 4010 Ι
1693 3954 1894 4010 Thess.
1928 3970 1987 4009 ινη

2112 3996 2125 4007 .
2203 3954 2249 3990 ⁴³
2280 3952 2431 4009 Psal.
2463 3968 2652 4021 wau,
2682 3953 2789 4019 29;
2822 3952 3004 4021 Apoc.
3040 3967 3123 4017 ιιι,
3158 3953 3210 4006 5.

407 4081 485 4155 (1)
514 4081 813 4155 Mullorum
842 4083 940 4153 qui
984 4080 1250 4155 excidunt
1276 4081 1537 4155 deiciatur
1552 4082 1800 4155 nomine.
1844 4082 1989 4155 ver-

333 4151 396 4224 bi
417 4151 829 4209 controversia
849 4151 968 4221 est,
1001 4169 1146 4208 num
1176 4152 1363 4224 aliqui
1398 4152 1469 4208 de
1521 4152 1675 4208 libro
1724 4152 1857 4207 vitas
1889 4152 1989 4207 de-

334 4223 593 4281 leantur.
624 4225 691 4280 Id
715 4241 787 4281 ex
816 4225 1097 4296 prmsenﬁti
1130 4223 1347 4296 psalmi
1383 4225 1513 4280 loco
1545 4224 1851 4280 afﬁrmant
1879 4226 1991 4279 Pa-

334 4299 456 4369 tres
482 4295 606 4352 fere
626 4295 1076 4369 _omnes._‘Quod
1101 4295 1247 4352 sane
1272 4296 1529 4369 dubitari
1553 4313 1676 4352 non
1699 4300 1914 4369 potest,
1940 4295 1989 4351 si

335 4362 556 4423 librum
587 4367 717 4424 vitm
747 4367 1114 4424 intellexeris
1146 4384 1283 4440 eum
1315 4367 1378 4422 in
1410 4384 1526 4439 quo
1552 4362 1717 4440 justi'
1732 4374 1789 4440 et
1827 4362 1992 4440 justa

339 4455 521 4511 opera
542 4439 1336 4511 scribuntur.Consentitque
1350 4438 1732 4511 Augustinus,
1757 4439 1817 4494 in
1831 4438 1986 4511 'psal.

339 4510 668 4589 ci_xx,_n.‘8,
700 4512 795 4589 his
816 4510 1038 4589 verbis:
1064 4529 1114 4589 ξ-
1128 4510 1396 4589 cujusvis
1427 4510 1895 4589 contemptibilis
1926 4510 1987 4564 in
2024 4524 2066 4589 ι)

338 4605 366 4635 ‹‹
383 4582 761 4655 ΕεοΙθείεᾳιιί
775 4582 966 4639 credit
980 4583 1045 4655 in
1055 4582 1377 4649 Christum,
1394 4588 1450 4655 et
1462 4582 1987 4655 diligitChristum,

340 4678 369 4707 «
382 4660 444 4728 et
455 4653 1050 4728 amatpacemChristi
1066 4671 1286 4710 nomen
1303 4653 1691 4728 scriptum’est
1702 4654 1763 4728 in
1777 4653 1923 4728 cmlo
1935 4673 1961 4706 ιι
1974 4693 1988 4707 .

337 4727 430 4810 _Sic
455 4724 691 4810 quoque
715 4727 1098 4810 Cy'rill‘us'cat.
1115 4730 1221 4810 ρ,
1239 4742 1312 4809 ⁸ιι.
1346 4728 1400 4796 5,
1418 4724 1984 4810 :abrenun-tiationes

334 4796 845 4870 baptizantium'in
871 4798 1085 4854 divinis
1114 4797 1285 4853 libris
1317 4796 1507 4870 scribi,
1526 4797 1641 4853 ait:
1663 4802 1720 4852 et
1748 4800 1860 4853 cat.
1894 4798 1981 4864 15,

330 4885 392 4925 n.
414 4868 490 4923 22
509 4876 568 4942 et
582 4873 674 4939 23,
705 4871 861 4926 bona
879 4870 1081 4927 omnia
1110 4886 1292 4942 opera
1321 4868 1619 4942 descripta
1641 4884 1777 4942 esse
1798 4873 1982 4924 testa-

334 4945 434 5014 tur
456 4957 470 5006 ;
489 4941 668 5014 _sicut_
687 4946 745 4995 et
766 4942 945 5011 mala,
979 4959 1109 5013 qum
1131 4940 1240 5014 per
1257 4940 1670 5014 paenitentiam
1687 4940 1983 5014 delentur.

333 5010 779 5085 Continentiam
794 5010 937 5069 vero
953 5010 1013 5068 et
1030 5010 1325 5085 virginum
1340 5014 1591 5069 nomina
1608 5014 1672 5068 in
1700 5012 1986 5085 angelicis

335 5081 510 5168 l‘ib‘ris
539 5081 718 5168 scribi
749 5082 940 5168 docet,
971 5100 1103 5168 quas}
1123 5081 1679 5168 lascivis-operibus
1704 5081 1985 5168 admissis

335 5153 674 5219 deleantur.
714 5159 825 5211 cat.
856 5157 910 5222 4,
942 5153 1008 5210 ni
1037 5157 1125 5210 24.
1159 5156 1323 5221 Quod
1344 5158 1392 5212 si
1423 5153 1644 5213 librum
1665 5157 1984 5213 viventium

337 5226 411 5283 de
435 5225 964 5302 prmdestinatione
976 5226 1619 5302 interpreteris,verum
1643 5246 1881 5302 quoque
1896 5233 1986 5302 est

334 5316 406 5355 ex
436 5296 519 5372 eo
535 5297 843 5372 nominem
868 5296 1082 5372 _deleri,
1103 5296 1540 5372 quamcumque
1571 5296 1833 5368 demum,
1864 5301 1983 5356 sive

331 5369 624 5454 gratuita,
649 5369 773 5454 sive
785 5385 855 5453 ex
868 5368 1170 5454 bonorum.
1189 5387 1434 5454 operum
1445 5368 1853 5444 presensione
1874 5372 1985 5454 de-

334 5440 511 5516 creta)
522 5440 1064 5516 prasdestinationis
1077 5440 1423 5516 opinionem
1446 5440 1722 5516 sequare:
1742 5462 1852 5501 nec
1870 5445 1981 5499 im-

338 5513 553 5589 merito
568 5513 954 5589 Augustinus,
979 5515 1035 5567 in
1053 5514 1197 5589 ρξαι.
1229 5531 1418 5583 vam,
1450 5513 1633 5589 n.:l3,
1666 5517 1824 5573 hunc
1853 5532 1984 5571 ver-

344 5584 734 5661 siculumiq'ui
764 5589 831 5643 29
863 5590 953 5661 est
993 5584 1328 5661 explicaris,
1366 5602 1467 5643 eos
1513 5587 1586 5643 de
1634 5589 1850 5661 quibus
1896 5590 1986 5661 est

338 5677 533 5740 sermo
565 5657 739 5740 aliter
767 5659 1019 5740 scriptos
1048 5662 1229 5740 negat
1246 5657 1431 5740 fuisse
1463 5657 1670 5740 quam
1693 5659 1852 5740 quo_d
1901 5659 1984 5740 ita

336 5734 645 5807 putabant.
668 5729 1288 5807 Nempc'librum‘vitaa
1310 5729 1542 5795 definit,
1559 5729 1661 5784 lib.
1684 5729 1760 5785 xx
1783 5735 1860 5786 De
1875 5729 1980 5785 civ.

2100 4083 2222 4146 Dei,
2257 4097 2384 4152 cap.
2422 4084 2507 4149 15,
2534 4081 2939 4151 prazscientiam
2961 4082 3062 4136 Dei
3089 4097 3209 4151 qua
3236 4080 3366 4150 falli
3395 4098 3503 4137 non
3525 4090 3710 4153 potest
3730 4103 3754 4149 ;

2100 4153 2184 4209 ita
2214 4158 2281 4207 ut
2304 4153 2593 4208 electorum
2622 4155 2670 4207 si
2690 4155 2982 4223 quisquam
3002 4155 3173 4223 perit,
3204 4154 3444 4221 fallatur
3474 4155 3628 4210 Deus.
3662 4156 3748 4212 Id.

2099 4227 2178 4280 De
2209 4242 2351 4280 corr.
2386 4231 2436 4279 et
2465 4242 2577 4294 gr.,
2611 4240 2662 4282 c.
2695 4229 2748 4292 7,
2781 4242 2843 4283 n.
2881 4227 2962 4279 14.

2171 4298 2250 4369 (2)
2306 4297 2424 4351 Τῶν
2480 4296 2783 4369 ἁμαρτιῶν.
2844 4295 3082 4351 Addunt
3140 4296 3280 4366 Roe,
3362 4296 3611 4369 Casaub.
3691 4304 3752 4354 et

2101 4368 2274 4423 Grod.
2307 4369 2490 4437 ἡμῶν,
2544 4368 2830 4438 peccatum
2886 4374 3221 4433 nostrorum,
3270 4372 3337 4422 ut
3379 4368 3632 4424 habetur
3683 4372 3747 4426 in

2101 4440 2300 4495 Crmco
2335 4440 2474 4498 Novi
2504 4440 2656 4511 Test.
2690 4445 2873 4505 textu,
2908 4439 3011 4495 sed
3040 4438 3102 4494 in
3135 4438 3299 4511 Vulg.
3333 4440 3646 4496 omittitur.

2173 4510 2249 4581 (3)
2279 4511 2437 4585 Ὑπὲρ
2466 4507 2714 4585 πάντων,
2748 4526 2852 4585 pro
2890 4511 3169 4585 omnibus.
3222 4507 3484 4566 Discedit
3511 4528 3546 4567 a
3575 4529 3746 4570 sacro

2103 4585 2264 4663 textu
2291 4584 2355 4663 in
2379 4581 2504 4663 quo
2527 4589 2645 4663 est,
2695 4581 3177 4663 Qqéphépgpujw,
3221 4598 3328 4663 pro
3369 4586 3634 4663 peccatis,
3660 4591 3751 4663 _et

2100 4652 2184 4709 ita
2215 4652 2495 4711 scribitur
2522 4656 2585 4709 in
2624 4652 3026 4723 codd.'Coisl.,
3058 4654 3193 4725 Reg.
3230 4655 3316 4709 Ita
3363 4652 3542 4710 etiam
3584 4656 3751 4713 vide-

2096 4730 2193 4799 tur
2220 4725 2435 4799 legisse
2466 4726 2807 4799 Grodecius.

2166 4797 2244 4868 (4)
2276 4795 2378 4852 Τὸν
2411 4797 2662 4868 σταυρόν.
2698 4799 2876 4853 Deest
2928 4795 3217 4852 articulus
3264 4797 3327 4853 in
3376 4796 3548 4855 codd.
3598 4799 3746 4869 Roe,

2095 4868 2369 4939 Casauh,
2398 4869 2577 4941 Coisl.
2611 4875 2669 4926 et
2697 4872 2860 4941 Reg.,
2893 4872 2957 4923 ut
2986 4869 3048 4922 in
3078 4884 3244 4941 sacro
3276 4874 3457 4927 textu.

2166 4942 2243 5013 (75),
2296 4939 2536 5011 Ταύτην,
2606 4947 2717 4998 etc.
2782 4939 2961 5013 fHano
3036 4939 3310 5013 cathedra:
3393 4941 3742 5011 dignitatem.

2095 5009 2295 5087 Coisl.,
2328 5009 2491 5087 RegI,
2526 5017 2669 5082 Roe,
2702 5012 2943 5080 habent,
2990 5009 3216 5083 ταύτης,
3263 5012 3427 5082 hujus
3457 5009 3745 5071 cathedra

2091 5082 2438 5153 dignitatem:

2161 5157 2238 5232 (6)
2283 5157 2350 5232 Δ’ρ
2402 5160 2500 5232 τοῦ
2558 5158 2845 5232 Χριστοῦ.-
2883 5154 3229 5232 Articulum
3271 5154 3299 5210 6
3357 5156 3745 5232 ascripsimus

2096 5246 2167 5303 ex
2195 5228 2398 5297 Coisl.,
2432 5226 2785 5303 Reg.,'Roe,_
2807 5226 3055 5303 Casaub.
3092 5226 3270 5303 Paulo
3292 5226 3581 5300 post,loco
3604 5230 3742 5301 ἡμε-

2089 5301 2271 5375 τέρας,
2328 5297 2567 5375 ηοειταὲ,
2619 5301 2949 5375 posuimus,
3012 5297 3310 5375 ὑμετέραςξ
3371 5306 3595 5375 uestras,
3630 5297 3749 5356 "ex

2093 5369 2237 5439 Boe,
2266 5372 2514 5429 Casaub.
2556 5369 2845 5443 etiGrod.,
2880 5385 3058 5443 sensu
3088 5369 3537 5442 ita'postulante
3564 5388 3747 5443 :_mox

2095 5444 2255 5537 enim
2312 5445 2548 5518 legitur,
2610 5440 2853 5497 ἄσειστον
2909 5440 3085 5513 ὑμῶν,
3147 5440 3279 5511 cet—(3.,
3339 5441 3747 5519 συνεξεγείρειεν

2096 5523 2652 5667 ῗῆᾳῖῗὲἐίἒξνδόξου.
2686 5586 2949 5667 Habetur
2996 5584 3059 5667 in
3105 5585 3434 5667 impressis,
3487 5592 3589 5667 τῇς
3643 5584 3740 5667 εὖ-

2092 5656 2248 5712 omo
2295 5659 2386 5714 καὶ
2416 5656 2658 5730 ἐνδόξου,
2715 5656 3024 5730 opportuni
3075 5664 3127 5712 et
3179 5656 3407 5727 glorir‘ri
3455 5660 3738 5717 adventus.

2094 5730 2271 5802 Illud,
2303 5729 2815 5803 ebOétou,’propter
2843 5729 3119 5785 viciniam
3152 5730 3349 5785 sinz‘ii.
3389 5751 3401 5784 π.
3418 5732 3540 5787 ocis
3563 5747 3743 5804 supe-
