4138 6264
402 372 519 431 8Ἱ9

1461 363 1525 421 S.
1573 355 1887 421 CYRILLI
1931 353 2341 415 HIEROSOL.
2387 355 2751 417 AltCHlEP.

3691 363 3807 424 880

398 503 461 556 in
492 498 745 571 populos
768 497 842 554 ad
864 495 1213 569 sanguinem
1235 510 1425 566 usque
1447 497 1810 566 grassantur,
1835 506 1911 545 ne
1922 505 2040 562 per-

2160 487 2567 562 προγέγραπται
2592 488 2665 562 (2)
2694 488 2817 564 γάρ.
2848 490 2941 558 Μὴ
2974 492 3213 566 πρόσεχε
3259 498 3375 558 τοῖς
3429 497 3521 548 νῦν
3580 496 3811 568 γινομέ-

402 590 694 655 turberis;
732 588 1078 660 praadictum
1111 587 1270 640 enim
1303 591 1439 640 ante
1468 584 1581 639 fuit
1608 583 1670 637 in
1697 579 2049 651 Scripturis;

401 696 476 735 ne
501 678 596 734 his
628 696 760 750 quas
803 693 963 732 nunc
996 677 1166 739 ﬁunt,
1205 675 1309 731 sed
1334 675 1427 729 his
1460 690 1591 745 quae
1650 671 1870 742 scripta
1915 673 2054 724 sunt

403 768 663 825 attende.
698 770 897 838 Neque
929 766 1109 820 etiam
1132 766 1181 820 si
1208 780 1313 836 ego
1336 764 1436 835 qui
1472 769 1525 817 te
1559 761 1764 825 doceo,
1788 774 2048 830 peream,

397 865 461 913 tu
492 874 612 912 una
633 872 865 911 mecum
897 870 1142 926 pereas:
1173 853 1275 908 sed
1315 853 1403 907 fas
1434 855 1524 907 est
1560 849 1893 905 auditorem
1924 862 2051 901 ma-

397 948 579 1020 gistro
613 946 921 1001 meliorem
954 944 1104 1010 ﬁeri,
1133 948 1192 998 et
1221 958 1357 997 eum
1380 942 1479 1012 qui
1511 939 1867 995 novissimus
1891 936 2053 990 venit

396 1037 661 1110 priorem
710 1035 867 1089 efﬁci
887 1034 968 1101 “;
1030 1031 1514 1103 quandoquidem
1545 1036 1604 1084 et
1628 1046 1731 1083 eos
1762 1027 1863 1097 qui
1894 1026 2052 1080 circa

398 1125 778 1180 undecimam
808 1124 1016 1177 horam
1048 1122 1312 1187 veniunt,
1343 1119 1557 1190 recipit
1576 1117 1862 1173 Dominus
1892 1112 1956 1166 ⁸⁵.
1992 1111 2049 1167 Si

397 1213 461 1267 in
492 1212 778 1285 apostolis
812 1211 1051 1266 inventa
1080 1216 1169 1265 est
1196 1208 1475 1281 proditio,
1504 1207 1740 1261 miraris
1763 1204 1810 1259 si
1842 1203 1904 1257 in
1935 1201 2053 1272 epi-

399 1304 595 1374 scopis
624 1318 861 1373 quoque
908 1301 1236 1355 fraternum
1269 1297 1473 1353 odium
1531 1292 1909 1367 reperiatur?
1937 1289 2050 1345 Sed

397 1392 633 1462 signum
651 1392 761 1445 hoc
793 1406 913 1444 non
935 1388 1009 1443 ad
1040 1388 1340 1460 principes
1373 1392 1624 1451 tantum,
1650 1398 1849 1437 verum
1869 1378 2048 1434 etiam

398 1482 470 1537 ad
502 1480 750 1553 populos
772 1480 1050 1551 pertinet.
1084 1478 1180 1533 Ait
1206 1478 1395 1532 enim:
1431 1498 1459 1525 ‹‹
1493 1477 1562 1529 Ει
1585 1478 1826 1545 propter
1846 1468 2049 1525 multi—

404 1571 835 1642 uplicationem
894 1567 1227 1638 iniquitatis
1261 1609 1274 1632 ,
1335 1566 1677 1637 refrigescet
1726 1560 2049 1615 multorum

401 1682 429 1709 ι(
460 1660 716 1714 charitas
741 1657 807 1713 ⁸⁵.
841 1680 860 1705 ι
899 1656 1369 1711 Prmsentiumne
1413 1654 1733 1725 quisquam
1765 1666 1827 1704 se
1858 1649 2048 1703 since-

396 1765 525 1803 ram
558 1754 616 1803 et
654 1748 879 1817 absque
937 1745 1320 1800 simulatione
1371 1744 1655 1798 adversus
1712 1739 2048 1810 proximum

2158 597 2294 645 νοις,
2329 572 2473 630 ἀλλὰ
2502 581 2618 639 τοῖς
2676 579 3095 652 γεγραμμένοις.
3154 580 3292 638 Οὔτε
3345 581 3404 637 ἂν
3461 583 3564 657 ἐγὼ
3598 586 3626 638 6
3653 581 3803 639 διδά-

2158 685 2284 719 σκον
2320 686 2377 720 σε
2407 665 2743 740 ἀπώλωμαι,
2777 667 2870 723 καὶ
2923 669 2986 724 σὺ
3050 692 3143 743 μοι
3201 672 3505 747 συναπολῇ’
3565 674 3693 730 ἀλλ’
3724 669 3807 746 EE-

2158 775 2268 810 εστι
2299 756 2389 811 καὶ
2419 757 2691 832 ἀκροατὴν
2717 757 2986 816 καλλίονα
3013 761 3252 838 γενέσθαι
3298 769 3396 819 τοῦ
3456 762 3806 835 διδασκάλου,

2157 844 2248 899 καὶ
2299 846 2392 900 τὸν
2452 844 2681 922 ἔσχατον
2740 847 2967 912 ἐλθόντα
3023 850 3266 925 γενέσθαι
3327 858 3566 927 πρῶτον
3617 853 3805 925 ἐπειδὴ

2157 934 2245 987 καὶ
2276 932 2403 996 τοὺς
2432 937 2553 1011 περὶ
2594 939 2693 1006 τήν
2754 936 3038 1010 ἑνδεκάτην
3096 940 3239 1016 ὥραν
3296 940 3513 1016 δέχεται
3545 944 3572 999 6
3606 946 3809 999 Δεσπό-

2155 1044 2278 1092 της.
2309 1023 2371 1078 El
2420 1025 2472 1079 ἐν
2528 1027 2857 1091 ἀποστόλοις
2917 1030 3104 1103 εὑρέθη
3165 1030 3453 1106 προδοσία,
3512 1035 3805 1106 θαυμάζεις

2158 1111 2204 1166 εἰ
2233 1111 2322 1166 καὶ
2360 1133 2413 1167 εν
2473 1112 2792 1179 ἐπισκόποις
2849 1119 3149 1192 εὑρίσκεται
3212 1118 3541 1195 μισαδελφία
3574 1142 3587 1191 ;
3622 1125 3635 1144 ’
3664 1120 3805 1179 Αλλ’

2158 1202 2223 1256 οὐ
2260 1197 2425 1274 μόνον
2459 1204 2581 1278 περὶ
2610 1208 2719 1259 τῶν
2780 1206 3060 1281 ἀρχόντων
3114 1207 3177 1263 τὸ
3236 1216 3488 1281 σημεῖον,
3520 1209 3665 1266 ἀλλὰ
3715 1211 3804 1266 καὶ

2159 1291 2422 1365 περὶτῶν
2465 1290 2634 1347 λαῶν·
2686 1295 2819 1368 φησὶ
2877 1299 3003 1370 γάρ·
3066 1297 3167 1354 Καὶ
3226 1297 3315 1352 διὰ
3369 1300 3430 1354 τό
3487 1300 3803 1372 πληθυνθῆ-

2156 1398 2242 1433 ναι
2296 1381 2396 1448 τὴν
2453 1381 2714 1453 ἀνομίαν,
2774 1386 3073 1458 ψυγήσεται
3131 1390 3235 1440 τῶν
3295 1386 3520 1443 πολλῶν
3580 1392 3615 1458 ἡ
3676 1392 3802 1466 ἀγά-

2157 1488 2257 1536 πη.
2293 1471 2634 1544 Καυχήσεταί
2680 1493 2761 1534 τις
2794 1475 2896 1549 ἆρα
2950 1478 3057 1528 τῶν
3111 1477 3391 1550 παρόντων
3444 1477 3803 1552 ἀνυπόκριτον

2158 1555 2305 1631 ἔχειν
2325 1559 2461 1633 πρὸς
2490 1560 2581 1615 τὸν
2613 1561 2847 1632 πλησίον
2873 1564 2971 1632 τὴν
2998 1563 3182 1639 φιλίαν
3211 1585 3223 1634 ;
3248 1566 3391 1642 Οὐχὶ
3416 1568 3484 1623 τὰ
3516 1571 3612 1641 μὲν
3636 1568 3799 1645 χείλη

2158 1642 2432 1709 πολλάκις
2488 1646 2641 1725 φιλεῖ
2674 1693 2687 1712 ,
2745 1651 2833 1706 καὶ
2889 1653 2953 1707 τὸ
3008 1653 3300 1727 πρόσωπον
3362 1655 3559 1728 μειδιᾷ,
3756 1660 3809 1713 οἳ

2161 1732 2438 1809 ὀφθαλμοὶ
2472 1733 2631 1805 δῆθεν
2664 1737 2872 1814 ἱλαροί·
2903 1742 2930 1808 ἦ
2965 1738 3022 1795 δὲ
3038 1740 3233 1816 καρδία
3254 1745 3585 1800 τεκταίνεται
3616 1744 3809 1817 δόλον,

397 1837 724 1892 amicitiam
756 1808 974 1890 habere
1005 1834 1364 1905 gloriaturus
1396 1831 1532 1885 est?
1562 1808 1766 1884 Nonne
1787 1839 2040 1898 persaepe

2159 1820 2250 1874 καὶ
2282 1829 2661 1895 κατασκευάζει
2693 1832 2770 1901 (3)
2802 1831 2960 1901 κακὰ,
2994 1830 3179 1887 λαλῶν
3209 1833 3474 1908 εἰρηνικά.

398 1930 457 1981 et
485 1926 645 1981 labia
674 1924 1040 1991 osculantur,
1079 1928 1137 1976 et
1182 1922 1382 1976 vultus
1441 1918 1685 1985 arridet,
1742 1921 1800 1970 et
1828 1913 2049 1969 hilares
2080 1917 2221 1967 sunt
2249 1913 2427 1983 oculi,
2460 1931 2594 1971 cum
2626 1925 2832 1989 pectus
2864 1922 3240 1979 machinatur
3290 1924 3514 1996 dolum,
3549 1933 3606 1981 et
3636 1930 3813 1983 struit

398 2014 557 2069 mala
586 2015 686 2085 qui
719 2014 966 2085 paciﬁca
997 2012 1258 2082 loquitur
1284 2009 1329 2046 ⁸⁷
1361 2010 1389 2065 ‘I

474 2105 615 2158 VIII.
646 2103 836 2158 Habes
867 2118 1104 2173 quoque
1137 2106 1194 2155 et
1225 2101 1335 2158 hoc
1366 2100 1599 2171 signum
1635 2115 1647 2152 :
1681 2119 1710 2148 «
1742 2098 1813 2150 Et
1841 2093 2054 2166 praadi-

402 2214 431 2243 «
463 2193 693 2248 cabitur
726 2190 1100 2263 Evangelium
1132 2190 1244 2244 hoc
1274 2189 1517 2261 regniin
1537 2193 1660 2243 tota
1679 2186 1820 2241 orbe
1842 2185 1903 2239 in
1935 2189 2056 2239 tes-

398 2305 426 2331 ‹‹
466 2281 779 2336 timonium
811 2279 1088 2335 omnibus
1126 2278 1430 2348 gentibus;
1455 2281 1513 2331 et
1544 2281 1683 2331 tunc
1707 2275 1843 2329 finis
1874 2273 2052 2329 adve-

392 2393 423 2421 ι(
456 2369 665 2426 ιιίθιδε.
694 2396 715 2422 ι
762 2372 830 2423 Et
872 2368 1016 2431 fere,
1062 2373 1126 2421 ut
1174 2367 1462 2434 videmus,
1510 2366 1824 2420 universus
1873 2378 2046 2418 mun-

385 2459 495 2516 dus
524 2462 601 2530 (1)
626 2458 901 2513 doctrina
931 2456 1003 2510 de
1035 2455 1266 2510 Christo
1299 2455 1576 2527 oppletus
1608 2460 1717 2510 est.

458 2637 547 2692 IX.
576 2638 648 2689 Et
671 2633 815 2705 quid
834 2638 1041 2704 postea
1072 2632 1218 2687 ﬁet?
1243 2632 1395 2687 Dicit
1416 2632 1477 2686 in
1502 2629 2042 2702 consequentibus:

381 2748 410 2776 «
435 2724 681 2791 Quando
710 2724 887 2795 igitur
912 2721 1177 2775 videritis
1209 2721 1710 2776 abominationem
1735 2718 2045 2773 desolatio-

380 2838 407 2865 (ι
431 2815 547 2881 nis,
574 2830 704 2884 quae
728 2813 886 2867 dicta
910 2817 999 2866 est
1021 2827 1055 2865 a
1077 2811 1319 2865 Daniele
1341 2810 1649 2881 propheta,
1693 2813 1944 2863 stantem
1978 2809 2042 2863 in

380 2926 409 2955 «
433 2905 562 2959 loco
592 2907 795 2958 sa'icto
824 2920 836 2967 ;
863 2901 963 2972 qui
989 2900 1132 2972 legit
1153 2899 1445 2971 intelligat
1464 2897 1538 2952 8°:
1564 2905 1616 2953 et
1630 2913 1819 2953 rursus
1840 2914 1858 2952 :
1880 2898 2040 2952 Tunc

377 3016 405 3044 «
437 2994 485 3050 si
523 2994 656 3064 quis
672 2991 835 3046 vobis
858 2990 1111 3045 dixerit:
1145 2990 1291 3043 Ecce
1321 2988 1417 3042 hic
1468 2993 1557 3042 est
1595 2988 1881 3050 Christus,
1916 2993 2037 3051 aut,

382 3104 411 3131 «
438 3084 586 3136 Ecce
622 3079 768 3145 illic,
804 3094 879 3133 ne
938 3077 1192 3132 credatis
1214 3077 1276 3131 °°.
1305 3098 1332 3125 ››
1381 3074 1425 3112 ⁹¹
1452 3077 1798 3131 Fraternuni
1834 3075 2036 3131 odium

2238 2093 2311 2150 9'.
2344 2095 2527 2170 Ἔχεις
2556 2097 2646 2151 καὶ
2674 2102 2835 2154 τοῦτο
2883 2101 2946 2155 τὸ
3001 2107 3253 2174 σημεῖον·
3309 2103 3404 2159 Καὶ
3457 2108 3812 2180 κηρυχθήσε-

2161 2201 2248 2235 ται
2306 2182 2370 2237 τὸ
2426 2182 2764 2260 Βὺαγγέλιον
2820 2193 2980 2244 τοῦτο
3061 2198 3162 2259 τῆς
3249 2192 3528 2267 βασιλείας
3591 2193 3643 2249 ἐν
3701 2193 3807 2270 ὅλῃ

2159 2273 2227 2343 τῇ
2289 2270 2608 2349 οἰκουμένῃ,
2699 2275 2776 2337 είς
2833 2278 3128 2353 μαρτύριον
3206 2287 3334 2336 πᾶσι
3391 2288 3508 2344 τοῖς
3586 2280 3754 2338 ἔθνεσι
3790 2305 3804 2318 ο

2157 2360 2246 2449 καὶ
2274 2363 2398 2417 τότε
2425 2364 2540 2433 ἢζει
2567 2366 2630 2420 τὸ
2684 2364 2870 2429 τέλος.
2940 2371 3041 2425 Καὶ
3102 2369 3320 2445 σχεδὸν,
3377 2373 3450 2435 ὡς
3506 2374 3747 2449 ὁρῶμεν,
3780 2374 3809 2429 6

2156 2446 2363 2524 κόσμος
2398 2453 2536 2515 ἅπας
2563 2461 2663 2524 τῆς
2713 2457 2833 2532 περὶ
2895 2460 3129 2533 Χριστοῦ
3187 2446 3549 2525 διδασκαλίας.
3591 2462 3804 2534 πεπλή-

2156 2561 2346 2616 ρωται.

2228 2631 2283 2687 l'.
2316 2630 2486 2686 Καὶτί
2528 2633 2661 2703 μετά
2716 2631 2879 2688 τοῦτο
2933 2637 3185 2710 γίνεται;
3247 2640 3410 2712 φησὶν
3444 2641 3589 2712 ἑξῆς·
3636 2646 3801 2701 ⁶Ὀταν

2155 2719 2247 2773 οὗν
2300 2717 2453 2790 ἴδητε
2492 2722 2570 2809 Ῠτὸ
2633 2719 2920 2797 βδέλυγμα
2971 2731 3072 2794 τῆς
3132 2725 3487 2801 ἐρημώσεως,
3520 2731 3582 2786 τὸ
3643 2732 3800 2809 ῥηϐἐδ

2155 2809 2257 2864 ὑπὸ
2317 2808 2523 2878 Δανιὴλ
2598 2815 2668 2879 (4)
2746 2816 2842 2867 τοῦ
2900 2816 3235 2892 προφήτου,
3296 2818 3460 2880 ἑστὼς
3512 2820 3563 2874 ἐν
3649 2822 3801 2896 τόπῳ

2151 2898 2307 2974 ἁγίῳ·
2384 2900 2411 2953 6
2494 2899 2871 2974 ἀναγινώσκων
2957 2908 3170 2958 νοείτω·
3256 2906 3346 2961 καὶ
3404 2907 3569 2964 πάλιν
3606 2929 3619 2940 ·
3669 2913 3801 2968 Τότε

2149 2985 2240 3042 ἐὰν
2288 3008 2371 3050 τις
2432 2988 2559 3061 ὑμῖν
2621 2988 2765 3064 εἴπῃ,
2823 2987 2961 3047 Ἰδοὺ
3017 2990 3124 3047 ὦδε
3182 2995 3209 3048 6
3263 2997 3494 3070 Χριστὸς
3550 2998 3608 3071 ἢ,
3660 2998 3797 3056 Ἰδοὺ

2147 3074 2279 3145 ἐκεῖ,
2326 3078 2402 3148 μὴ
2456 3078 2797 3148 πιστεύσητε.
2852 3080 2916 3137 ἹΙ
2977 3079 3304 3160 μισαδελφία
3364 3082 3556 3140 δίδωσι
3608 3087 3801 3146 λοιπὸν

386 3170 748 3224 Antichristo
770 3168 870 3222 dat
883 3167 1163 3237 deinceps
1182 3165 1399 3219 locum.
1424 3167 1725 3236 Praaparat
1739 3165 1898 3219 enim
1923 3164 2040 3220 dia<

2157 3164 2340 3240 χώραν
2370 3169 2448 3236 τῷ
2480 3167 2870 3242 Ἀντιχρίστῳ.
2928 3155 3317 3244 Προετοιμάζει
3348 3174 3449 3248 γὰρ
3477 3176 3505 3230 ὁ
3538 3172 3801 3240 διάϐολος

383 3258 557 3313 holus
574 3258 862 3312 scissuras
882 3255 1235 3325 populorum
1250 3260 1314 3308 ut
1334 3254 1459 3325 ipse
1483 3270 1617 3309 cum
1639 3254 1868 3308 venerit
1882 3253 2044 3308 favo-

384 3346 636 3402 rabilius
665 3345 1008 3415 recipiatur.
1031 3344 1198 3398 Absit
1218 3360 1374 3411 vero,
1395 3349 1462 3397 ut
1488 3344 1804 3414 quisquam
1828 3359 2035 3398 eorum

384 3435 487 3506 qui
520 3434 615 3488 hic
648 3433 885 3500 adsunt,
932 3432 1018 3486 vel
1052 3432 1393 3503 quicunque
1445 3437 1585 3486 sunt
1640 3430 1807 3497 alibi,
1839 3447 2037 3487 servo-

372 3540 536 3589 rum,
567 3522 642 3578 ad
675 3522 910 3577 hostem
934 3526 1222 3576 accurrat.
1253 3522 1332 3575 De
1354 3521 1465 3575 hoc
1496 3520 1764 3575 scribens
1795 3526 2033 3591 aposto-

374 3615 471 3671 lus
551 3614 769 3670 Paulus
828 3613 1208 3684 perspicuum
1273 3611 1507 3684 signum
1565 3611 1748 3679 dedit,
1810 3611 2035 3668 dicens:

383 3728 405 3755 α
445 3705 736 3772 Quoniam
766 3704 883 3758 nisi
912 3703 1142 3758 venerit
1171 3702 1337 3773 prius
1361 3702 1636 3769 defectio,
1657 3707 1717 3756 et
1746 3701 2039 3758 revelatus

448 3830 495 3867 ³⁴
526 3830 726 3885 Matth.
753 3846 844 3893 xx,
886 3830 971 3895 I6,
1045 3826 1093 3862 ⁸⁵
1123 3826 1267 3880 ibid.
1303 3829 1356 3893 6,
1391 3831 1443 3880 7.
1519 3825 1565 3861 ⁸⁸
1596 3826 1797 3881 Matth.
1831 3844 1978 3895 xxiv,
2008 3829 2093 3883 12.

368 3903 418 3940 ⁹⁰
453 3902 599 3960 ibid.
629 3903 718 3957 23.
795 3898 839 3936 ⁹¹
883 3900 1011 3955 Vid.
1047 3905 1158 3953 cat.
1191 3899 1245 3965 4,
1279 3914 1339 3952 ιι.
1375 3900 1461 3954 15.

383 4044 706 4102 Arianismi
740 4042 1218 4099 criminationem
1240 4039 1567 4094 inferrent:
1603 4055 1811 4093 omnes
1839 4042 2039 4093 tamen

385 4120 644 4175 exterius
686 4116 1015 4171 retinerent
1070 4111 1346 4166 Ecclesiaa
1394 4111 1757 4165 societatem.
1795 4109 1959 4174 Quod
1989 4110 2037 4165 si

381 4197 521 4262 post
548 4188 867 4263 concilium
901 4184 1247 4263 Sardicense
1271 4181 1814 4263 scripsitnCyrninllus,
1849 4182 2041 4253 major

384 4252 563 4316 etiam
583 4266 709 4315 erat
729 4255 1114 4314 ecclesiastici
1138 4255 1314 4325 hujus
1347 4252 1576 4308 dissidii
1598 4252 1868 4325 offensio,
1895 4252 2035 4307 ocn-

383 4333 520 4389 cilio
545 4349 649 4403 per
665 4328 1054 4403 Orientalium
1086 4323 1281 4403 fugam
1302 4326 1362 4403 in
1385 4325 1500 4403 duo
1523 4325 1778 4379 concilia
1808 4323 1993 4403 diviso
2021 4341 2034 4391 ;

380 4397 559 4475 atque
576 4398 1046 4475 anathemateab
1073 4397 1362 4475 episcopis
1376 4402 1765 4475 utrarumque
1779 4397 2036 4475 partium

2150 3255 2217 3309 τὰ
2260 3255 2503 3329 σχίματα
2557 3259 2664 3310 τῶν
2718 3254 2885 3325 λαῶν,
2923 3255 3016 3312 ἵνα
3071 3258 3464 3336 εὐπαράδεκτος
3520 3266 3798 3339 γενηταιὸ

2145 3343 2469 3419 ἐρχόμενος.
2503 3346 2596 3413 Μὴ
2629 3344 2841 3419 γένοιτο
2875 3344 2933 3402 δὲ
2966 3344 3175 3420 μηδένα
3219 3354 3326 3405 τῶν
3361 3349 3602 3423 ἔνταῦθα,
3658 3354 3798 3428 μηδὶ

2144 3436 2251 3487 τῶν
2286 3430 2541 3507 ἀλλαχοῦ
2590 3430 2803 3489 δουλων
2865 3432 2958 3489 τοῖ’)
3005 3441 3264 3512 Χριστοῦ,
3316 3438 3687 3516 προσδραμεῖν
3718 3450 3796 3518 τῷ

2146 3521 2352 3598 ἐχθρῷ.
2416 3523 2544 3596 Περὶ
2601 3521 2800 3578 τούτου
2858 3526 3085 3602 γράφων
3118 3528 3146 3581 6
3195 3527 3500 3593 ἀπόστολος
3554 3532 3797 3605 Παῦλος,

2147 3612 2375 3687 φανερὸν
2411 3608 2580 3666 ἔδωκε
2608 3632 2862 3685 σημειον,
2922 3612 3117 3689 λέγων·
3152 3616 3275 3675 Ὀτι
3308 3616 3395 3673 ἐὰν
3455 3622 3531 3693 μὴ
3594 3620 3728 3696 ἔλθῃ
3760 3625 3796 3694 ἡ

2147 3700 2448 3756 ἀποστασία
2503 3705 2721 3775 πρῶτον
2754 3744 2769 3772 ,
2841 3702 2933 3757 καὶ
3000 3703 3362 3784 ἀποκαλυφθῇ
3424 3709 3454 3762 6
3512 3708 3802 3784 ἄνθρωπος

2169 3828 2214 3864 ⁸⁷
2241 3827 2398 3884 Psal.
2433 3845 2605 3895 xxvu,
2637 3831 2689 3884 3.
2791 3827 2839 3864 ⁸⁸
2870 3830 3071 3888 Matth.
3106 3848 3253 3901 xxxv,
3293 3834 3376 3888 14.
3453 3835 3500 3872 ⁸⁹
3528 3836 3671 3893 ibid.
3706 3842 3795 3893 15-

2148 4038 2342 4120 πᾴντες
2373 4040 2424 4120 ot
2456 4039 2522 4120 ἐξ
2540 4038 2729 4108 ἐθνῶν,
2753 4060 2902 4120 _pro-
2936 4044 3151 4120 Christi
3202 4050 3444 4106 nomine
3474 4054 3651 4120 mori,
3684 4059 3796 4109 cat.

2150 4115 2235 4190 10ξ
2270 4129 2331 4167 ιι.
2367 4114 2451 4167 10.
2486 4115 2717 4190 Persas,
2751 4114 3016 4190 Scythas,
3048 4119 3345 4190 [Egyptios
3375 4123 3587 4178 Christi
3625 4114 3797 4180 cruce

2150 4183 2423 4240 subactos
2447 4187 2667 4257 cat.l3.
2700 4202 2755 4239 ιι.
2788 4183 2857 4239 40
2882 4204 2894 4240 :
2920 4183 3233 4244 Persarum
3256 4208 3491 4257 genera.
3518 4197 3799 4251 Indorum

2146 4262 2383 4380 gentes,
2448 4256 2685 4323 Gothos,
2745 4258 3143 4325 Sauromatas,
3206 4263 3420 4329 Gallos,
3478 4267 3796 4338 Hispanos.

2203 4343 2399 4380 auros.
2434 4328 2621 4380 AfI‘OS.
2655 4328 2901 4380 Arabas.
2933 4331 3248 4380 .‘EUIiODRS-
3277 4341 3333 4380 et.
3363 4336 3510 4380 alia:
3541 4356 3791 4380 nuarum

2203 4343 2410 4408 auros,
2434 4328 2906 4409 Δῖνος,Ἀνειὶιεις)ἱ
2933 4331 3251 4403 Αεῖιιιὶοροε,
3277 4341 3336 4409 et
3362 4328 3510 4409 alias
3541 4328 3795 4409 quarum

2148 4413 2221 4451 ne
2252 4399 2493 4482 nomina
2515 4399 2754 4482 quidem
2776 4399 3187 4482 ηονὶιιιιιε.εέιι
3199 4413 3301 4472 tes,
3327 4399 3799 4482 habere‘episco-

379 4467 511 4552 cuin
545 4473 890 4552 gravissima
920 4468 1165 4552 alterius
1214 4467 1409 4552 partis.
1447 4467 1941 4552 accusationenin
1970 4482 2035 4552 se
2065 4478 2113 4542 ί)
2144 4485 2274 4552 pps,
2326 4467 2703 4552 presbyteros
2729 4512 2742 4537 ,
2802 4467 3108 4552 diaconos:
3167 4467 3555 4535 monasticam
3609 4467 3795 4537 'vitam

379 4537 631 4602 invicEm
656 4546 832 4600 dicto.
854 4544 917 4595 In
941 4541 1034 4595 his
1058 4555 1231 4610 porro
1251 4555 1311 4593 se
1327 4537 1505 4592 veluti
1526 4538 1789 4592 medium
1813 4537 2033 4591 etnulli

380 4618 534 4692 parti
549 4612 1043 4692 addictumhabet
1062 4609 1335 4692 Cnyrillus,
1358 4615 1640 4692 utrosque
1663 4615 2032 4692 suspectans,

379 4679 437 4746 ἐι
460 4691 531 4745 ab
558 4688 787 4744 neutris
810 4686 1050 4741 divisus.
1085 4679 1219 4736 Erat
1247 4680 1343 4734 hic
1375 4698 1443 4735 eo
1471 4686 1735 4750 tempore
1758 4679 2034 4734 Ecclesiae

377 4760 927 4831 Hierosolymitanaa
948 4760 1164 4831 status.
1190 4753 1477 4831 Maximus
1509 4752 1667 4831 enim
1700 4751 2031 4831 episcopus,

381 4821 709 4915 postquam
731 4828 1045 4915 enconci‘lio
1072 4824 1338 4915 Tyriensi
1372 4821 1762 4915 discessisset,
1804 4821 2034 4915 nlul‘lam

383 4893 447 4958 in
470 4893 832 4959 iis‘discidiis
854 4893 1333 4970 partem_habere
1358 4895 1544 4950 voluit
1568 4911 1579 4948 :
1606 4910 1798 4970 neque
1829 4893 2034 4948 Orien-

389 4974 601 5029 talium
623 4966 874 5028 concilia
904 4977 961 5024 et
988 4967 1329 5024 molitiones
1361 4984 1468 5022 sua
1496 4966 1815 5038 praasentia
1833 4980 2036 5038 assen-

390 5061 527 5099 suve
560 5042 970 5112 comprobans,
1005 5057 1115 5094 nec
1145 5055 1318 5109 porro
1342 5036 1822 5112 communionem
1843 5036 2030 5112 _Atha-

386 5116 540 5171 nasii
574 5107 775 5168 fovens
803 5130 814 5165 :
849 5113 1037 5167 donec
1061 5107 1190 5165 eam
1222 5126 1358 5164 ann.
1382 5111 1484 5164 349
1507 5110 1578 5164 ab
1610 5110 1738 5180 ipso
1769 5107 2025 5180 Athana-

386 5188 473 5242 sio
505 5184 579 5241 de
609 5183 915 5239 fraudibus
962 5182 1313 5236 Arianorum
1346 5182 1610 5250 edoctus,
1635 5179 1776 5235 cum
1826 5179 2027 5234 conci-

384 5259 464 5314 lio
497 5256 814 5312 Palaestino
847 5254 1154 5324 amplexus
1186 5259 1293 5307 est.

450 5331 528 5400 (1)
552 5331 686 5383 Fere
715 5321 1284 5400 universdsLmundus,
1319 5329 1428 5400 etc.
1480 5322 1761 5400 Mundum
1793 5321 2028 5400 univer—

381 5392 520 5458 sum
540 5400 915 5468 redemptum
929 5413 963 5451 a
981 5395 1209 5468 Christo
1224 5394 1337 5465 ipsi
1360 5394 1601 5451 credere
1623 5400 1681 5448 et
1699 5392 2025 5468 obedivisse

379 5473 639 5530 dicitcat
688 5464 770 5527 13',
807 5485 865 5522 ιι.
902 5470 924 5521 1
962 5471 1019 5521 et
1047 5467 1134 5529 40,
1168 5481 1235 5519 ac
1258 5464 1375 5520 cat.
1412 5468 1497 5529 14,
1549 5482 1692 5520 num
1756 5466 1815 5517 14
1850 5480 1862 5516 :
1897 5464 2025 5533 ejus

376 5561 597 5602 nomen
616 5544 675 5598 in
697 5540 972 5597 universo
1004 5535 1142 5590 orbe
1176 5536 1537 5596 annuntiari.
1563 5542 1674 5591 cat.
1715 5539 1795 5599 10,
1832 5552 1887 5587 ιι.
1956 5538 2021 5599 6;

375 5617 689 5675 ecclesiam
712 5612 895 5669 nullis
913 5607 1130 5665 ﬁnibus
1153 5606 1610 5661 determinatam
1628 5622 1780 5671 esse,
1796 5611 1907 5660 cat.
1938 5608 2022 5671 I8,

368 5708 433 5747 ιι.
467 5693 555 5745 27.
589 5689 685 5743 Ait
718 5690 926 5742 Persas
958 5687 1016 5737 et
1045 5678 1284 5741 Gothos,
1310 5683 1368 5731 et
1391 5694 1599 5732 omnes
1630 5693 1699 5731 ex
1727 5677 2021 5748 gentibus.

2144 4541 2412 4623 ahentes,
2445 4541 2722 4623 virgines,
2755 4548 2815 4596 et
2840 4543 3317 4623 reliquoslaicos
3343 4568 3377 4605 a
3406 4552 3625 4622 Spiritu
3659 4571 3799 4609 san-

2145 4619 2238 4690 cto
2270 4613 2828 4690 diversisjirtutum
2890 4620 2947 4667 et
2975 4613 3293 4687 gratiarum
3350 4613 3524 4678 donis
3555 4625 3795 4690 ditatos,

2145 4689 2257 4765 cat.
2296 4687 2379 4765 lg,
2413 4702 2471 4738 n.
2506 4685 2949 4765 2?..-Perfectam
2984 4685 3182 4743 autem
3205 4697 3263 4745 et
3291 4695 3648 4765 completam
3674 4685 3796 4751 toto

2145 4753 2286 4837 orbe
2317 4755 2611 4837 Evangelii
2636 4756 3141 4837 praedicationem,
3176 4778 3293 4817 non
3318 4753 3800 4835 pro‘conditione

2146 4830 2375 4907 tantum
2409 4828 2538 4907 sine
2566 4843 2685 4897 qua
2715 4828 3114 4907 Antichristus
3145 4849 3264 4907 non
3282 4828 3642 4894 adventurus
3664 4841 3800 4903 erit,

2149 4896 2253 4971 sed
2277 4903 2335 4949 et
2358 4914 2463 4971 pro
2494 4896 2659 4971 signo
2692 4900 2820 4969 ejus
2850 4901 3115 4971 proxime
3142 4906 3403 4965 atfuturi.
3422 4908 3619 4966 habet.
3656 4896 3796 4966 Vide

2148 4967 2671 5041 Malvendamﬁlib.
2706 4967 2767 5024 ιιι
2800 4967 2871 5026 Dé
2900 4974 3261 5041 Antichristo,
3296 4995 3346 5032 c.
3380 4980 3466 5033 32.

2216 5038 2294 5109 (2)
2326 5040 2875 5121 [lpoﬂyéyeanraaﬁic
2906 5044 3175 5121 excodd.
3213 5038 3350 5121 Reg.
3394 5054 3535 5117 Hoc,
3576 5055 3796 5110 Casau-

2140 5108 2388 5197 bon..et
2417 5108 2703 5197 Grddecii.
2751 5113 2818 5167 In
2860 5113 3032 5170 ediiis
3065 5123 3155 5173 est
3184 5108 3432 5189 tantum,
3466 5108 3796 5197 γέγραπται,

2138 5188 2411 5249 scriptum
2442 5189 2539 5238 est.

2208 5252 2280 5323 (3)
2310 5252 2412 5307 Καὶ
2441 5250 2839 5321 κατασκευάζει.
2876 5257 3367 5323 Conjunctionem
3402 5263 3493 5318 καί
3523 5267 3802 5323 addimus

2138 5338 2207 5377 ex
2240 5325 2407 5408 codd.
2445 5328 2608 5408 Reg.”
2638 5328 2779 5408 Epe,
2811 5325 3164 5408 CasaubonL
3182 5335 3383 5408 voces,
3420 5335 3605 5391 λαλῶν
3640 5340 3797 5408 είρηο

2135 5396 2279 5472 ma,
2312 5393 2622 5472 desuntvin
2654 5398 2880 5472 M_orel.,
2913 5401 3101 5472 Colb.,
3140 5406 3305 5461 Bodl.
3373 5393 3381 5399 '
3691 5393 3703 5411 '

2206 5468 2282 5534 (4)
2329 5466 2471 5552 ’Ὑτιρ
2511 5466 2779 5552 ,Δανιήλιζ
2841 5472 3001 5552 Ορᾴά
3033 5466 3373 5552 :_'Co_islin..
3434 5482 3598 5552 Reg,

2136 5522 2408 5622 Casaub“
2444 5537 2532 5592 διὰ
2561 5522 2810 5622 add}:
3033 5522 3795 5621 llIa‘tthgquvan‘ggli’o:6;

2349 5612 2601 5736 su‘nipsit
2652 5629 2723 5667 ex
2754 5614 2927 5669 Marc.
2986 5634 3107 5686 xm,
3140 5622 3228 5687 14,
3261 5638 3391 5677 eam
3450 5609 3768 5677 lectionem

2310 5700 2436 5750 ανιη
2487 5721 2498 5736 .

4065 1158 4067 1247 l

4066 1694 4067 1771 ι

4066 2148 4067 2241 ἰ

4065 5908 4068 6083 l
