4138 6264
365 360 479 421 881

1080 363 1549 427 CATECHESIS
1592 364 1717 425 XV.
1764 363 1871 428 DE
1911 367 2282 429 SECUNDO
2327 365 2644 430 CHRISTI
2688 368 3087 432 ADVENTU.

3662 377 3784 436 882

369 498 471 563 τῆς
529 492 764 567 ἀνομίας
816 500 917 566 (1),
948 495 977 549 6
1006 496 1125 557 υἱὸς
1181 498 1282 561 τῆς
1340 494 1641 564 ἀπωλείας,
1668 497 1696 550 6
1724 496 2023 568 ἀντικείμεο

2139 521 2157 549 ι
2179 498 2332 556 228
2354 499 2722 557 fuerithomo
2743 502 3103 574 peccati,illo
3127 489 3787 580 ﬁliusperditionis,qul

376 604 473 644 νος
514 584 602 638 καὶ
664 584 1088 658 ὑπεραιρόμενος
1143 583 1232 639 ἐπὶ
1287 584 1461 641 πάντα
1516 584 1812 661 λεγόμενον
1871 587 2025 651 Θεὸν,

379 668 417 741 ἤ
476 669 742 746 σέϐασμα·
804 672 942 729 ὣστε
998 674 1156 729 αὐτὸν
1218 674 1296 738 εἰς
1344 676 1436 729 τὸν
1516 677 1642 731 ναὸν
1714 680 1813 732 τοῦ
1892 680 2027 731 Θεοῦ

378 762 619 834 καθίσαι,
702 760 1131 819 ἆποδεικνύοντα
1213 764 1422 834 ἑαυτὸν,
1510 766 1593 821 ὅτι
1681 764 1792 821 ἔστι
1874 765 2023 827 Θεός.

380 850 460 908 Οὐ
548 851 940 924 μνημονεύετε,
1018 852 1101 907 ὅτι
1184 850 1262 908 ἔτι
1346 849 1419 909 ὤν
1478 857 1616 929 πρὸς
1668 856 1809 927 ὑμᾶς
1860 859 2027 910 ταῦτα

376 935 569 1013 ἔλεγον
634 941 801 1012 ὑμῖν;
855 942 961 997 Καὶ
1023 945 1114 996 νῦν
1173 943 1236 997 τὸ
1289 943 1524 1017 κατέχον
1580 941 1783 1009 οἴδατε,
1834 944 1911 1007 εἰς
1963 943 2025 999 τὸ

373 1027 833 1106 ἀποκαλυφθῆναι
860 1030 1023 1085 αὐτὸν
1067 1029 1120 1085 ἐν
1177 1035 1259 1103 τῷ
1316 1029 1481 1086 αὐτοῦ
1536 1037 1731 1105 καιρῷ.
1788 1034 1865 1089 Τὸ
1920 1032 2024 1107 γὰρ

380 1120 679 1191 μυστήριον
737 1116 846 1187 ἠδη
906 1118 1202 1194 ἐνεργεῖται
1278 1126 1379 1189 τῆς
1455 1120 1703 1192 ἀνομίας³
1768 1120 1936 1193 μόνον
1996 1123 2025 1177 6

372 1207 628 1280 κατέχων
686 1204 830 1280 ἄρτι,
889 1204 990 1269 ἑως
1048 1207 1106 1262 ἐκ
1184 1207 1349 1281 μὲσου
1432 1208 1671 1285 γένηται.
1752 1210 1857 1266 Καὶ
1903 1210 2027 1265 τότε

374 1293 895 1373 ἀποκαλυφθήσεται
954 1298 983 1353 6
1034 1293 1261 1370 ἄνομος,
1321 1297 1379 1353 δν
1439 1299 1467 1353 6
1528 1298 1720 1371 Κύριος
1797 1301 1872 1371 (2)
1930 1298 2023 1353 ἀν-

374 1383 492 1440 ελεῖ
546 1389 626 1456 τῷ
682 1384 952 1458 πνεύματι
1009 1390 1106 1441 τοῦ
1164 1386 1435 1459 στόματος
1492 1388 1681 1458 αὐτοῦ,
1752 1387 1841 1442 καὶ
1897 1409 2025 1442 κατ-

372 1476 604 1549 αργήσει
680 1479 750 1549 τῇ
809 1475 1092 1553 ἐπιφανείᾳ
1146 1484 1248 1546 τῆς
1302 1477 1600 1551 παρουσίας
1657 1478 1848 1534 αὐτοῦ.
1908 1478 2026 1534 Οὗ-

378 1563 523 1619 ἐστιν
581 1567 616 1634 ἡ
673 1566 948 1640 παρουσία
1003 1568 1120 1621 κατ’
1178 1566 1445 1641 ἐνέργειαν
1498 1572 1596 1622 τοῦ
1681 1574 1914 1634 Σατανᾶ,
1971 1568 2023 1624 ἐν

381 1653 530 1729 πάσῃ
592 1652 817 1727 δυνάμει
877 1656 964 1710 καὶ
1025 1655 1276 1728 σημείοις
1341 1664 1432 1712 καί
1506 1656 1689 1731 τέρασι
1771 1655 2028 1732 ψεύδους,

378 1741 432 1797 ἐν
505 1744 653 1818 πάσῃ
712 1743 888 1816 ἀπάτῃ
961 1743 1173 1807 ἀδικίας
1228 1751 1344 1807 τοῖς
1398 1744 1830 1819 ἀπολλυμένοις.
1880 1750 2026 1804 Ταῦ-

376 1852 443 1886 τα
475 1832 571 1905 μὶν
632 1832 660 1886 6
719 1831 958 1894 Παῦλος.
1017 1835 1128 1889 Νῦν
1185 1830 1243 1888 δέ
1299 1834 1437 1889 ἐστιν
1496 1837 1531 1904 ἡ
1581 1836 1874 1890 ἀποστασία
1930 1840 2025 1909 (3)·

379 1922 683 1991 ἀπέστησαν
714 1921 814 1997 γὰρ
847 1923 899 1976 ol
930 1921 1208 1999 ἂνθρωποι
1266 1930 1369 1993 τῆς
1421 1924 1589 1999 ὀρθῆς
1635 1925 1886 1987 πίστεως·
1937 1925 2027 1980 καὶ

383 2011 571 2083 οἱμὲν
602 2011 955 2085 υἱοπατορίαν
1015 2008 1508 2087 καταγγέλλουσιν,
1558 2013 1611 2068 οἱ
1661 2010 1719 2068 δὲ
1758 2015 1849 2068 τὸν
1895 2016 2032 2087 Χρι-

384 2101 508 2156 στὸν
544 2099 595 2170 ἐξ
625 2099 726 2154 οὐκ
756 2097 928 2154 δντων
981 2100 1058 2161 εἰς
1113 2101 1176 2155 τὸ
1230 2101 1363 2155 εἶναι
1410 2102 1805 2177 παρενεχθὲντα
1851 2099 2029 2175 λέγειν

382 2188 657 2263 τολμῶσι.
694 2191 795 2246 Καὶ
828 2187 1096 2263 πρότερον
1131 2190 1222 2261 μὲν
1271 2189 1406 2259 ἦσαν
1466 2191 1686 2268 φανεροὶ
1734 2191 1788 2245 οἱ
1829 2191 2034 2262 αἱρετι-

381 2279 472 2335 κοὶ
512 2281 606 2352 (4),
665 2282 755 2332 νῦν
811 2276 869 2333 δὲ
915 2277 1278 2353 πεπλήρωται
1306 2282 1342 2349 ἡ
1371 2279 1669 2350 Ἐκκλησία
1719 2284 2033 2355 κεκρυμμὲ-

382 2390 489 2423 νων
522 2369 830 2442 αἱρετικῶν.
860 2366 1198 2436 ’Λπὲστησαν
1246 2367 1351 2442 γὰρ
1388 2369 1439 2422 οἱ
1472 2365 1750 2442 ἅνθρωποι
1798 2369 1903 2424 ἀπὸ
1932 2376 2034 2439 τῆς

381 2456 668 2526 ἀληθείας,
699 2455 789 2511 καὶ
820 2457 1113 2525 κνήθονται
1141 2457 1240 2525 τήν
1300 2456 1490 2526 ἀκοήν.
1544 2459 1718 2530 Λόγος
1765 2459 2032 2541 πιθανόςς

380 2546 470 2602 καὶ
502 2546 698 2606 πάντες
727 2544 1016 2599 ἁκούουσιν
1049 2541 1247 2614 ήδὲως.
1281 2546 1458 2621 Λόγος
1509 2545 1842 2624 ἐπιστροφῆς
1877 2567 1891 2616 ;
1941 2544 2034 2603 καί

383 2636 580 2696 πάντες
631 2635 1080 2710 ἀποστρέφονται.
1154 2633 1490 2704 Ἀπέστησαν
1546 2636 1598 2690 οἱ
1654 2634 1903 2691 πλεῖστοι
1955 2640 2032 2713 (5)

381 2728 491 2779 τῶν
527 2722 702 2797 ὀρθῶν
735 2720 933 2798 λόγων
965 2723 1057 2777 καὶ
1088 2720 1304 2794 μᾶλλον
1336 2723 1400 2777 τὸ
1452 2723 1615 2778 κακὸν
1665 2724 1966 2797 αἱροῦνται,
1993 2724 2028 2794 ἢ

377 2814 443 2869 τὸ
490 2813 687 2887 ἀγαθὸν
748 2815 1154 2886 προαιροῦνται.
1214 2810 1362 2881 Αὕτη
1421 2811 1598 2867 τοίνυν
1654 2810 1795 2867 ἐστὶν
1827 2815 1862 2883 ή
1894 2813 2029 2869 ἀπο-

377 2904 591 2973 στασία,
641 2901 731 2956 καὶ
819 2898 1013 2974 μέλλει
1084 2897 1490 2973 προσδοκᾶσθαι
1561 2902 1590 2956 6
1657 2898 1878 2976 δχθρός·
1936 2903 2029 2958 καὶ

2138 610 2168 639 ‹‹
2201 590 2572 647 adversarius
2593 597 2702 660 est,
2727 599 2786 647 et
2806 593 3115 648 extollitur
3129 595 3413 651 adversus
3426 614 3667 653 omnem
3686 587 3788 669 qu1

2137 700 2166 730 «
2189 679 2409 735 dicitur
2439 681 2593 735 Deus
2623 686 2727 736 aut
2755 698 2978 737 numen
3005 700 3020 748 ;
3053 682 3200 737 adeo
3231 688 3297 738 ut
3335 685 3394 738 in
3429 687 3649 757 templo
3683 689 3786 745 Dei

2138 788 2165 820 α
2197 769 2422 835 sedeat,
2454 776 2761 824 ostentans
2795 772 3109 842 etjactans
3134 787 3263 826 esse
3284 773 3490 828 Deum.
3521 777 3645 830 Non
3668 793 3788 832 me-

2139 878 2164 908 ιι
2198 858 2479 923 ministis,
2513 859 2673 929 quod
2705 876 2840 914 cum
2874 859 3068 915 adhuc
3111 876 3300 915 essem
3326 863 3481 931 apud
3506 880 3628 929 vos,
3660 866 3787 920 hanc

2138 965 2164 995 α
2200 945 2449 1001 dixerim
2480 946 2644 1002 vobis
2664 946 2692 1001 ‘I
2715 949 2785 1001 Et
2817 965 2975 1003 nunc
3006 947 3150 1019 quid
3182 949 3465 1015 detineat,
3502 953 3686 1019 scitis,
3719 959 3785 1008 ut

2137 1053 2163 1085 ι
2196 1034 2489 1089 reveletur
2518 1036 2579 1090 in
2613 1050 2717 1090 suo
2750 1042 3037 1108 tempore.
3071 1040 3216 1093 Nam
3266 1040 3616 1110 mysterium
3657 1043 3785 1112 jam

2135 1146 2163 1174 «
2198 1124 2391 1196 agitur
2419 1124 2770 1195 iniquitatis.
2797 1128 3046 1181 Tantum
3082 1127 3180 1196 qui
3203 1132 3366 1182 tenet
3386 1129 3447 1183 in
3470 1131 3792 1200 praesentia

2136 1234 2163 1263 ‹‹
2195 1210 2462 1285 [teneat],
2496 1214 2687 1269 donec
2718 1214 2789 1269 de
2820 1215 3019 1270 medio
3055 1216 3314 1271 tollatur.
3350 1219 3418 1271 Et
3449 1222 3590 1273 tunc
3620 1226 3788 1289 pate-

2143 1321 2164 1351 ιι
2197 1302 2422 1357 ﬁetille
2454 1302 2718 1373 iniquus,
2753 1319 2930 1373 quem
2963 1304 3249 1359 Dominus
3279 1306 3556 1360 conficiet
3577 1309 3786 1378 spiritu

2137 1413 2166 1442 «
2199 1391 2318 1445 oris
2341 1391 2452 1456 sui,
2487 1399 2546 1445 et
2575 1391 2836 1446 abolebit
2862 1393 3128 1448 claritate
3155 1395 3440 1450 adventus
3471 1398 3581 1451 sui.
3605 1398 3787 1468 Cujus

2137 1503 2165 1531 ιι
2199 1486 2290 1535 est
2319 1480 2604 1535 adventus
2636 1481 2965 1537 secundum
3000 1484 3408 1554 operationem
3448 1484 3701 1551 Satanae,
3726 1488 3789 1542 in

2138 1591 2168 1620 α
2191 1569 2354 1624 omni
2379 1570 2645 1640 potentia
2676 1576 2734 1624 et
2758 1572 2943 1642 signis
2974 1577 3033 1626 et
3061 1572 3345 1645 prodigiis
3376 1574 3693 1641 mendacii,
3724 1579 3784 1631 et

2138 1680 2167 1709 «
2200 1674 2335 1714 cum
2389 1658 2553 1712 omni
2612 1656 2962 1728 deceptione
3021 1659 3331 1729 injustitiaa
3406 1660 3480 1714 iis
3530 1661 3631 1731 qui
3682 1678 3789 1733 pe-

2139 1768 2168 1796 ‹‹
2197 1752 2372 1801 reunt
2395 1746 2440 1781 ”
2464 1767 2514 1801 ».
2539 1747 2673 1801 Haec
2696 1746 2938 1817 quidem
2968 1747 3207 1803 Paulus.
3231 1746 3280 1781 93
3308 1748 3477 1804 Nunc
3503 1765 3639 1804 vero
3671 1749 3783 1805 de-

2139 1835 2318 1891 fectio
2342 1837 2547 1904 est(6):
2573 1835 2919 1890 defecerunt
2932 1836 3091 1891 enim
3108 1836 3383 1892 homines
3399 1853 3434 1892 a
3452 1843 3614 1892 recta
3634 1838 3786 1907 fide;

2139 1928 2199 1977 et
2218 1923 2321 1978 alii
2338 1921 2579 1993 quidem
2592 1923 3190 1993 Filio-paternitatem
3205 1924 3559 1996 praedicant;
3575 1926 3677 1980 alii
3689 1912 3784 1980 ve-

2138 2028 2203 2067 ro
2226 2012 2526 2066 Christum
2546 2028 2619 2066 ex
2636 2028 2757 2067 non
2779 2014 3147 2067 exstantibus
3172 2013 3249 2068 ad
3280 2030 3409 2068 esse
3434 2014 3787 2085 perductum

2142 2101 2338 2156 dicere
2369 2101 2611 2156 audent.
2644 2103 2713 2154 Et
2742 2102 2906 2172 prius
2965 2101 3206 2173 quidem
3257 2104 3563 2173 conspicui
3618 2108 3788 2159 erant

2142 2190 2407 2245 haeretici
2431 2207 2445 2255 ;
2464 2205 2624 2244 nunc
2644 2195 2843 2244 autem
2864 2190 3114 2245 occultis
3135 2192 3430 2246 haereticis
3452 2193 3679 2263 repleta
3699 2197 3790 2248 est

2142 2279 2423 2334 Ecclesia.
2457 2278 2812 2333 Defecerunt
2854 2279 3016 2333 enim
3067 2280 3340 2334 homines
3371 2296 3405 2335 a
3431 2281 3697 2347 veritate,
3730 2286 3790 2335 et

2140 2369 2420 2439 pruriunt
2448 2366 2691 2421 auribus
2717 2366 2783 2421 9‘.
2818 2362 3126 2423 Sermo‘ad
3183 2368 3663 2439 persuadendum
3695 2385 3789 2423 ar-

2142 2458 2390 2512 tiﬁciose
2423 2456 2786 2527 compositus
2826 2458 3067 2529 agitur?
3117 2474 3326 2513 omnes
3374 2459 3633 2513 suaviter
3676 2474 3785 2514 au-

2142 2546 2317 2602 diunt
2340 2562 2351 2599 :
2377 2562 2570 2600 sermo
2589 2544 2662 2600 ad
2684 2546 2870 2601 animi
2892 2549 3341 2603 conversionem
3364 2552 3743 2618 comparatus
3760 2546 3788 2599 τ

2143 2651 2352 2692 omnes
2381 2641 2743 2690 avertuntur.
2779 2636 3132 2692 Defecerunt
3160 2637 3396 2708 plurimi
3419 2654 3453 2692 a
3481 2637 3658 2692 rectis
3681 2636 3787 2691 do-

2140 2725 2368 2789 ctrinis,
2400 2729 2460 2780 et
2488 2724 2715 2779 malum
2746 2726 3098 2796 propensius
3129 2726 3374 2798 eligunt,
3397 2742 3575 2797 quam
3598 2743 3659 2781 se
3682 2741 3789 2796 ap-

2139 2814 2366 2886 plicent
2392 2814 2569 2868 bono.
2602 2814 2736 2868 Haac
2766 2813 2945 2886 igitur
2973 2815 3207 2883 defectio
3236 2821 3334 2881 est,
3369 2822 3427 2869 et
3443 2820 3786 2886 exspectan-

2139 2904 2250 2959 dus
2270 2903 2402 2975 jam
2430 2902 2747 2970 inimicus;
2781 2908 2840 2956 et
2876 2903 3005 2974 jam
3052 2920 3124 2957 ex
3168 2908 3336 2976 parte
3385 2919 3783 2975 prmcursores

450 3044 498 3081 9'
528 3046 578 3100 ΙΙ
607 3046 811 3102 Thess.
845 3062 903 3114 ιι,
936 3046 966 3100 3
998 3061 1163 3116 seqq.
1240 3043 1287 3080 ’3
1322 3044 1446 3102 th.
1480 3051 1588 3101 cat.
1624 3045 1711 3115 11,
1742 3062 1802 3102 ιι.
1839 3049 1924 3102 17.
2001 3046 2027 3082 ⁹ί

2153 3045 2302 3103 Tim.
2336 3061 2407 3114 Iv,
2436 3044 2490 3110 3,
2514 3044 2568 3098 4.

446 3190 522 3262 (1)
555 3190 673 3256 Τῆς
704 3185 956 3262 ἀνομίας.
989 3188 1131 3244 Cod.
1152 3190 1328 3262 ARegq
1358 3189 1457 3251 τῆς
1498 3187 1800 3262 ἁμαρτίας,
1846 3195 1914 3245 ut
1960 3190 2025 3245 in

2139 3184 2308 3262 ἔργῳν
2340 3187 2598 3262 (GoisAlin.
2649 3192 2708 3242 et
2735 3185 3011 3262 Ottobon.
3045 3186 3350 3262 Aretinent,
3412 3182 3635 3262 λόγων),
3687 3186 3777 3241 καὶ

376 3260 539 3317 textu
569 3261 760 3316 sancti
794 3261 980 3333 Pauli.
1017 3260 1336 3315 Grodecius
1363 3261 1539 3315 vertit
1566 3260 1825 3333 quoque,
1867 3262 2025 3316 homo

419 3335 610 3388 eccati.
647 3333 757 3405 Sed
792 3332 960 3387 multi
992 3333 1282 3405 Patresget
1322 3349 1473 3405 mss._
1490 3332 1723 3405 habent
1746 3338 1814 3405 ut
1839 3333 2026 3405 Cyril-

404 3421 495 3460 us.
530 3404 711 3476 Paulo
745 3412 897 3475 post,
929 3410 1066 3459 ante
1096 3402 1332 3469 καθίσαι,
1366 3403 1604 3476 additur
1625 3405 1685 3457 in
1712 3404 1842 3460 cod.
1864 3402 2023 3476 Reg,

380 3475 457 3537 ὡς
488 3474 639 3541 Θεόν,
675 3474 941 3546 tanquam
997 3478 1200 3529 Deum:
1251 3474 1410 3546 quod
1458 3475 1709 3530 habetur
1753 3476 1815 3530 in
1864 3474 2024 3530 textu

384 3551 584 3604 Graeco
618 3548 670 3601 S.
699 3548 863 3602 Pauli
891 3564 904 3612 ;
931 3547 1033 3601 sed
1056 3546 1224 3601 abest
1239 3563 1274 3601 a
1296 3547 1538 3618 Vulgata
1560 3547 1850 3614 Latina,et
1869 3547 2025 3601 mul-

379 3621 457 3675 tis
485 3635 631 3689 mss.
664 3624 814 3673 teste
860 3619 1063 3672 Millio.
1098 3618 1261 3672 Idem
1292 3617 1443 3689 cod.
1465 3621 1601 3689 Reg.
1638 3619 1817 3673 habet
1847 3618 2020 3685 infra,

379 3689 434 3744 ἐν
474 3693 565 3762 τῷμ
587 3687 778 3762 ἑαυτοῦ
803 3693 996 3762 καιρῷ.
1029 3695 1095 3743 ut
1121 3690 1278 3761 apud
1306 3687 1575 3762 Paulum'3

448 3764 522 3830 (2)
552 3760 613 3816 '0
647 3761 866 3833 Κύριος.
899 3760 1017 3817 Roe
1050 3766 1109 3814 et
1137 3760 1465 3833 Casaubon,
1503 3760 1750 3828 addunt,
1783 3760 2018 3827 Ἰησοῦς,

373 3840 443 3890 ut
468 3829 733 3905 Vulgatag'
759 3839 966 3888 auctor
980 3833 1319 3905 legit.7Loco
1339 3829 1538 3885 ἀνελεῖ.
1574 3833 1708 3904 Reg.
1734 3832 2023 3905 scriptum

377 3901 901 3971 ὶιεὼεῐξάναλώσει,
932 3910 999 3959 ut
1027 3901 1117 3958 est
1145 3904 1206 3958 in
1236 3920 1402 3960 sacro
1434 3907 1617 3958 textu.
1651 3901 1725 3959 Ᾰῐ
1766 3901 2023 3974 Gyrillus

378 3978 538 4033 infra
566 3993 626 4030 ιι.
664 3979 750 4046 12,
783 3977 940 4031 hunc
970 3975 1169 4030 locum
1197 3992 1519 4046 recensene
1541 3975 1766 4043 scribit,
1790 3972 2019 4028 ἆνελώνο

381 4048 674 4118 multique
707 4043 906 4103 Patres
936 4043 1449 4118 ιθεθτιιιιινὰνελεῖ
1476 4116 1482 4118 Α
1509 4047 1690 4102 Paulo
1738 4053 1873 4118 post
1918 4063 2022 4117 pro

379 4120 480 4186 τὴν
514 4116 844 4194 ἐπιφάνειαν,
874 4116 1107 4194 scripsi,
1137 4120 1205 4189 τῇ
1238 4116 1644 4194 ἐπιφανείᾳ,ρξ
1676 4116 1838 4194 Rég..
1880 4116 2022 4185 R708,

382 4189 629 4247 Casaub.
644 4232 659 4250 .
693 4191 960 4257 Grodec.,
974 4191 1147 4260 juxta
1167 4189 2027 4261 Apostolum.Alioquirecepta

379 4263 558 4319 lectio
592 4262 774 4317 efﬁcit
805 4278 1047 4317 sensum
1086 4277 1206 4315 non
1254 4261 1733 4316 incommodum:
1785 4262 2026 4317 destruet

380 4335 695 4390 claritatem
737 4335 1048 4404 praesentiae
1077 4334 1244 4387 illius.
1280 4334 1391 4387 Pro
1420 4331 1505 4384 καὶ
1549 4330 1820 4404 σημείοις,
1885 4332 2022 4404 Reg.

382 4406 580 4473 habet,
616 4404 667 4458 ἐν
691 4402 822 4458 nam
851 4402 1124 4475 σημείοις,
1162 4410 1229 4457 ut
1272 4404 1399 4474 ipse
1444 4403 1696 4475 Cyrillus
1731 4404 1897 4475 hunc
1946 4402 2026 4457 lo-

380 4495 519 4533 cum
542 4494 862 4533 recensens
892 4477 1034 4548 legit
1050 4491 1216 4530 num.
1242 4477 1327 4548 14,
1350 4474 1582 4530 tametsi
1600 4474 1775 4548 lineis
1801 4474 2030 4548 aliquot

380 4550 656 4621 superius
688 4550 915 4621 recitet,
943 4545 1011 4603 ut
1034 4548 1136 4621 hic
1169 4555 1227 4601 et
1244 4546 1309 4601 in
1335 4552 1495 4621 textu
1524 4547 1713 4602 sancti
1736 4545 1901 4621 Pauli
1924 4546 2017 4601 hav
2059 4559 2081 4618 ,ξ

380 4614 575 4676 betur.
607 4620 1005 4676 Coislinianus
1034 4617 1231 4687 habet,
1280 4616 1532 4688 σημείοις
1580 4636 1638 4670 τε
1683 4614 1772 4670 καὶ
1813 4615 2021 4688 τέρασι.

381 4695 688 4748 Postremo
721 4691 890 4747 codd.
927 4695 1086 4762 Reg,
1120 4690 1262 4762 Roe,
1282 4689 1646 4762 _Ca_saubonr.,
1686 4688 1846 4743 Bodl.
1880 4688 2024 4743 arti-

379 4764 583 4820 culum
611 4769 710 4831 τῆς
742 4756 1060 4835 praefigunt
1086 4763 1210 4835 voci
1241 4756 1469 4821 ἀδικίας·
1506 4761 1613 4816 soli
1634 4756 1780 4814 vero
1800 4765 1940 4835 Reg.
1970 4764 2029 4814 et

378 4835 545 4906 Bodl.
580 4831 1168 4906 praap'ositio'nemgév,
1200 4850 1378 4906 quam
1409 4838 1650 4889 sanctus
1670 4831 1889 4906 Paulus
1907 4834 2024 4906 τοῖς

376 4903 791 4977 ἀπολλυμένοις
822 4904 1133 4977 ρι’δὲροῐιὶίι,
1166 4903 1466 4961 exhibent.
1502 4906 1577 4959 Αι
1606 4920 1677 4960 ea
1706 4904 1768 4959 in
1824 4903 2030 4958 multis

377 4976 658 5034 Patribus
690 4996 756 5033 ac
788 4994 927 5031 mss,
968 4976 1152 5031 deest.

450 5052 526 5120 (3)
583 5050 644 5104 'll
705 5046 1022 5101 ἀποστασία.
1115 5047 1441 5120 Articulum
1499 5046 1885 5120 _pr:eliximu_s
1961 5061 2029 5099 ex

382 5116 530 5178 mss.
564 5124 727 5194 Reg,
760 5122 896 5194 Rue,
929 5118 1176 5175 Casaub.
1211 5120 1277 5173 In
1308 5119 1446 5187 Reg.
1481 5116 1649 5173 deest
1678 5135 1783 5172 vox
1839 5116 2028 5190 ὀρθῆς,

380 5200 567 5258 rectae,
602 5189 739 5249 ante
769 5189 1024 5251 πίστεως.

452 5267 532 5336 (4)
562 5264 631 5319 Οἱ
660 5261 955 5336 αἱρετικοί.
979 5260 1225 5317 Articul.
1259 5258 1312 5312 οἱ
1343 5259 1671 5331 adjecimus
1728 5277 1799 5314 ex
1827 5259 2027 5324 Coisl.,

382 5334 544 5404 Begu
578 5334 728 5402 Roe,
752 5334 998 5391 Casaub.

452 5399 529 5476 ('5)
586 5399 919 5475 Ἀπὲστησαν
978 5404 1030 5458 οἱ
1086 5399 1400 5476 πλεῖστοιε-
1438 5403 1611 5476 Hauc
1675 5401 2031 5476 sententiam

378 5472 562 5552 paulo
593 5480 768 5535 aliter
797 5472 1229 5552 repraesentant
1255 5472 1424 5552 codd.
1461 5472 1663 5540 Coisl.,
1696 5477 1858 5552 Reg,
1892 5474 2030 5552 l’toe,

383 5544 604 5618 Ottob.,
636 5544 882 5607 Casaub:
914 5555 971 5604 et
1001 5546 1245 5618 Grodec.
1287 5546 1348 5600 in
1378 5545 1536 5599 hunc
1570 5544 1822 5618 modum
1852 5561 1863 5597 :
1898 5544 2023 5598 Ἀπ-

382 5615 615 5688 ἰστησαν
646 5622 699 5675 οἱ
730 5622 1009 5689 cimonium
1037 5616 1308 5690 (πλεῖστοι
1342 5622 1541 5690 tamen
1570 5615 1699 5690 loco
1729 5616 2027 5690 imperito},

380 5685 604 5768 legitur
636 5695 693 5749 in
722 5686 921 5764 CoiSl.,
956 5685 1173 5757 Otl'ob.,
1210 5692 1344 5759 Reg.
1380 5694 1438 5745 et
1468 5688 1668 5759 Grod.)
1693 5690 1801 5742 τῶν
1832 5685 2031 5761 ⁷ὀρθῶν

2139 3256 2357 3332 μᾶλλον
2387 3259 2448 3312 τὸ
2481 3256 2657 3313 δοκεῖν
2704 3257 3003 3332 αἱροῦνται,
3034 3256 3069 3326 ἢ
3101 3257 3163 3332 τὸ
3194 3256 3328 3311 εἶναι
3350 3256 3776 3332 ίπροαιροῦνταιέ

2136 3330 2163 3384 ί(
2191 3332 2622 3387 Abscesserunt
2642 3331 2915 3386 homines
2938 3348 2972 3386 a
3000 3330 3176 3385 rectis
3198 3330 3497 3402 operibus,
3523 3330 3775 3386 etvideri

2137 3426 2163 3455 ιι
2198 3404 2396 3527 ιίοῐίιιδ
2427 3419 2604 3474 quam
2636 3420 2765 3458 esse
2798 3402 2984 3527 [boni]
3018 3402 3319 3459 malunt».
3348 3404 3425 3457 Ea
3450 3402 3624 3458 lectio
3646 3420 3778 3474 pro-

2137 3475 2205 3527 ba
2252 3475 2546 3527 illissima.
2577 3480 2644 3527 ut
2672 3473 2789 3527 duo
2820 3475 2967 3527 icem
2999 3473 3413 3527 defectionem.
3465 3474 3713 3527 alteram
3744 3489 3778 3527 a

2132 3473 2546 3541 babillissima,
2577 3480 2644 3529 ut
2672 3473 2967 3545 duplicem
2999 3473 3413 3539 defectionem,
3465 3473 3713 3529 alteram
3744 3489 3779 3529 a

2134 3547 2269 3611 ﬁde,
2305 3547 2554 3602 alteram
2584 3564 2620 3601 a
2648 3544 2818 3600 bonis
2852 3544 3115 3600 moribus
3148 3545 3469 3617 distinguat
3496 3546 3774 3617 Cyrillus.

2134 3618 2273 3673 Vide
2300 3620 2448 3672 lren.
2482 3617 2584 3673 lib.
2609 3635 2660 3679 v,
2683 3633 2810 3687 cap.
2851 3620 2934 3683 18,
2964 3632 3128 3670 num.
3154 3619 3216 3682 2;
3247 3617 3507 3680 Lactant,
3541 3617 3643 3671 lib.
3677 3634 3774 3685 vn,

2132 3707 2259 3760 cap.
2297 3692 2379 3743 l5.
2416 3690 2705 3760 Czoterum
2738 3704 2807 3742 ea
2835 3688 3154 3753 sententia,
3187 3687 3335 3760 velle
3376 3688 3561 3760 magis
3592 3689 3775 3743 videri

2131 3758 2310 3832 quam
2342 3776 2469 3815 esse
2500 3759 2745 3825 bonum,
2777 3767 2943 3814 vetus
2972 3758 3234 3829 estapud
3257 3758 3773 3814 Graecos‘auctores

2172 3831 2529 3887 roverbium.

2130 3850 2529 3905 proverbium.

2202 3904 2275 3974 (6)
2307 3905 2460 3959 Nunc
2488 3918 2616 3974 vero
2646 3902 2877 3974 defectio
2906 3907 3004 3968 est,
3051 3905 3161 3974 etc.
3212 3899 3639 3974 Defectionem,
3674 3914 3778 3955 seu

2132 3971 2583 4057 apostasiamab
2616 3972 2895 4057 apostolo
2926 3973 3289 4057 praedictam,
3323 3971 3423 4053 alii
3448 3971 3644 4057 ipsum
3660 3974 3779 4052 ᾼῐι-

2132 4043 2468 4102 tichristum
2498 4043 2841 4116 intelligunt
2868 4062 2880 4099 :
2914 4044 3017 4099 alii
3039 4044 3110 4098 de
3129 4043 3493 4098 discessione
3515 4043 3780 4116 gentium

2133 4119 2401 4197 omnium
2433 4115 2789 4197 abnimperio
2823 4116 3088 4197 Romano
3112 4115 3587 4197 interpretantur
3613 4115 3776 4197 τρν-

2133 4189 2304 4244 rillus
2335 4189 2406 4243 de
2435 4186 2765 4243 defectione
2796 4203 2830 4241 a
2858 4192 3020 4242 recta
3052 4186 3187 4251 fide,
3222 4192 3282 4240 et
3308 4186 3585 4257 operibus
3601 4186 3780 4240 etiam

2134 4260 2326 4321 bonis,
2353 4259 2679 4314 secundum
2700 4258 2923 4314 multos
2955 4275 3094 4313 mss.
3114 4258 3269 4322 Quos
3292 4273 3463 4329 porro
3497 4257 3780 4328 Filio-pa-

2137 4338 2262 4387 tcrn
2277 4333 2477 4385 itatezn
2509 4332 2568 4385 in
2592 4331 2851 4385 Ecclesia
2873 4336 3022 4385 tecte
3052 4328 3375 4400 praedicare
3396 4329 3624 4385 ait.non
3643 4345 3781 4399 pro-

2134 4404 2324 4458 fessos
2355 4401 2729 4473 Sabellianos
2756 4400 3090 4473 intelligere
3112 4400 3361 4473 videtur,
3396 4400 3495 4470 qui
3519 4416 3590 4473 ea
3609 4406 3781 4454 aatate

2177 4474 2308 4529 auci
2338 4479 2399 4527 et
2432 4473 2503 4527 ab
2553 4472 2829 4527 omnibus
2863 4470 3061 4537 exo'si;
3097 4472 3201 4526 sed
3232 4471 3321 4525 vel
3353 4470 3695 4526 Marcellum
3726 4475 3786 4526 et

2192 4545 2486 4611 hotinum,
2519 4551 2713 4598 certos
2728 4544 2931 4614 Cyrilli
2955 4542 3249 4599 sententia
3270 4542 3786 4614 hmreticosdmjus

2141 4623 2254 4685 cat,
2281 4633 2341 4671 ιι.
2374 4620 2464 4681 27,
2495 4632 2749 4686 quorum
2779 4613 2979 4669 tamen
3012 4614 3174 4685 prior
3194 4613 3500 4686 Athanasii
3531 4620 3591 4686 et
3619 4614 3781 4686 occi-

2134 4684 2463 4768 dentalium
2494 4684 2683 4768 gratia
2712 4692 2772 4741 et
2799 4687 2994 4741 studio
3018 4684 3479 4768 sustentabatur,
3496 4684 3646 4768 alter
3671 4685 3781 4768 Sir:

2136 4760 2382 4815 miensis
2420 4755 2732 4830 epiScopus
2763 4774 2954 4830 usque
2984 4756 3056 4830 ad
3088 4772 3227 4830 ann.
3261 4758 3363 4830 351
3402 4756 3665 4830 mansit;
3694 4755 3785 4830 vel

2138 4827 2657 4903 psosCatholicos,
2693 4829 2791 4899 qui
2819 4827 2891 4882 ab
2914 4827 3313 4903 Orientalibus
3333 4827 3669 4903 _S_abel_lis_mi
3692 4827 3782 4882 in-

2138 4897 2499 4958 cusabantur
2536 4918 2547 4954 :
2581 4907 2647 4954 ut
2676 4897 2837 4970 patet
2867 4916 2936 4953 ex
2966 4898 3136 4969 epis.
3180 4897 3392 4970 concil.
3444 4899 3779 4970 Philippop.

2139 4973 2295 5045 apud
2327 4973 2531 5037 Hilar.,
2558 4969 2963 5045 fragmento},
2998 4987 3058 5025 ιι.
3082 4969 3492 5045 23,ex_l_lil_ario
3517 4969 3618 5024 lib.
3654 4988 3691 5045 ιι
3712 4969 3787 5045 De

2141 5041 2318 5111 Trita,
2352 5061 2412 5098 n.
2445 5046 2475 5097 5
2502 5060 2515 5108 ;
2552 5043 2810 5105 Socrate,
2843 5041 2973 5107 lib.,
3010 5058 3042 5100 l,
3069 5058 3119 5095 c.
3142 5042 3231 5093 23.
3259 5041 3402 5095 Huic
3424 5041 3786 5097 accusationi

2140 5133 2208 5171 eo
2238 5115 2472 5170 facilius
2501 5113 2811 5168 credulum
2832 5129 2894 5168 se
2917 5111 3181 5182 prmbere
3204 5111 3412 5182 potuit,
3441 5113 3598 5182 quod
3619 5113 3692 5168 ab
3714 5113 3788 5167 iis

2140 5186 2479 5242 Marcellum
2503 5188 2855 5255 Ancyratem
2878 5182 3115 5238 defendi
3140 5182 3527 5248 videret.Quae
3545 5201 3640 5240 res
3662 5184 3789 5239 diu-

2142 5265 2375 5313 turnam
2409 5257 2727 5312 Catholicis
2757 5255 2913 5327 apud
2944 5254 3275 5310 Orientales
3319 5254 3596 5311 conﬂavit
3632 5256 3785 5311 invi-

2140 5330 2320 5391 diam,
2354 5329 2521 5397 quasi
2556 5328 2829 5383 haeresim
2852 5328 3293 5382 conﬁrmarent.
3314 5327 3457 5382 Vide
3480 5327 3785 5394 Basilium,

2142 5401 2313 5473 epist.
2352 5405 2436 5473 lt),
2461 5418 2516 5471 p.
2547 5403 2633 5473 54:
2659 5402 2813 5473 _Cum
2847 5398 3016 5453 multi
3040 5398 3597 5473 alioqui‘sanctitate
3630 5398 3787 5473 cele-

2140 5469 2277 5528 bres
2303 5472 2434 5537 viri,
2460 5469 2948 5535 Eusebianorum,
2967 5471 3074 5525 sub
3099 5469 3408 5526 catholicis
3436 5472 3497 5525 in
3528 5469 3787 5541 speciem

2142 5542 2609 5616 professionibus
2640 5542 3135 5616 delitescentium,
3170 5548 3365 5613 partes
3394 5541 3785 5616 foverent,eo-

2142 5613 2271 5670 rum
2304 5614 2530 5670 fraudis
2563 5619 2620 5668 et
2649 5613 2919 5685 dolorum
2951 5613 3139 5685 ignari
3167 5630 3179 5669 :
3223 5619 3446 5685 quanto
3491 5613 3780 5666 innocen-

2145 5688 2258 5743 tior
2286 5686 2542 5759 Cyrillus
2572 5684 2673 5756 qui
2704 5684 2933 5740 neutris
2963 5681 3393 5742 addictus'erat
3421 5681 3433 5734 l
