4118 6264
408 372 526 434 883

1457 373 1522 431 S.
1570 370 1877 432 CYBILLI
1920 370 2336 436 HIEROSOL.
2382 370 2748 436 ARCHIEP.

3701 375 3816 436 88‘

407 519 547 560 suos
573 502 810 557 mittere
844 501 1113 573 occrepit,
1140 505 1207 557 ut
1235 501 1361 573 ipse
1393 502 1466 557 ad
1502 503 1766 575 praedam
1816 510 2057 577 paratus

2176 504 2305 568 τέως
2342 505 2480 560 κατὰ
2540 505 2704 580 μέρος
2762 506 2963 578 ἡρξατο
3020 501 3378 563 ἀποστέλλων
3436 505 3564 567 τοὺς
3623 504 3812 562 ἑαυτοῦ

407 593 824 663 subsequatur.
858 591 983 646 Tibi
1016 591 1194 663 igitur
1222 592 1483 663 provide,
1516 610 1549 647 0
1580 593 1781 661 homo,
1841 601 1899 649 et
1928 596 2054 650 ani-

402 698 563 737 mam
595 697 869 736 securam
900 681 1102 736 redde.
1139 682 1512 736 Testificatur
1539 680 1588 714 9⁵
1616 699 1775 738 nunc
1809 683 1913 737 tibi
1946 686 2053 738 Ec-

400 771 587 827 clesia
610 770 669 825 in
701 771 1020 841 praesentia
1052 770 1153 824 Dei
1192 771 1438 826 viventis
1469 769 1554 837 9°;
1603 777 1661 826 et
1708 789 1839 843 quae
1889 773 2054 827 Anti-

402 862 693 917 christum
718 865 1008 931 spectant,
1039 860 1402 931 praenuntiat
1423 861 1527 914 tibi
1545 866 1865 932 antequam
1890 860 2058 917 adve-

403 951 595 1007 niant.
630 952 829 1020 anue
863 950 981 1005 sive
1013 954 1113 1004 tuo
1144 955 1412 1021 tempore
1442 950 1641 1005 futura
1692 952 1812 1006 sint
1859 951 2055 1008 nesci-

402 1054 560 1103 mus,
591 1039 707 1093 sive
745 1039 1062 1109 posterius,
1122 1039 1458 1094 nescimus:
1517 1040 1808 1113 optimum
1856 1047 2055 1097 tamen

413 1135 504 1184 est
534 1132 590 1182 te
619 1128 833 1183 horum
864 1144 1115 1200 gnarum
1146 1128 1514 1200 praemuniri.

473 1306 625 1363 229
658 1307 725 1360 Χ.
760 1306 803 1341 ⁸⁷
834 1305 1134 1360 Christum
1165 1322 1360 1373 verus,
1385 1307 1730 1380 unigenitus
1753 1309 1855 1364 Dei
1873 1308 2057 1365 Filius

405 1412 527 1455 non
541 1395 797 1467 amplius
816 1395 888 1450 de
910 1400 1069 1450 terra
1092 1400 1374 1451 venturus
1397 1402 1502 1452 est.
1521 1397 1577 1451 Si
1600 1398 1733 1468 quis
1756 1399 1981 1453 venerit
1996 1400 2056 1453 in

410 1484 661 1542 desertis
694 1485 861 1540 fictas
894 1484 1120 1555 species
1150 1484 1502 1553 obtendens,
1532 1502 1607 1542 ne
1639 1503 1811 1543 exeas
1839 1487 1905 1543 ⁸⁵.
1940 1510 1969 1537 ‹‹
2000 1488 2057 1542 Si

402 1595 427 1627 α
450 1574 747 1628 dixerint:
770 1576 919 1628 Ecce
953 1574 1049 1628 hic
1071 1573 1503 1641 Christus,ecce
1522 1575 1667 1645 illic,
1690 1592 1766 1631 ne
1791 1577 2057 1632 credide-

393 1683 422 1714 «
439 1663 522 1717 ris
542 1660 590 1695 99
616 1665 753 1716 ».Ne
778 1663 837 1716 in
860 1668 1166 1734 posterum
1188 1662 1261 1717 ad
1282 1667 1505 1719 terram
1530 1671 1707 1736 atque
1737 1666 2055 1737 imarespi-

394 1768 482 1819 ce,
509 1768 539 1807 e
572 1752 735 1807 cmlis
760 1752 921 1806 enim
946 1752 1269 1807 descendet
1322 1754 1607 1809 Dominus
1634 1754 1651 1787 ί
1689 1772 1701 1809 :
1735 1772 1852 1809 non
1894 1755 2057 1810 solus

385 1838 541 1899 sicut
566 1846 760 1907 antea,
796 1841 901 1895 sed
934 1841 1123 1896 multo
1162 1842 1469 1909 comitatu,
1522 1844 2055 1899 innumerabilium

386 1930 738 2000 angelorum
770 1929 1047 1985 satellitio
1078 1932 1330 2001 stipatus
1362 1932 1382 1966 ²
1412 1949 1424 1985 :
1468 1946 1665 2003 neque
1696 1932 2044 1990 abscondite

389 2020 547 2077 sicut
562 2019 759 2090 pluvia
782 2020 842 2073 in
865 2018 1051 2074 vellus
1066 2016 1221 2087 3,sed
1242 2025 1307 2073 ut
1322 2020 1522 2092 fulgur
1541 2022 1657 2088 ‘,co
1680 2022 1933 2093 nspicue
1951 2024 2064 2077 col‘

410 2109 640 2164 lucens.
664 2110 793 2179 Ipse
813 2108 971 2162 enim
987 2108 1189 2163 dixit:«
1206 2108 1367 2164 Sicut
1389 2109 1583 2182 fulgur
1597 2110 1799 2166 exitab
1814 2110 2063 2183 oriente,

417 2220 445 2247 ‹‹
473 2205 530 2251 et
552 2198 917 2267 conspicitur
938 2214 1126 2267 usque
1150 2197 1224 2252 ad
1247 2198 1729 2269 occidentem,ita
1751 2201 1865 2255 erit
1884 2206 1942 2255 et
1962 2202 2063 2257 ad-

412 2307 441 2335 ‹‹
474 2293 686 2341 ventus
708 2285 838 2340 Filii
862 2286 1123 2341 hominis
1144 2285 1169 2319 ⁵
1197 2308 1245 2340 ››.
1268 2288 1336 2341 Et
1361 2287 1612 2343 iterum:
1641 2311 1666 2337 ‹‹
1692 2291 1762 2343 Et
1780 2289 2067 2346 videbunt

416 2396 444 2425 ‹‹
469 2374 683 2430 Filium
706 2375 966 2429 hominis
988 2376 1321 2430 venientem
1342 2392 1520 2447 super
1540 2377 1729 2432 nubes
1752 2378 1901 2443 coeli,
1930 2396 2064 2435 cum

415 2485 445 2514 ‹‹
474 2468 770 2535 potestate
804 2468 858 2517 et
890 2463 1078 2535 gloria
1106 2464 1313 2519 multa.
1347 2466 1417 2519 Et
1441 2466 1637 2520 mittet
1662 2468 1903 2539 angelos
1925 2485 2063 2525 suos

418 2574 446 2604 ‹‹
474 2569 610 2608 cum
642 2551 785 2608 tuba
815 2568 1031 2624 magna
1060 2550 1083 2586 ⁸
1118 2576 1163 2621 ι,
1200 2559 1257 2607 et
1287 2570 1418 2624 quae
1451 2561 1800 2626 sequuntur.

480 2819 575 2874 XI.
598 2818 710 2874 Sed
735 2819 1237 2890 quemadmodum
1264 2825 1423 2891 ante,
1449 2837 1583 2877 cum
1605 2822 1729 2895 ipse
1756 2824 2062 2881 hominem

413 2914 798 2980 suscepturus
820 2908 990 2976 foret,
1017 2914 1577 2982 exspectareturque
1600 2912 1755 2967 Deus
1779 2931 1810 2969 e
1828 2914 2063 2987 Virgine

414 2999 772 3065 nasciturus,
806 3015 932 3053 rem
960 3015 1090 3054 eam
1119 2998 1391 3054 diabolus
1443 3001 1505 3056 in
1549 3007 1926 3058 antecessum
1964 3021 2063 3060 ca-

407 3087 655 3142 lumnias
688 3086 1040 3158 subjecerat,
1059 3087 1275 3143 callida
1294 3094 1420 3144 arte
1441 3091 1597 3161 apud
1620 3091 1914 3148 idolorum
1934 3094 2061 3149 cul-

411 3181 571 3232 tores
603 3176 889 3231 falsorum
923 3176 1192 3242 deorum,
1224 3179 1634 3250 generantium
1668 3187 1726 3236 et
1754 3198 1824 3237 ex
1854 3183 2063 3238 mulie-

409 3264 577 3318 ribus
599 3265 933 3337 genitorum
948 3265 1181 3321 fabulas
1206 3266 1561 3323 inveniendo
1579 3276 1673 3333 ;ut
1685 3287 1815 3325 cum
1834 3271 2062 3329 falsitas

415 3360 912 3425 praeoccupasset,
933 3354 1154 3426 jam,ut
1180 3357 1409 3411 existim
1422 3358 1576 3420 abat,
1604 3376 1713 3415 nec
1734 3362 1948 3416 veritas
1970 3379 2064 3418 re-

415 3443 639 3515 periret
659 3443 867 3498 ﬁdem:
893 3444 977 3499 sic
996 3462 1131 3500 cum
1155 3463 1326 3501 verus
1347 3447 1616 3503 Christus
1637 3450 1898 3506 secundo
1922 3469 2064 3507 ven-

412 3536 583 3587 turus
601 3533 733 3599 erit,
759 3532 1706 3603 simplicium,etcircumcisorum
1730 3541 2063 3611 praasertim

411 3623 915 3692 exspectationem
938 3623 1310 3679 adversarius
1332 3626 1392 3679 in
1412 3627 1786 3683 occasionem
1801 3646 2063 3698 sumens,

408 3710 697 3781 producet
727 3711 1045 3781 quemdam
1074 3713 1381 3769 hominem
1413 3731 1676 3787 magum,
1718 3733 1784 3772 ac
1831 3717 2064 3775 fallacis

481 3837 525 3872 9‘
555 3838 604 3891 II
629 3838 775 3894 Tim.
809 3855 880 3906 1v,
917 3843 967 3893 1.
1071 3838 1116 3875 ⁸⁸
1151 3840 1169 3893 Ι
1200 3840 1349 3896 Tim.
1378 3858 1453 3908 vr,
1497 3843 1582 3897 13.

412 3918 496 3971 26.
603 3917 651 3951 99
684 3920 849 3973 Marc,
890 3936 1007 3987 XIII,
1039 3920 1126 3971 21.
1234 3922 1247 3954 ¹
1283 3922 1408 3975 Act.
1448 3925 1496 3974 1.

411 3987 434 4019 δ
465 3989 607 4044 ibid.
645 3991 731 4057 30,

1602 3922 1624 3956 ²
1652 3922 1783 3979 Jud.
1819 3927 1905 3979 14.

484 4105 563 4170 (1)
614 4103 736 4178 Ἐπί
795 4104 894 4169 τὴν
957 4107 1149 4178 θήραν.
1210 4108 1295 4160 lta
1351 4107 1719 4178 restituimus
1765 4125 1835 4163 ex
1891 4111 2062 4166 codd.

416 4174 579 4247 Reg..
612 4175 803 4247 Colb.,
841 4174 1040 4247 Bodl;
1063 4182 1200 4236 Roe,
1236 4177 1506 4242 Casaub.,
1539 4180 1738 4247 Grod.,
1772 4182 1856 4235 sic
1914 4183 2032 4237 infr

413 4262 480 4328 Ῑιζ
507 4242 592 4313 l5,
621 4242 847 4328 ἕτοιμος
880 4246 953 4307 είς
985 4247 1056 4328 τὲ
1079 4252 1381 4328 καταπιεῖν.
1420 4242 1773 4328 _Editi_vero,
1828 4250 1913 4305 ἐπὶ
1965 4255 2064 4320 τὴν

419 4316 608 4391 θύραν,
633 4317 706 4372 ad
725 4316 984 4387 januam.
1019 4320 1200 4375 Paulo
1236 4325 1383 4390 post,
1419 4321 1546 4376 loco
1581 4320 1666 4375 ἐπί
1708 4316 1863 4391 Θεοῦ,
1894 4316 2063 4381 codd.

417 4389 617 4462 Coisl.,
649 4394 792 4456 Roe,
825 4390 1097 4452 Casaub.,
1128 4389 1289 4462 Regi,
1324 4394 1536 4447 Genm'.
1574 4400 1665 4449 vet
1716 4389 1956 4459 habent,
1982 4396 2067 4450 ὲν-

418 4461 594 4536 ᾠπτιον
626 4462 779 4529 Θεοῦ,
813 4467 880 4536 ut
909 4467 997 4515 est
1028 4463 1090 4536 in
1123 4461 1289 4536 sacro
1321 4468 1504 4536 textu,
1538 4467 1587 4518 Il
1634 4467 1779 4521 Tim.
1817 4485 1890 4535 Iv,
1928 4473 1978 4536 1,
2009 4474 2068 4524 et

418 4535 442 4587 Ι
480 4533 636 4609 Tini.
661 4549 740 4609 γι,
771 4535 864 4609 11},
892 4550 1023 4609 quia
1054 4534 1185 4589 loca
1215 4535 1311 4609 hic
1341 4535 1594 4606 Cyrillus
1626 4533 1886 4609 respicit.

491 4607 566 4678 (2)
598 4600 1021 4678 Η-ρονδιαλέῌγέταί
1056 4625 1161 4659 σοι.
1188 4676 1201 4678 _
1228 4608 1307 4660 Ea
1354 4600 1534 4661 verba
1576 4600 1951 4678 reposuimus
1997 4628 2068 4665 ex

420 4675 591 4732 codd.
623 4676 823 4745 Coisl.,
859 4676 977 4748 Reg
1008 4719 1022 4743 ,
1054 4676 1250 4746 Grod.,
1283 4682 1426 4742 Roe,
1459 4675 1732 4743 Casaub”
1783 4682 1974 4736 Ottob.
2011 4688 2069 4737 et

419 4749 631 4820 Cenov.
657 4754 771 4820 Vvet.
790 4789 803 4811 ,
837 4764 1196 4820 quanquam,
1212 4754 1331 4803 tres
1354 4751 1637 4820 postremi
1654 4752 1939 4807 omittunt
1960 4773 2064 4806 σοι.

424 4819 490 4874 In
526 4818 835 4895 editisest,
885 4818 1466 4895 προασφαλίζεται-τὰ
1521 4821 1662 4893 περί,
1715 4829 1850 4884 etc...
1911 4825 2069 4895 quod

424 4906 566 4968 sane
601 4891 948 4968 verbumad
980 4891 1235 4968 alienam
1266 4910 1535 4968 _pro_rsus_
1571 4891 2066 4968 Signiﬁcationem

422 4959 769 5037 traducitur,
805 4963 921 5037 nisi
952 4963 1202 5018 addatur
1229 4959 1389 5019 aliud
1420 4959 1681 5032 verbum,
1713 4974 1779 5021 ut
1807 4965 2064 5037 λέγουσα.

418 5031 511 5109 vel
544 5030 773 5109 simile-2
806 5036 1111 5109 Ρνέιηγιιιηὶε
1131 5042 1193 5109 _te
1222 5037 1403 5091 dicens
1427 5053 1495 5109 ea
1511 5056 1641 5109 qum
1663 5030 1737 5093 ad
1767 5030 2065 5094 Antichri-

424 5106 579 5182 stum
614 5104 939 5182 pertinent.
964 5106 1217 5161 Inferius
1248 5124 1315 5162 ex
1350 5104 1549 5182 Coislf,
1584 5112 1743 5182 Reg,
1787 5111 1925 5178 Roe,
1960 5111 2065 5166 Ca-

424 5172 671 5256 saubgl}.
697 5253 707 5256 Α
737 5178 1110 5256 scripsimus,
1160 5172 1697 5256 npoacqmlleactiat:
1734 5172 1873 5256 loco
1915 5172 2069 5256 ’προ-

428 5241 797 5323 ασφαλῆσοαι,
832 5241 988 5323 quod
1016 5241 1269 5323 habetur
1297 5241 1360 5305 in
1391 5251 1531 5307 edit.
1567 5241 1749 5308 Oxon.
1784 5255 1897 5319 vel,
1929 5241 2064 5323 προ-

427 5312 754 5391 σφαλῆσοαι.
782 5312 940 5387 quod
964 5320 1142 5391 estin
1175 5321 1310 5376 edit.
1347 5338 1485 5377 ann.
1524 5327 1678 5378 1641.
1708 5327 1809 5380 Est
1838 5312 1899 5381 in
1923 5312 2065 5380 edit.

427 5387 568 5444 ann.
610 5390 762 5463 1698.
795 5387 1272 5463 ⁴ι’ςροησφαλῆσθοιι.
1324 5395 1389 5447 ln
1426 5395 1683 5452 Colbert.
1737 5404 1794 5451 et
1841 5398 2066 5463 Morel.,

424 5456 1157 5544 πρωβφαλεῖσθαιζΜίῐῚΠῐι
1191 5464 1251 5544 in
1275 5464 1439 5544 nullo
1460 5466 1574 5544 legi
1597 5456 2065 5544 προησφαλίσθαι,

425 5529 557 5611 quae
580 5601 594 5611 _
617 5529 742 5611 sola
797 5547 998 5586 earum
1051 5535 1316 5611 omnium
1350 5529 1696 5611 lectionum
1731 5529 1740 5535 ⁷
1779 5529 2068 5611 gramina;

420 5601 552 5659 tice:
580 5601 806 5675 legibus
838 5604 1131 5659 convenit.
1166 5607 1277 5661 Pro
1320 5603 1501 5660 εἰδότα
1534 5629 1610 5675 σε,
1661 5601 1805 5674 legit
1860 5613 2069 5668 Grode-

425 5676 553 5732 cius
584 5681 649 5753 ut
678 5674 931 5731 habetur
961 5676 1023 5731 in
1055 5678 1216 5749 Reg.,
1267 5680 1383 5733 Roe
1435 5685 1494 5733 et
1537 5674 1890 5753 Casaubon,
1931 5679 2072 5737 εἰδό-

420 5767 537 5815 τας,
569 5748 813 5806 scientes.

1682 3844 1727 3879 ⁹τ
1762 3844 1886 3900 Vide
1941 3853 2047 3902 cat.
2110 3850 2199 3916 10,
2255 3861 2408 3900 num.
2467 3845 2548 3908 lt;
2609 3848 2716 3897 cat.
2768 3842 2856 3905 14,
2913 3855 3065 3895 num.
3126 3839 3216 3893 30.

2008 3926 2030 3962 ³
2059 3925 2211 3983 Psal.
2244 3941 2395 3994 uxr,
2427 3924 2481 3978 6.

2165 591 2541 669 προδρόμους,
2569 593 2662 649 τίνα
2688 590 2914 668 ἕτοιμος
2967 588 3101 669 ἔλθῃ
3161 593 3357 650 λοιπὸν
3418 593 3506 649 ἐπὶ
3562 595 3664 663 τήν
3723 597 3818 666 θή-

2166 688 2386 757 ρανί1).
2420 684 2593 740 Βλέπε
2644 684 2819 739 τοίνυν
2876 685 3120 754 σεαυτὸν,
3179 681 3451 758 ἄνθρωπε,
3503 684 3594 739 καὶ
3656 685 3818 763 ἀσφασ

2165 771 2327 843 λίζου
2354 775 2454 843 τήν
2486 775 2695 849 ψυχήν.
2729 772 3160 849 Διαμαρτύρεταί
3224 794 3282 827 σε
3307 775 3343 843 ἠ
3376 770 3684 844 Ἐκκλησία
3729 778 3814 828 νῦν

2165 860 2253 917 ἐπὶ
2281 865 2414 917 Θεοῦ
2447 866 2668 932 ζῶντος,
2717 859 3139 938 προδιαλέγεταί
3187 881 3274 916 σοι
3305 865 3385 934 (2)
3435 860 3502 916 τὰ
3549 863 3678 937 περὶ
3724 867 3817 918 τοῦ

2161 948 2547 1027 Ἀντιχρίστου
2605 952 2730 1026 πρὶν
2781 948 3193 1025 παραγενέσθαι.
3251 950 3355 1007 Καὶ
3408 948 3515 1005 εἴτε
3572 948 3661 1006 ἐπὶ
3723 956 3816 1007 σοῦ

2161 1040 2364 1117 γίνεται
2395 1040 2495 1096 οὐκ
2524 1037 2771 1114 οἴδαμεν,
2799 1040 2907 1096 εἶτε
2968 1039 3104 1113 μετὰ
3156 1040 3213 1094 σὶ
3260 1039 3459 1114 γίνεται
3509 1038 3611 1096 οὐκ
3663 1034 3816 1096 633a-

2168 1150 2286 1202 μεν.
2319 1128 2502 1185 Καλὸν
2542 1126 2600 1184 δὲ
2658 1128 2767 1184 ἐστι
2825 1133 2992 1184 ταῦτα
3050 1124 3234 1184 εἰδότα
3289 1149 3346 1184 σε
3402 1124 3818 1205 προασφαλίσα-

2165 1220 2309 1278 σθαι.

2236 1309 2292 1365 Γ.
2323 1312 2377 1360 '0
2428 1308 2658 1383 Χριστὸς
2715 1308 2744 1362 6
2802 1304 3038 1378 ἀληθής,
3088 1308 3117 1362 6
3175 1311 3274 1362 τοῦ
3320 1309 3453 1361 Θεοῢ
3510 1308 3814 1382 μονογενὴς

2165 1394 2310 1464 Υἱὸς,
2345 1395 2527 1450 οὐκέτι
2559 1394 2666 1449 ἀπὸ
2695 1400 2798 1468 γῆς
2824 1391 3065 1470 ἔρχεται.
3091 1393 3213 1448 Ἐάν
3239 1412 3324 1450 τις
3348 1390 3482 1467 ἔλθῃ
3512 1392 3565 1448 ἐν
3587 1391 3818 1467 ἐρήμοις

2164 1488 2639 1558 φαντασιοκοπῶν,
2699 1484 2775 1556 μὴ
2838 1481 3085 1557 ἐξέλθῃς.
3140 1481 3265 1536 Ἐὰν
3343 1480 3591 1536 εἴπωσιν·
3678 1478 3817 1538 Ἰδοὺ

2164 1569 2271 1627 ὧδε
2324 1574 2353 1628 6
2411 1572 2666 1649 Χριστὸς,
2731 1569 2850 1626 ἰδοὺ
2904 1570 3038 1640 ἐκεῖ,
3103 1572 3178 1643 μὴ
3258 1569 3573 1645 πιστεύσῃς.
3663 1569 3814 1627 Κάτω

2163 1660 2253 1716 καὶ
2287 1661 2363 1723 εἷς
2411 1665 2513 1736 γῆν
2579 1660 2656 1734 μὴ
2718 1658 2887 1736 βλέπε
2942 1659 3162 1715 λοιπόν·
3216 1658 3270 1730 ἐξ
3322 1659 3566 1735 οὐρανῶν
3625 1660 3731 1735 γὰρ
3788 1662 3815 1715 6

2165 1750 2443 1819 Δεσπότης
2472 1748 2816 1826 κατέρχεται.
2849 1748 2926 1805 06
2963 1748 3125 1822 μόνος
3149 1748 3225 1810 ὡς
3255 1749 3362 1821 πρὸ
3407 1747 3626 1804 τούτου’
3673 1746 3818 1804 ἀλλὰ

2170 1838 2499 1909 πολλοστὸς,
2537 1839 2642 1894 ὑπὸ
2684 1836 2965 1914 μυριάδων
3014 1837 3262 1914 ἀγγέλων
3316 1835 3816 1916 δορυφορούμενος.

2168 1927 2312 1986 Οὐδὲ
2338 1926 2731 2002 κεκρυμμένους
2790 1929 2888 2001 (3),
2948 1927 3022 1988 ὡς
3085 1927 3235 1988 ὑετὸς
3297 1924 3379 1981 ἐπὶ
3439 1924 3634 1981 πόκονο
3696 1925 3820 1982 ἀλλ’

2174 2019 2248 2080 ὡς
2279 2018 2525 2091 ἀστραπή
2584 2019 2828 2095 φανερῶς
2888 2014 3208 2089 ἐκλάμπων·
3265 2014 3439 2078 Αὐτὸς
3497 2016 3601 2090 γὰρ
3662 2014 3819 2090 εἴρη-

2171 2125 2283 2161 κεν·
2340 2108 2544 2180 Ὥσπερ
2627 2105 2663 2174 ἡ
2751 2104 2999 2180 ἀστραπὴ
3085 2103 3361 2178 ἐξέρχεται
3438 2102 3545 2158 ἀπὸ
3631 2104 3819 2159 ἀνατο-

2172 2195 2285 2251 λῶν
2344 2194 2435 2249 καὶ
2493 2194 2735 2272 φαίνεται
2782 2189 2888 2256 ἓως
2967 2189 3213 2265 δυσμῶν,
3274 2190 3448 2254 οὕτως
3528 2187 3678 2247 ἔσται
3731 2192 3815 2247 καὶ

2170 2287 2207 2355 ἡ
2265 2284 2535 2360 παρουσία
2588 2287 2687 2338 τοῦ
2743 2284 2871 2337 Υἱοῦ
2926 2286 3024 2337 τοῦ
3097 2282 3407 2353 ἀνθρώπου.
3469 2285 3575 2339 Καὶ
3631 2280 3817 2337 παλιν-

2172 2377 2269 2431 Καὶ
2331 2376 2557 2449 ’ὄψονται
2611 2375 2702 2430 τὸν
2787 2372 2910 2429 Υἱὺν
2976 2376 3075 2427 τοῦ⁹
3148 2372 3440 2450 ἀνθρώπου
3518 2370 3819 2447 ἐρχόμενον

2130 2464 2260 2521 ῖέπὶ
2317 2470 2424 2520 τῶν
2481 2462 2719 2541 νεφελῶν
2791 2466 2888 2517 τοῦ
2973 2463 3231 2537 οὐρανοῦ,
3335 2462 3470 2535 μετὰ
3544 2459 3823 2535 δυνάμεως

2132 2550 2257 2610 ’καὶ
2343 2552 2507 2628 δόξης
2583 2551 2822 2622 πολλῆς·
2905 2551 2993 2606 καὶ
3082 2549 3376 2607 ἀποστελεῖ
3453 2548 3582 2612 τοὺς
3664 2549 3822 2624 ἀγγέ-

2171 2643 2304 2707 λοὺς
2360 2644 2525 2699 αὐτοῦ
2583 2643 2719 2716 μετὰ
2771 2639 3072 2717 σάλπιγγος
3133 2638 3379 2715 μεγάλης
3430 2642 3528 2713 (4),
3607 2640 3700 2695 καὶ
3755 2638 3822 2693 τὰ

2171 2733 2260 2805 ἐξῆ
2270 2756 2314 2798 ς.

2242 2825 2351 2882 IA‘.
2385 2820 2544 2880 Ἀλλ’
2577 2822 2757 2895 ὥσπερ
2793 2818 3098 2894 μέλλοντος
3141 2816 3306 2874 αὗτοῦ
3356 2820 3620 2896 πρότερον
3668 2817 3823 2872 έναν·

2171 2914 2433 2988 Θρωπεῖν,
2461 2910 2550 2967 καὶ
2592 2909 2652 2966 ἐκ
2706 2907 2981 2985 Παρθένου
3023 2911 3305 2984 γεννᾶσθαι
3354 2903 3821 2982 προσδοκωμένου

2171 3005 2327 3058 Θεοῦ·
2356 2994 2719 3076 προδιέϐαλεν
2778 3000 2807 3054 6
2865 2992 3126 3061 διάϐολος
3176 2997 3240 3053 τὸ
3293 2999 3537 3072 πρᾶγμαι,
3579 2993 3818 3069 κακούρ-

2166 3112 2277 3167 γως
2307 3090 2359 3144 έν
2409 3086 2839 3162 εἰδωλολατρείᾳ
2884 3085 3037 3151 θεοὺς
3086 3083 3325 3160 ψευδεῖς,
3381 3089 3681 3160 γεννῶντας
3726 3082 3824 3138 καὶ

2169 3178 2542 3255 γεννωμένους
2599 3177 2703 3232 ὑπὸ
2759 3178 3049 3252 γυναικῶν,
3132 3172 3657 3250 προμυθολογήσας·
3726 3171 3823 3228 ’ἱνα

2094 3251 2137 3319 C
2173 3251 2553 3345 προλαϐόντος
2581 3269 2677 3320 τοῦ
2699 3251 2955 3339 ψεῦδους,
2974 3263 3047 3327 ὡς
3073 3261 3336 3336 ἐνόμιζεν,
3357 3263 3633 3335 ἀπιστηθῇ
3654 3262 3826 3317 καὶτὸ

2173 3357 2395 3428 ἀληθές
2426 3355 2569 3411 οὕτω
2604 3353 2909 3429 μέλλοντος
2969 3352 3214 3430 Χριστοῦ
3267 3348 3516 3427 δεύτερον
3568 3349 3826 3426 ἔρχεσθαι

2167 3453 2266 3504 τοῦ
2322 3446 2580 3516 ἀληθοῦς,
2638 3442 2847 3499 ἐσόδιον
2904 3438 3195 3517 λαμϐάνων
3255 3441 3353 3509 τήν
3440 3445 3548 3496 τῶν
3612 3441 3826 3497 ἀκάκων

2170 3533 2499 3613 προσδοκίαν
2531 3537 2609 3607 (5)
2658 3534 2685 3587 6
2716 3531 3112 3605 ἂντικείμενος,
3171 3530 3263 3585 καὶ
3325 3527 3561 3603 μάλιστα
3604 3530 3716 3584 τῶν
3767 3528 3827 3584 ἐκ

2172 3628 2499 3703 περιτομῆς·
2542 3619 2656 3699 ἄγει
2712 3622 2835 3676 τινὰ
2889 3620 3170 3695 ἄνθρωπον
3234 3618 3428 3694 μάγον,
3480 3617 3569 3673 καὶ
3614 3625 3715 3684 τῆς
3768 3618 3821 3674 ἐν

2173 3716 2537 3795 φαρμακείαις
2594 3713 2681 3766 καὶ
2743 3707 3024 3772 ἐπαοιδαῖς
3093 3706 3384 3779 άπατηλῆς
3464 3707 3821 3781 κακοτεχνίας

3322 3835 3371 3873 ⁸⁸
3412 3836 3615 3893 Matth.
3662 3852 3815 3908 xxxv,

2587 3923 2607 3957 ⁴
2638 3921 2774 3977 Luc.
2824 3937 2966 3991 xm,
3017 3920 3107 3975 24.
3210 3917 3235 3951 ⁵
3282 3916 3483 3974 Matth.
3533 3932 3688 3986 xxxv,
3728 3920 3817 3973 27.

2246 4111 2320 4182 (3)
2363 4104 2787 4182 Κεκρυμμένῳς.
2848 4108 2971 4182 Ita~
2991 4104 3339 4182 scripsimus
3382 4102 3524 4182 loco
3583 4121 3820 4182 κεκρυμτ

2175 4175 2358 4309 μένος,
2396 4175 2663 4236 οιόόᾶᾱ.
2698 4181 2818 4235 Roe
2848 4185 2907 4234 et
2934 4175 3208 4243 Casaub.,
3242 4175 3343 4247 qui
3375 4180 3577 4231 tamen
3600 4175 3821 4231 habent

2203 4251 2679 4309 πικεκρυμμένως.

2203 4251 2679 4324 πικεκρυμμένως.

2246 4329 2320 4393 (4)
2355 4316 2661 4396 Σάλπιγγοι
2696 4317 2958 4396 μεγάλη-ς.
3004 4320 3091 4374 Ita
3136 4318 3322 4396 etiam,
3358 4316 3608 4396 inferius
3651 4333 3817 4396 num.

2176 4386 2264 4466 21,
2299 4386 2360 4452 at
2388 4402 2479 4451 est
2505 4386 2567 4449 iri
2586 4386 2799 4453 'Matth'.
2833 4389 3138 4466 σάλπιγγος
3171 4395 3359 4461 φωνῆς
3396 4386 3656 4466 μεγάλης,
3693 4389 3825 4443 tuba

2176 4407 2264 4466 21,
2299 4407 2360 4452 at
2388 4407 2479 4451 est
2505 4412 2567 4449 1n
2601 4407 2799 4453 Mattn.
2833 4407 3138 4463 σαλπιγγος
3171 4408 3359 4461 φωνης
3396 4407 3656 4516 negaui-nc,
3693 4407 3820 4443 ruoa

2176 4472 2321 4525 vocis
2350 4484 2585 4537 magnae.
2624 4467 2785 4536 Vulg.
2819 4465 2952 4537 tuba
2969 4469 3032 4537 et
3061 4477 3187 4516 voce
3216 4478 3441 4537 magna.
3495 4461 3820 4537 ‘ed_vocem

2096 4543 2145 4607 D
2177 4545 2362 4616 φωνῆς
2396 4534 2682 4616 in_mult_is
2710 4534 3037 4616 Evangeliis
3054 4534 3475 4616 manuscript-is
3495 4538 3555 4613 et
3583 4535 3820 4613 lfatrum

2179 4602 2564 4668 citationibus
2590 4609 2816 4671 abesse,
2852 4602 3233 4661 observavere
3264 4602 3478 4659 eruditi
3511 4602 3639 4658 viri.

2250 4687 2321 4749 (ὃ)
2353 4681 2459 4746 Τήν
2491 4685 2598 4733 τῶν
2630 4671 3221 4751 ἀκάκωνπροσδοκίαν,
3254 4675 3590 4751 simplicium
3610 4689 3822 4745 exspec-

2180 4747 2444 4809 tationem
2503 4751 2701 4806 Morel.
2758 4747 2927 4820 legit'
2950 4751 3155 4805 κακῶν,
3186 4818 3192 4820 Α
3221 4747 3493 4820 fmalorum
3549 4751 3825 4820 exspecta-

2180 4829 2401 4890 tionem,
2462 4824 2602 4877 satis
2655 4821 2715 4876 id
2775 4818 3088 4876 convenire
3144 4818 3378 4874 videtur
3435 4818 3823 4890 sequentibus

2174 4889 2656 4961 versis,ma.rime
2702 4908 2889 4947 eorum
2935 4893 3035 4962 qui
3081 4907 3151 4945 ex
3201 4889 3632 4962 circumcisione
3658 4895 3821 4945 sunt:

2174 4987 2325 5040 quos
2349 4960 2643 5040 Christum
2667 4960 3022 5040 inconsulte,
3046 4962 3349 5040 vel_po_t_ius
3367 4960 3821 5040 Antichristum,

2175 5033 2515 5111 exspectare
2546 5039 2629 5092 ait
2657 5042 2769 5092 cat.
2805 5039 2910 5111 12._
2932 5050 3095 5111 num.
3130 5037 3181 5088 2.
3217 5035 3332 5088 Nec
3354 5033 3821 5111 saneJaliorum,

2176 5103 2352 5183 quam
2392 5110 2689 5183 malorum
2718 5113 2775 5162 et
2813 5104 3166 5183 inﬁdelium,
3216 5103 3724 5183 exspectationem
3762 5103 3824 5183 in

2177 5173 2538 5238 Antichristo
2570 5180 2691 5234 falli
2718 5196 2891 5247 posse
2922 5179 3007 5233 ait
3035 5173 3346 5247 hujuscat'.
3370 5192 3535 5235 num.
3565 5173 3825 5230 “Haud

2177 5260 2374 5328 tamen
2408 5252 2692 5328 mutanda
2718 5245 2898 5328 lectio
2928 5245 3184 5328 recepta,
3208 5245 3445 5314 ἀκάκων,
3467 5247 3819 5328 simplicium,

2177 5327 2289 5381 hoc
2320 5331 2407 5380 est
2439 5323 2608 5377 facile
2636 5321 3036 5384 credulorum,
3070 5321 3170 5390 qui
3202 5336 3403 5374 verum
3437 5319 3618 5373 etiam
3650 5319 3823 5373 Chri-

2178 5404 2333 5452 stum
2365 5399 2743 5466 exspectent;
2778 5408 2915 5447 nam
2971 5398 3216 5466 prOpter
3254 5391 3416 5466 hanc
3460 5390 3826 5466 seduc_t_ioni_s

2176 5461 2519 5524 facilitatem
2550 5472 2667 5520 tam
2691 5481 2845 5534 saepe
2880 5469 2938 5518 et
2964 5461 3219 5535 graviter
3249 5462 3514 5517 inculcat
3538 5461 3826 5535 auditori-

2176 5541 2287 5596 bus
2318 5556 2448 5611 qure
2480 5538 2553 5611 ad
2584 5533 3021 5611 Antichristum
3043 5534 3382 5611 pertinent,
3410 5549 3495 5611 _ne
3544 5550 3619 5611 ex
3646 5533 3824 5611 igno-

2176 5604 2370 5668 rantia
2400 5617 2458 5665 et
2484 5608 2866 5680 simplicitate
2895 5604 3289 5676 decipiantur.
3322 5604 3467 5661 Vide
3494 5610 3611 5661 cat.
3646 5604 3821 5676 hujus

2175 5700 2342 5740 num.
2379 5684 2464 5750 18,
2494 5686 2556 5737 et
2580 5683 2636 5734 4.
