4138 6264
382 374 500 431 887
1440 368 1504 426 S.
1550 364 1867 426 CYRILLI
1913 358 2331 422 HIEROSOL.
2375 360 2743 422 ARCHIEP.
3679 366 3797 428 888

382 502 536 556 sicut
565 504 624 560 et
652 495 888 553 Gabriel
918 495 1310 567 archangelus
1354 496 1780 567 interpretatus
1827 497 1917 547 est
1937 491 2028 547 his

2149 488 2545 561 μεμαθηκότες·
2615 490 2796 552 καθὼς
2875 491 2966 545 καὶ
3019 485 3269 567 Γαϐριὴλ
3342 492 3371 546 ὁ
3446 493 3793 570 ἀρχάγγελος

383 589 615 646 verbis:
648 609 674 636 ι(
711 587 930 651 Quarta
957 584 1169 650 bestia,
1203 590 1480 655 quartum
1540 586 1653 639 erit
1698 597 1946 655 regnum
1974 580 2028 634 in

2145 579 2476 653 ἡρμήνευσε,
2536 576 2711 653 λέγων
2767 578 2932 635 οὕτω·
2993 581 3069 636 Τὸ
3126 579 3319 655 θηρίον
3371 581 3435 636 τὸ
3507 584 3786 657 τέταρτον,

382 702 411 731 ι(
440 675 785 747 terra,quod
816 673 1020 728 omnia
1049 689 1231 745 regna
1262 672 1736 744 supereminebit
1764 669 1830 727 ¹⁴.
1859 692 1886 719 ››
1921 671 2038 724 Hoc

382 774 581 825 autem
613 767 946 820 Romanum
970 779 1101 817 esse
1134 762 1527 817 ecclesiastici
1559 769 1832 817 auctores
1860 758 2039 814 tradi-

387 859 623 914 derunt.
659 854 705 887 ‘5
725 855 863 908 Cum
895 852 1055 906 enim
1076 853 1339 923 primum
1377 851 1538 921 quod
1588 851 1819 905 illustre
1839 848 2040 914 fuerit,

388 948 466 1004 sit
489 944 869 1015 Assyriorum
891 941 1210 1012 imperium
1228 958 1239 996 :
1257 941 1307 995 al
1318 940 1844 1008 terum,Medorum
1858 937 2040 992 simul

389 1042 451 1091 et
471 1037 808 1101 Persarum,
843 1036 903 1085 et
958 1030 1197 1084 tertium
1229 1035 1363 1101 post
1410 1030 1558 1097 haec,
1609 1026 1994 1083 Macedonum
2025 1036 2042 1076 :

389 1128 668 1196 quartum
699 1119 1019 1190 imperium
1042 1124 1133 1172 est
1159 1135 1426 1189 presens
1457 1116 2043 1173 Romanorum.Tum

389 1214 452 1267 in
481 1208 989 1280 consequentibus
1021 1205 1256 1262 Gabriel
1280 1206 1725 1278 interpretando
1760 1206 1874 1260 ait:
1898 1204 2044 1258 «De-

390 1323 418 1351 ‹‹
442 1317 572 1356 cem
586 1315 809 1354 cornua
830 1295 1255 1367 ipsius,decem
1274 1312 1441 1367 reges
1464 1301 1782 1367 exsurgent
1800 1311 1813 1361 ;
1834 1299 1892 1348 et
1912 1297 2046 1364 post

393 1411 423 1440 «
453 1390 615 1460 ipsos
646 1391 920 1457 exsurget
935 1401 1037 1439 rex
1070 1386 1239 1451 alter,
1278 1384 1380 1455 qui
1402 1401 1613 1439 omnes
1628 1400 1690 1438 se
1714 1383 2043 1438 anteriores

390 1500 419 1528 α
445 1478 618 1532 malis
650 1473 958 1545 superabit
990 1473 1032 1509 ¹⁶
1065 1489 1078 1526 :
1114 1493 1138 1523 ε
1172 1489 1294 1527 non
1328 1473 1520 1527 solum
1550 1473 1687 1528 illos
1718 1472 1923 1527 decem
1950 1470 2044 1525 di-

394 1564 607 1633 cit,sed
639 1570 696 1618 et
725 1579 933 1617 omnes
956 1568 1248 1632 quotquot
1280 1578 1658 1633 preacessere.
1682 1564 1872 1617 Ettres
1893 1576 2042 1630 reges

394 1654 712 1709 humiliabit
743 1651 788 1685 ‘7
818 1669 831 1717 ;
868 1669 936 1707 ex
960 1649 1082 1704 illis
1111 1650 1317 1706 decem
1348 1650 1671 1721 prioribus,
1708 1657 1774 1705 ut
1794 1649 2043 1721 planum

392 1751 520 1811 est;
554 1761 624 1798 ex
656 1743 778 1797 illis
799 1758 934 1796 vero
966 1741 1172 1796 decem
1227 1747 1346 1795 tres
1400 1741 1747 1809 humilians,
1802 1756 2044 1811 prorsus

392 1835 521 1906 ipse
551 1838 792 1887 octavus
821 1829 1183 1903 regnabit“.
1223 1833 1288 1884 Et
1344 1832 1532 1897 verba,
1591 1829 1807 1900 inquit,
1851 1836 2046 1885 contra

393 1923 736 1978 Altissimum
767 1920 1018 1989 loquetur
1050 1918 1096 1954 ¹⁹
1132 1936 1144 1975 :
1178 1918 1566 1990 blasphemus
1597 1919 1685 1973 vir
1743 1924 1802 1973 et
1847 1918 2045 1990 legum

395 2014 790 2080 contemptor,
847 2008 946 2079 qui
978 2024 1101 2062 non
1129 2024 1163 2061 a
1192 2007 1459 2078 patribus
1489 2023 1694 2080 regum
1726 2008 2044 2078 acceperit,

395 2100 502 2155 sed
532 2098 775 2170 magicis
808 2096 1033 2151 artibus
1064 2096 1462 2168 principatum
1508 2096 1791 2167 rapuerit.

462 2280 613 2334 XIV.
642 2276 783 2342 Quis
808 2281 1007 2331 autem
1038 2275 1148 2330 iste
1177 2281 1286 2340 est,
1301 2280 1405 2331 aut
1432 2275 1770 2348 cujusmodi
1800 2275 1875 2330 ad
1904 2292 2044 2347 ope-

396 2367 689 2422 rationem
713 2363 1011 2435 pertinet?
1028 2363 1325 2435 lnterpres
1351 2369 1496 2431 esto,
1519 2364 1720 2419 Paule.
1744 2364 1916 2432 Cujus
1946 2371 2042 2432 est,

395 2456 594 2525 inquit
614 2455 681 2519 3°,
714 2453 979 2506 adventus
997 2454 1295 2507 secundum
1326 2456 1696 2523 operationem
1733 2455 1954 2509 Satanae
1983 2452 2042 2508 in

389 2542 542 2598 omni
556 2547 827 2611 potestate
852 2545 902 2593 et
933 2539 1106 2608 signis
1132 2547 1183 2594 et
1206 2542 1484 2610 prodigiis
1512 2541 1802 2597 mendacii.
1828 2541 1873 2576 ²¹
1907 2543 2041 2596 Ηωο

387 2629 953 2697 innuens,Satanam
977 2644 1045 2682 eo
1073 2634 1356 2699 tanquam
1380 2630 1777 2684 instrumento
1792 2646 2043 2685 usurum

392 2720 452 2774 in
470 2717 713 2790 propria
734 2732 990 2787 persona
1008 2733 1115 2787 per
1132 2717 1276 2772 πω
1290 2716 1486 2788 ipsum
1510 2719 2046 2788 Operantem.Gna-

385 2826 489 2864 rus
511 2809 670 2862 enim
702 2807 931 2861 nullam
947 2806 1017 2861 de
1050 2812 1262 2861 caatero
1275 2822 1504 2861 moram
1524 2824 1629 2862 suo
1646 2807 1875 2878 judicio
1892 2808 2041 2877 fore,

375 2899 503 2971 jam
534 2914 654 2952 non
682 2913 788 2967 per
816 2896 1126 2950 ministros
1156 2911 1294 2950 suos
1338 2912 1409 2951 ex
1438 2913 1623 2963 more,
1658 2896 1762 2951 sed
1812 2913 1918 2968 per
1948 2913 2043 2952 se-

384 2989 578 3059 ipsum
609 2986 894 3056 deinceps
922 2985 1185 3055 apertius
1215 2983 1441 3039 bellum
1458 2992 1641 3057 geret.
1675 2988 1741 3041 In
1785 2986 2039 3042 omnibus

2150 666 2398 743 βασιλεία
2452 670 2682 743 τετάρτη
2741 664 2889 724 ἔσται
2949 667 3001 723 ἐν
3075 672 3144 743 τῇ
3212 672 3308 744 γῇ,
3366 667 3489 739 ἤτις
3548 671 3785 746 ὑπερέξει

2148 757 2319 818 πάσας
2359 757 2453 818 τὰς
2514 754 2816 831 βασιλείας.
2892 755 3104 828 Ταύτην
3192 755 3251 813 δὶ
3307 759 3439 814 εἶναι
3497 761 3598 829 τήν
3647 762 3788 818 Ῥω-

2152 847 2328 919 μαίων
2357 848 2436 919 (1)
2467 846 2520 901 οἱ
2550 844 2996 918 ἐκκλησιαστικοὶ
3033 845 3482 923 παραδεδώκασιν
3513 848 3789 925 ἐξηγηταί.

2150 936 2380 1009 Πρώτης
2407 938 2508 1011 γὰρ
2539 936 2816 1010 ἐπισήμου
2840 939 3166 1013 γενομένης,
3197 944 3298 1008 τῆς
3333 938 3639 1014 Ἀσσυρίων
3694 942 3792 1016 βα-

2150 1024 2374 1087 σιλείας·
2407 1025 2496 1080 καὶ
2529 1023 2799 1101 δευτέρας,
2828 1029 2929 1095 τῆς
2964 1024 3170 1097 Μήδων
3203 1029 3346 1100 ὁμοῦ
3401 1027 3492 1083 καὶ
3551 1034 3791 1104 Περσῶν·

2149 1111 2238 1165 καὶ
2276 1113 2411 1184 μετά
2432 1111 2651 1181 ταύτας,
2694 1120 2795 1182 τῆς
2846 1110 3176 1170 Μακεδόνων
3234 1112 3447 1188 τρίτης·
3479 1117 3513 1184 ἡ
3564 1115 3795 1190 τετάρτη

2156 1199 2423 1274 βασιλεία,
2454 1205 2546 1255 νῦν
2577 1203 2612 1271 ἠ
2644 1202 2935 1273 Ῥωμαίων
2975 1202 3142 1259 ἐστίν.
3174 1202 3306 1259 Εἶτα
3335 1202 3457 1273 ἑξῆς
3488 1204 3517 1258 δ
3550 1199 3796 1280 Γαϐριὴλ

2152 1288 2466 1365 ἑρμηνεύων
2516 1289 2671 1366 φησί·
2723 1291 2798 1345 Τὰ
2850 1287 2979 1345 δὲκα
3033 1292 3233 1366 κέρατα
3284 1289 3473 1360 αὐτοῦ,
3527 1288 3655 1347 δέκα
3700 1294 3802 1369 βα-

2153 1378 2326 1441 σιλεῖς
2359 1380 2771 1450 ἀναστήσονται·
2813 1380 2903 1435 καὶ
2965 1379 3140 1435 ὀπίσω
3196 1378 3374 1435 αὐτῶν
3434 1383 3511 1455 (2)
3564 1382 3798 1454 ἀναστή-

2153 1487 2299 1522 σεται
2363 1467 2614 1542 βασιλεὺς
2651 1464 2856 1545 ἕτερος,
2910 1468 2969 1532 δς
3031 1469 3301 1545 ὑπεροίσει
3339 1475 3529 1535 κακοῖς
3600 1470 3801 1535 πάντας

2151 1556 2279 1619 τοὺς
2309 1551 2629 1631 ἔμπροσθεν,
2662 1556 2740 1615 Οὐ
2775 1559 2942 1631 μόνον
2974 1558 3108 1636 φησί
3149 1558 3276 1620 τοὺς
3328 1555 3475 1627 δέκα,
3528 1558 3676 1616 ἀλλὰ
3702 1562 3794 1616 καὶ

2150 1645 2355 1708 πάντας
2385 1646 2513 1708 τοὺς
2564 1647 3096 1723 προγεγονότας.Καὶ
3144 1653 3294 1719 τρεῖς
3328 1646 3575 1722 βασιλεῖς
3604 1669 3796 1705 ταπει-

2154 1735 2333 1789 νώσει·
2363 1733 2532 1804 δῆλον
2564 1735 2654 1789 καὶ
2684 1739 2762 1809 (3)
2790 1736 2897 1791 ἀπὸ
2921 1740 3028 1790 τῶν
3047 1732 3176 1790 δέκα
3205 1739 3313 1790 τῶν
3345 1736 3795 1812 προτέρωνίᾼπὸ

2077 1854 2123 1919 Β
2157 1821 2214 1878 δὶ
2241 1828 2352 1878 τῶν
2383 1822 2509 1878 δέκα
2539 1824 2749 1879 τούτων
2770 1824 2897 1886 τοὺς,
2927 1829 3073 1897 τρεῖς
3120 1829 3412 1895 ταπεινῶν,
3441 1824 3658 1889 πάντῶς
3714 1825 3799 1881 δτι

2155 1912 2317 1976 αὐτὸς
2372 1907 2566 1987 ὄγδοος
2622 1912 2950 1987 βασιλεύσει.
3011 1913 3117 1970 Καὶ
3179 1910 3404 1988 λόγους,
3458 1916 3613 1992 φησὶ,
3663 1918 3801 1988 πρὸς

2154 2002 2244 2057 τὸν
2276 2004 2533 2076 Ὕψιστον
2562 1999 2819 2072 λαλήσει·
2856 2001 3192 2077 βλάσφημος
3215 2003 3246 2058 δ
3276 2003 3411 2077 ἀνὴρ
3442 2003 3533 2058 καὶ
3561 2006 3803 2080 παράνο-

2158 2112 2281 2165 μος,
2309 2091 2410 2146 οὐκ
2437 2090 2497 2146 ἐκ
2525 2091 2772 2166 πατὲρων
2798 2085 2983 2147 λαϐὼν
3005 2092 3105 2160 τὴν
3131 2089 3439 2167 βασιλείαν,
3471 2092 3597 2149 ἀλλ’
3624 2092 3683 2149 ἐκ
3702 2102 3806 2165 τῆς

2156 2188 2397 2255 μαγικῆς
2428 2182 2490 2236 τὸ
2522 2181 2716 2257 ἄρχειν
2750 2180 3014 2252 ἁρπάσας.

2224 2272 2324 2326 ΙΔ“.
2359 2270 2458 2325 Καὶ
2497 2270 2580 2332 τίς
2630 2268 2772 2324 ἐστιν
2827 2270 3005 2340 οὗτος,
3064 2271 3100 2340 ἢ
3156 2269 3217 2325 ἐκ
3270 2271 3433 2333 ποίαις
3486 2270 3803 2347 ἕνεργείας;

2153 2360 2503 2433 ἓρμήνευσον,
2543 2358 2590 2411 ὦ
2622 2356 2823 2413 Παῦλε·
2882 2357 2959 2414 Οὗ
3016 2355 3152 2429 ἐστι,
3200 2358 3387 2435 φησὶν,
3435 2361 3470 2428 ἡ
3529 2360 3804 2434 παρουσία

2147 2451 2266 2504 κατ’
2318 2448 2587 2523 ἐνέργειαν
2636 2451 2737 2502 τοῦ
2796 2453 3029 2518 Σατανᾶ,
3107 2446 3161 2502 ἐν
3215 2449 3362 2523 πάσῃ
3425 2446 3648 2523 δυνάμει
3706 2453 3799 2508 καὶ

2149 2538 2405 2611 σημείοις
2462 2538 2551 2593 καὶ
2594 2539 2779 2612 τέρασι
2830 2533 3082 2611 ψεύδους.
3138 2540 3316 2595 Τοῦτο
3397 2537 3797 2614 αἰνιττόμενος,

2154 2626 2236 2682 ὅτι
2268 2628 2296 2682 ὁ
2329 2632 2568 2688 Σατανᾶς
2627 2624 2842 2702 ὀργάνῳ
2898 2627 3168 2701 κέχρηται
3216 2625 3430 2699 ἐκείνῳ,
3490 2628 3797 2705 αὐτοπρόσ-

2154 2718 2318 2779 ώπως
2348 2715 2417 2771 δι’
2449 2716 2612 2771 αὐτοῦ
2642 2719 2722 2789 (4)
2748 2715 3000 2790 ἐνεργῶν,
3029 2713 3209 2779 Εἰδὼς
3234 2715 3360 2791 γὰρ,
3393 2716 3475 2770 ὅτι
3506 2717 3570 2772 οὐ
3600 2719 3798 2791 μίλλει

2154 2805 2350 2861 λοιπὸν
2383 2803 2559 2869 ἄνεσις
2586 2806 2828 2879 γίνεσθαι
2858 2804 3024 2860 αὐτοῦ
3070 2804 3139 2879 τῇ
3185 2805 3388 2879 κρίσει,
3438 2804 3617 2863 οὖκὲτι
3709 2807 3803 2866 διὰ

2149 2898 2258 2949 τῶν
2292 2894 2574 2968 ὑπηρετῶν
2610 2893 2776 2948 αὐτοῦ
2838 2896 3112 2964 συνήθως,
3146 2890 3294 2948 ἀλλὰ
3326 2891 3396 2948 δι’
3427 2895 3620 2951 ἑαυτοῦ
3678 2897 3803 2954 λοι-

2154 2983 2254 3039 πὸν
2283 2982 2526 3055 πολεμεῖ
2554 2983 2947 3058 φανερώτερον·
2994 2985 3081 3038 Ἐν
3142 2986 3272 3037 πᾶσι
3332 2979 3391 3038 δὲ
3443 2985 3695 3058 σημείοις
3728 2991 3804 3064 (5)

454 3111 497 3147 ¹⁴
556 3113 698 3167 Dan.
732 3111 936 3175 vn,23.
972 3109 1016 3181 1⁸
1048 3180 1053 3181 ί
1096 3108 1224 3165 Vid.
1258 3115 1363 3164 cat.
1399 3109 1484 3175 12,
1519 3127 1668 3167 num.
1703 3112 1787 3165 18.
1823 3112 1866 3146 ¹⁶
1903 3116 2022 3166 Dan

2152 3153 2165 3177 ,
2198 3112 2285 3165 24.
2322 3108 2367 3145 ¹⁷
2399 3108 2544 3165 ibid.
2579 3107 2626 3143 ¹⁹
2656 3111 2836 3180 Apoc.
2869 3126 3003 3177 xvu,
3036 3111 3090 3164 9.
3136 3108 3184 3143 ²⁰
3214 3109 3358 3165 Dan.
3394 3127 3495 3181 vn,
3528 3115 3617 3167 25.
3678 3115 3721 3150 ²¹
3752 3117 3804 3171 II

383 3184 644 3238 Thessal.
687 3199 749 3249 ιι,
780 3185 833 3236 9.
877 3180 999 3235 Vid.
1033 3180 1209 3248 infra.
1241 3197 1393 3236 num.
1419 3182 1507 3236 17.

460 3307 531 3376 (1)
559 3305 672 3388 Ἰςὴν
703 3306 1013 3388 Ῥωμαίων.
1042 3309 1124 3361 Ex
1153 3309 1295 3388 R_eg._
1326 3307 1454 3388 cod.
1662 3308 1895 3388 habent
1921 3311 2027 3388 τῶν
2062 3312 2104 3377 C
2144 3306 2469 3388 canistres
2497 3308 2792 3388 interﬁciet
2822 3307 2917 3362 ille
2934 3309 3044 3388 Aqui
3071 3314 3333 3388 venturus
3361 3316 3459 3388 est,
3494 3318 3546 3366 et
3590 3313 3802 3388 reliqui

385 3375 677 3447 Ῥωμαίων
712 3396 728 3430 .·
758 3375 1106 3450 scripsimus
1129 3375 1446 3450 τήνξλιιχιει
1474 3379 1676 3450 Cyrilli
1699 3381 1916 3450 stylum
1940 3383 2028 3434 in-

386 3449 498 3512 fra,
530 3452 628 3520 ﬁt};
652 3448 969 3520 Ἀσσυρίων,
1008 3451 1107 3512 τῆς
1168 3448 1392 3517 Μήδων,
1450 3448 1548 3515 τῆς
1610 3448 1965 3519 Μακεδόνων,
1998 3452 2032 3519 ἡ

389 3519 705 3589 Ῥωμαίων.
743 3519 888 3575 LoCo
920 3519 1174 3593 ἐξηγηταί
1206 3525 1345 3585 Roe,
1379 3521 1625 3577 Casaub.
1651 3529 1709 3577 et
1761 3524 2035 3581 Genovef.

397 3598 508 3646 vet.
538 3591 1115 3666 habetmemgral,
1174 3599 1233 3647 at
1291 3593 1451 3664 prior
1510 3610 1616 3647 vox
1667 3601 1757 3649 est
1816 3596 2035 3666 Lyrillo

356 3680 371 3695 ·
394 3662 649 3717 maxime
678 3664 1047 3732 usitata,vide
1080 3670 1191 3719 cat.
1230 3662 1316 3729 16—,
1343 3681 1509 3718 num.
1535 3668 1587 3730 6,
1612 3671 1725 3720 cat.
1754 3662 2032 3726 13.1mm.

393 3738 482 3809 20,
508 3738 592 3788 2i.
628 3738 904 3800 Quartam
958 3736 1209 3791 bestiam
1242 3753 1370 3809 esse
1402 3738 1801 3809 Romanorum
1836 3738 2031 3809 impe-

391 3807 567 3872 rium,
603 3824 811 3862 omnes
861 3808 1178 3872 scriptores
1233 3807 1668 3862 ecclesiasticos
1719 3807 2033 3865 tradidisse

391 3879 559 3933 testis
592 3885 681 3934 est
707 3880 763 3932 in
799 3881 955 3933 hunc
978 3878 1175 3951 locum
1221 3878 1615 3951 Hieronymus
1640 3881 2027 3951 Porphyrium

392 3954 678 4015 refutans,
712 3953 808 4021 qui
843 3964 1113 4021 quartam
1163 3948 1413 4021 bestiam
1452 3948 1547 4003 de
1588 3948 2033 4007 successoribus

389 4021 705 4076 Alexandri
718 4020 799 4087 ,iet
825 4020 1009 4076 cornu
1038 4026 1169 4093 post
1184 4020 1388 4093 decem
1421 4038 1585 4092 rcges
1600 4022 1896 4089 ortum,de
1914 4028 2027 4078 An-

389 4093 585 4148 tiocho
616 4094 920 4165 Epiphane
964 4092 1349 4165 intelligebat.

457 4167 532 4233 ('2)
558 4163 761 4219 Ὀπίσω
793 4164 991 4220 αὐτῶν.
1025 4163 1394 4233 Coisl.,Reg.,
1426 4163 2027 4231 Roe,Casaub.,6nlam

386 4233 570 4299 αὐτοῦ,
596 4244 721 4306 post
750 4238 924 4300 illam,
960 4252 1137 4306 super
1162 4236 1427 4289 bestiam.
1458 4236 1542 4306 In
1573 4236 1776 4289 Bibliis
1807 4237 2027 4291 nostris

386 4305 858 4390 liabetura‘oubv,
884 4314 1009 4377 post
1040 4305 1163 4391 illos
1188 4306 1397 4387 Ireges]
1425 4324 1438 4369 ;
1463 4305 1550 4360 vel
1559 4313 1690 4395 post
1721 4307 1840 4374 illa,
1858 4309 2027 4433 (sror-

386 4381 522 4433 nual
551 4398 562 4433 τ
599 4391 659 4433 at
690 4397 748 4433 in
782 4380 911 4433 cod.
946 4378 1035 4431 Al.
1072 4379 1216 4431 [λλ
1238 4378 1490 4431 habetur
1512 4397 1703 4431 αυτου.
1729 4380 1851 4433 0υο
1927 4398 2027 4433 su-

381 4381 522 4450 nua]
551 4398 562 4433 τ
599 4391 659 4435 at
690 4381 748 4433 in
782 4380 911 4435 cod.
946 4378 1035 4431 Al.
1072 4378 1216 4431 LXX
1238 4378 1490 4450 habetur
1512 4378 1703 4450 αὐτοῦ.
1729 4378 1892 4450 Quod
1927 4398 2027 4434 su-

380 4447 599 4520 periori
631 4467 880 4505 numero
914 4450 1117 4503 scribit
1140 4448 1415 4520 Cyrillus,
1465 4447 1600 4517 μετὰ
1657 4449 1901 4514 τούτοδς,
1934 4452 2021 4505 in-

380 4518 539 4592 dicat
570 4540 701 4577 eum
738 4523 831 4576 hic
865 4522 1097 4592 legisse,
1132 4518 1309 4592 ὀπίσω
1342 4518 1540 4592 αὐτῶν,
1566 4527 1693 4588 post
1722 4522 1865 4577 illos.
1904 4525 2023 4578 Vox

382 4590 638 4663 βασιλεύς
670 4590 1066 4665 δεψιθηέηθε
1096 4591 1348 4665 habetur
1402 4591 1463 4644 in
1513 4592 1684 4647 codd.
1717 4595 1860 4656 Roe,
1891 4597 2018 4648 Cas.

378 4671 432 4718 et
466 4667 664 4731 (trod,
699 4664 808 4720 nec
842 4671 929 4719 est
956 4664 1105 4718 sacri
1141 4669 1353 4718 textus.

450 4737 521 4805 (3)
547 4739 732 4805 Δῆλον
755 4734 863 4805 καί.
899 4736 1105 4805 Melius
1136 4736 1195 4789 in
1228 4733 1379 4787 codd
1423 4732 1621 4797 Coisl.,
1656 4735 1817 4803 Ileg.,
1853 4735 2014 4792 Bodl.

374 4812 433 4859 et
457 4803 681 4877 Morel..
715 4804 883 4873 δῆλον
919 4803 997 4873 δέ,
1026 4809 1379 4874 manifestum
1399 4822 1545 4859 vero.
1578 4807 1716 4877 Post
1746 4804 1849 4856 ἀπὸ
1881 4824 2017 4877 par—

371 4876 611 4949 ticulam
646 4876 702 4930 δὲ
735 4895 803 4933 ex
826 4882 962 4949 Reg.
997 4878 1127 4933 cod.
1160 4876 1507 4949 adiecimus.
1564 4875 1898 4949 (jrodecius
1932 4879 2013 4931 vi-

368 4946 543 5020 detur
572 4966 691 5003 non
726 4942 950 5020 legisse,
964 4950 1160 5020 verba,
1185 4942 1274 5020 κάξ
1301 4946 1406 5000 ἀπὸ
1435 4950 1544 5020 τῷν
1577 4942 1839 5020 δέκα-τῶν
1873 4968 2011 5020 προ-

368 5014 560 5085 τέρων,
597 5020 700 5074 sed
732 5014 835 5083 ita,
867 5016 1039 5087 δῆλον
1071 5018 1148 5085 δὲ,
1182 5019 1288 5073 ἀπὸ
1337 5022 1445 5072 τῶν
1481 5015 1608 5072 δὲκα
1637 5018 1867 5085 τούτων,
1896 5014 2008 5077 έιο.

368 5089 576 5143 Totum
609 5108 742 5145 vero
778 5093 931 5146 hunc
953 5093 1148 5147 locum
1181 5092 1263 5146 ita
1289 5091 1568 5146 exhibent
1589 5093 1724 5155 Roe,
1760 5092 2006 5147 Casaub.

368 5166 427 5215 et
459 5161 643 5227 Bodl.,
676 5159 854 5227 Δῆλον
886 5162 973 5215 καὶ
1000 5162 1188 5225 (Bold.
1221 5160 1296 5287 δὲέ
1329 5162 1413 5215 δτι
1445 5162 1552 5215 ἀπὸ
1589 5166 1696 5215 τῶν
1729 5158 1858 5217 δέκα
1880 5162 2009 5221 τού-

368 5250 471 5283 των
505 5232 578 5282 ὡν
606 5231 849 5287 εἴπομεν.
889 5232 949 5287 Εἰ
981 5230 1039 5287 δὲ
1067 5237 1176 5286 τῶν
1238 5231 1265 5287 δ
1299 5253 1364 5286 κα
1392 5232 1522 5287 τοὺς
1562 5238 1705 5287 τρεῖς
1736 5236 2004 5287 ταπεινώ-

362 5250 471 5283 των
505 5232 578 5306 ὠν
606 5231 849 5300 εἴπομεν.
889 5232 949 5287 Εἰ
981 5230 1039 5287 δὲ
1067 5237 1201 5306 τῶν,
1238 5230 1364 5287 δέκα
1392 5232 1522 5294 τοὺς
1562 5238 1705 5306 τρεῖς
1736 5236 2004 5288 ταπεινώ-

364 5322 466 5377 σει,
497 5302 707 5361 πάντως
737 5304 841 5367 ὅτι,
874 5311 1007 5370 etc.,
1047 5305 1308 5360 Videlicet
1359 5323 1386 5357 e
1442 5302 1622 5361 decem
1675 5307 1806 5375 illis,
1874 5324 2006 5377 quos

361 5376 625 5431 diximus.
660 5378 719 5429 Si
750 5392 874 5429 vero
903 5394 930 5429 e
960 5378 1139 5431 decem
1188 5377 1299 5430 illis
1358 5383 1464 5429 tres
1519 5394 1875 5447 oppressurus
1892 5376 1999 5437 est,

353 5450 608 5519 profecto
634 5450 777 5519 ipse.
803 5452 911 5503 etc.
938 5449 1098 5501 Idem
1122 5464 1356 5517 semper
1404 5452 1494 5502 est
1544 5466 1776 5504 sensus.
1836 5451 2000 5514 Quod

358 5518 1310 5593 Subjicitcyrillus,Antichristum
1334 5525 1997 5593 octavumregnaturum

358 5609 505 5651 esse.
533 5592 955 5665 sumptumnvel
988 5608 1059 5665 er
1103 5592 1283 5659 Apoc.
1318 5606 1450 5665 xvii,
1478 5592 1568 5645 vel
1623 5592 1701 5665 ex’
1750 5594 1993 5665 Irenreo,

353 5681 530 5737 quem
564 5661 944 5737 hic'Cyrillus
970 5662 1201 5737 videtur
1230 5661 1583 5737 exscribere,
1607 5664 1687 5716 sic
1710 5664 1870 5717 enim
1894 5665 1994 5720 ille

2146 3380 2511 3448 subjicientur
2542 3381 2610 3441 ei,
2635 3382 2829 3451 et_ipse
2858 3385 3076 3434 octavus
3106 3382 3165 3433 in
3197 3383 3274 3435 eis
3303 3397 3322 3435 :
3345 3381 3444 3451 qui
3506 3388 3563 3437 et
3607 3380 3803 3442 unde-

2147 3452 2340 3505 cimus
2371 3457 2643 3521 respectu
2671 3449 2900 3515 decem,
2930 3467 3086 3521 sup.,
3119 3464 3284 3505 num.
3321 3449 3406 3506 12.

2218 3524 2289 3591 (4)
2324 3522 2401 3574 Δι’
2431 3523 2616 3574 αὑτοῦ.
2650 3523 2731 3576 Ea
2759 3521 2937 3576 verba
2977 3522 3321 3577 addidimus
3370 3540 3441 3579 ex
3489 3526 3798 3584 codicibus

2147 3596 2284 3659 Roe,
2311 3593 2554 3649 Casaub.
2586 3598 2645 3647 et
2675 3593 2828 3648 Grod
2869 3594 3053 3648 Paulo
3085 3601 3218 3659 post
3247 3594 3429 3649 iidem
3452 3597 3683 3654 codices
3698 3600 3802 3657 ha-

2147 3612 2284 3659 noe,
2311 3612 2554 3649 nasauo.
2586 3612 2645 3647 et
2675 3612 2828 3648 urou
2869 3612 3053 3648 r'auio
3126 3612 3218 3647 OSI.
3247 3612 3429 3649 uuem
3452 3612 3683 3654 couices
3698 3612 3796 3657 ha-

2143 3662 2363 3740 bent,év
2394 3666 2462 3740 τῇ
2491 3661 2690 3740 κρίσει,
2726 3683 2751 3714 ι
2783 3664 2940 3740 quod
2991 3612 3159 3740 nuﬁa
3181 3665 3464 3740 deinceps
3487 3667 3796 3740 injudicio

2143 3758 2170 3808 (ς
2194 3738 2243 3805 ej
2255 3754 2323 3791 us
2337 3736 2793 3791 eritremissio.»
2805 3736 2918 3791 Hoc
2930 3742 3128 3791 autem
3145 3736 3273 3791 loco
3289 3736 3543 3808 Cyr‘illus
3556 3736 3680 3795 eam
3695 3744 3797 3796 vi-

2142 3807 2676 3883 deturopinionem
2701 3807 3077 3883 sequi,quam
3105 3807 3498 3883 llieronymus
3514 3813 3572 3865 in
3585 3828 3795 3883 cap.vn

2141 3878 2424 3934 Danielis.
2457 3879 2531 3933 ad
2562 3895 2708 3934 vers.
2742 3881 2795 3941 8.
2830 3878 3226 3949 quorumdam
3252 3878 3382 3935 esse
3405 3882 3603 3948 refert,
3623 3878 3798 3941 Anti-

2140 3951 2430 4005 christum
2463 3951 2657 4023 ipsum
2691 3966 2818 4004 esse
2846 3949 3146 4005 diabolum
3169 3950 3797 4023 veldaamonem,unde

2140 4028 2200 4103 et
2227 4039 2394 4103 num.
2422 4025 2483 4075 l7
2516 4021 2618 4103 ait,
2651 4027 2944 4103 martyres
2976 4026 3242 4093 tempore
3275 4021 3626 4081 Antichristi
3660 4046 3797 4084 cum

2139 4094 2267 4166 ipso
2292 4095 2506 4166 Satana
2528 4094 2862 4166 inproprie
2890 4109 3147 4166 persona
3181 4110 3604 4166 congressuros
3633 4116 3787 4159 esse.

2178 4171 2285 4219 unt
2315 4165 2414 4235 qui
2450 4163 2847 4219 existimarint
2870 4165 3287 4219 Antichristum
3302 4163 3429 4221 non
3455 4184 3657 4225 verum
3675 4172 3792 4228 ho-

2136 4237 2360 4291 minem
2391 4237 2685 4308 futurum,
2711 4237 2814 4290 sed
2838 4236 3155 4308 humanam
3193 4238 3451 4308 speciem
3483 4255 3517 4293 a
3548 4240 3787 4300 diabolo

2135 4314 2502 4385 assumptum
2515 4306 2690 4385 .quod
2720 4308 2962 4378 prmfato
2975 4306 3344 4385 loc_orefel_lit
3366 4310 3783 4385 Hieronymus.

2133 4380 2195 4433 ld
2248 4377 2477 4434 videtur
2529 4379 2751 4456 sentire
2807 4377 3439 4456 pseudozllippolytus,
3492 4377 3621 4456 pag.
3655 4389 3783 4453 352,

2133 4468 2473 4521 quanquam
2501 4450 2642 4505 alibi
2675 4449 2816 4504 eum
2851 4468 2920 4504 ex
2970 4449 3297 4505 tribu’Dan
3347 4449 3665 4511 oriundum
3714 4449 3785 4515 ac

2132 4540 2333 4576 verum
2365 4523 2671 4577 hominem
2703 4522 3056 4593 exstiturum
3090 4523 3503 4593 supponit.Ast
3530 4527 3633 4582 alii
3658 4533 3782 4585 An-

2134 4594 2471 4670 ticiirislum
2495 4599 2769 4670 pu_tant_a
2789 4592 3027 4670 dia_bol_o
3063 4592 3432 4670 liypostatice
3458 4600 3787 4670 suscipien-

2050 4676 2093 4738 ι)
2129 4666 2310 4743 duni,_
2320 4663 2829 4743 quemadmodum
2860 4663 3130 4743 Christus
3157 4665 3411 4743 a_Verl_)o
3438 4663 3782 4743 ass'uniptus

2129 4737 2255 4810 fuit.
2295 4735 2425 4810 limo
2460 4735 2875 4810 videturinter
2894 4735 3044 4791 alios
3075 4736 3131 4790 S.
3157 4736 3452 4810 Hippolyti
3482 4735 3782 4801 sententia

2126 4808 2305 4862 fuisse
2340 4809 2411 4861 de
2431 4807 3006 4882 _Ant_ichristo,num.
3044 4810 3075 4861 6
3107 4811 3166 4862 et
3193 4810 3285 4882 14,
3318 4807 3774 4882 θίΤΙηοάοωῐὶ,

2124 4882 2313 4952 ﬂaret,
2358 4879 2608 4952 fab.,lib.
2644 4896 2696 4943 ν,
2723 4880 3084 4952 cap.2_3,imo
3108 4884 3165 4952 et
3187 4879 3774 4952 ﬂieronymiaientis

2123 4949 2553 5030 Antichristum
2595 4966 2841 5030 «mnum
2867 4950 2941 5005 de
2971 4949 3314 5030 hominibus
3352 4949 3510 5030 fore,
3546 4955 3606 5030 in
3653 4975 3771 5030 quo

2128 5042 2153 5072 .‹
2179 5027 2335 5075 totus
2348 5022 2594 5076 Satanas
2625 5021 2995 5076 habitaturus
3009 5021 3085 5076 sit
3101 5023 3390 5092 corporali
3401 5029 3508 5082 ter.
3519 5048 3543 5073 η
3554 5021 3769 5087 Verum

2121 5092 2271 5147 nibil
2306 5109 2547 5167 necesse
2576 5098 2667 5147 est
2723 5092 2785 5167 in
2820 5093 2970 5148 hanc
2998 5093 3357 5167 sententiam
3388 5096 3679 5167 Cyrillum
3710 5109 3773 5159 et

2118 5171 2481 5219 memoratos
2511 5166 2715 5219 Patres
2739 5164 3116 5235 interpretari
3154 5180 3166 5218 :
3202 5170 3266 5218 ut
3304 5164 3464 5221 enim
3487 5169 3768 5230 diabolus

2118 5254 2223 5316 per
2255 5235 2685 5316 Antichristum
2710 5235 3041 5316 inpropria
3072 5251 3328 5316 persona
3359 5249 3768 5308 cperetur,sa-

2118 5308 2192 5361 tis
2226 5314 2401 5360 estut
2433 5307 2531 5361 ille
2566 5325 2627 5363 se
2654 5307 2727 5362 ad
2749 5307 2971 5362 diaboli
3004 5313 3185 5361 nutus
3217 5307 3768 5372 totumfaccommo-

2116 5379 2231 5431 (let.
2263 5380 2352 5452 Sic
2384 5379 2561 5433 etiam
2593 5379 2675 5434 ait
2705 5385 2816 5452 cat.
2852 5382 2938 5446 16,
2993 5395 3158 5433 num.
3215 5380 3300 5445 l5,
3352 5383 3625 5452 spiritum
3648 5387 3765 5442 im-

2114 5450 2401 5528 mundum
2435 5450 2818 5528 energumeni
2850 5467 3095 5522 corpore
3119 5450 3402 5522 tanquam
3436 5458 3676 5528 prOprio
3698 5466 3761 5515 et

2109 5522 2508 5577 instrumento
2544 5522 2633 5577 sui
2660 5522 2843 5577 abuti.

2179 5597 2249 5673 (Ii)
2296 5594 2383 5647 Ἐν
2434 5597 2567 5673 ςπᾶσι
2628 5589 2685 5673 δὲ
2768 5613 2913 5673 σημε
2966 5594 3102 5673 ῌθε.
3138 5594 3453 5673 et.Coisl.,
3513 5595 3566 5649 ἐν
3610 5597 3751 5673 πάσῃ

2106 5659 2329 5740 δυνάμει
2360 5664 2450 5717 καὶ
2484 5662 2756 5740 σημείοις,
2796 5659 3152 5740 ut_habe_tur
3209 5663 3271 5719 in
3329 5659 3495 5740 sacro
3561 5659 3745 5740 textu:

354 5734 457 5792 lib.
494 5756 541 5792 ν.
576 5756 626 5793 c.
662 5734 750 5806 26,
776 5753 816 5790 ιι
861 5737 886 5790 1
917 5752 929 5791 :
982 5735 1336 5801 Manifestum
1384 5738 1459 5786 est
1512 5734 1702 5800 itaque
1732 5737 1995 5802 quoniam
2102 5752 2170 5790 ac
2192 5736 2320 5808 jam
2348 5737 2535 5792 semel
2550 5734 2609 5792 et
2632 5737 2847 5794 iterum
2867 5736 3028 5792 hunc
3047 5735 3246 5793 locum
3265 5738 3533 5795 recitavit
3561 5734 3754 5815 Cyr-ill
