4118 6264
442 367 550 425 891

1507 371 1571 429 S.
1619 368 1927 430 CYRILLI
1973 365 2390 431 HIEROSOL.
2437 367 2803 431 ARCHIEP.

3736 368 3851 431 893

441 496 545 554 ille
575 498 634 553 in
667 499 914 556 omnibus
930 501 1102 570 signis
1118 506 1170 554 et
1186 503 1460 572 portentis
1478 501 1751 556 mendacii
1771 519 1792 565 ;
1809 501 2075 557 adversus

2198 496 2433 570 ἔνδοθεν,
2467 497 2592 566 ἔνθα
2638 505 2705 555 τᾶ
2742 494 3015 576 χιρουϐἲμ
3069 500 3135 570 ἦν
3187 501 3311 557 τότε
3369 496 3589 576 ἔρχεται
3648 498 3849 565 ἐκεῖνος

440 587 601 642 idola
631 587 832 642 omnia
854 604 914 643 se
942 589 1195 643 ell'erens
1219 606 1232 656 ;
1260 595 1319 646 et
1350 589 1535 643 initiis
1559 590 1798 660 quidem
1819 590 2092 645 humani-

442 682 623 733 tatem
650 677 961 741 simulans,
981 676 1028 711 ³⁵
1049 684 1254 749 postea
1270 694 1406 733 vero
1428 679 1726 733 feritatem
1776 676 1929 734 232
1961 694 2089 733 ma-

440 767 598 821 xime
655 766 966 820 adversum
1027 772 1264 821 sanctos
1301 767 1403 821 Dei
1452 766 1885 822 demonstrans.
1938 767 2092 822 Dicit

441 856 598 911 enim
635 855 917 925 (Daniel):
958 855 1242 924 Videbam,
1295 863 1345 909 et
1376 873 1543 911 cornu
1573 856 1715 911 illud
1770 856 1967 911 bellum
1993 873 2085 926 ge-

435 946 591 1000 rebat
619 961 740 1000 cum
783 948 987 999 sanctis
1036 944 1103 999 ³⁸.
1145 947 1216 1000 Ει
1244 963 1449 1000 rursus
1482 945 1597 1001 alio
1632 946 1692 1000 in
1739 946 1869 1001 loco
1912 963 1925 1000 :
1970 948 2091 1001 Erit

438 1040 649 1104 tempus
671 1036 1025 1104 afﬂictionis:
1080 1034 1314 1104 afﬂictio
1366 1036 1547 1105 qualis
1602 1052 1714 1090 non
1742 1038 1854 1105 fuit
1883 1053 1950 1090 ea:
1980 1052 2088 1106 quo

431 1140 562 1193 gens
597 1124 807 1178 exstitit
838 1140 1002 1193 super
1025 1130 1250 1187 terram,
1280 1139 1452 1193 usque
1481 1126 1555 1178 ad
1594 1130 1804 1194 tempus
1848 1123 1991 1178 illud
2020 1121 2087 1177 ³⁷.

433 1212 741 1267 Terribilis
773 1216 864 1267 est
892 1210 1038 1280 fera,
1074 1211 1249 1267 draco
1283 1228 1534 1285 magnus
1570 1213 1911 1268 hominibus
1936 1213 2094 1268 insu-

436 1300 741 1373 perahilis,
776 1306 1017 1372 paratus
1048 1302 1120 1356 ad
1146 1301 1569 1356 devorandum.
1606 1303 1683 1357 De
1707 1319 1823 1373 quo
1855 1303 2089 1358 tametsi

441 1389 615 1462 plura
644 1408 714 1446 ex
743 1388 957 1444 divinis
979 1390 1299 1462 Scripturis
1320 1390 1573 1446 dicenda
1592 1390 1937 1458 habeamus,
1962 1407 2086 1446 mo-

436 1478 577 1534 dum
611 1484 809 1533 tamen
837 1486 1107 1535 tenentes
1138 1480 1231 1535 his
1260 1481 1501 1535 interim
1544 1481 1805 1536 contenti
1841 1481 2084 1536 erimus.

500 1656 876 1715 XVI.Idcirco
907 1658 1226 1715 adversarii
1250 1660 1427 1733 hujus
1449 1661 1562 1716 vim
1586 1676 1949 1732 pernoscens
1972 1660 2085 1715 Do-

435 1748 659 1815 minus,
690 1747 807 1819 piis
831 1748 1062 1802 veniam
1086 1748 1360 1803 concedit
1379 1750 1545 1804 aiens
1570 1766 1583 1805 :
1613 1751 1763 1803 Tunc
1780 1748 1879 1818 qui
1907 1750 1966 1802 in
1994 1749 2088 1802 Ju-

2200 588 2253 645 ἒν
2282 596 2410 644 πᾶσι
2444 589 2695 662 σημείοις
2726 590 2813 644 καὶ
2846 588 3030 664 τὲρασι
3087 587 3335 663 ψεύδους,
3386 589 3846 663 κατεπαιρόμενος

2199 675 2445 733 εἰδώλων
2501 680 2753 734 ἁπάντων
2786 722 2799 745 ,
2875 679 2941 732 τὰ
3022 684 3211 752 πρῶτα
3282 679 3377 751 μὲν
3432 676 3843 755 φιλανθρωπίαν

2200 767 2656 843 ὐποκρινόμενος,
2692 767 2919 841 ὕστερπν
2954 765 3011 822 δὲ
3037 768 3100 823 τὸ
3132 768 3410 841 ἀπότομον
3442 764 3847 841 ἐνδεικνύμενος

2196 855 2286 911 καὶ
2321 855 2559 929 μάλιστα
2590 856 2726 930 πρὸς
2749 856 2878 919 τοὺς
2930 857 3118 932 ἁγίους
3171 861 3267 912 τοῦ
3324 862 3478 913 Θεοῦ.
3541 858 3690 929 Φησὶ
3720 858 3844 934 γάρ’

2198 946 2527 1021 Ἐθεώρουν,
2558 948 2647 1001 καί
2699 947 2762 1002 τὸ
2791 945 2949 1022 κέρας
2975 947 3146 1002 ἐκεῖνο
3175 945 3345 1002 ἐποίει
3402 946 3650 1020 πόλεμον
3714 949 3848 1020 μετά

2196 1039 2307 1089 τῶν
2339 1035 2524 1106 ἁγίωνσ
2583 1034 2672 1090 καὶ
2726 1033 2890 1090 πάλιν
2950 1033 3207 1111 ἀλλαχοῦ
3261 1037 3450 1092 Ἔσται
3498 1034 3688 1110 καιρὰς
3726 1037 3847 1091 θλί-

2198 1126 2290 1198 ψις
2322 1123 2411 1179 σ’ία
2460 1124 2522 1179 οὐ
2574 1126 2790 1200 γέγονεν
2849 1125 2938 1202 ἀφ’
2994 1127 3061 1193 ἧς
3117 1126 3336 1200 γέγονεν
3395 1121 3549 1187 ἔθνος
3607 1125 3695 1181 ἐπὶ
3751 1131 3847 1196 τῆς

2196 1215 2320 1289 γῆς,
2352 1211 2457 1275 ἓως
2484 1218 2582 1269 τοῦ
2611 1218 2805 1288 καιροῦ
2851 1212 3083 1270 ἐκείνου.
3145 1214 3325 1269 Δεινὸν
3383 1213 3445 1269 τὸ
3478 1214 3692 1290 θηρίον,
3725 1212 3851 1289 δρά-

2196 1322 2307 1357 κων
2399 1302 2562 1377 μὲγας
2643 1301 2952 1377 ἀνθρώποις
3037 1302 3529 1380 ἀκαταγνώνιστος,
3631 1299 3852 1376 ἓτοιμος

2198 1388 2272 1451 εἰς
2323 1389 2387 1444 τὸ
2440 1392 2739 1445 καταπιεῖν·
2792 1392 2912 1465 περὶ
2974 1390 3038 1445 οὗ
3095 1389 3327 1446 πλείονα
3381 1386 3603 1465 ἔχοντες
3662 1390 3852 1447 λαλεῖν

2195 1475 2256 1533 ἐκ
2311 1483 2418 1533 τῶν
2475 1480 2630 1543 θείων
2687 1484 2913 1558 Γραφῶν
2942 1523 2957 1550 ,
3015 1483 3240 1542 τούτοις
3316 1481 3629 1554 ἀρκούμεθα
3712 1482 3851 1546 τὲως

2197 1568 2533 1644 συμμετρίας
2561 1566 2758 1625 ἕνεκεν.

2268 1658 2356 1727 Ιζῖ
2391 1659 2487 1711 Διὰ
2523 1662 2684 1712 τοῦτο
2742 1654 2905 1720 εἷ’δὼς
2960 1661 3057 1713 τοῦ
3121 1656 3422 1714 ἀντιπάλου
3472 1657 3536 1713 τὸ
3591 1658 3843 1735 μέγεθος,

2195 1747 2530 1821 συγγνώμην
2592 1751 2709 1809 τοῖς
2770 1741 3020 1802 εὖλαϐἑσι
3093 1743 3278 1809 διδοῖς
3343 1748 3371 1802 ὁ
3427 1746 3624 1823 Κύριός
3683 1768 3836 1823 φησι·

439 1836 558 1892 daea
578 1844 761 1906 erunt,
793 1839 1019 1906 fugiant
1048 1839 1107 1890 in
1132 1844 1343 1893 montes
1358 1837 1487 1892 ".Si
1521 1838 1655 1908 quis
1677 1854 1809 1891 vero
1842 1836 1951 1891 sibi
1980 1836 2075 1890 ﬁr-

2190 1835 2350 1935 Tdted
2374 1836 2424 1889 οἱ
2482 1835 2533 1889 ἐν
2582 1834 2653 1910 τῇ
2710 1833 2964 1907 Ἰουδαίᾳ,
3047 1836 3385 1913 φευγέτωσαν
3445 1835 3521 1900 είς
3590 1837 3658 1891 τὰ
3711 1833 3841 1914 ὅρη.

438 1926 662 1980 mitatis
680 1926 951 1981 maximas
973 1926 1249 1981 conscius
1272 1927 1368 1993 sit,
1391 1931 1456 1981 ut
1493 1926 1773 1981 adversus
1810 1926 2075 1980 Satanam

2190 1923 2258 1983 El
2291 1920 2350 1979 δὲ’
2393 1945 2478 1986 τις
2535 1922 2775 1979 σύνοιδεν
2827 1925 3002 1996 ἑαυτῷ
3059 1923 3403 2003 στεῤῥοτάτῳ
3458 1921 3592 1995 ὄντι,
3644 1924 3740 1981 ’ίνα
3766 1932 3844 2001 τῷ

434 2019 745 2087 repugnet,
770 2016 1048 2087 persistat
1072 2018 1212 2081 (non
1263 2017 1421 2070 enim
1455 2014 1637 2070 robur
1680 2016 1753 2083 (1)
1779 2020 1836 2069 et
1874 2030 2087 2069 nervos

427 2098 708 2160 Ecclesiae
736 2104 1079 2175 desperatos
1103 2105 1332 2175 habeo),
1358 2110 1417 2159 et
1435 2105 1592 2159 dicat
1617 2121 1630 2159 :
1656 2126 1682 2154 ‹‹
1709 2104 1849 2168 Quis
1873 2119 1979 2158 nos
2002 2119 2087 2157 se-

428 2220 458 2248 ‹‹
482 2196 718 2269 parabit
735 2214 768 2253 a
787 2197 1073 2251 charitate
1097 2197 1313 2251 Christi
1336 2195 1382 2231 ’9
1401 2196 1430 2251 ?
1455 2219 1481 2245 »
1506 2202 1616 2251 etc.
1642 2197 1857 2250 Verum
1873 2194 1973 2264 qui
2010 2195 2085 2248 ti-

426 2285 573 2342 midi
598 2303 823 2354 sumus,
849 2302 958 2341 nos
984 2286 1045 2340 in
1071 2290 1196 2341 tuto
1222 2302 1551 2357 ponamus;
1575 2285 1674 2356 qui
1697 2301 1832 2339 vero
1851 2284 2083 2339 fiduciae

424 2375 610 2448 pleni,
638 2375 713 2432 ad
745 2391 1005 2448 pugnam
1026 2380 1382 2446 perstemus.
1413 2398 1432 2423 ι
1460 2374 1585 2429 Erit
1605 2375 1750 2429 enim
1775 2379 1913 2429 tunc
1935 2373 2083 2429 afﬂi-

428 2486 448 2514 α
472 2465 551 2519 tio
568 2481 801 2537 magna.
824 2465 1019 2536 qualis
1036 2464 1283 2520 nonfuit
1302 2463 1375 2519 ab
1397 2464 1566 2519 initio
1590 2471 1877 2520 creaturas
1896 2479 2083 2534 usque

420 2575 449 2607 «
469 2554 543 2610 ad
570 2554 684 2608 hoc
707 2559 962 2625 tempus,
997 2568 1193 2625 neque
1214 2553 1495 2625 deinceps
1519 2554 1632 2608 erit
1649 2551 1716 2608 3".
1736 2575 1763 2603 »
1800 2557 2080 2608 Attamen

416 2644 535 2699 Deo
599 2642 868 2715 itgratia,
894 2642 995 2712 qui
1017 2642 1360 2697 afflictionis
1382 2641 1854 2714 magnitudinem
1875 2642 2079 2712 paucis

422 2730 630 2787 diebus
650 2731 1139 2802 circumscripsit.
1163 2730 1487 2785 Dicitenim
1509 2746 1522 2784 :
1541 2752 1567 2780 α
1582 2730 1693 2784 Sed
1706 2735 1948 2802 propter
1965 2731 2080 2786 ele-

425 2840 448 2869 ε
473 2825 565 2876 tos
587 2820 1055 2877 deourtabuntur
1068 2819 1198 2876 dies
1214 2818 1301 2874 illi
1318 2818 1387 2873 ³1.
1407 2840 1435 2869 ››
1451 2818 1801 2891 3’Regnabit
1813 2836 1946 2875 vero
1963 2821 2080 2876 An-

418 2910 724 2966 tichristus
746 2915 865 2966 tres
887 2925 1077 2966 annos
1122 2914 1177 2965 et
1202 2908 1515 2964 dimidium
1557 2909 1864 2965 duntaxat.
1909 2910 2077 2974 Quod

421 3017 543 3056 non
575 3017 645 3055 ex
675 3000 1030 3071 apocryphis
1049 3000 1126 3071 (2)
1154 2998 1428 3054 dicimus.
1457 2998 1560 3054 sed
1596 3015 1665 3054 ex
1686 2998 1951 3054 Daniele.
1983 2999 2079 3053 Ait

419 3106 709 3161 namque:
733 3114 751 3137 α
773 3092 843 3145 Et
863 3089 1178 3145 dabiturin
1198 3105 1380 3144 manu
1396 3088 1524 3159 ejus
1537 3105 1726 3159 usque
1745 3088 1818 3144 ad
1839 3094 2075 3160 tempus

2192 2017 2405 2084 Σατανᾷ
2458 2012 2820 2088 ἀντιπαλαίσῃ
2854 2057 2868 2082 ,
2926 2015 3169 2083 πηκὲτω
3223 2019 3245 2086 (
3274 2013 3337 2068 οὗ
3401 2014 3505 2088 γὰρ
3564 2014 3848 2086 ἀπελπίζω

2187 2109 2289 2171 τῆς
2347 2100 2678 2171 Ἐκκλησίας
2730 2104 2798 2157 τὰ
2850 2105 3061 2177 νεῦρα),
3119 2102 3211 2157 καὶ
3264 2100 3497 2178 λεγέτω·
3546 2104 3642 2167 Τίς
3699 2107 3845 2179 ἡμᾶς

2190 2191 2418 2266 χωρίσει
2474 2189 2577 2245 hoc
2658 2193 2758 2259 τῆς
2834 2190 3049 2267 ἀγάπης
3131 2194 3227 2246 τοῦ
3282 2194 3522 2261 Χριστοῦ
3571 2194 3700 2266 (3);
3748 2178 3846 2249 ίκαῖ

2182 2280 2253 2335 τὰ
2272 2279 2416 2351 ἑξῆς.
2451 2278 2617 2337 ἈλΑ’
2669 2279 2721 2334 οἱ
2754 2277 2929 2335 δειλοὶ
2989 2280 3106 2353 μὲν,
3174 2279 3400 2345 ἑαυτοὺς
3454 2281 3844 2356 ἀσφαλιζώμε-

2186 2381 2251 2435 θα
2283 2388 2295 2400 ·
2359 2371 2410 2425 οἱ
2471 2366 2529 2424 δὲ
2587 2369 2864 2442 εὐθαρσεῖς
2898 2411 2912 2438 ,
2970 2371 3438 2444 παραστήκωμεν.
3494 2370 3682 2428 Ἔσται
3739 2374 3839 2449 γὰρ

2183 2457 2307 2512 τότε
2359 2457 2543 2531 θλίψις
2604 2457 2816 2534 μεγάλη
2853 2500 2867 2527 ,
2924 2456 3012 2513 οἵα
3094 2457 3156 2514 οὐ
3231 2460 3448 2536 γὲγονεν
3536 2460 3611 2515 ἀπ
3661 2460 3838 2538 ἀρχῆς

2182 2547 2409 2609 κτίσεως
2438 2542 2543 2609 ἕως
2599 2550 2698 2601 τοῦ
2753 2550 2869 2615 νῦν,
2935 2544 3051 2602 οὐδ’
3105 2545 3166 2602 οὗ
3227 2548 3302 2621 μὴ
3358 2548 3601 2625 γένηται.
3662 2548 3839 2606 Ἀλλὰ

2180 2639 2261 2708 τῷ
2292 2639 2409 2708 Θεῷ
2448 2636 2614 2712 χάρις
2641 2638 2721 2708 τῷ
2752 2636 2815 2691 τὸ
2850 2637 3074 2713 μὲγεθος
3121 2642 3223 2707 τῆς
3267 2635 3510 2711 θλίψεως
3536 2638 3614 2701 εἰς
3649 2639 3839 2715 ὀλίγας

2180 2724 2393 2802 ἡμέρας
2442 2727 2857 2801 ⁴ιεεριγρςιιψαντι.
2942 2723 3099 2801 Λέγει
3174 2724 3295 2802 γάρ·
3383 2726 3484 2782 Διὰ
3569 2724 3629 2784 δὲ
3708 2729 3838 2791 τοὺς

2181 2813 2479 2879 ἐπλεκτοὺς
2578 2809 3059 2871 κολοϐωθόσονται
3141 2815 3197 2869 αἱ
3281 2815 3481 2890 ἡμέραι
3584 2814 3837 2876 ἐκεῖναι.

2180 2903 2507 2962 Βασιλεύσει
2535 2901 2594 2959 δὲ
2615 2905 2644 2960 ὁ
2672 2902 3054 2979 Ἀντίχρισςος
3097 2902 3221 2978 τρία
3248 2904 3337 2960 καὶ
3379 2903 3547 2976 ἥμισυ
3577 2900 3671 2975 ἔτη
3726 2905 3837 2978 μό-

2184 3015 2268 3050 να.
2296 2994 2414 3051 Οὐκ
2440 2993 2490 3064 ἐξ
2524 2993 2854 3070 ἀποκρύφων
2904 2992 3164 3068 λέγομεν,
3198 2991 3321 3048 ἀλλ’
3348 2995 3409 3049 ἐκ
3458 2996 3556 3048 τοῦ
3596 2992 3834 3063 Δαθιὴλο

2183 3083 2319 3161 φησὶ
2367 3081 2492 3160 γάρ’
2552 3082 2658 3139 Καὶ
2719 3079 3007 3153 δοθήσεται
3062 3082 3116 3137 ἐν
3170 3080 3321 3159 χειρὶ
3375 3080 3545 3137 αὐτοῦ
3597 3086 3677 3152 (4)
3725 3078 3838 3146 ιω(

420 3199 448 3226 ‹‹
467 3182 523 3232 et
548 3182 835 3247 tempora,
858 3175 1245 3231 etdimidium
1271 3174 1555 3247 temporis
1574 3173 1909 3247 33.Tempus
1934 3197 1962 3224 ››
1985 3180 2075 3231 est

2188 3175 2395 3248 καιροῦ,
2475 3171 2567 3227 καὶ
2650 3175 2878 3247 καιρῶν,
2932 3169 3021 3226 καὶ
3079 3170 3253 3245 ἥμιου
3338 3173 3554 3247 καιροῦ.
3637 3170 3842 3245 Καιρὸς

418 3280 615 3319 annus
637 3281 814 3332 unus,
838 3264 900 3318 in
924 3281 1040 3334 quo
1070 3264 1293 3320 sensim
1317 3269 1701 3335 augmentum
1722 3264 1917 3335 capiet
1936 3264 2067 3333 ejus

2188 3243 2304 3335 μὲν,
2338 3260 2366 3316 ὁ
2397 3260 2473 3323 εἷς
2515 3243 2781 3332 ἐνιαυτὸς,
2814 3259 2865 3315 ἐν
2925 3263 2971 3332 ᾣ
3024 3243 3161 3322 τὲως
3206 3258 3350 3330 αὔξει
3393 3243 3444 3329 ἠ*
3472 3243 3836 3337 παρουσία-αὗ

418 3353 705 3410 adventus
733 3369 744 3405 :
772 3359 1021 3423 tempora
1041 3369 1196 3419 vero,
1218 3353 1334 3407 duo
1349 3351 1562 3423 reliqui
1586 3352 1910 3423 impietatis
1931 3353 2069 3407 anni

418 3458 551 3515 quas
579 3441 640 3497 in
674 3458 968 3497 summam
992 3440 1243 3497 collecta
1263 3457 1451 3497 annos
1474 3446 1592 3495 tres
1617 3441 1978 3497 conficiunt:
2012 3447 2071 3497 et

414 3531 707 3587 dimidium
744 3534 1023 3601 temporis,
1086 3536 1227 3586 sunt
1279 3547 1381 3586 sex
1436 3546 1694 3586 menses.
1731 3530 2067 3600 lterumque

413 3620 557 3677 alibi
589 3620 701 3676 hoc
734 3620 929 3692 ipsum
960 3620 1044 3675 ait
1066 3620 1313 3676 Doniel:
1349 3621 1466 3674 «Et
1485 3618 1712 3692 juravit
1738 3635 1845 3690 per
1866 3620 2070 3674 Viven-

415 3733 445 3762 ‹‹
480 3715 602 3766 tem
632 3710 694 3766 in
726 3710 1032 3778 saeculum,
1057 3709 1214 3781 quod
1236 3710 1298 3765 in
1325 3713 1579 3781 tempus,
1598 3713 1658 3765 et
1695 3715 1985 3781 tempora,
2008 3714 2068 3765 et

422 3821 452 3854 α
472 3800 790 3858 dimidium
802 3801 1088 3874 temporis
1107 3798 1172 3855 ³⁸.
1208 3822 1236 3849 ››
1272 3799 1564 3855 Fortassis
1586 3799 1765 3854 etiam
1787 3799 2063 3855 nonnulli

2176 3353 2293 3405 τοῦ·
2325 3348 2510 3425 καιροὶ
2536 3346 2618 3416 δὲ,
2647 3349 2712 3403 τὰ
2766 3346 3027 3404 ἐπίλοιπα
3056 3345 3153 3403 δύο
3182 3341 3276 3419 ἔτη
3307 3355 3407 3419 τῆς
3460 3348 3831 3423 παρανομίας,

2176 3439 2254 3501 εἱς
2307 3438 2429 3515 τρία
2486 3439 2628 3511 ὁμοῦ
2682 3436 3180 3511 συναριθμούμενα·
3243 3437 3332 3491 καὶ
3385 3437 3449 3492 τὸ
3500 3438 3679 3511 ἥμισυ
3733 3440 3831 3493 τοῦ

2174 3532 2395 3604 καιροῦ,
2448 3529 2483 3598 ἡ
2544 3527 2821 3601 δξέμηνος.
2884 3525 2982 3581 Καὶ
3038 3524 3204 3581 πάλιν
3265 3523 3521 3603 ἀλλαχοῦ
3577 3526 3642 3583 τὸ
3700 3525 3829 3583 αὐτό

2175 3639 2337 3695 φησιν
2367 3616 2394 3672 ὁ
2424 3616 2653 3686 Δανιὴλ·
2688 3614 2795 3673 Καὶ
2856 3608 3070 3689 ὤμοσεν
3130 3614 3180 3669 ἒν
3239 3618 3318 3687 τῷ
3371 3619 3544 3673 Ζωντι
3606 3615 3683 3682 εἷς
3734 3616 3826 3674 τὸν

2172 3706 2365 3778 αἰῶνα,
2415 3705 2499 3762 ὅτι
2557 3707 2632 3770 εἷς
2686 3705 2898 3781 καιρὸν,
2955 3704 3046 3761 καὶ
3095 3703 3321 3779 καιροὺς
3351 3707 3450 3779 f5),
3506 3706 3595 3765 καὶ
3650 3706 3824 3779 ἥμισυ

2173 3801 2393 3871 καιροῦ.
2443 3798 2602 3871 Ταχα
2647 3792 2706 3851 δὲ
2759 3814 2902 3858 τινες
2960 3792 3037 3856 εἰς
3089 3798 3253 3850 τοῦτο
3318 3790 3575 3866 ἐξέλαϐον
3627 3796 3717 3851 καὶ
3758 3794 3822 3851 τὸ

486 4009 532 4046 ’⁸
567 4011 694 4066 Vid.
727 4027 848 4081 sup.
868 4025 1033 4081 nam.
1068 4008 1156 4064 l2.
1189 4006 1281 4081 “'5
1306 4008 1457 4081 Dan.
1491 4022 1585 4074 vn,
1616 4009 1706 4062 21.
1785 4004 1833 4041 ³⁷
1863 4008 2016 4081 Dan.
2042 4022 2075 4081 ξ

2188 4009 2229 4064 l.
2304 4005 2762 4081 “_Matth_._xxw,
2796 4005 2884 4062 16.
2914 4078 2936 4081 Α
2961 4003 3010 4040 ²⁹
3037 4006 3206 4062 Rom.
3238 4020 3353 4072 vni,
3385 4005 3474 4061 35.
3551 4002 3600 4039 ³ο
3620 4004 3823 4061 Matth.

412 4097 565 4139 XXIV.
600 4085 688 4139 2i.
763 4076 809 4118 ³ῖ
845 4080 988 4151 ibid,
1018 4083 1107 4135 22.
1186 4076 1234 4113 δ’
1270 4078 1395 4134 Vid.
1428 4094 1598 4149 supra
1626 4093 1777 4134 num.
1816 4082 1899 4133 l2.
1977 4079 2022 4113 ³³
2052 4080 2075 4134 Ι

2188 4121 2199 4134 .
2231 4095 2329 4146 vn,
2360 4079 2449 4135 25.
2529 4078 2575 4113 “
2598 4078 2743 4133 Dan.
2776 4092 2872 4145 χιι,
2905 4078 2959 4131 '1.

488 4282 563 4350 (l)
594 4280 709 4334 Non
740 4279 882 4350 enim
911 4277 1097 4350 robur.
1133 4279 1242 4331 etc.
1276 4274 1586 4330 Publicum
1616 4274 1897 4350 Ecclesia;
1929 4273 2062 4329 cul-

418 4347 549 4409 tum
579 4348 925 4405 Antichristi
956 4354 1219 4418 tempore
1249 4352 1619 4402 cessaturum
1647 4347 2066 4402 existimarunt

2172 4271 2447 4346 Cyrillus.
2482 4271 2586 4328 sed
2617 4270 2856 4344 penitus
2887 4276 3046 4328 certo
3078 4270 3330 4346 consilio
3358 4269 3743 4344 Apocalypsis
3765 4272 3824 4328 in

2172 4343 2439 4417 totoboc
2487 4343 2835 4417 argumento
2887 4343 3514 4417 commemorationem
3571 4349 3823 4417 praeter-

419 4425 475 4481 S.
502 4423 796 4494 Ephreem,
830 4422 900 4473 De
930 4414 1456 4494 Antichristo.__pag.
1483 4422 1619 4494 225»;
1644 4418 2061 4494 pseudo-llip-
2102 4492 2127 4494 _
2172 4416 2339 4494 misit
2362 4433 2413 4494 ;__
2434 4414 2733 4494 hujusque
2766 4414 3309 4494 prmtermissionis
3343 4414 3657 4494 rationem
3716 4415 3827 4471 hoc

462 4486 660 4559 olitus,
698 4494 767 4548 De
792 4506 1086 4546 consumm.
1131 4486 1345 4545 mundi
1371 4486 1431 4544 et
1478 4486 1747 4555 Anticlia,
1780 4506 1911 4560 pag.
1938 4486 2061 4545 357.
2094 4492 2140 4555 D
2173 4489 2302 4544 loco
2339 4486 2594 4557 allegare
2625 4487 2873 4560 videtur.
2908 4490 2981 4542 At
3010 4493 3181 4560 erant
3210 4486 3827 4560 praetereaaliaapo-

464 4572 637 4622 ontra
658 4563 928 4636 (Iyrillus,
959 4578 1093 4636 cum
1114 4578 1250 4636 vero
1275 4561 1610 4636 Hyppolito,
1630 4578 1758 4636 pag.
1785 4563 1877 4636 87,
1898 4576 2062 4636 num.

418 4642 506 4705 59,
537 4640 622 4693 60.
649 4632 754 4702 δίς
798 4634 1094 4689 Victorino
1126 4635 1183 4687 in
1239 4634 1472 4702 .lpocal.
1506 4632 1733 4687 ultimis
1766 4632 1976 4697 verbis,
2011 4636 2068 4686 et

418 4704 550 4766 aliis
577 4725 589 4763 :
623 4725 754 4779 quas
785 4706 979 4760 verior
1008 4704 1233 4779 opinio.

486 4782 561 4853 (2)
594 4773 711 4853 Non
737 4795 811 4853 ea:
839 4773 1187 4853 apocrypnis.
1222 4775 1422 4853 Visum
1456 4779 1550 4853 est
1572 4773 1881 4853 nonnullis
1911 4774 2067 4845 Apo—

417 4847 705 4925 caly'psim
736 4850 833 4904 hic
862 4847 895 4925 ᾇ
921 4848 1138 4919 Cyrillo
1156 4847 1368 4925 notari.
1397 4847 1555 4918 quod
1575 4847 1807 4925 ratione
1826 4862 1947 4925 non
1970 4862 2067 4925 ca-_

414 4917 529 4980 ret:
550 4917 691 4977 Eam
714 4938 854 4976 sane
872 4923 934 4976 in
956 4917 1429 4991 apocryphorum
1448 4936 1695 4991 numero
1715 4917 1939 4991 habuit,
1966 4918 2067 4989 qui

418 5012 554 5051 cum
580 4992 782 5054 libros,
805 5010 954 5062 quos
976 4989 1036 5046 in
1055 4989 1282 5046 canone
1296 5008 1415 5045 non
1434 4989 1907 5061 comprehendit,
1931 5005 2065 5059 apo-

416 5065 773 5138 cryphorum
826 5061 1067 5117 nomine
1127 5062 1464 5138 compellet,
1525 5069 1637 5138 cat.
1669 5064 1724 5129 4,
1774 5078 1936 5138 num.
1973 5061 2059 5115 33.

416 5132 830 5208 Apocalypsim
863 5132 1275 5208 prmtermittit
1295 5134 1353 5187 in
1386 5133 1733 5208 recensione
1775 5132 2062 5187 librorum

419 5203 559 5264 Novi
592 5203 977 5269 Teatamehti,
1011 5203 1179 5271 ihid.,
1212 5222 1359 5259 num
1390 5208 1477 5260 36.
1508 5207 1802 5260 Praeterea
1838 5211 2064 5259 veteres

416 5295 646 5341 omnes,
664 5294 813 5346 quos
834 5277 895 5330 in
918 5278 1027 5330 hac
1047 5277 1339 5331 catechesi
1363 5277 1752 5347 sequitur,res
1767 5275 2064 5331 Antichri-

415 5352 490 5408 sti
514 5353 877 5420 exponentes
904 5362 1141 5417 semper
1192 5348 1608 5420 Apocalypsim
1658 5348 1885 5403 Danieli
1918 5364 2064 5402 con-

419 5418 688 5494 iungunt.
716 5419 854 5473 Vide
898 5420 1222 5494 Irenaeum,
1266 5418 1365 5473 lib.
1411 5418 1471 5484 νς
1499 5437 1605 5491 cap
1677 5423 1765 5494 26_,
1793 5436 1958 5494 num.
1995 5422 2060 5485 l;

470 5488 822 5566 ippolytum,
854 5496 930 5544 De
958 5488 1323 5566 Antichristo,
1355 5507 1521 5546 num.
1554 5488 2063 5566 34;!_Victorinum

416 5561 863 5634 in'Apocatyps.,
898 5561 1519 5634 atquellieronvmum
1551 5569 1611 5618 et
1632 5562 2063 5634 Theodoretum

418 5641 482 5697 in
514 5632 955 5692 commentariis
987 5636 1044 5687 in
1077 5632 1371 5696 Daniele.-ri,
1406 5652 1555 5704 quos
1595 5650 1665 5689 ex
1690 5635 1943 5690 aliorum
1973 5633 2065 5688 lu-

418 5706 867 5771 cubrationibus
897 5720 1305 5782 composuere.
1335 5706 1465 5764 Non
1494 5705 1674 5781 igitur
1716 5704 2066 5780 imprudens

2178 4560 2400 4631 crypha
2430 4559 2744 4630 permulta,
2780 4575 2909 4629 quas
2940 4574 3004 4613 se
3030 4556 3327 4631 negligere
3352 4556 3605 4631 Cyrillus
3624 4556 3820 4631 dicere

2177 4628 2370 4703 potuit
2400 4628 2523 4703 {ea
2544 4628 2852 4691 nimirum.
2887 4646 3018 4701 quas
3042 4645 3081 4684 a
3112 4628 3512 4703 cerinthianis
3551 4635 3608 4684 et
3624 4630 3825 4703 Amille-

2179 4700 2367 4758 nariis
2389 4701 2657 4758 confecta
2687 4706 2856 4757 erant
2879 4718 2893 4756 :
2914 4700 3041 4772 quo
3073 4717 3144 4755 ex
3162 4701 3323 4757 fonte
3354 4701 3543 4757 multa
3561 4700 3823 4757 aCatho-

2175 4774 2329 4840 licis,
2360 4774 2520 4829 verbi
2548 4774 2754 4845 gratia,
2790 4772 3113 4838 Lactantio,
3144 4775 3394 4842 Irenaeo,
3423 4772 3822 4845 pseudo-Hip-

2175 4846 2399 4917 polyto,
2432 4845 2611 4913 dicta,
2641 4860 2886 4901 manare
2917 4849 3261 4917 potuerunt.

2248 4914 2323 4989 (3)
2353 4918 2459 4972 Τοῦ
2492 4919 2896 4989 Χριστοῦηβιο.
2924 4914 3060 4971 Βοθ
3116 4920 3179 4989 et
3234 4915 3506 4989 Casaub.,
3537 4914 3637 4970 τοῦ
3665 4916 3824 4972 Θεοῦ.

2173 4987 2395 5059 Eodem
2425 4987 2600 5045 modo
2630 4987 2870 5045 Coislin.
2904 4992 2963 5043 et
2989 4987 3225 5059 Regius,
3252 4987 3357 5043 sed
3382 4987 3692 5059 omittunt,
3724 4992 3824 5053 τῆς

2168 5057 2629 5133 ἆγᾴτεηςηιίάθω
2689 5066 2746 5115 et
2798 5063 2939 5124 Roe,
2971 5057 3198 5131 pro—xui
3254 5059 3323 5113 τὰ
3375 5057 3525 5129 ἑξῆς,
3579 5059 3823 5129 habent,

2169 5127 2260 5185 καὶ
2293 5127 2382 5185 διὰ
2410 5130 2551 5201 ἑξῆς,
2580 5138 2633 5204 et
2659 5134 2843 5204 omnia
2873 5127 2995 5204 qui
3015 5136 3347 5204 sequuntur.

2242 5204 2317 5273 (4)
2348 5205 2435 5259 ’Ev
2482 5200 3174 5285 xs‘tplnat-cogEanverba
3231 5200 3498 5285 Danielis
3555 5200 3817 5259 restitui-

2172 5290 2307 5330 mus
2338 5292 2408 5331 ex
2458 5273 2762 5331 codicibus
2793 5277 2931 5339 Roe,
2962 5273 3211 5345 Casaub.
3242 5280 3301 5329 et
3331 5273 3532 5340 Grod.,
3566 5289 3825 5345 quorum

2171 5345 2310 5437 1°99.
2337 5348 2547 5437 seems
2578 5345 3128 5437 δεδειθίηξρὲιζςίιεις
3146 5342 3323 5437 563?;

2242 5420 2315 5490 (5)
2339 5414 2447 5472 Καῖ
2467 5415 2690 5490 καιρούς
2749 5419 2833 5490 ita
2862 5414 2997 5473 LXX
3063 5416 3192 5490 edd.
3222 5414 3358 5490 ᾼΙά.
3390 5421 3451 5473 et
3496 5416 3721 5490 Compl.
3755 5419 3827 5490 ᾼι

2174 5487 2312 5544 edit.
2343 5493 2507 5546 Rom.
2540 5487 2614 5552 sic
2641 5489 3065 5561 καιρῆνηξιῖςῗιδ
3094 5487 3185 5540 καὶ
3214 5487 3382 5558 ἣμετ)
3418 5507 3503 5561 κστ
3522 5487 3820 5561 ὀἱῖδξὶιξιο

2172 5567 2325 5631 post.
2359 5569 2496 5618 ante
2548 5558 2759 5630 ἡμέρας
2811 5559 3154 5617 addidimus
3209 5560 3685 5631 przepositionem
3722 5558 3816 5618 εἲς.

2166 5629 2339 5705 juxta
2362 5629 2595 5690 codices
2622 5633 2821 5698 iloisl.,
2852 5634 2972 5704 Reg
3003 5673 3015 5698 ,
3046 5629 3467 5705 iteagite/sub.
3503 5637 3561 5685 et
3612 5632 3820 5690 editio-

2173 5701 2315 5763 nem
2344 5706 2669 5765 Romanam
2698 5705 2857 5776 LXX,
2887 5701 3030 5761 nam
3048 5702 3123 5762 in
3149 5701 3364 5760 Aldina
3381 5703 3578 5761 deest.
