4138 6264
399 374 519 436 893

400 505 545 576 ὶξῆςο
664 505 894 580 Ἢμὲραι
993 502 1173 579 χίλιαι
1289 503 1556 561 διακόσιαι

400 594 491 649 καὶ
549 593 634 666 τὸ,
695 594 978 668 Μακάριος
1057 596 1085 648 6
1169 593 1480 668 ὑπομένων,
1565 596 1653 650 καὶ
1716 595 1918 673 φθάσας
1977 595 2056 658 είς

399 686 612 758 ἡμέρας
645 682 835 758 χιλίας
867 685 1184 757 τριακοσίας
1213 687 1502 758 τριάκοντα
1531 685 1710 743 πέντε.
1765 687 1861 739 Διὰ
1888 689 2052 739 τοῦτο

401 771 484 828 δεῖ
514 772 1033 847 παρακαλύπτεσθαι
1065 773 1156 827 καὶ
1210 773 1450 849 φεύγεινο
1514 771 1642 835 ἴσως
1697 774 1797 848 γὰρ
1857 775 1918 829 οὐ
1976 776 2050 846 μὴ

393 863 704 935 τελέσωμεν
737 863 833 924 τὰς
867 860 1061 924 πόλεις
1086 867 1182 917 τοῦ
1207 863 1452 938 Ἰσραὴλ,
1483 861 1588 926 ἕως
1623 862 1683 918 ἄν
1716 862 1848 938 ἔλθῃ
1869 865 1897 918 6
1930 865 2053 925 Υἱὸς

393 956 496 1006 τοῦ
527 952 839 1026 ἀνθρώπου.

469 1042 567 1098 IZ‘.
601 1039 694 1101 Τίς
728 1037 829 1114 ἄρα
858 1041 1147 1116 μακάριος,
1186 1043 1214 1096 ὁ
1275 1042 1408 1116 ὑπὶρ
1465 1045 1714 1116 Χριστοῦ
1747 1045 1859 1114 μετ’
1891 1042 2050 1096 εὐσε-

400 1124 551 1192 ϐείας
597 1127 891 1204 μαρτυρῶν
947 1129 1071 1184 τότε
1109 1150 1121 1200 ;
1161 1130 1294 1205 ὑπὲρ
1354 1132 1458 1206 γὰρ
1517 1132 1719 1193 πάντας
1781 1131 2055 1206 μάρτυρας

398 1217 511 1294 ἐγώ
543 1240 686 1295 φημι
721 1219 849 1273 εἶναι
881 1218 1006 1280 τοὺς
1034 1219 1158 1274 τότε
1192 1219 1483 1295 μάρτυρας.
1529 1221 1596 1277 Οἱ
1658 1220 1755 1293 μὲν
1812 1218 1916 1293 γὰρ
1948 1219 2054 1292 πρὸ

397 1307 619 1381 τούτου,
655 1307 840 1380 μόνοις
870 1308 1180 1383 ἀνθρώποις
1241 1308 1560 1364 ἐπάλαισαν’
1613 1311 1663 1364 οἱ
1709 1306 1766 1363 δὲ
1823 1306 1910 1362 ἐπὶ
1957 1311 2053 1362 τοῦ

398 1396 807 1472 Ἀντιχρίστου,
840 1396 986 1471 αὗτῷ
1019 1404 1231 1470 Σατανᾷ
1287 1398 1734 1473 αὐτοπροσώπως
1778 1399 1853 1471 (1)
1883 1404 2055 1452 πολε-

405 1487 666 1559 μήσουσι·
712 1485 801 1540 καὶ
849 1486 898 1539 οἳ
960 1487 1053 1558 μὲν
1116 1488 1380 1562 πρότερον
1441 1485 1727 1548 διώκοντες
1788 1485 2051 1561 βασιλεῖς,

402 1574 657 1652 ἐφόνευον
692 1573 1138 1649 μόνον,νεκροὺς
1193 1573 1250 1630 δὲ
1307 1577 1371 1632 οὗ
1428 1579 1860 1652 προσεποιοῦντο
1917 1573 2052 1650 ἐγείο

403 1684 541 1738 ρειν,
567 1661 691 1718 οὐδὲ
723 1664 966 1737 σημείων
997 1666 1088 1718 καὶ
1143 1665 1379 1738 τεράτων
1414 1665 1703 1743 φαντασίας
1756 1663 2048 1719 ἐδείκνυον·

404 1751 511 1808 ὧδε
543 1747 600 1808 δὲ
624 1753 712 1807 καὶ
741 1757 838 1808 τοῦ
871 1749 1042 1830 φόϐου
1073 1754 1162 1808 καὶ
1210 1761 1310 1824 τῆς
1338 1754 1548 1825 ἀπάτης
1603 1755 1895 1830 προτροπή
1953 1774 2052 1807 κα-

1097 371 1568 436 CATECHESIS
1611 373 1738 437 XV.
1785 375 1889 436 DE
1932 365 2290 436 SEGUDDO
2335 373 2641 436 CHRISTI
2684 371 3085 439 ADVENTU.

1683 506 2046 578 ἐννενήκοντα.

2166 507 2228 562 in
2259 507 2411 564 hanc
2444 509 2797 565 sententiam
2832 509 3199 580 interpretati
3225 515 3362 565 sunt
3401 510 3478 582 (5)
3508 510 3666 582 quod
3703 529 3810 570 se-

3689 379 3808 440 894

2165 597 2395 668 quitur:
2413 619 2440 648 ‹‹
2460 599 2594 654 Dies
2609 598 2772 653 mille
2795 597 3033 653 ducenti
3050 598 3371 669 nonaginta
3392 617 3404 665 ;
3425 621 3451 647 »
3468 606 3527 654 et
3541 601 3650 656 hoc
3665 619 3808 673 quo-

2164 703 2278 757 que
2305 704 2316 741 :
2344 710 2370 736 ‹‹
2396 689 2606 742 Beatus
2629 687 2728 758 qui
2763 688 3099 750 sustinet,et
3119 689 3387 758 pervenit
3414 690 3472 742 in
3495 689 3620 744 dies
3644 691 3810 747 mille

2166 782 2510 832 «trecentos
2543 777 2783 848 triginta
2812 776 3073 847 quinque
3100 775 3165 830 ³⁵.
3188 777 3468 847 nPropter
3488 779 3596 832 hoc
3612 781 3812 835 occul-

2165 865 2274 919 tari
2302 872 2534 936 oportet
2563 872 2621 919 et
2651 869 2848 936 fugere
2873 880 2885 918 :
2920 864 3185 920 fortassis
3208 865 3367 919 enim
3403 883 3522 921 non
3545 867 3810 923 absolve-

2162 969 2297 1008 mus
2313 955 2578 1009 civitates
2602 954 2805 1019 Israel,
2841 953 3030 1008 donec
3051 954 3247 1008 veniat
3267 954 3448 1009 Filius
3463 955 3722 1011 hominis
3742 956 3810 1013 ³⁸.

2236 1044 2402 1099 XVII.
2427 1043 2711 1108 Quisnam
2741 1043 2844 1097 ille
2873 1042 3102 1108 beatus,
3138 1044 3238 1114 qui
3271 1060 3375 1115 pro
3409 1044 3638 1099 Christo
3672 1051 3813 1102 tunc

2165 1148 2298 1188 cum
2329 1133 2547 1202 pietate
2581 1133 2930 1203 martyrium
2954 1132 3254 1204 perferet?
3284 1135 3399 1206 Ego
3449 1134 3608 1188 enim
3633 1151 3811 1206 super

2163 1237 2371 1276 omnes
2393 1221 2870 1292 martyres,illius
2891 1221 3174 1292 temporis
3191 1228 3482 1292 martyres
3503 1239 3632 1278 esse
3648 1223 3809 1279 dixe-

2161 1310 2296 1364 rim.
2327 1311 2434 1374 Qui
2459 1311 2616 1364 enim
2649 1315 2785 1365 ante
2812 1310 2938 1365 haec
2955 1309 3110 1366 288
3143 1314 3410 1381 tempora
3457 1310 3642 1376 fuere,
3674 1327 3809 1366 cum

2164 1399 2308 1453 solis
2334 1399 2677 1454 hominibus
2700 1399 2905 1454 luctati
2929 1399 3203 1464 sunt.Qui
3225 1417 3360 1454 vero
3384 1399 3492 1454 sub
3519 1400 3808 1455 Antichri-

2164 1492 2273 1556 sto,
2289 1504 2424 1542 cum
2443 1488 2794 1559 Satanaipso
2809 1488 2868 1541 in
2886 1489 3124 1560 prOpria
3154 1504 3410 1558 persona
3427 1489 3814 1560 congredien-

2163 1581 2278 1641 tur,
2310 1575 2354 1611 ³⁷
2389 1581 2447 1630 et
2478 1576 2564 1630 illi
2593 1576 3014 1648 quidemreges
3029 1578 3306 1648 quiprius
3334 1578 3808 1648 persecutionem

2162 1681 2498 1733 exercuere,
2533 1665 2905 1720 solummodo
2936 1667 3068 1720 neci
3099 1666 3320 1720 dabant
3342 1683 3355 1732 ;
3376 1671 3642 1720 mortuos
3671 1683 3806 1721 vero

2161 1771 2223 1809 se
2255 1755 2541 1809 suscitare
2573 1769 2693 1809 non
2725 1754 3106 1821 simulabant,
3155 1771 3350 1825 neque
3402 1754 3703 1826 signorum
3739 1773 3806 1810 ac

401 1843 496 1912 κὴ,
557 1841 694 1897 ὥστε
777 1841 1082 1897 πλανᾶσθαι
1151 1843 1199 1897 εἴ
1267 1841 1488 1898 δυνατὸν
1554 1843 1644 1899 καὶ
1711 1842 1840 1907 τοὺς
1893 1841 2046 1898 ἐκλι-

2162 1849 2571 1916 portentorum
2605 1845 2831 1917 species
2861 1844 3260 1900 ostentabant.
3295 1844 3397 1899 Hic
3423 1849 3619 1899 autem
3672 1861 3814 1900 con.

398 1931 582 1994 κτούς.
618 1934 874 2002 Μήποτε
919 1931 992 1993 εἷς
1026 1929 1252 2008 καρδίαν
1299 1928 1474 2007 ἀναϐῇ
1530 1954 1678 1995 τινος
1736 1937 1844 1987 τῶν
1902 1932 2044 1986 τότε·

397 2021 466 2078 Τί
500 2019 668 2076 πλέον
702 2021 730 2074 6
762 2021 1003 2095 Χριστὸς
1034 2019 1287 2090 ἐποίησεν
1324 2039 1337 2090 ;
1372 2020 1432 2076 ἐκ
1461 2020 1621 2082 ποίας
1657 2023 1760 2095 γὰρ
1788 2023 1866 2094 (2)
1893 2018 2051 2076 δυνά-

403 2130 545 2182 μεως
580 2110 738 2171 οὗτος
785 2108 1062 2185 ἐργάζεται
1116 2113 1333 2178 ταῦτα;
1393 2111 1457 2166 Εἰ
1522 2112 1595 2183 μή
1658 2111 1786 2172 Θεὸς
1833 2109 2048 2182 ¹ἢθελεν,

400 2199 499 2254 οὐκ
530 2197 590 2253 ἅν
619 2199 1028 2274 συνεχώρησεν.
1060 2198 1446 2276 Ἀσφαλίζεταί
1515 2221 1592 2270 σε,
1651 2199 1740 2253 καὶ
1789 2198 2048 2275 προλέγει

399 2289 519 2345 ὁἈ
580 2289 592 2307 ’
698 2288 730 2344 λ
805 2309 816 2320 ·
939 2288 951 2306 ‘
1079 2289 1093 2307 ‘
1229 2293 1253 2304 ”’
1427 2289 1444 2320 ί
1659 2288 1673 2310 ’
1751 2294 1774 2305 “
1995 2291 2009 2306 “

524 2310 690 2343 ποστο
737 2310 794 2351 ος
852 2293 952 2345 Και
1014 2287 1103 2342 δια
1157 2310 1323 2343 τουτο
1382 2309 1584 2362 πεμπει
1617 2310 1800 2351 αυτοις
1835 2290 1862 2343 6
1920 2297 2050 2351 Θεος

398 2375 666 2452 ἐνέργειαν
726 2375 938 2440 πλάνης
999 2378 1080 2446 (τὸ
1130 2375 1208 2446 δὲ,
1263 2378 1489 2450 πέμπει,
1577 2377 1690 2432 ἀντὶ
1743 2383 1860 2443 τοῦ,
1923 2400 2052 2454 συγ-

400 2472 577 2542 χωρεῖ
606 2467 890 2540 γίνεσθαι),
926 2465 1032 2541 οὐχ
1082 2465 1172 2520 ἳνα
1229 2465 1712 2542 ἀπολογήσωνται,
1770 2464 1919 2534 ἀλλ’,
1959 2465 2051 2521 ’ίνα

396 2557 763 2628 κατακριθῶσι
813 2559 910 2627 (3).
971 2557 1074 2611 Αιᾶ
1131 2554 1184 2610 τί
1234 2557 1349 2624 ςΟἱ
1413 2558 1488 2629 μή
1549 2555 1924 2617 πιστεύσαντες
1981 2560 2048 2631 τῇ

399 2641 656 2714 ἀληθείᾳ,
684 2647 829 2698 τοῦτ’
885 2639 994 2698 ἔστι
1053 2648 1133 2716 τῷ
1184 2641 1430 2715 ἀληθινῷ
1462 2648 1698 2719 Χριστῷ,
1741 2642 1869 2698 ἀλλ’
1893 2643 2049 2700 εὗδο-

401 2735 664 2803 κήσαντες
722 2737 789 2805 τῇ
849 2731 1051 2804 ἀδικίᾳ,
1106 2735 1253 2788 τοῦτ’
1341 2732 1452 2788 ἔστι
1534 2738 1614 2804 τῷ
1667 2733 2048 2810 ’Λντιχρίστῳ.

400 2827 692 2897 Συγχωρεῖ
717 2819 773 2876 δὲ
817 2825 983 2876 ταῦτα
1042 2823 1069 2877 6
1128 2823 1260 2886 Θεὸς
1316 2817 1368 2877 ἔν
1417 2843 1477 2878 τε
1523 2827 1641 2885 τοῖς
1682 2824 1817 2879 κατὰ
1861 2824 2050 2899 καιρὸν

402 2907 678 2985 διωγμοῖς
706 2911 793 2964 καὶ
827 2910 970 2982 τότε,
1004 2909 1104 2965 οὐκ
1158 2908 1426 2968 ἀδυνατῶν
1485 2910 1743 2980 κωλύειν,
1776 2908 1922 2968 ἀλλὰ
1978 2910 2047 2968 δι’

404 2999 690 3070 ὑπομονῆς
724 3001 968 3069 συνήθως
1001 3005 1273 3078 στεφανῶν
1331 3001 1458 3063 τοὺς
1520 3000 1753 3062 οἰκείους
1783 2998 2045 3071 ἀθλητὰς,

397 3085 802 3162 παραπλησίως
857 3094 975 3150 τοῖς
1013 3089 1202 3143 ἑαυτοῦ
1234 3092 1311 3163 (4)
1347 3093 1656 3164 προφήταις
1693 3091 1782 3145 καὶ
1813 3091 2044 3146 ἀποστό-

397 3174 543 3238 λοις’
568 3176 663 3231 ’ίνα
694 3177 829 3252 πρὸς
863 3177 1053 3252 ὀλίγον
1085 3178 1284 3254 χρόνον
1316 3182 1608 3252 καμόντες,
1666 3180 1766 3247 τήν
1826 3178 2042 3234 αἰώνιον

2153 1935 2365 2005 juncta
2377 1951 2510 1990 cum
2527 1937 2771 1990 terroris
2792 1940 2917 1990 tum
2932 1935 3299 2006 deceptionis
3316 1951 3494 2006 prava
3510 1935 3801 2003 incitatio,

2163 2045 2191 2072 ‹‹
2214 2023 2296 2078 ita
2313 2029 2374 2077 ut
2394 2024 2895 2091 seducerentur,si
2920 2024 3045 2078 fieri
3071 2028 3289 2096 posset,
3307 2025 3482 2079 etiam
3509 2025 3679 2080 electi
3702 2024 3800 2081 ³⁸.»

2160 2114 2239 2168 Ne
2272 2113 2509 2183 quando
2530 2113 2806 2183 cuiquam
2837 2129 3044 2168 eorum
3067 2114 3164 2184 qui
3183 2121 3325 2168 tunc
3349 2114 3661 2179 erunt,ista
3681 2131 3807 2170 suc-

2161 2207 2360 2256 currat
2380 2201 2651 2272 cogitatio
2675 2218 2687 2255 :
2720 2201 2869 2266 Quid
2891 2202 3146 2274 amplius
3169 2202 3308 2256 fecit
3354 2202 3622 2256 Christus
3645 2202 3666 2255 ?
3689 2219 3807 2273 qua

2162 2290 2317 2344 enim
2351 2291 2562 2345 virtute
2596 2289 2705 2344 iste
2734 2291 2860 2345 hac
2893 2291 3394 2362 operatur?Certe
3417 2291 3530 2345 nisi
3551 2296 3698 2346 Deus
3713 2308 3804 2346 vo-

2159 2378 2518 2444 luisset,non
2549 2380 3192 2450 permisisset.Cautum
3217 2385 3273 2435 te
3305 2379 3448 2435 facit
3469 2380 3808 2452 etpraadicit

2162 2467 2508 2540 Apostolus:
2535 2490 2563 2517 «
2595 2469 2663 2521 Et
2685 2475 2997 2540 pr0pterea
3015 2470 3213 2524 mittet
3229 2470 3314 2524 eis
3337 2471 3488 2524 Deus
3503 2469 3798 2542 operatio-

2165 2580 2186 2607 ιι
2216 2573 2353 2612 nem
2372 2558 2588 2612 erroris
2609 2555 2657 2591 3°
2681 2581 2707 2607 υ
2730 2558 2904 2629 (illud
2927 2564 3145 2626 autem,
3177 2561 3374 2623 mittet,
3397 2576 3500 2630 pro
3518 2559 3647 2614 ﬁeri
3667 2577 3800 2615 con-

2160 2646 2346 2715 cedet,
2366 2647 2624 2718 positum
2652 2650 2781 2716 est),
2815 2664 2938 2702 non
2960 2653 3025 2702 ut
3046 2654 3422 2713 excusentur,
3455 2648 3558 2703 sed
3579 2656 3642 2702 ut
3672 2664 3800 2703 con-

2158 2736 2503 2790 demnentur.
2525 2737 2715 2801 Quare
2737 2735 2764 2790 ‘I
2785 2737 2890 2801 Qui
2918 2753 3027 2791 non
3057 2737 3392 2792 crediderint
3413 2737 3654 2805 veritati,
3688 2737 3799 2792 hoc

2160 2831 2249 2880 est
2277 2842 2412 2880 vero
2435 2826 2688 2892 Christo,
2720 2827 2815 2880 sed
2833 2827 3279 2896 approbaverunt
3301 2826 3654 2896 injustitiam,
3688 2826 3800 2881 hoc

2157 2918 2248 2967 est
2278 2912 2728 2967 Antichrislum.
2765 2913 3062 2968 Permittit
3091 2929 3225 2967 vero
3249 2914 3364 2968 ista
3395 2914 3546 2968 Deus
3582 2930 3716 2968 cum
3738 2914 3801 2968 in

2155 3001 2668 3071 persecutionibus
2681 3017 2810 3070 quae
2825 3002 3070 3056 diversis
3083 3001 3448 3073 temporibus
3460 3008 3802 3072 exsurgunt,

2155 3094 2282 3144 tum
2304 3089 2407 3143 illo
2430 3093 2718 3160 tempore,
2738 3107 2857 3144 non
2891 3091 3049 3160 quod
3080 3090 3394 3161 prohibere
3413 3107 3531 3144 non
3560 3091 3749 3161 possit
3783 3107 3795 3156 ;

2159 3178 2262 3232 sed
2280 3195 2386 3249 per
2405 3178 2756 3250 patientiam
2799 3196 2904 3249 pro
2930 3196 3092 3235 more
3141 3196 3245 3234 suo
3280 3179 3546 3250 proprios
3569 3177 3800 3250 pugiles

396 3264 868 3341 κληρονομήσωσι
927 3273 1035 3323 τῶν
1096 3267 1336 3342 οὐρανῶν
1399 3268 1701 3344 βασιλείαν,
1733 3270 1907 3331 καθὼς
1941 3277 2046 3324 Δαυ

2162 3284 2446 3324 coronare
2467 3267 2905 3336 volens,eodem
2941 3285 3056 3340 quo
3089 3285 3226 3323 suos
3248 3269 3565 3341 prOphetas
3583 3274 3796 3339 etapo-

399 3353 530 3425 νιήλ
565 3375 717 3432 φησιο
773 3357 872 3412 Καὶ
936 3355 987 3411 ἐν
1042 3361 1122 3428 τῷ
1177 3362 1353 3430 καιρῷ
1407 3358 1596 3428 ἐκείνῳ
1654 3360 1952 3428 σωθήσεται
2019 3360 2047 3413 6

400 3441 534 3505 λαός
594 3465 694 3497 σου
745 3450 872 3514 πᾶς,
933 3446 960 3499 6
1018 3447 1399 3520 γεγραμμένος
1446 3446 1498 3500 ἐν
1557 3449 1623 3520 τῇ
1689 3442 1872 3522 βίϐλῳ
1925 3445 2048 3519 (δῆ-

402 3530 500 3588 λον
535 3530 613 3600 δὲ,
677 3531 758 3587 ὅτι
816 3539 916 3602 τῆς
981 3537 1168 3606 ζωῆς).
1230 3535 1328 3588 Καὶ
1359 3534 1565 3590 πολλοὶ
1623 3539 1729 3589 τῶν
1769 3533 2054 3590 καθευδόν-

1213 3621 1668 3697 ἐξεγερθήσονται·
1743 3621 1892 3678 οὗτοι
1978 3625 2052 3685 είς

397 3641 508 3676 των
608 3620 659 3675 ἐν
738 3626 844 3696 γῆς
905 3622 1131 3696 χώματι

2159 3357 2342 3412 stolos
2354 3357 2528 3411 modo
2551 3373 2566 3410 :
2589 3357 3026 3428 utpostmodici
3044 3359 3324 3430 temporis
3347 3358 3805 3420 laboremmten

2160 3463 2306 3501 num
2329 3448 2614 3502 cmlorum
2653 3463 2900 3519 regnum
2926 3447 3366 3504 haereditarium
3414 3449 3760 3521 possideant
3787 3469 3799 3515 ;

2163 3536 2317 3590 sicut
2345 3535 2550 3590 Daniel
2569 3535 2750 3590 ait“:
2784 3557 2811 3585 «
2844 3537 2910 3589 Et
2941 3537 3002 3590 in
3034 3542 3299 3609 tempore
3337 3537 3442 3592 illo
3476 3537 3670 3592 salvus
3701 3538 3804 3592 ﬁet

2164 3649 2192 3676 «
2227 3625 2482 3697 populus
2507 3631 2640 3680 tuus
2671 3625 2994 3697 omnis,qui
3025 3625 3356 3698 descriptus
3387 3632 3476 3682 est
3497 3628 3557 3682 in
3587 3626 3736 3681 llbI‘O
3773 3648 3799 3676 »

464 3747 510 3822 ξ’
539 3748 687 3815 Dan,
716 3764 822 3814 xu,
853 3752 942 3822 11,
975 3752 1062 3804 12.
1121 3747 1169 3782 ³⁸
1199 3749 1400 3804 Matth.
1432 3767 1488 3819 x,
1522 3752 1608 3804 23.
1669 3749 1714 3784 ³⁷
1751 3751 1879 3805 Vid.
1909 3767 2034 3822 sup.

2162 3768 2215 3807 η.
2253 3753 2336 3805 14.
2391 3749 2436 3785 ³⁸
2466 3750 2665 3804 Matth.
2697 3766 2847 3818 xx1v,
2880 3752 2968 3806 24.
3026 3749 3073 3785 3°
3127 3751 3178 3804 II
3210 3751 3466 3806 Thessal.
3497 3767 3559 3821 ιι,
3593 3751 3677 3821 10,
3711 3751 3796 3805 11.

389 3819 436 3854 ⁸ο
458 3820 605 3875 Dan.
638 3837 738 3889 χιι,
761 3823 814 3887 1,
843 3821 897 3876 3.

469 3939 1073 4017 (1)ΑΔύτοπροσώπως.γ
1118 3946 1259 4017 Reg.
1321 3947 1378 3999 et
1406 3943 1583 4002 Cois].
1642 3941 2046 4017 ἀντιπροσῴπῳ

393 4013 502 4089 pro
531 4013 984 4089 amnpoaamg.
1023 4013 1364 4089 Simili'fere
1396 4017 1457 4071 in
1489 4033 1667 4072 causa
1695 4013 1872 4072 verbo
1899 4013 2040 4070 ἀντί-

397 4085 704 4161 πρόσωπος
724 4086 910 4142 utitur
939 4087 1192 4161 Cyrillus
1224 4093 1336 4161 cat.
1365 4091 1452 4154 12,
1485 4104 1647 4161 num.
1683 4091 1748 4143 33
1775 4107 1788 4154 ;
1818 4089 1921 4144 sed
1944 4105 2044 4144 su-

440 4157 505 4214 ra
528 4176 699 4232 ,num.
738 4161 824 4232 14,
850 4158 1056 4232 eadem
1087 4176 1226 4232 voce
1256 4157 1700 4232 αὐτοπροσώπως
1751 4177 1892 4215 usus
1935 4167 2042 4215 est.

451 4231 583 4285 aulo
616 4235 769 4302 post,
805 4229 934 4285 loco
967 4229 1017 4280 οἰ
1051 4227 1443 4301 μὲν,ᾳιιοάὶιο’
1468 4232 1814 4302 scripsimus
1832 4232 2042 4286 excod.

395 4302 596 4369 Coisl.,
624 4302 787 4374 Reg._,
823 4304 962 4369 Roe,
997 4302 1222 4374 Casaub
1255 4343 1268 4370 ,
1302 4302 1634 4358 habebatur
1657 4303 2045 4374 inimpressis

397 4380 455 4429 et
484 4375 657 4429 Grod.
693 4371 819 4432 τόὺς
847 4374 965 4443 μὲν.
998 4373 1110 4428 hoc
1153 4390 1370 4429 sensu:
1399 4376 1474 4428 At
1506 4391 1656 4443 reges
1698 4371 1918 4444 quidem
1950 4378 2047 4445 qui

395 4446 520 4500 illos
551 4445 886 4517 (martyres)
919 4445 1048 4499 olim
1099 4447 1593 4515 persequebantur,
1625 4446 1749 4500 neci
1801 4453 2042 4500 tantum-

396 4519 557 4572 modo
589 4517 817 4582 dabant,
856 4533 974 4589 non
1030 4517 1442 4589 incommodus
1504 4534 1751 4572 sensus:
1813 4518 2047 4589 planior

2157 3951 2347 4019 pturas
2378 3947 2540 4002 locos
2571 3946 2796 4019 crebris
2833 3945 3310 4017 parenthesibus,
3344 3945 3560 4017 quibus
3591 3961 3795 4019 eorum

2159 4018 2275 4072 vim
2307 4025 2365 4073 et
2389 4035 2629 4073 sensum
2664 4018 2960 4089 explanat,
3021 4019 3455 4089 interrumpere
3495 4018 3801 4089 consuevit

2157 4091 2436 4162 huncque
2467 4091 2662 4161 ipsum
2685 4088 2882 4162 locum
2902 4088 3404 4162 saepiussupra’et
3434 4088 3796 4162 infraiinter-

2156 4156 2398 4234 rumpit.
2435 4156 2508 4234 In
2531 4163 2645 4234 Ott.
2677 4162 2804 4216 loco
2837 4157 2923 4214 διὰ
2952 4156 3025 4231 τί,
3058 4156 3309 4217 habetur
3340 4156 3386 4212 δ’
3434 4159 3534 4213 ’ὁτι-
3592 4161 3653 4215 in
3686 4161 3796 4215 Ge-

2156 4228 2423 4289 n0v.'vet.
2460 4228 2619 4287 διότι.

2230 4308 2303 4374 (4)
2335 4307 2464 4364 Τοῖς
2527 4304 2737 4359 ἑαυτοῦ.
2792 4305 3018 4358 Ἑαυτοῦ
3092 4304 3400 4376 posuimus
3457 4319 3528 4358 ex
3592 4301 3793 4370 Coisl.,

2155 4377 2316 4448 Reg.,
2353 4379 2493 4439 Roe,
2527 4376 2772 4430 Casaub.
2807 4376 2959 4430 Editi
2992 4373 3221 4430 tantum
3253 4373 3436 4428 αὐτοῦ.

2228 4445 2300 4516 (3t
2336 4449 2598 4501 Nonnulli
2627 4450 2684 4501 in
2717 4447 2856 4501 hanc
2911 4451 3258 4510 sententiam,
3294 4453 3406 4501 etc.
3469 4446 3602 4500 Dies
3660 4445 3795 4500 illo:

2160 4521 2312 4578 1290,
2347 4518 2562 4589 quibus
2597 4519 2798 4573 Daniel
2843 4519 3353 4574 abominationem
3412 4517 3798 4572 desolationis

394 4595 596 4661 tamen
615 4595 830 4661 nostra
862 4588 1037 4643 lectio
1069 4588 1312 4643 videtur.
1354 4589 1486 4644 Haec
1517 4606 1655 4661 vero
1669 4589 1740 4644 de
1762 4587 2045 4659 m'artyri-
2077 4587 2124 4652 D
2155 4587 2498 4644 duraturam
2536 4591 2697 4655 dicit,
2719 4590 2772 4643 S.
2807 4591 3157 4661 Hippolytus
3191 4605 3391 4644 revera
3413 4589 3483 4642 de
3507 4595 3792 4660 tempore,

396 4659 509 4715 bus
544 4659 650 4715 sub
684 4661 1066 4728 Antichristo,
1100 4661 1307 4715 iisdem
1344 4677 1495 4731 pene
1537 4660 1733 4715 verbis
1753 4661 2048 4715 habentur

393 4732 455 4786 in
487 4731 1050 4857 pseudo-Hippolyto
1079 4739 1152 4787 De
1181 4735 1640 4787 consummatione
1687 4734 1882 4786 mundi
1901 4739 1952 4786 et
1983 4733 2048 4788 de

398 4804 751 4857 Antichristo.
785 4805 852 4857 Bi
897 4803 1042 4857 .PP.
1077 4805 1168 4857 Gr.
1202 4806 1475 4857 Lat.tom.
1499 4805 1566 4857 Il.
1603 4821 1729 4857 nam.
1766 4806 2003 4857 355-356
2031 4821 2042 4857 :

398 4803 751 4869 Antichristo,
779 4803 905 4875 ,Bib.
932 4803 1042 4857 PP.
1077 4805 1168 4860 Gr.
1202 4806 1475 4859 Lat.tom.
1499 4805 1566 4871 Il,
1603 4821 1729 4875 pag.
1766 4806 2003 4858 355-356
2031 4821 2042 4871 ;

397 4875 500 4930 sed
536 4876 659 4929 haec
691 4874 823 4929 aliis
856 4875 1127 4947 Patribus
1146 4877 1487 4930 communia
1507 4882 1573 4930 ut
1595 4874 1861 4947 August,
1882 4876 1920 4929 l.
1947 4891 2041 4944 xx,

394 4949 470 5003 De
502 4949 727 5021 civit:_c.
757 4948 790 4999 8
817 4970 830 5012 ς
865 4946 919 5000 S.
942 4947 1249 5021 Ephrem},
1282 4950 1358 5021 De
1389 4947 1666 5016 Antichr.,
1695 4946 1848 5021 ipag.
1890 4949 1994 5001 224
2028 4966 2041 5015 ;

395 5017 723 5092 Greg.,]ib.
748 5034 900 5092 xxxii
932 5017 1036 5092 M01
1053 5019 1108 5072 al
1141 5061 1152 5086 ,
1195 5019 1365 5092 0:12.

467 5086 542 5159 (2)
581 5090 674 5163 Ἐκ
707 5086 1032 5163 ποίας-γάρ,
1061 5089 1584 5163 etc.__S_cripsimus
1618 5105 1688 5143 ex
1745 5089 1930 5163 Coisl.
1987 5095 2045 5163 et

395 5149 537 5234 Reg:
567 5160 670 5234 γάρ
704 5178 808 5234 pro
952 5149 1045 5234 uti
1067 5161 1266 5231 Cyrilli
1301 5149 1658 5234 etiinstituto
1683 5165 1740 5216 et
1787 5161 2040 5216 orationi

397 5232 872 5288 conve‘nientius.
907 5232 1088 5287 Paulo
1119 5237 1253 5304 post
1274 5249 1344 5286 ex
1372 5232 1584 5304 iisdem
1608 5248 1726 5287 una
1741 5250 1872 5288 cum
1895 5235 2036 5298 Roe,

397 5311 456 5360 et
487 5305 734 5360 Casaub.
769 5319 971 5377 vocem
997 5301 1164 5358 ταῦτα
1195 5309 1333 5377 post
1377 5301 1665 5377 ἐργάζεται
1689 5304 2036 5377 adjecimus.

468 5377 541 5445 (3)
627 5376 1022 5448 Κατακριθῶσι,
1096 5376 1414 5446 Apostolus
1453 5375 1842 5446 Simpliciter,
1922 5395 2041 5448 κρι-

395 5445 552 5511 Θῶσι,
577 5445 927 5515 judicentur,
953 5453 1018 5502 ut
1049 5448 1100 5504 S.
1137 5445 1485 5518 Hippolytus
1534 5445 1609 5501 De
1667 5447 2036 5516 Antichristo,

395 5535 522 5570 nam.
567 5521 652 5570 96-
689 5519 928 5570 aliique.
963 5515 1145 5570 Voces
1178 5525 1494 5570 sequentes
1527 5511 1614 5570 διὰ
1637 5515 1707 5570 τί.
1745 5535 1874 5570 cum
1909 5524 2033 5570 tex-

392 5535 522 5589 pag.
567 5521 653 5580 96,
689 5519 928 5590 aliique.
963 5515 1145 5573 Voces
1178 5515 1494 5589 sequentes
1527 5515 1614 5570 διὰ
1637 5515 1707 5582 τί,
1745 5535 1874 5589 quae
1909 5515 2033 5574 texé

391 5594 517 5643 tum
541 5589 596 5644 S.
631 5591 797 5645 Pauli
829 5592 924 5645 hic
945 5590 1185 5645 citatum
1215 5592 2037 5660 interrumpunt,praztermit-

386 5666 598 5717 tuntur
620 5661 679 5717 in
713 5662 878 5718 codd.
917 5661 1281 5733 Coisl.,Reg,
1320 5665 1460 5729 Roe,
1486 5665 1571 5716 Ca.
1598 5661 1758 5729 aub.,
1791 5663 2035 5718 omnino

388 5738 589 5790 tamen
620 5733 925 5807 Cyrilliani
958 5733 1093 5806 styli
1131 5739 1288 5804 sunt,
1321 5735 1420 5807 qui
1455 5734 1663 5791 citatos
1693 5751 1727 5790 a
1769 5750 1831 5790 se
1883 5733 2034 5791 Scri-

2158 4678 2274 4732 quo
2303 4670 2653 4733 regnaturus
2682 4667 2769 4714 est
2792 4661 3638 4730 Antichristus.interpretatur
3664 4675 3794 4733 pag.

2156 4730 2244 4796 91,
2279 4736 2346 4786 92
2371 4730 2394 4800 ξ’
2420 4735 2812 4803 Hieronymus
2844 4750 3078 4803 quoque
3102 4739 3158 4786 et
3178 4733 3579 4786 Theodoretus
3609 4730 3794 4785 Ambo

2157 4810 2353 4859 autem
2388 4805 2494 4858 illi.
2531 4805 2623 4858 die
2655 4807 2743 4870 45,
2778 4805 2875 4874 qui
2910 4804 2970 4857 in
3031 4804 3216 4858 altera
3247 4803 3505 4858 Danielis
3549 4820 3792 4874 compu-

2157 4877 2377 4930 tatione
2401 4893 2578 4946 supra
2611 4875 2745 4929 illos
2797 4873 2933 4928 l290
2981 4876 3290 4941 exsistunt,
3343 4875 3594 4945 spatium
3649 4873 3797 4928 illud

2156 4963 2284 5002 esse
2316 4949 2552 5002 docent.
2587 4947 2743 5016 quod
2776 4946 2846 5000 ab
2880 4946 3226 5018 Antichristi
3280 4963 3424 5000 nece
3481 4963 3670 5018 usque
3707 4946 3792 5018 ad

2153 5018 2367 5073 Christi
2403 5018 2721 5092 adventum
2755 5025 2812 5071 et
2843 5017 3045 5092 mundi
3081 5017 3656 5092 consummationem
3701 5017 3794 5070 in-

2153 5094 2552 5145 tercessurum
2571 5091 2830 5143 est.Cum
2861 5089 3055 5143 tamen
3079 5089 3486 5160 Cyrillus,sup.
3502 5107 3686 5156 ,num.
3706 5093 3791 5155 l2,

2152 5161 2580 5216 Antichristum
2612 5178 2646 5215 a
2671 5161 2898 5214 Christo
2932 5160 3179 5215 decwlis
3201 5160 3795 5216 advenienteinterﬂ-

2151 5233 2426 5286 ciendum
2459 5233 2635 5294 dicat,
2664 5233 2735 5286 ad
2767 5232 3005 5286 illorum
3031 5233 3390 5287 sententiam
3425 5233 3667 5288 accedat
3696 5249 3794 5286 ne-

2150 5321 2311 5359 cesse
2339 5310 2445 5376 est,
2473 5305 2571 5374 qui
2609 5306 2716 5358 hos
2747 5307 2812 5357 45
2846 5304 2994 5366 dies,
3028 5304 3114 5358 vel
3173 5305 3244 5358 ad
3278 5304 3438 5358 aliud
3490 5305 3789 5376 pertinere

2149 5375 2431 5459 ai-unt,vel
2463 5393 2564 5459 eos
2577 5392 2760 5459 regno
2775 5381 2833 5430 et
2852 5377 2978 5430 vitae
2993 5376 3338 5431 Antichristi
3363 5375 3790 5459 superaddunt.

2148 5448 2284 5502 Dies
2307 5463 2481 5517 porro
2545 5445 2679 5501 1290
2712 5463 3004 5502 summam
3039 5465 3333 5502 annorum
3383 5445 3559 5502 trium
3616 5452 3672 5500 et
3701 5445 3787 5498 di-

2146 5518 2500 5589 midii,quod
2524 5523 2874 5589 regnaturus
2907 5525 2995 5572 est
3024 5517 3657 5584 Antichristus,diebus
3681 5521 3787 5589 tre:

2147 5591 2336 5646 decim
2362 5587 2756 5660 exsuperant;
2794 5597 2851 5644 et
2882 5589 3006 5644 dies
3041 5590 3412 5659 4335,diebus
3437 5592 3524 5654 '58,
3560 5589 3669 5640 hoc
3700 5587 3789 5637 est

2144 5661 2377 5720 duobus
2407 5677 2558 5733 pene
2583 5660 2789 5716 solidis
2809 5661 3142 5718 mensibus.
