4138 6264
382 368 498 440 897

1084 375 1567 439 CATECHESIS
1612 377 1743 438 XV.
1788 376 1888 436 DE
1931 373 2300 435 SECUNDO
2342 373 2657 436 CHRISTI
2700 375 3093 437 ADVENTU.

3677 376 3796 435 898

384 510 581 583 Λὲγων·
666 504 999 585 Εὐφραίνου,
1083 504 1345 576 νεανίσκε,
1433 505 1494 561 ἐκ
1563 505 1820 576 νεότητός
1908 524 2024 560 σου’

2159 506 2387 572 ›θηίε,θα;
2405 507 2695 575 juventute
2728 513 2864 570 tua;
2897 510 2954 561 et
2984 507 3045 561 in
3083 506 3505 576 sequentibus:
3543 529 3571 556 «
3600 508 3672 560 Et
3700 522 3797 561 re-

381 599 470 653 καὶ
526 598 670 668 ἑξῆς*
733 596 829 651 Καὶ
889 595 1197 665 ἀπόστησον
1253 596 1423 669 θυμὸν
1482 595 1587 650 ἀπὸ
1641 594 1862 673 καρδίας
1921 617 2037 663 σου,

382 687 476 743 καὶ
559 687 843 763 παράγαγε
923 685 1192 759 πονηρίαν
1272 685 1378 740 ἀπὸ
1460 685 1656 759 σαρκός
1741 706 1859 749 σου,
1946 683 2036 739 καὶ

392 778 667 850 μνήσθητι
725 775 822 829 τοῦ
880 774 1162 835 κτίσαντός
1219 794 1295 829 σε’
1352 772 1460 837 ἓως
1514 772 1575 829 οὗ
1657 775 1732 848 μή

387 862 443 914 αἱ
502 860 705 932 ἡμέραι
764 862 865 922 τῆς
923 857 1138 920 κακίας·
1198 854 1303 919 ἓως
1380 859 1446 912 οὗ
1532 859 1606 931 μή
1690 863 1952 932 σκοτισθῇ
2012 859 2039 913 6

383 946 572 1018 ἤλιςς,
604 948 692 1002 καὶ
736 948 798 1001 τὸ
859 950 999 1022 φῶς,
1056 945 1146 1001 καὶ
1203 947 1239 1015 ἡ
1286 944 1514 1018 σελήνη,
1565 947 1653 1003 καὶ
1704 949 1756 1003 οἱ
1801 948 2036 1023 ἀστέρες·

382 1036 470 1090 καὶ
533 1035 890 1089 σκοτάσουσιν
947 1034 1001 1088 αἱ
1069 1032 1372 1109 βλέπουσαι
1430 1037 1504 1108 (ί)
1563 1034 1617 1090 ἐν
1698 1040 1817 1097 ταῖς
1879 1034 2037 1097 ὀπαῖς

383 1124 506 1198 (τὴν
564 1123 825 1197 ὁρατικὴν
887 1120 1116 1196 δύναμιν
1184 1121 1615 1197 αίνισσόμενος)’
1689 1121 1792 1187 ἕως
1836 1123 1898 1179 οὗ
1961 1124 2037 1197 μὴ

383 1213 667 1287 ἀνατραπῇ
723 1212 787 1266 τὸ
847 1211 1095 1286 σχοινίον
1154 1215 1250 1266 τοῦ
1299 1212 1742 1287 ἀργυρίουλτῶν
1827 1211 2038 1289 ἄστρων

382 1303 483 1370 τὴν
518 1300 850 1375 συμπλοκὴν
909 1297 1199 1355 διδάσκων’
1259 1300 1619 1377 ἀργυροειδής
1665 1302 1767 1378 γὰρ
1799 1305 1833 1371 ἡ
1867 1298 2037 1377 ὄψις),

384 1391 479 1446 καὶ
541 1386 803 1465 συντριϐῇ
855 1390 918 1444 τὸ
975 1388 1231 1462 ἀνθὲμιον
1285 1394 1381 1445 τοῦ
1440 1395 1675 1468 χρυσίου
1730 1392 1844 1462 (τὸν
1902 1410 2042 1467 χρυ-

389 1478 575 1551 σοειδῆ
634 1480 807 1542 οὕτως
856 1476 1020 1548 ἥλιον
1108 1478 1504 1555 αἶ’νισσόμενος·
1564 1484 1599 1552 ἡ
1656 1483 1757 1557 γὰρ
1817 1480 2041 1554 ἅνθεμις

385 1569 665 1643 γνώριμός
696 1568 806 1624 ἐστι
841 1569 1067 1643 βοτάνη,
1100 1566 1316 1631 πολλὰς
1342 1574 1417 1643 (2)
1444 1567 1651 1646 ἔχουσα
1680 1570 1832 1645 πὲριξ
1880 1571 2039 1625 ἀκτι-

386 1655 612 1719 νοειδεῖς
688 1655 986 1736 φυλλάδων
1074 1657 1365 1733 ἐκφύσεις),
1457 1660 1553 1714 Καὶ
1646 1659 2041 1730 ἀναστήσονται

388 1747 466 1809 είς
528 1747 714 1823 φωνὴν
771 1750 867 1801 τοῦ
927 1745 1244 1820 στρουθίου,
1301 1746 1389 1802 καὶ
1445 1769 1505 1823 γε
1561 1748 1666 1803 ἀπὸ
1722 1753 1817 1804 τοῦ
1871 1747 2040 1822 ὕψους

389 1834 637 1911 δῴονταν
666 1835 758 1890 καὶ
790 1830 995 1908 θάμϐοι
1054 1834 1108 1889 ἐν
1162 1839 1234 1909 τῇ
1293 1833 1424 1909 ὁδῷ.
1484 1839 1548 1893 Τί
1604 1833 1879 1911 iiii/tower;
1938 1837 2037 1892 Τό⁶

385 1946 447 1982 τε
503 1922 731 1999 ὄψονται
786 1925 877 1979 τὸν
964 1924 1087 1978 Υίὸν
1164 1928 1262 1980 τοῦ
1346 1927 1659 2000 ἀνθρώπου,
1737 1927 2040 2002 ἐρχόμενον

391 2013 480 2071 ἐπὶ
560 2019 669 2069 τῶν
750 2012 989 2093 νεφελῶν
1067 2018 1166 2069 τοῦ
1237 2013 1490 2091 οὐρανοῦ,
1577 2017 1665 2071 καὶ
1779 2017 2039 2090 κόψονται

395 2103 564 2181 φυλαὶ
620 2103 758 2158 κατά
816 2101 1012 2181 φυλάς.
1074 2104 1177 2159 Καὶ
1234 2103 1287 2158 τί
1339 2103 1544 2180 γίνεται
1626 2103 1879 2167 ἐλθόντος
1943 2108 2041 2159 τοῦ

392 2192 640 2269 Κυρίου;
700 2194 954 2263 Ἀνθήσει
1014 2193 1077 2247 τὸ
1134 2190 1476 2266 ἀμύγδαλον,
1535 2194 1623 2249 καὶ
1694 2196 2039 2271 παχυνθήσε-

388 2304 477 2338 ται
534 2284 571 2352 ἡ
629 2280 808 2357 ἀκρίς,
896 2281 985 2337 καὶ
1068 2279 1578 2352 διασκεδασθήσεναι
1655 2285 1690 2352 ἡ
1739 2285 2039 2358 κάππαρις,

385 2379 472 2436 Ὦς
505 2371 564 2429 δὲ
594 2375 646 2428 οἱ
676 2371 938 2447 ἐξηγηταί
981 2374 1057 2444 (3)
1105 2393 1286 2449 φασιν,
1328 2370 1645 2449 ἀμύγδαλον
1700 2373 1886 2428 ἀνθοῦν
1941 2372 2038 2444 δη-

389 2461 485 2518 λοῖ
508 2466 610 2517 τοῦ
660 2466 941 2536 χειμῶνος
962 2461 1026 2516 τὸ
1053 2458 1347 2536 παρελθόν.
1382 2459 1592 2520 Μέλλει
1635 2458 1691 2517 δὲ
1720 2461 1786 2516 τά
1813 2463 2040 2535 σώματα

386 2553 551 2623 ἡμῶν
590 2551 723 2622 μετά
747 2551 837 2604 τὸν
875 2552 1130 2624 χειμῶνα
1177 2548 1301 2604 τότε
1358 2551 1535 2613 ἀνθεῖν
1581 2549 1899 2625 ἐπουράνιον
1951 2551 2036 2605 ἃν-

388 2640 507 2699 θος.
550 2639 651 2692 Καὶ
710 2637 1005 2713 παχύνεται
1037 2640 1072 2707 ἡ
1104 2638 1260 2713 ἀκρίς
1319 2640 1375 2711 (ἡ
1434 2640 1684 2712 πτερωτή
1741 2640 1918 2713 ψυχὴ,
1975 2639 2038 2694 τὸ

1811 773 2041 830 ἔλθωσιν

2150 618 2175 644 «
2195 595 2349 665 pelle
2363 595 2512 651 iram
2535 596 2754 651 acorde
2771 601 2956 662 tuo,et
2969 610 3198 650 remore
3213 597 3553 665 pravitatem
3571 613 3603 650 a
3620 612 3797 651 carne

2150 703 2178 731 «
2205 687 2393 750 tua,et
2409 689 2708 738 memento
2731 683 3023 738 Creatoris
3038 683 3146 737 tui.-
3165 683 3427 753 quandiu
3442 700 3561 738 non
3573 686 3802 739 venerit

2154 792 2179 819 ‹‹
2207 770 2331 826 dies
2346 773 2592 843 maligni
2610 790 2623 838 ;
2641 772 2907 843 quandiu
2922 788 3041 826 non
3059 771 3409 826 obscuratus
3424 772 3803 840 fuerit,sol,et

2154 880 2177 911 σ
2206 859 2433 925 lumen,
2460 867 2518 914 et
2541 861 2683 915 luna
2706 866 2765 915 et
2790 860 2977 914 stellaa
2998 878 3012 925 ;
3034 864 3092 914 et
3112 858 3361 932 caligine
3384 861 3642 915 involute
3669 879 3799 931 qum

2153 969 2181 997 «
2203 947 2405 1002 vident
2425 949 2484 1002 in
2508 948 2901 1003 foraminibus
2918 971 2942 995 ››
2961 949 3031 1017 (5)
3047 948 3351 1017 (cernendi
3368 949 3427 1003 in
3440 949 3611 1003 nobis
3623 949 3803 1004 facul-

2153 1041 2333 1091 tatem
2360 1037 2753 1109 signiﬁcans);
2782 1037 3112 1108 «quamdiu
3136 1054 3255 1092 non
3271 1054 3505 1093 eversus
3526 1037 3706 1092 fuerit
3720 1038 3802 1093 fu-

2153 1146 2180 1174 «
2204 1125 2438 1180 niculus
2461 1142 2529 1180 ex
2558 1133 2800 1198 argento
2828 1149 2853 1174 ››
2880 1132 3194 1189 (astrorum
3228 1127 3600 1197 complexum
3634 1126 3798 1194 dicit,

2148 1214 2359 1269 horum
2383 1215 2543 1269 enim
2559 1220 2910 1286 conspectus
2924 1222 3168 1287 argento
3191 1215 3481 1286 similis),«
3500 1220 3558 1270 et
3578 1217 3798 1270 contri-

2148 1325 2177 1353 «
2194 1309 2318 1358 tum
2332 1304 2703 1359 anthemium
2715 1304 2841 1358 auri
2862 1328 2879 1351 η
2892 1304 3005 1374 (his
3018 1304 3208 1358 verbis
3223 1305 3529 1375 solem,cuj
3541 1321 3608 1359 us
3622 1321 3802 1361 aurea

2151 1393 2377 1463 species
2406 1393 2696 1448 indicans.
2731 1393 3042 1448 Anthemis
3074 1394 3232 1448 enim
3264 1400 3408 1449 nota
3463 1394 3648 1450 herba
3691 1400 3800 1461 est,

2149 1482 2370 1536 multos
2392 1482 2619 1537 habens
2643 1483 2701 1537 in
2722 1483 2969 1549 ambitu,
2992 1482 3290 1537 radiorum
3308 1483 3381 1538 ad
3406 1483 3614 1552 instar,
3631 1484 3804 1539 folio-

2150 1587 2283 1624 rum
2308 1571 2619 1642 surculos).
2643 1594 2667 1621 ‹‹
2692 1573 2758 1625 Et
2783 1577 3093 1643 resurgent
3113 1571 3185 1626 ad
3209 1589 3409 1626 vocem
3434 1574 3711 1643 passeris,
3748 1578 3806 1628 et

2151 1680 2179 1707 ‹‹
2215 1658 2455 1729 quidem
2488 1658 2560 1713 de
2596 1659 2827 1713 excelso
2856 1660 3166 1726 videbunt;
3194 1664 3250 1712 et
3274 1666 3528 1714 terrores
3551 1660 3611 1714 in
3639 1661 3799 1717 via».

2152 1748 2300 1812 Quid
2324 1747 2645 1802 videbunt?
2666 1748 2871 1803 «Tunc
2888 1748 3395 1802 videbuntFilium
3415 1749 3675 1804 hominis
3699 1767 3800 1805 ve-

2151 1858 2177 1885 ‹‹
2198 1836 2463 1891 nientem
2478 1837 2538 1890 in
2554 1837 2810 1891 nubibus
2824 1837 2952 1891 οωιὶ
2967 1836 3597 1897 “,etlamentabuntur
3610 1839 3798 1894 tribus

2153 1945 2181 1973 «
2198 1931 2406 1980 contra
2427 1924 2616 1980 tribus
2641 1924 2686 1958 ⁴⁷
2712 1947 2760 1979 ››.
2787 1925 2937 1990 Quid
2963 1941 3097 1979 vero
3122 1925 3187 1979 fit
3218 1926 3489 1980 veniente
3513 1927 3802 1982 Domino?

2152 2013 2456 2069 «Florebit
2477 2013 2841 2086 amygdalus,
2870 2020 2926 2067 et
2954 2019 3278 2068 crassescet
3300 2014 3546 2082 locusta,
3571 2016 3720 2072 235
3744 2022 3803 2071 et

2154 2125 2182 2153 «
2199 2102 2872 2174 dissipabiturcapparis
2887 2102 2935 2136 ⁸⁸
2956 2127 3004 2155 ιι.
3032 2102 3541 2167 Quemadmodum
3562 2121 3694 2159 vero
3709 2106 3801 2160 in-

2152 2198 2441 2264 terpretes
2473 2192 2657 2256 aiunt,
2683 2192 3029 2264 amygdalus
3049 2192 3270 2247 florens
3288 2193 3651 2264 prasteritam
3672 2194 3798 2250 hie-

2151 2300 2309 2338 mem
2333 2284 2620 2355 designat.
2647 2284 2931 2337 Futurum
2965 2289 3055 2337 est
3083 2288 3278 2338 autem
3305 2288 3370 2337 ut
3400 2283 3502 2338 illo
3535 2288 3800 2355 tempore

2150 2377 2285 2444 post
2303 2372 2565 2427 hiemem
2582 2373 2657 2443 (6)
2690 2388 2937 2443 corpora
2957 2378 3161 2427 nostra
3182 2372 3405 2427 caelesti
3428 2371 3571 2427 flore
3596 2373 3802 2429 ﬂores-

2149 2464 2375 2517 cant.Et
2398 2466 2681 2516 crassescet
2707 2462 2909 2516 locusta
2934 2462 3283 2534 (pennigera
3299 2462 3580 2516 nimirum
3604 2464 3803 2518 anima

2150 2567 2393 2623 corpore
2429 2567 2489 2605 se
2521 2549 2815 2620 induens).
2850 2553 2922 2605 Et
2951 2550 3314 2620 dissipabitur
3369 2554 3626 2621 capparis
3668 2552 3804 2624 (hoc

2150 2645 2260 2707 est,
2294 2639 2487 2711 iniqui
2521 2639 2708 2710 spinis
2740 2640 2968 2694 similos
3001 2640 3463 2712 dispergentur.)

390 2729 554 2800 σῶμα
581 2721 1078 2802 περιϐαλλομένη).
1113 2724 1210 2780 Καὶ
1234 2722 1747 2798 διασκεδασθήσεται
1779 2730 1814 2797 ἡ
1845 2727 2122 2815 κάππαρις
2154 2727 2231 2800 (οἱ
2264 2725 2596 2790 ἀκανθώδεις
2624 2726 2935 2802 παράνομοι
2970 2724 3482 2801 διασκορπισθῶσι.)

462 2903 589 2961 KA‘.
622 2901 876 2971 Βλέπεις,
908 2906 1025 2965 πῶς
1056 2900 1391 2979 προλεγουσι
1440 2905 1635 2967 πάντες
1678 2906 1779 2974 τήν
1828 2925 2036 2979 παρου-

2218 2906 2367 2963 ΧΧΙ.
2398 2904 2569 2971 Vides
2591 2904 2692 2975 qui
2710 2920 2917 2960 omnes
2938 2906 3171 2960 Domini
3194 2905 3507 2962 adventum
3522 2924 3799 2979 praenun-r

390 2993 508 3048 σίαν
536 2992 633 3047 τοῦ
663 2990 886 3069 Κυρίου·
924 2990 1169 3068 βλέπεις,
1193 2996 1312 3054 πῶς
1344 2990 1523 3049 οἴδασι
1549 2996 1648 3064 τήν
1702 2995 1887 3071 φωνὴν
1936 2999 2034 3050 τοῦ

390 3082 701 3156 στρουθίου.
760 3082 926 3135 Ηοίαν
986 3082 1195 3159 φωνήν,
1252 3080 1506 3155 εἴδωμεν.
1538 3085 1656 3138 Ὅτι
1688 3084 1852 3146 αὐτὸς
1886 3084 1914 3139 6
1938 3083 2044 3138 Κύ-

395 3191 512 3247 ριος
567 3171 619 3226 ἐν
674 3167 1025 3243 κελεύσματι,
1082 3168 1134 3224 ἐν
1197 3174 1352 3245 φωνῇ
1414 3171 1780 3248 ἀρχαγγέλου,
1840 3175 1927 3228 καί
1987 3171 2038 3227 ἐν

394 3257 658 3334 σάλπιγγι
745 3262 880 3314 Θεοῦ
952 3253 1312 3329 καταϐήσεται
1399 3258 1490 3315 ἀπ’
1575 3260 1825 3337 οὖρανοῢο
1910 3263 2043 3337 Ἀρ-

392 3348 665 3425 χάγγελος
697 3352 1033 3426 προσφωνεῖ,
1081 3347 1169 3403 καὶ
1216 3346 1360 3424 λέγει
1404 3354 1524 3411 τοῖς
1570 3354 1753 3404 πᾶσιν·
1804 3351 2038 3427 Ἐγείρε-

391 3438 482 3493 σθε
540 3441 619 3511 (4)
683 3437 761 3499 είς
808 3436 1107 3508 ἀπάντησιν
1164 3441 1261 3492 τοῦ
1319 3436 1546 3512 Κυρίου.
1606 3440 1708 3496 Καὶ
1769 3434 2037 3515 φοϐεράἡ

388 3522 624 3589 κάθοδος
652 3529 750 3580 τοῦ
808 3526 1099 3580 Δεσπότου.
1135 3525 1191 3578 '0
1223 3520 1389 3579 Δαῦὶδ
1433 3545 1618 3603 φησιν·
1653 3526 1719 3583 'O
1768 3527 1898 3590 Θεὸς
1940 3524 2041 3600 ἐμ..

390 3619 575 3694 φανῶς
621 3614 762 3686 ἣξει,
819 3616 848 3668 6
907 3615 1038 3678 Θεὸς
1090 3616 1278 3688 ἡμῶνο
1343 3614 1435 3671 καὶ
1493 3616 1558 3670 οὐ
1617 3619 2038 3691 παρασιωπήσε-

461 3742 511 3779 ⁴⁶
538 3743 741 3798 Matth.
773 3759 927 3812 mv,
959 3744 1046 3798 30.
1152 3740 1198 3778 ‘7
1229 3742 1399 3799 Zach.
1432 3759 1530 3811 xu,
1564 3746 1649 3798 12.

390 3815 609 3888 Ephes.
643 3831 696 3883 γ,
729 3816 816 3869 14.

463 3939 553 4066 (ίέ
584 3939 653 3992 Δὶ
706 3937 1034 4024 βλέπουσαι,
1065 3955 1194 4010 qua
1223 3940 1430 4022 vident,
1458 3945 1571 4023 etc.
1605 3941 1784 4024 Cois].
1821 3946 1881 3996 et
1908 3943 2047 4014 Reg.

482 4011 515 4066 Β
558 4008 797 4066 ἑποντες.
831 4028 931 4066 am
957 4012 1165 4066 vtdent.
1200 4019 1268 4066 At
1295 4013 1389 4066 hic
1412 4013 1667 4066 Cvrillus
1698 4018 1859 4066 quta
1882 4029 2047 4066 men-

394 4011 447 4094 o’t
472 4008 797 4093 βλέποντες,
831 4013 931 4094 qui
957 4008 1165 4093 vide—nt.
1200 4013 1389 4094 Ant‘hic
1412 4013 1667 4094 Cyrillus
1686 4008 2048 4094 juxtamen-

392 4084 700 4167 tem‘sacri
733 4084 1065 4155 scriptoris,
1099 4084 1379 4156 pupillas,
1414 4101 1518 4140 seu
1548 4084 1706 4140 acies
1737 4085 2050 4140 oculorum

394 4155 810 4297 ωίὲλιίῗάλλάς.
835 4227 918 4279 Ex
939 4225 1131 4289 Colb.,
1157 4227 1318 4297 Reg,
1355 4225 1540 4292 Bodl.,
1578 4228 1697 4281 Roe
1730 4226 1964 4282 codices
1994 4231 2053 4282 et

395 4298 618 4352 Morelii
640 4297 900 4352 editione
930 4297 1013 4352 ita
1042 4298 1411 4367 scripsimus,
1436 4314 1572 4352 cum
1602 4299 1808 4353 vitiose
1831 4300 2047 4353 habea-

1754 3743 1801 3779 ⁴⁶
1825 3744 2048 3801 Eccles.
2081 3761 2180 3816 xu,
2212 3746 2265 3799 5.

2156 2995 2340 3062 tiant;
2392 2994 2587 3069 cernis
2643 2994 2939 3064 quomodo
2986 3001 3205 3049 norunt
3256 3012 3455 3051 vocem
3504 2998 3799 3068 passeris;

2156 3084 2397 3157 qualem
2418 3099 2643 3150 vocem,
2669 3082 2974 3138 videamus
3012 3106 3039 3132 ‹‹
3067 3084 3356 3148 Quoniam
3380 3087 3503 3157 ipse
3516 3087 3802 3141 Dominus

2157 3197 2179 3223 ι
2207 3173 2575 3245 injussione,
2605 3173 2665 3226 in
2689 3188 2827 3227 voce
2850 3172 3213 3244 archangeli,
3243 3178 3300 3228 et
3320 3174 3381 3228 in
3406 3175 3546 3231 tuba
3568 3176 3667 3230 Dei
3702 3176 3801 3231 de-

2154 3286 2182 3313 ‹‹
2208 3262 2453 3318 scendet
2472 3260 2544 3314 de
2563 3260 2707 3316 caelo
2726 3260 2773 3294 ιθ
2798 3282 2842 3311 ››.
2870 3261 3270 3334 Archangelus
3301 3263 3713 3333 proclamabit,
3747 3269 3805 3319 et

2152 3350 2310 3406 dicet
2330 3349 2608 3405 omnibus
2636 3365 2648 3403 :
2677 3372 2704 3398 α
2733 3349 2960 3421 Surgite
2983 3349 3043 3403 in
3076 3366 3387 3405 occursum
3417 3353 3650 3407 domini
3670 3351 3798 3421 5°»;

2153 3438 2555 3508 terribilisque
2577 3442 2666 3491 est
2687 3436 2995 3492 descensio
3010 3438 3451 3496 Domini.David
3465 3442 3574 3496 ait:
3605 3463 3626 3492 ι
3648 3441 3803 3497 Deus

2154 3550 2183 3580 κ
2214 3528 2526 3583 manifeste
2557 3527 2772 3593 veniet,
2825 3528 2978 3582 Deus
3024 3534 3259 3595 noster;
3310 3535 3368 3585 et
3410 3547 3529 3585 non
3582 3531 3799 3586 silebit.

2153 3639 2181 3669 «
2216 3617 2371 3689 Ignis
2402 3617 2462 3669 in
2494 3619 2814 3686 conspectu
2846 3616 2975 3687 ejus
3005 3615 3272 3683 ardebit;
3335 3624 3394 3673 et
3440 3619 3502 3673 in
3551 3619 3803 3674 circuitu

2370 3741 2417 3776 ‘9
2465 3743 2489 3795 Ι
2540 3741 2741 3797 Thess.
2804 3758 2877 3812 ιν,
2938 3745 3024 3796 15.
3128 3741 3176 3785 ⁵ο
3223 3743 3424 3799 Matth.
3487 3760 3615 3813 xxv,
3648 3747 3699 3811 6,
3735 3747 3810 3810 7;

2161 3956 2357 4011 serm.
2375 3941 2452 3993 De
2481 3938 2609 3994 adv.
2641 3938 2913 4000 Antichr..
2939 3954 3069 4011 pag.
3104 3940 3235 4011 365;
3264 3942 3473 3993 auctor
3491 3938 3805 4009 quaastion.

2160 4012 2221 4067 in
2251 4010 2429 4081 Epist.
2463 4011 2647 4077 Pauli,
2690 4015 2897 4081 quaest.
2937 4014 3034 4064 116
3063 4027 3077 4077 ;
3111 4010 3323 4065 Athan.
3387 4016 3529 4065 tom.
3582 4012 3654 4078 Il,
3702 4027 3809 4067 seu

2159 4085 2256 4150 ιιι,
2287 4099 2415 4154 pag.
2451 4083 2573 4137 332.

2433 4099 2822 4223 etaf'pupillm
2854 4152 3180 4207 oculorum.

2232 4222 2306 4294 (6)
2324 4230 2451 4278 Post
2478 4222 2724 4279 hiemem.
2752 4223 3042 4278 Accedere
3057 4222 3549 4294 videturCyrillus
3572 4223 3645 4279 ad
3665 4242 3808 4280 sen-

2162 4297 2411 4351 tentiam
2427 4296 2763 4367 eorurn,qui
2778 4296 3275 4367 resurrectionem
3288 4295 3618 4367 generalem
3630 4313 3809 4351 verno

392 4375 492 4446 tur
520 4368 583 4423 in
610 4364 1183 4446 impressisti-oni,
1219 4367 2046 4446 reluctanteconstructione.
2084 4382 2128 4446 ι)
2162 4374 2426 4446 tempore
2453 4365 2717 4446 futuram
2742 4367 3133 4446 arbitrantur.
3178 4364 3340 4446 Han'tc
3378 4364 3810 4446 nonnul_loru_m

393 4442 510 4496 Nec
542 4438 798 4495 otiosum
856 4440 967 4494 erit
1023 4438 1366 4511 admonere,
1418 4440 1577 4510 quod
1626 4441 1723 4495 hic
1755 4457 1789 4495 a
1831 4441 2049 4511 Cyrillo

392 4517 638 4567 vocatur
658 4511 1030 4566 anthemium
1061 4510 1212 4575 auri,
1260 4511 1407 4565 verti
1454 4512 1514 4566 in
1572 4512 1814 4583 Vulgata
1859 4510 2051 4583 uittam

394 4599 663 4637 auream:
711 4583 1040 4653 eodemque
1092 4584 1266 4637 modo
1314 4584 1515 4637 Graaca
1561 4582 1739 4637 verba
1789 4583 1933 4638 LXX
1980 4582 2053 4637 ab

396 4653 754 4723 Hieronymo
789 4654 947 4708 hunc
978 4654 1175 4707 locum
1210 4654 1582 4709 Ecclesiastes
1617 4654 2054 4724 interpretante

397 4730 845 4781 convertuntur.
897 4725 1209 4780 Anthemis
1257 4741 1394 4780 vero
1449 4726 1633 4781 herba
1680 4742 1714 4780 a
1746 4725 2055 4780 nonnullis

399 4795 774 4868 existimatur
802 4812 1135 4868 argemona.

469 4867 545 4939 (3)
566 4865 633 4922 Οἱ
665 4865 946 4939 ἐξηγηταί.
976 4867 1306 4922 Articulum
1325 4866 1381 4919 bl.
1404 4867 1744 4939 addidimus
1766 4884 1837 4923 ex
1851 4866 2053 4939 Coisl_.,

398 4937 562 5011 Reg,
585 4937 1028 5011 Roe,Casaub.,
1063 4939 1223 5011 Bodl.
1256 4940 1523 5011 Cumque
1554 4940 1615 4993 in
1644 4938 1736 4994 ed.
1758 4945 1893 5011 post
1911 4937 2056 5011 ἀμύ-

396 5006 601 5083 γδαλον
631 5010 920 5083 scriptum
951 5015 1110 5064 esset
1138 5007 1318 5083 ἐλθόν,
1354 5006 1920 5078 θίοοάἱοίὺιιέῐίοθ,
1947 5006 2056 5067 Ca-

401 5080 563 5136 Saub.
580 5080 836 5153 ,_Genov.
865 5086 974 5136 vet.
997 5087 1054 5135 et
1079 5082 1465 5153 Grod.,sensu
1492 5082 2058 5153 postulante.posui-

399 5168 554 5225 mus,
588 5149 783 5215 ἀνθοῦν
837 5157 1059 5225 ﬂoreus.
1097 5152 1178 5225 lbi
1206 5149 1364 5207 enim
1398 5149 1652 5225 Cyrillus
1710 5149 1952 5224 respicit
1982 5154 2055 5209 ad

338 5264 341 5267 -
398 5223 643 5278 verbum
673 5222 942 5293 superius,
975 5222 1218 5295 ἀνθήσει,
1250 5241 1430 5295 quam
1447 5222 2059 5295 'allusionem'retinet

398 5294 463 5366 in
496 5291 889 5366 sequentibus
915 5312 927 5349 :
961 5291 1172 5350 Μέλλει
1203 5291 1529 5366 τιῖσώματα
1559 5294 1719 5365 ἡμῶν
1744 5293 1941 5366 Δἀνθεῖν
1993 5295 2055 5349 τὸ

396 5362 723 5437 ζπουρᾶνιον
758 5363 940 5428 ἄνθος.
976 5366 1156 5421 Codd.
1187 5368 1306 5422 Roe
1330 5362 1583 5422 et'Coisl.
1607 5362 1721 5421 nec
1739 5362 1916 5429 ἐλθόν,
1946 5383 2057 5423 nec

397 5436 614 5502 ἀνθοῦν,
649 5454 845 5508 neque
876 5438 1039 5494 aliud
1070 5439 1200 5508 ejus
1231 5439 1360 5494 loco
1391 5437 1640 5508 verbum
1659 5444 2016 5508 agnoscunt.

468 5510 545 5577 (4)
605 5506 927 5582 Ἐγείρεσθε.
1016 5506 1218 5582 Matth.
1299 5527 1432 5582 xxv,
1512 5513 1564 5575 6,
1627 5506 1929 5582 ἐξέρχεσθε.
1984 5511 2058 5582 At

395 5579 601 5652 Patres
635 5579 763 5634 eam
790 5597 989 5637 vocem
1033 5580 1391 5652 archangelo
1426 5579 2053 5652 mortuossuscitanti

396 5650 748 5726 tribuentes,
777 5653 853 5726 de
879 5652 1175 5708 industria
1196 5649 1584 5726 scripserunt,
1611 5649 1894 5726 ἐγείρεσθε.
1916 5652 2055 5726 Vide

396 5727 672 5779 sanctum
702 5724 977 5796 Ephraem
1009 5739 1188 5779 serm.
1226 5723 1297 5777 De
1316 5726 1497 5793 pmm’t
1534 5723 1731 5795 Graec,
1756 5738 1890 5796 pag.
1918 5724 2053 5792 106;

2160 4439 2342 4494 fuisse
2370 4437 2710 4507 opinionem
2738 4443 2987 4492 testatur
3008 4438 3245 4492 Cosmas
3279 4438 3579 4508 £gyptius
3604 4440 3640 4493 l.
3665 4456 3696 4492 ν
3720 4442 3814 4494 Το-

2201 4527 2321 4579 ogr.
2356 4509 2671 4631 Christutf.
2711 4511 2830 4562 192.
2864 4510 2949 4563 Ita
2980 4509 3239 4563 sensisse
3286 4509 3517 4563 videtur
3543 4511 3811 4579 Hermas,

2228 4599 2308 4631 ιιι.
2338 4579 2593 4631 Similitu
2644 4619 2656 4630 .
2691 4581 2721 4631 3
2751 4585 2810 4631 et
2837 4582 2889 4631 4»,
2924 4597 2980 4631 n.
3014 4582 3102 4631 40.
3136 4579 3386 4631 Coteler.
3423 4580 3589 4631 edit..
3632 4588 3690 4631 et
3720 4582 3810 4631 di-

2190 4625 2202 4637 .
2228 4599 2308 4647 Ill,
2338 4579 2656 4633 Similitud.
2691 4581 2721 4631 3
2751 4585 2810 4633 et
2837 4582 2890 4639 4,
2924 4597 2980 4649 p.
3014 4582 3102 4645 40,
3136 4579 3386 4634 Coteler.
3423 4580 3589 4647 edit.,
3632 4588 3690 4635 et
3720 4582 3810 4635 di-

2164 4660 2318 4709 serte
2346 4651 2606 4705 afﬁrmat
2625 4655 2829 4703 auctor
2851 4652 3041 4720 Operis
3060 4653 3368 4719 imperfect.
3392 4650 3453 4705 in
3475 4653 3813 4716 Matth.,sub

2162 4722 2563 4791 Chrysostomi
2588 4722 2927 4787 nomine,ad
2954 4723 3553 4791 cap.xxv,32.Macar.,
3574 4724 3732 4781 110m.
3759 4727 3812 4779 5.

2162 4792 2345 4851 Paulo
2360 4798 2493 4865 post
2516 4792 2928 4865 densationem
2951 4809 3053 4846 seu
3078 4792 3816 4865 impinguationemlocus-

2162 4873 2237 4923 tua
2266 4862 2511 4938 pennati
2544 4862 2842 4929 animalis,
2880 4880 3059 4938 sensu
3090 4862 3436 4934 prophetico
3474 4871 3713 4936 torquet
3740 4866 3816 4922 ad

2166 4935 2617 5012 significandam
2684 4935 3217 5012 resurrectionem,
3266 4952 3401 4989 cum
3459 4935 3659 4992 anima
3709 4956 3814 5012 suo

2165 5007 2409 5081 corpore
2442 5009 2659 5081 iterum
2680 5007 2963 5081 vestietur
2986 5026 2999 5073 ;
3021 5022 3153 5081 qua}
3172 5007 3293 5060 sive
3314 5012 3538 5081 naturaa
3561 5011 3814 5080 propriaa

2166 5077 2517 5152 subtilitate,
2553 5078 2674 5133 sive
2708 5077 2995 5152 spiritalis
3027 5078 3087 5130 in
3122 5078 3307 5131 Deum
3339 5077 3645 5135 charitatis
3673 5077 3813 5152 per-

2164 5152 2425 5214 nicitate,
2464 5150 2583 5203 sive
2616 5156 2886 5220 prompto
2910 5148 2982 5203 ad
3015 5164 3188 5203 suum
3219 5165 3431 5220 corpus
3463 5148 3813 5207 accurréndi

2166 5223 2382 5280 studio.
2417 5220 2652 5292 aligerae
2683 5221 2897 5275 similis
2927 5220 3185 5292 dicitur;
3220 5221 3498 5277 omnibus
3529 5224 3687 5278 enim
3720 5224 3812 5279 his

2167 5293 2441 5350 sensibus
2467 5290 2680 5346 animas
2711 5308 2938 5364 pennas
2963 5290 3328 5362 explicavere
3349 5292 3563 5349 diversi
3589 5297 3810 5350 Patres.

2164 5367 2440 5421 Animam
2473 5369 2693 5434 autem,
2727 5367 3030 5434 resumpto
3061 5379 3328 5433 corpore,
3367 5365 3526 5420 velut
3575 5367 3811 5421 densari

2164 5439 2265 5502 ait,
2302 5432 2598 5505 quomodo
2632 5432 2949 5507 Gregorius
2975 5432 3273 5506 Nyssenus
3303 5443 3450 5489 orat.
3501 5439 3578 5490 De
3625 5436 3816 5491 anima

2165 5517 2216 5563 et
2245 5521 2472 5567 resurr.,
2497 5521 2554 5574 p.
2586 5507 2711 5571 244,
2747 5507 2797 5559 ei
2826 5507 2887 5561 in
2912 5508 3035 5561 Nat.
3067 5508 3251 5567 Uom..
3274 5523 3331 5576 p.
3356 5509 3459 5559 340
3488 5507 3810 5559 humanum

2164 5594 2352 5652 genus
2381 5576 2759 5652 resumendis
2791 5576 3139 5652 corporibus
3170 5577 3484 5652 densatum
3514 5577 3714 5652 iriuait.
3744 5592 3809 5628 eo

2166 5646 2409 5706 trahens
2441 5646 2590 5700 illud
2621 5648 2832 5716 psalmi
2861 5646 3026 5713 cxvii,
3057 5652 3146 5713 27,
3180 5650 3508 5716 Constituite
3558 5647 3700 5697 diem
3726 5660 3810 5695 so-

2165 5724 2391 5779 lemnem
2426 5719 2481 5772 in
2513 5715 2817 5780 condensis,
2850 5717 2901 5771 ἐν
2933 5723 3049 5778 τοῖς
3081 5715 3378 5780 πυκάζουσι
