4138 6264
321 341 442 402 899

1371 329 1431 390 S.
1482 327 1798 390 CYBILLI
1844 326 2265 392 HIEROSOL.
2312 330 2678 394 ARCHlEP.

3607 325 3730 387 900

321 494 348 520 ‹‹
383 471 511 540 ejus
543 465 803 538 procella
845 465 1165 519 vehemens
1194 461 1239 496 3‘
1275 484 1327 526 ι»,
1365 466 1476 517 etc.
1514 461 1721 515 Veniet
1752 461 1824 517 ad
1855 463 1966 515 Pa-

2076 480 2184 516 ται.
2247 463 2358 536 Πῦρ
2417 459 2644 515 ἐνώπιον
2700 461 2864 516 αὐτοῦ
2937 463 3281 530 καυθήσεται,
3364 457 3454 513 καὶ
3535 454 3727 528 κύκλῳ

319 564 490 624 trem,
515 556 687 627 juxta
707 555 1069 626 Scripturam
1091 569 1219 622 quaa
1254 551 1429 606 modo
1462 550 1613 604 lecta
1646 555 1750 615 est,
1784 550 1967 605 Filius

320 647 580 703 hominis
610 646 654 679 "
684 646 746 699 in
777 643 1037 698 nubibus
1064 642 1217 707 coeli,
1254 641 1431 695 ﬂuvio
1465 641 1634 712 igneo
1676 657 1791 710 quo
1831 657 1964 711 pro-

318 737 536 792 bantur
549 735 820 790 homines
843 733 1076 787 tractim
1109 731 1462 786 decurrente
1483 730 1609 783 “.Si
1640 729 1773 800 quis
1791 745 1970 783 aurea

323 826 540 881 habeat
569 840 769 896 Opera,
801 821 1088 876 illustrior
1119 821 1257 886 ﬁet;
1294 820 1340 873 si
1373 818 1506 890 puis
1538 818 1770 888 stipulae
1802 818 1966 872 simi-

318 915 437 970 lem
470 931 537 970 ac
561 913 857 968 soliditate
881 910 1223 965 destitutam
1248 909 1654 979 operationem
1672 907 1962 972 habuerit,

320 1005 392 1060 ab
427 1005 560 1076 igne
593 1001 974 1058 comburetur
1002 998 1069 1053 5‘.
1103 1000 1172 1051 Et
1201 1000 1374 1052 Pater
1392 1020 1418 1047 ‹‹
1445 997 1629 1063 sedet,
1657 997 1968 1051 vestimen-

321 1115 349 1144 «
383 1100 508 1149 tum
533 1109 708 1147 suum
741 1090 966 1145 habens
995 1089 1143 1142 nivis
1176 1088 1364 1141 instar
1395 1086 1736 1150 candidum,
1773 1091 1831 1139 et
1869 1102 1967 1140 ca-

320 1207 344 1232 u
381 1182 559 1253 pillos
589 1180 802 1251 capitis
835 1179 1022 1232 instar
1051 1177 1201 1232 lanea
1235 1175 1470 1230 mundae
1497 1174 1608 1227 ⁵⁵».
1645 1176 1966 1245 Ηεεοροιτο

319 1272 580 1326 humano
613 1285 778 1324 more
811 1271 950 1322 sunt
978 1266 1134 1320 dicta
1160 1281 1171 1317 :
1205 1281 1382 1335 quam
1411 1281 1550 1319 vero
1582 1263 1655 1318 ob
1686 1263 1971 1319 causam?

318 1361 463 1425 Quia
493 1376 598 1414 rex
630 1363 720 1412 est
748 1372 953 1411 eorum
987 1354 1086 1424 qui
1129 1353 1387 1424 peccatis
1429 1353 1800 1423 coinquinati
1845 1369 1967 1407 non

317 1449 504 1503 fuere.
539 1446 816 1503 Dealbabo
850 1443 1033 1508 enim,
1058 1442 1272 1512 inquit,
1298 1468 1323 1491 ι(
1345 1449 1588 1512 peccata
1605 1447 1798 1497 vestra
1817 1443 1972 1497 sicut

325 1558 349 1589 ι
385 1538 578 1592 nivem
612 1541 669 1590 et
699 1535 852 1589 sicut
879 1533 1077 1586 lanam
1103 1530 1195 1580 56»
1225 1547 1238 1597 ;
1270 1531 1425 1600 quod
1458 1536 1547 1585 est
1594 1531 1685 1585 vel
1745 1531 1966 1586 condo-

318 1631 592 1679 natorum
624 1623 712 1678 vel
742 1639 862 1676 non
885 1621 1280 1676 admissorum
1311 1625 1686 1689 peccatorum
1711 1621 1966 1691 signum,

323 1715 527 1769 Veniet
556 1719 752 1768 autem
787 1711 857 1764 de
890 1709 1055 1766 caelis
1107 1708 1392 1763 Dominus
1436 1709 1498 1762 in
1545 1708 1822 1776 nubibus,
1868 1715 1967 1778 qui

316 1802 377 1856 in
426 1801 683 1857 nubibus
733 1797 1002 1853 ascendit
1029 1796 1075 1830 ⁵⁷
1100 1813 1166 1862 ››;
1219 1797 1344 1866 ipse
1391 1796 1552 1850 enim
1602 1796 1784 1850 dixit:
1845 1817 1865 1846 ι
1902 1798 1971 1851 Ει

319 1913 346 1940 ι(
381 1890 664 1945 videbunt
695 1889 906 1944 Filium
939 1885 1224 1949 hominis,
1255 1884 1588 1940 venientem
1620 1885 1681 1940 in
1711 1884 1971 1940 nubibus

315 2001 341 2028 «
375 1979 504 2034 cwli
533 1994 668 2032 cum
701 1978 909 2031 virtute
942 1980 1001 2029 et
1037 1973 1226 2045 gloria
1259 1973 1444 2027 multa
1467 1974 1509 2007 ⁵⁸
1544 1993 1592 2028 n.

2077 549 2242 603 αὐτοῦ
2271 549 2497 624 καταγῖς
2550 547 2778 627 σφοδρὰ,
2838 550 2928 604 καὶ
2970 551 3036 605 τὰ
3083 551 3224 622 ἑξῆς.
3278 550 3538 622 Ἔρχεται
3591 546 3730 618 πρὸς

2077 638 2166 691 τὸν
2204 641 2432 711 Πατέρα,
2465 640 2601 693 κατὰ
2630 641 2728 706 τὴν
2795 640 3009 716 Γραφήν
3065 641 3164 708 τὴν
3221 635 3422 712 ἀρτίως
3479 637 3725 708 ἀναγνω⁸

2077 730 2312 796 σθεῖσαν,
2348 731 2375 783 ὁ
2407 731 2530 792 Υἱὸς
2561 735 2658 784 τοῦ
2700 730 2991 805 ἀνθρώπου
3045 729 3134 784 ἐπὶ
3190 733 3298 783 τῶν
3339 726 3581 805 νεφελῶν
3628 729 3728 780 τοῦ

2077 818 2306 892 οὐρανοῦ
2337 823 2432 889 (1),
2491 824 2746 892 ποταμοῦ
2789 821 2960 895 πυρὸς
3002 817 3284 886 ἕλκοντος,
3336 815 3729 889 δοκιμαστικοῦ

2074 911 2180 961 τῶν
2214 908 2533 980 ἀνθρώπιον.
2571 908 2638 964 Εἴ
2662 930 2744 973 τις
2771 908 3002 984 χρυσίου
3031 905 3148 983 ἕχει
3178 908 3245 962 τὰ
3274 901 3430 982 ἔργα,
3472 903 3727 978 λαμπρό-

2074 1016 2230 1070 τερος
2280 996 2502 1070 γίνεται³
2563 995 2616 1052 εἶ’
2666 1019 2752 1060 τις
2831 995 3140 1070 καλαμώδη
3203 991 3319 1072 ἔχει
3375 997 3474 1065 τὴν
3529 993 3725 1069 πρᾶξιν

2074 1085 2161 1138 καὶ
2223 1085 2612 1156 ἀνυπόστατον,
2671 1086 3012 1142 κατακαίεται
3074 1087 3152 1166 (2)
3209 1087 3312 1141 ὑπὸ
3369 1088 3467 1140 τοῦ
3524 1082 3724 1159 πυρός.

2075 1172 2240 1228 Καὶὸ
2287 1176 2381 1246 μὲν
2437 1176 2622 1250 [Ιατήρ
2670 1177 2973 1245 καθέζεται,
3032 1173 3177 1250 ἔχων
3234 1175 3296 1230 τὸ
3357 1169 3562 1245 ἔνδυμα
3617 1171 3722 1226 αὖ-

2073 1266 2172 1315 τοῦ
2230 1260 2422 1316 λευκὸν
2479 1263 2605 1318 ὡσεὶ
2653 1266 2817 1338 χιών·
2876 1263 2966 1318 καὶ
3021 1269 3122 1333 τὴν
3181 1263 3349 1338 τρίχα
3403 1268 3501 1330 τῆς
3556 1281 3720 1337 κεφα-

2079 1349 2206 1419 λῆς,
2239 1351 2314 1414 ὡς
2359 1343 2503 1424 ἔριον
2558 1351 2818 1426 καθαρόν.
2881 1351 3266 1426 Ἀνθρωπίνως
3315 1349 3373 1406 δὲ
3429 1354 3588 1406 τοῦτο
3645 1347 3723 1403 εἴ·

2078 1457 2258 1510 ρηται·
2297 1436 2385 1493 διὰ
2435 1442 2535 1509 τί;
2599 1439 2820 1509 Ἐπειδὴ
2886 1439 3311 1516 βασιλεύςέστι
3369 1443 3476 1494 τῶν
3535 1441 3613 1511 μὴ
3673 1437 3726 1492 ἐν

2079 1529 2367 1603 ἁμαρτίαις
2454 1527 2910 1603 μεμολυσμένων·
2995 1535 3245 1588 Λευκανῶ
3317 1531 3443 1605 γὰρ,
3537 1527 3724 1606 ιρησὶν,

2083 1619 2235 1688 ὑμῶν
2280 1618 2375 1679 τὰς
2431 1621 2695 1694 ἁμαρτίας
2747 1619 2821 1682 ὡς
2899 1619 3078 1694 χιόνα,
3164 1618 3254 1674 καὶ
3339 1619 3466 1673 ὡσεὶ
3550 1612 3719 1689 ἔριον·

2078 1707 2212 1779 ὓπερ
2244 1705 2355 1760 ἐστὶ
2414 1710 2818 1783 συγχωρήσεως
2871 1710 3176 1782 ἁμαρτιῶν,
3206 1707 3241 1776 ἥ
3274 1709 3362 1762 καί
3415 1705 3726 1779 ἀναμαρτη-

2079 1795 2196 1858 σίας
2226 1801 2476 1867 σημεῖον·
2507 1799 2765 1870 Ἔρχεται
2799 1795 2857 1851 δὲ
2887 1796 2946 1852 ἐκ
2991 1803 3098 1852 τῶν
3149 1797 3391 1870 οὐρανῶν
3446 1797 3473 1850 ὁ
3521 1795 3723 1868 Κύριος

2079 1883 2166 1937 ἐπὶ
2197 1882 2458 1960 νεφελῶν,
2495 1887 2522 1939 ὁ
2554 1885 2642 1939 ἐπὶ
2696 1884 2934 1963 νεφελῶν
2995 1880 3211 1947 ἀναϐάς
3266 1886 3427 1947 αὐτὸς
3483 1885 3587 1959 γὰρ
3648 1883 3724 1938 εἷ’-

2081 1993 2234 2048 ρηκε·
2290 1973 2394 2028 Καὶ
2454 1970 2677 2048 ὄψοθται
2733 1975 2823 2030 τὸν
2885 1976 3007 2029 Υἱὸν
3066 1979 3163 2030 τοῦ
3214 1975 3524 2048 ἀνθρώπου,
3557 1973 3725 2048 ἐρχό-

322 2088 482 2138 μενον
517 2064 602 2119 ἐπὶ
635 2069 742 2118 τῶν
772 2059 1012 2140 νεφελῶν
1045 2065 1143 2116 τοῦ
1173 2059 1405 2130 οὐρανοῦ
1441 2060 1575 2132 μετὰ
1604 2057 1884 2133 δυνάμεως
1924 2061 2014 2115 καὶ
2047 2058 2205 2131 δόξης
2235 2059 2475 2128 πολλῆς.

388 2157 564 2212 XXII.
599 2156 713 2210 Sed
744 2153 1042 2226 quodnam
1077 2157 1166 2207 est
1209 2152 1340 2221 ejus
1371 2150 1656 2205 adventus
1709 2151 1964 2224 signum,

320 2262 394 2302 ne
424 2246 573 2300 forte
607 2244 824 2316 [illum]
859 2243 1074 2297 audeat
1102 2240 1400 2295 contraria
1417 2245 1678 2310 potestas
1700 2241 1920 2295 imitari
1943 2240 1971 2295 ‘I

319 2337 387 2389 Et
421 2342 569 2400 tunc,
605 2332 820 2404 inquit,
853 2331 1143 2401 apparebit
1192 2331 1410 2398 signum
1460 2330 1592 2383 Filii
1631 2330 1865 2384 hominis
1909 2332 1968 2384 in

322 2425 455 2479 caelo
484 2421 550 2477 59.
587 2423 829 2492 Signum
861 2424 1058 2473 autem
1089 2434 1292 2472 verum
1326 2423 1383 2471 et
1413 2418 1626 2472 Christi
1665 2419 1970 2490 proprium

320 2529 465 2567 crux
496 2516 585 2565 est
612 2529 625 2574 ;
662 2508 875 2563 lucidas
907 2506 1098 2560 crucis
1131 2506 1364 2574 signum
1415 2523 1614 2578 regem
1665 2507 1966 2578 praecedit,

321 2602 739 2656 demonstrans
773 2613 908 2652 eum
941 2595 1043 2666 qui
1094 2596 1255 2665 prius
1307 2597 1624 2651 cruciﬁxus
1671 2597 1801 2664 fuit,
1832 2597 1879 2632 ⁶⁰
1909 2603 1974 2652 ut

326 2690 595 2744 videntes
625 2689 728 2759 qui
760 2703 894 2741 eum
928 2690 1062 2739 ante
1091 2691 1469 2754 pupugerunt
1499 2690 1556 2738 et
1585 2685 1816 2746 insidiis
1866 2686 1976 2740 cir-

321 2794 672 2835 cumvenere
725 2775 935 2840 Judaei,
1001 2773 1315 2843 deplorent
1371 2772 1559 2826 tribus
1613 2781 1818 2829 contra
1868 2775 1975 2828 tri-

320 2868 431 2924 bus
461 2869 530 2936 σί,
565 2867 868 2922 dicentes:
906 2863 1008 2917 Hic
1040 2867 1131 2916 est
1161 2860 1262 2931 qui
1294 2860 1482 2932 alapis
1507 2878 1696 2916 caesus
1727 2869 1848 2917 est:
1883 2864 1977 2918 hic

319 2964 409 3012 est
440 2957 609 3028 cujus
645 2955 871 3010 vultum
906 2951 993 3005 illi
1027 2966 1356 3020 conspuere
1383 2966 1395 3002 :
1422 2949 1517 3004 hic
1540 2957 1627 3006 est
1649 2968 1824 3022 quem
1849 2952 1970 3007 vin-

321 3047 472 3101 culis
506 3042 982 3102 circumdedere:
1014 3039 1109 3094 hic
1135 3045 1223 3093 est
1241 3055 1418 3109 quem
1441 3040 1788 3096 cruciﬁxum
1809 3042 1973 3112 prius

324 3133 692 3205 contemptui
727 3131 1009 3186 habuere.
1043 3130 1331 3193 Quonam,
1366 3128 1656 3198 inquient.
1681 3130 1976 3200 fugiemus

316 3240 350 3279 a
379 3225 528 3278 facie
559 3224 660 3278 ira:
695 3228 808 3275 tuas
838 3219 926 3272 ‘2?
957 3217 1253 3289 Angelicis
1284 3233 1418 3272 vero
1450 3218 1806 3286 exercitibus
1839 3219 1963 3274 cin-

318 3312 396 3366 cti
428 3326 722 3381 nusquam
758 3325 898 3363 sane
929 3306 1128 3378 fugere
1166 3312 1465 3376 poterunt.
1499 3306 1739 3378 Signum
1772 3308 1964 3363 crucis

315 3400 587 3456 hostibus
619 3399 772 3454 καθ
798 3403 988 3451 terror
1012 3395 1123 3449 erit
1146 3413 1158 3462 ;
1183 3395 1463 3467 gaudium
1478 3411 1612 3450 vero
1630 3397 1835 3451 amicis
1859 3397 1959 3467 qui

317 3493 378 3545 in
410 3507 546 3545 eum
579 3487 905 3552 credidere,
938 3484 1027 3539 vel
1050 3501 1184 3540 eum
1215 3483 1630 3556 prwdicavere,
1650 3485 1740 3539 vel
1762 3503 1866 3557 pro
1891 3502 1958 3541 eo

317 3579 477 3650 passi
510 3583 662 3634 sunt.
700 3576 838 3642 Quis
871 3574 971 3629 ille
1005 3579 1129 3630 tum
1159 3573 1320 3641 felix,
1356 3573 1456 3644 qui
1488 3573 1713 3629 amicus
1744 3574 1958 3630 Christi

389 3732 435 3768 ⁵¹
488 3730 642 3787 Psal.
701 3744 848 3794 XLIX,
909 3729 961 3781 3.
1063 3725 1111 3760 ⁵⁸
1166 3726 1311 3782 Dan.
1370 3742 1466 3789 v11.
1528 3727 1612 3780 13.

315 3806 358 3839 ⁸³
387 3805 497 3858 Isa.
539 3821 576 3867 1,
614 3804 697 3856 l8.
802 3799 846 3835 ⁸⁷
880 3803 1002 3853 Act.
1041 3815 1078 3860 1,
1131 3799 1183 3860 9,
1229 3799 1312 3850 10.

316 3878 618 3935 Constant.
653 3891 708 3928 η.
745 3876 795 3926 6.
898 3871 939 3906 ⁶¹
979 3870 1218 3925 Zachar.
1251 3885 1349 3936 x11,
1386 3871 1471 3931 10,
1531 3871 1596 3921 12
1631 3886 1642 3934 ;

312 3965 388 4017 v1,
423 3949 530 4014 16;
565 3946 817 4002 Nahum.
859 3959 897 4009 1,
932 3945 985 3996 6.

388 4099 462 4168 (1)
521 4099 625 4149 Τοῦ
683 4094 936 4168 οὐρανοῦ.
998 4093 1424 4168 Hancvocem
1505 4088 1969 4168 addidimusiex

316 4162 484 4225 codd.
520 4171 682 4239 Reg,
716 4165 884 4239 _Grod.
952 4170 1008 4239 et
1056 4162 1319 4239 Daniele.
1377 4177 1502 4239 cap.
1537 4177 1652 4239 “vn,
1712 4163 1795 4215 13.
1833 4167 1966 4239 _Pr_o

316 4258 386 4297 ea
415 4257 552 4296 voce
583 4230 776 4295 (Tttob.
811 4236 1049 4307 repetit,
1083 4235 1110 4287 ὁ
1142 4233 1265 4307 Υἱρς
1315 4235 1412 4307 τοῦ
1464 4230 1801 4307 ἀνθρώπουη
1825 4234 1964 4290 Cod.

315 4330 566 4385 quoque
583 4311 798 4385 Regius
825 4303 1116 4385 ρρει-τοῇ
1162 4303 1402 4385 οῦρανοῦ-
1441 4303 1751 4385 adiectam
1789 4306 1970 4362 habet

315 4330 551 4385 quoque
584 4321 798 4381 Regius
825 4321 960 4384 post
1006 4325 1103 4358 του
1162 4324 1393 4377 ουρανου
1441 4321 1751 4429 adfectam,
1789 4321 1969 4362 habet

312 4401 515 4440 vocem
548 4381 574 4434 ὁ
608 4381 749 4440 Υἱός.
777 4384 848 4434 At
870 4379 1057 4444 Colb.,
1081 4377 1244 4432 Bodl.
1273 4381 1330 4451 et
1358 4377 1510 4451 More
1543 4384 1710 4451 .post
1729 4397 1969 4451 αναγνωτ

316 4461 548 4522 σθεῖσαν,
610 4457 890 4524 repetunt
948 4466 1147 4524 voces,
1198 4446 1334 4524 πρὸς
1391 4447 1490 4524 τὸν.
1565 4449 1791 4524 Πατέρα.
1844 4446 1967 4505 ’Ξθά

317 4515 619 4592 omittunt,
648 4515 694 4577 δ’
727 4521 854 4584 Υἱὸς
907 4523 1003 4573 τοῦ
1061 4515 1351 4596 ἆνθρῴξιτου
1409 4515 1495 4569 ἐπὶ
1556 4521 1666 4572 τῶν
1709 4515 1968 4596 ’νεφελῶν
1999 4529 2046 4593 D

313 4603 409 4652 τοῦ
441 4586 692 4669 οὐρανοῦ,
719 4610 949 4669 _vocem_
967 4586 1202 4669 quoque
1231 4586 1517 4669 ἕλκοντος.

388 4674 461 4742 (2)
495 4660 866 4742 Κατακαίεται.
902 4660 1243 4742 ida—luimus
1271 4662 1352 4715 ita
1404 4660 1598 4739 legere
1647 4678 1782 4715 cum
1817 4664 1963 4742 .cod.

317 4731 456 4814 Reg:
485 4758 661 4822 quam
692 4739 1005 4822 κατέχεται,
1028 4738 1336 4822 ‘detin‘etzti'.
1371 4747 1504 4785 cum
1555 4731 1862 4822 impressis
1892 4741 1970 4822 ‘et

315 4805 545 4868 caeteris
577 4829 718 4867 mss.
754 4805 924 4866 codd.
984 4808 1042 4863 1d
1100 4805 1271 4861 nobis
1323 4819 1564 4858 suasere
1614 4809 1740 4858 tum
1793 4805 1967 4862 verba

314 4883 579 4954 Apostoli
613 4885 706 4936 hic
736 4899 768 4936 a
800 4880 1018 4954 Cyrillo
1047 4873 1490 4954 c.itat_i_,__e‘.'_-cwo<
1520 4873 1582 4954 ’ςό
1611 4870 1764 4948 ἔργον
1799 4896 1961 4954 κατα-

312 4947 591 5022 καήσεται,
653 4961 777 5006 tum
831 4947 1044 5006 similis
1074 4948 1276 5022 Cyrilli
1331 4947 1497 5022 locus
1529 4947 1748 5022 Prcht.
1781 4966 1839 5002 n.
1875 4952 1958 5018 17,

313 5018 414 5080 ubi
448 5041 787 5094 quanquam
820 5025 1010 5078 solum
1044 5018 1224 5094 Opera
1279 5018 1684 5094 comburenda
1741 5027 1961 5094 monet,

315 5113 378 5153 ea
419 5091 766 5151 tamen—una
794 5112 927 5165 cum
960 5091 1206 5165 operum
1239 5098 1487 5165 auctore
1507 5091 1776 5165 comburi
1837 5110 1962 5148 cer-

314 5175 440 5223 tum
474 5174 580 5228 est,
615 5166 686 5218 γὸ
718 5168 822 5233 πῦρ
855 5160 1334 5240 αὐτάὶαταφλὲξει
1368 5160 1501 5232 μετὰ
1521 5163 1618 5240 τοῦ
1638 5164 1963 5240 πράξαντος,

312 5241 395 5296 ait
428 5243 664 5293 sanctus
696 5238 986 5308 Ephraem.
1022 5235 1179 5305 Conf'.
1216 5242 1265 5288 et
1296 5251 1444 5308 rep-if.
1492 5235 1577 5287 sui
1628 5236 1816 5308 ipsius,
1869 5237 1961 5292 ed.

313 5315 408 5368 Gr.
442 5327 497 5381 p.
533 5312 620 5371 98,
653 5305 760 5362 lib:
791 5311 842 5377 5,
879 5308 1146 5381 Pelagius
1199 5323 1304 5360 seu
1357 5305 1861 5381 Hieronymiaster
1906 5311 1963 5381 in

309 5376 489 5440 Ιϐοᾶσ.
525 5398 606 5446 111,
643 5384 744 5434 13:
808 5403 833 5428 «
873 5380 996 5434 Non
1025 5376 1160 5445 “hic,
1212 5384 1277 5431 ut
1329 5376 1569 5446 quidam
1626 5384 1857 5447 putant,
1904 5380 1963 5434 in

315 5479 336 5507 α
368 5455 501 5526 igne
533 5454 790 5526 ilammm
823 5466 1030 5504 arsura
1051 5455 1189 5504 sunt
1213 5464 1421 5526 opera,_
1441 5448 1542 5502 sed
1565 5448 1839 5526 homines
1865 5453 1966 5522 qui

309 5551 337 5580 «
370 5519 454 5581 ita
485 5525 710 5597 operati
747 5527 904 5597 sunt,
939 5527 1004 5597 ut
1034 5526 1376 5575 mereantur
1410 5519 1687 5597 incendio
1720 5519 1964 5593 deputa-

312 5622 339 5650 ‹‹
371 5598 418 5651 ri
454 5619 501 5651 ».
522 5591 783 5676 Cyrillus
810 5594 871 5648 in
891 5609 959 5675 e'o
974 5593 1110 5665 igne
1125 5607 1248 5646 non
1265 5591 1968 5676 comprehenditpeccata

307 5661 587 5729 mortalia:
602 5675 740 5745 post
767 5661 1137 5740 baptismum
1170 5661 1508 5729 commissa,
1535 5661 1750 5732 quibus
1771 5665 1968 5738 ignem

1720 3726 1764 3761 ⁸³
1816 3727 1958 3783 ibid.
2019 3732 2102 3784 10.

1416 3795 1462 3830 ⁵³
1513 3797 1711 3853 Matth.
1770 3815 1914 3866 xxw,
1964 3801 2050 3855 30.

1748 3870 1911 3925 Joan.
1972 3887 2085 3938 11x,
2147 3874 2250 3941 37;
2311 3877 2492 3943 Apoc.
2546 3889 2586 3940 1,
2641 3877 2710 3939 7;
2772 3874 2975 3929 Matth.
3028 3870 3185 3939 xxxv,
3246 3876 3333 3930 30.

2149 2153 2271 2206 ΚΗ.
2304 2151 2482 2208 Ἀλλὰ
2539 2157 2698 2207 ποῖον
2756 2160 2854 2222 τῆς
2912 2152 3207 2230 παρουσίας
3267 2153 3432 2208 αὐτοῦ
3489 2153 3726 2225 σημεῖόν

2077 2238 2210 2310 ἐστι,
2242 2243 2317 2312 μή
2347 2262 2479 2296 ποτε
2506 2239 2764 2318 τολμήσῃ
2798 2239 3024 2316 δύναμις
3087 2241 3293 2298 ἐναντία
3345 2243 3684 2315 μιμήσασθαι
3711 2261 3725 2311 ;

2079 2328 2183 2384 Καὶ
2239 2330 2364 2385 τότε
2420 2333 2736 2408 φανήσεται,
2794 2332 2952 2408 φησὶ,
3019 2333 3081 2388 τὸ
3159 2336 3385 2405 σημεῖον
3444 2335 3540 2386 τοῦ
3598 2329 3728 2384 Υἱοῦ

2079 2422 2177 2471 τοῦ
2235 2418 2526 2492 ἀνθρώπου
2577 2419 2626 2473 ἐν
2685 2420 2764 2491 τῷ
2819 2419 3049 2494 οὐρανῷ.
3113 2425 3354 2492 Σημεῖον
3418 2416 3476 2473 δὲ
3527 2417 3733 2489 ἀληθὲς

2083 2503 2255 2561 ἷδικὸν
2289 2511 2384 2561 τοῦ
2413 2509 2648 2578 Χριστοῦ
2698 2507 2837 2564 ἐστιν
2899 2510 2926 2562 ὁ
2976 2507 3225 2582 σταυρός.
3278 2505 3623 2568 Φωτοειδοῦς
3658 2509 3736 2581 (3)

2085 2601 2319 2671 σταυροῦ
2366 2602 2592 2668 σημεῖον
2650 2600 2875 2672 προάγει
2930 2597 3021 2651 τὸν
3077 2595 3324 2672 βασιλέα,
3384 2594 3587 2666 δηλοῦν
3637 2597 3733 2650 τὸν

2089 2687 2458 2758 σταυρωθέντα
2491 2686 2772 2762 πρότερον·
2830 2684 2922 2740 ’ἶνα
2980 2683 3186 2748 ἰδόντες
3225 2687 3278 2741 οἱ
3321 2687 3581 2760 πρότερον
3642 2685 3729 2740 ἐκ-

2085 2776 2431 2843 κεντήσαντες
2487 2775 2576 2829 καὶ
2637 2770 3116 2837 ἐπιϐουλεύσαντες
3175 2773 3452 2843 Ἰουδαῖοι,
3513 2777 3730 2848 κόψων-

2082 2883 2169 2916 ται
2201 2860 2368 2936 φυλαὶ
2399 2865 2533 2918 κατᾶ
2564 2861 2759 2941 φυλὰς,
2795 2861 3062 2939 λέγοντες.
3123 2863 3291 2925 Οὗτός
3337 2862 3478 2918 ἐστιν
3507 2865 3534 2918 ὁ
3569 2863 3729 2938 ῥαπι-

2084 2951 2228 3012 σθείς
2391 2952 2548 3016 οὗτός
2577 2951 2717 3008 ἐστιν
2751 2953 2813 3006 οὗ
2863 2952 2938 3014 εἷς
2987 2953 3045 3007 τὸ
3103 2952 3396 3026 πρόσωπον
3442 2951 3727 3007 ἐνέπτυσαν

2084 3037 2298 3094 ἐκεῖνοι·
2334 3041 2488 3102 οὗτός
2527 3039 2664 3096 ἐστιν
2727 3037 2782 3095 ὄν
2845 3037 3064 3113 δεσμυῖς
3111 3035 3596 3116 περιϐεϐλήκασιν·
3631 3038 3718 3094 οῦ·

2079 3127 2171 3190 τός
2229 3129 2371 3184 ἐστιν
2431 3130 2487 3183 ὅν
2547 3131 2918 3205 σταυρωθέντα
3002 3130 3266 3203 πρότερον
3353 3129 3718 3202 ἐξηυτέλισαν.

2083 3222 2196 3273 ΙΙοῦ
2227 3220 2481 3294 φύγωμεν
2516 3220 2620 3273 ἀπὸ
2660 3219 2955 3293 προσώπου
3009 3222 3106 3288 τῆς
3167 3219 3336 3294 ὀργῆς
3382 3239 3513 3288 σου;
3564 3219 3721 3294 ἐροῦ-

2079 3325 2180 3361 σινο
2215 3307 2520 3381 ἀγγελικῶν
2556 3306 2612 3363 δὲ
2644 3313 2907 3385 στρατιῶν
2957 3303 3432 3385 περιϐαλλουσῶν,
3477 3307 3723 3382 οὖδαμοῦ

2073 3401 2262 3470 φυγεῖν
2297 3393 2643 3466 δυνήσονται.
2680 3395 2861 3460 Φόϐος
2893 3404 3008 3460 τοῖς
3051 3398 3294 3472 ἐχθροῖς,
3348 3402 3443 3453 τοῦ
3492 3401 3726 3474 σταυροῦ

2068 3486 2130 3539 τὸ
2163 3490 2414 3558 σημεῖον·
2444 3487 2533 3541 καὶ
2566 3487 2712 3562 χαρᾶ
2753 3493 2871 3550 τοῖς
2903 3486 3085 3565 φίλοις
3136 3493 3254 3549 τοῖς
3303 3486 3378 3549 εἷς
3428 3487 3589 3543 αὐτὸν
3630 3508 3725 3542 πι-

2069 3573 2344 3630 στεύσασιν
2559 3575 2594 3646 ἥ
2650 3577 2940 3650 κηρ·3ξασιν
3003 3576 3185 3645 αὐτὸν,
3245 3578 3279 3648 ἢ
3343 3576 3476 3651 ὑπὲρ
3553 3576 3718 3632 αὐτοῦ

2207 3731 2537 3810 “nlullorzﬂ
2570 3739 2664 3810 11_i_._
2690 3732 2798 3810 _12,
2860 3733 3094 3810 14,-Λ15.
3302 3732 3448 3786 Dan.
3506 3747 3602 3810 v11,
3659 3734 3715 3810 9.

2151 3799 2200 3834 ⁵9
2244 3801 2385 3856 ibid.
2491 3800 2539 3834 ⁶⁰
2595 3803 2720 3856 Vid.
2782 3809 2891 3856 cat.
2955 3804 3039 3871 13,
3089 3819 3146 3857 η.
3201 3806 3290 3867 et,
3337 3809 3388 3858 et
3435 3801 3591 3907 epist.
3643 3801 3718 3856 ad

2151 3874 2250 3941 37;
2311 3877 2492 3943 Apoc.
2546 3889 2586 3940 1,
2641 3877 2710 3939 7;
2772 3874 2975 3929 Matth.
3037 3891 3185 3939 xxiv,
3246 3876 3333 3930 30.
3433 3875 3454 3909 ⁸
3535 3876 3715 3945 Apoc.

2077 4098 2364 4148 aeternum
2398 4099 2793 4165 praeparatum
2827 4095 2909 4150 ait
2938 4100 3049 4150 cat.
3101 4097 3185 4159 l8,
3245 4112 3410 4151 num.
3466 4099 3568 4161 l9;
3618 4095 3719 4151 sed

2076 4165 2330 4238 venialia
2360 4173 2628 4238 tantum;
2665 4173 2766 4221 aut
2823 4167 2998 4221 etiam
3055 4167 3302 4223 lethalia
3355 4168 3718 4238 baptismum

2079 4237 2413 4304 subsecuta,
2465 4237 2566 4292 sed
2625 4238 2985 4308 pmnitentiaa
3033 4238 3335 4294 laboribus
3388 4237 3720 4294 emendata.

2077 4309 2380 4382 Quaevero
2411 4309 2770 4380 baptismum
2824 4327 3203 4382 praecessere,
3251 4311 3490 4382 plenam
3551 4313 3614 4366 in
3658 4327 3725 4365 eo

2078 4379 2460 4434 abolitionem
2493 4379 3004 4447 consecuta—sunt,
3037 4381 3213 4444 intra,
3246 4379 3409 4437 num.
3433 4385 3522 4436 23.
3548 4383 3729 4438 Paulo

2078 4456 2214 4526 post
2243 4452 2608 4526 particulam?
2629 4451 2718 4504 καί
2749 4451 3116 4526 antelati-1.de
3145 4453 3300 4508 male
3345 4455 3599 4526 positam
3631 4454 3732 4526 ab-

2077 4523 2356 4597 rasimus,
2389 4525 2736 4597 auctoritate
2768 4525 2937 4597 codd.
2957 4525 3169 4597 _Coisl.,
3199 4523 3364 4597 Reg,
3391 4527 3529 4594 Ree,
3566 4524 3728 4597 Bodl.

2078 4595 2318 4677 MoIrel.;
2355 4595 2457 4649 sed
2484 4595 2663 4677 ambo
2697 4596 2924 4677 priores
2957 4591 3164 4677 λευκόν
3184 4591 3415 4677 Ροῃύτη
3439 4591 3574 4677 ante
3599 4596 3732 4677 ιῦσει

2078 4667 2243 4738 χιών,
2275 4673 2342 4720 ut
2362 4672 2451 4720 est
2481 4667 2542 4721 in
2573 4667 2836 4722 Daniele.
2870 4669 2988 4723 Roe
3022 4673 3079 4721 et
3123 4669 3368 4724 Casaub.
3404 4667 3567 4742 χιόνα
3598 4669 3729 4724 loco

2078 4737 2220 4791 γιών
2254 4737 2494 4791 habent.

2125 4737 2220 4789 ιών
2254 4737 2494 4794 habent.

2077 4755 2220 4810 χιων
2254 4755 2494 4794 nauem.

2150 4811 2223 4882 (ξ)
2255 4806 2620 4882 Φ-ωτοειδοῦς.
2651 4808 2830 4882 Codd.
2867 4809 3070 4876 Coisl.,
3103 4811 3221 4882 Reg
3252 4854 3264 4877 ,
3297 4814 3439 4880 Roe,
3469 4810 3718 4866 Casaub.

2073 4883 2133 4953 e_t
2162 4876 2481 4953 Grodecius
2517 4876 2824 4953 φωτοειδὲς,
2861 4898 2978 4936 non
3013 4876 3336 4937 malefSua
3369 4876 3566 4937 tamen
3603 4899 3725 4937 non

2075 4949 2242 5024 deest
2269 4952 2437 5005 alteri
2473 4949 2778 5024 scripturae
2803 4953 3224 5024 probabilitas;
3259 4956 3517 5009 maxime
3541 4971 3608 5009 ex
3633 4954 3724 5008 his

2074 5022 2264 5097 verbis
2303 5023 2568 5097 epistolae
2597 5022 2673 5078 ad
2703 5022 3099 5097 constantiam,
3131 5041 3295 5080 num.
3331 5029 3383 5094 4,
3438 5025 3727 5097 παμμεγέ-

2073 5093 2228 5169 θηςῗὸ
2256 5091 2506 5169 σταυρὸς,
2538 5091 2595 5169 ἐκ
2628 5095 2808 5169 φωτὸς
2853 5097 3362 5169 κατεσκευασμένος.

2145 5168 2224 5240 (βε)
2283 5164 2854 5240 Tantalide-Hujus
2904 5169 3074 5240 vocis,
3115 5164 3243 5240 loco
3319 5169 3602 5240 scriptum
3664 5168 3725 5220 in

2075 5236 2259 5311 βοὴ,
2297 5238 2457 5293 Bodl.
2495 5243 2552 5291 et
2583 5239 2806 5301 Morel.,
2843 5237 3184 5308 σταυῡωθείς,
3219 5236 3534 5311 ονμςὶίϋέαε.
3589 5241 3728 5294 Post

2073 5306 2396 5383 ἀγγελικῶν,
2431 5327 2499 5383 ex
2532 5312 2648 5363 Roe
2684 5317 2742 5364 et
2771 5311 3017 5367 Casaub.
3054 5306 3245 5383 posui,
3281 5309 3360 5366 δέ.

2120 5335 2124 5344 ι
2179 5329 2396 5376 εΛικων,
2431 5329 2499 5362 ex
2535 5329 2648 5363 noe
2684 5329 2742 5364 et
2771 5329 3017 5367 uasaun.
3054 5329 3245 5383 ροευι,
3281 5329 3360 5366 οε.

2120 5329 2220 5450 Γῖὅ)
2256 5379 2629 5435 Ηιστεύσασιν.
2663 5384 2909 5452 Propter
2956 5391 3274 5453 sequentes
3325 5399 3513 5448 voces,
3555 5378 3724 5449 κηρύ-

2075 5451 2239 5524 ξασιν,
2301 5459 2358 5506 et
2411 5453 2699 5524 παθοῦσιν,
2760 5451 2864 5524 pro
2947 5451 3280 5522 πιστεύουσι,
3363 5454 3727 5518 credentibus,

2077 5523 2286 5651 διὶνὲρεὶ
2320 5521 2690 5649 πίρτεύσασιν,
2724 5521 2822 5595 (χαὶ
2851 5526 3217 5591 crediderunt.
3253 5544 3324 5582 ex
3379 5524 3549 5581 codd.
3611 5525 3727 5581 Roe

2079 5611 2108 5648 e
2215 5611 2355 5651 asau
2406 5639 2416 5651 .

2079 5599 2137 5648 et
2167 5599 2416 5651 Casaub.
