4138 6264
328 323 440 387 901

1022 319 1502 382 GATECHESIS
1541 321 1669 382 XV.
1717 321 1819 382 DE
1862 321 2231 389 SECUNDO
2273 323 2590 389 CHRISII‘I
2633 321 3038 387 ADVENTU.

3621 325 3738 399 904

324 453 608 508 παθοῦσιν.
639 449 728 515 Τίς
760 447 883 528 ἄρα¹
910 452 1180 527 μακάριος
1211 452 1357 522 τότε,
1414 452 1474 519 ὃς
1524 449 1685 530 φίλος
1743 455 1976 526 Χριστοῦ

2097 454 2427 527 reperietur
2450 456 2478 512 ‘I
2509 458 2635 513 Non
2665 457 2937 528 proprios
2967 473 3165 513 servos
3212 457 3502 529 despiciet
3538 462 3739 513 tantus

322 540 711 615 εὐρεθήσεται;
746 539 825 597 Οὐ
881 544 1210 617 καταφρονεῖ
1265 545 1374 595 τῶν
1430 538 1646 595 οἰκείων
1709 536 1921 593 δούλων
1955 540 1982 594 ὁ

2097 545 2389 617 gloriosus
2415 562 2534 609 rex,
2569 546 2670 617 qui
2716 546 3066 618 angelorum
3115 547 3394 602 satellitio
3425 547 3740 605 comitatus

320 633 581 691 τοσοῦτος
608 627 824 700 ἔνδοξος
863 625 1139 703 βασιλεὺς,
1172 629 1200 683 ὁ
1235 628 1338 683 ὑπὸ
1368 633 1475 684 τῶν
1522 626 1773 705 ἀγγέλων
1819 625 1983 703 δορυ-

323 719 690 795 φορούμενος,
723 720 751 774 ὁ
790 723 887 773 τοῦ
944 718 1152 793 [ἰατρὸς
1203 718 1517 794 σύνθρονος.
1571 721 1685 776 Ἲνα
1742 718 1844 795 γὰρ
1901 718 1978 790 μὴ

322 830 542 886 συμφυρ
560 813 690 863 ὦσιν
725 809 778 862 οἱ
810 806 1055 863 ἐκλεκτοὶ
1092 810 1225 879 μετὰ
1253 813 1361 863 τῶν
1418 809 1651 883 ἐχθρῶν,
1710 804 1983 863 ἀποστελ-

322 896 409 953 λει
465 896 591 958 τοὺς
649 895 915 971 ἀγγέλους
985 895 1156 951 αὐτοῦ
1221 897 1357 970 μετὰ
1429 898 1727 974 σάλπιγγος
1810 896 1979 970 μεγά-

320 988 428 1053 λης
462 1030 478 1056 ,
537 986 627 1041 καὶ
688 987 1062 1058 ἐπισυνάξουσι
1144 985 1272 1050 τοὺς
1356 985 1643 1050 ἐκλεκτοὺς
1701 989 1865 1041 αὐτοῦ
1922 985 1982 1039 ἐκ

314 1078 424 1131 τῶν
456 1076 732 1151 τεσσάρως
762 1075 996 1148 ἀνίμων.
1044 1074 1197 1138 Ἑνὸς
1255 1078 1354 1130 τοῦ
1410 1077 1536 1131 Λὼτ
1594 1076 1659 1132 οὗ
1712 1073 1978 1153 κατεφρό-

317 1183 468 1236 νησεο
501 1168 618 1227 πῶς
647 1162 751 1240 ἄρα
781 1162 1011 1220 πολλῶν
1042 1160 1269 1220 δικαίων
1318 1166 1718 1245 καταφρονήσει
1752 1184 1766 1235 ;
1795 1162 1977 1235 Δεῦτε,

330 1250 1009 1329 οὶ(1>εὐλογημένοιτοῦ
1066 1252 1277 1326 Πατρός
1337 1275 1465 1327 μου,
1521 1253 1635 1331 ἐρεῖ
1680 1259 1799 1317 τοῖς
1855 1251 1979 1308 τότε

326 1349 466 1408 συλλ
474 1353 716 1427 εχθοῖσιν
726 1394 739 1409 .

394 1442 513 1498 Kl".
547 1438 708 1497 Ἀλλ’
740 1439 856 1512 ὲρεῖ
883 1458 966 1502 τις
1022 1444 1132 1495 τῶν
1193 1439 1502 1515 παρόντων·
1563 1441 1736 1511 Πὲνης
1769 1438 1906 1513 εἰμὶ,
1941 1437 1977 1507 ἢ

324 1529 417 1587 καὶ
468 1529 594 1587 τότε
650 1529 784 1592 ἴσως
840 1529 1066 1599 ἀσθενὴς
1124 1528 1216 1584 ἰπὶ
1270 1526 1465 1599 κλίνης
1524 1527 1980 1603 εὗρεθήσομαι·ἢ

318 1619 561 1697 γύναιον,
621 1620 677 1676 ἰν
736 1618 950 1693 μύλωνι
1026 1620 1524 1697 καταληφθήσομαι
1746 1621 1822 1693 μὴ
1882 1620 1985 1694 ἄρα

321 1715 872 1789 καταφρονηθῶμενς
931 1708 1212 1781 Θάρσήσον
1251 1752 1265 1779 ,
1321 1712 1571 1782 ἄνθρωπε
1602 1728 1614 1741 ·
1675 1710 1704 1762 ὁ
1757 1709 1985 1784 κριστὴς

327 1798 844 1876 ἆπροσωπόληπτός
895 1797 1037 1855 ἆστιν
1071 1817 1083 1830 ⁸
1144 1799 1231 1857 Οὐ.
1304 1799 1442 1853 κατὰ
1494 1799 1592 1868 τὴν
1653 1794 1809 1870 δόξαν
1864 1818 1983 1870 κρισ-

325 1895 410 1946 νεῖ
441 1933 457 1960 ,
519 1887 646 1944 οόδὶ
704 1889 843 1944 κατὰ
893 1888 993 1957 τὴν
1049 1885 1248 1943 λαλιὰν
1322 1886 1576 1961 ἐλέγξει,
1631 1887 1693 1942 οὐ
1740 1891 1987 1962 προτιμᾷ

327 1978 549 2054 λογίους
593 1972 859 2043 ἴδιωτῶν,
918 1974 1049 2032 οὐδὲ
1105 1974 1408 2040 πλουσίους
1461 1978 1734 2046 πενήτων.
1792 1976 1896 2031 Κᾶν
1929 1975 1983 2030 ἐν

324 2065 477 2145 ἀγρῷ
504 2069 591 2139 ᾖς,
625 2060 968 2139 λαμϐάνουσι
1003 2085 1062 2120 σε
1090 2069 1166 2133 (3)
1207 2066 1262 2120 οἱ
1311 2062 1558 2139 ἄγγελον
1623 2066 1697 2139 μὴ
1729 2064 1985 2140 νομίσῃς,

329 2154 414 2212 ὅτι
445 2155 573 2218 τοὺς
622 2154 925 2230 γαιούχους
987 2148 1278 2227 λαμϐάνει,
1338 2154 1427 2209 καὶ
1487 2154 1545 2209 σὲ
1593 2154 1686 2210 τὸν
1742 2155 1982 2229 γεωργὸν

326 2245 666 2303 καταλείπει.
700 2244 811 2305 Κᾶν
841 2242 1043 2307 δοῦλος
1084 2242 1177 2318 ἧς,
1233 2241 1330 2300 κᾶν
1388 2243 1578 2313 πένης,
1641 2242 1809 2315 μηδὲν
1838 2244 1988 2319 ἀγω-

326 2335 541 2409 νιάσῃς·
577 2335 606 2388 ὁ
639 2334 857 2410 μορφὴν
890 2329 1096 2389 δούλου
1149 2327 1359 2403 λαϐὼν,
1409 2336 1520 2388 τῶν
1552 2330 1768 2389 δούλων
1801 2333 1863 2388 οὐ
1888 2354 1987 2389 κα-

328 2428 604 2501 ταφρονεῖ.
640 2420 746 2481 Κᾶν
778 2425 950 2478 νοσῶν
978 2422 1231 2494 κείμενος
1271 2420 1337 2496 ᾖς
1392 2419 1481 2476 ἐπὶ
1540 2418 1757 2491 κλίνης,
1787 2422 1990 2497 γεγρα-

329 2533 480 2569 πταιο
531 2512 666 2568 Τότε
722 2509 818 2567 δύο
876 2508 1089 2566 ἔσονται
1148 2509 1237 2566 ἐπὶ
1289 2510 1484 2583 κλίνης
1541 2514 1691 2583 μιᾶς,
1749 2510 1824 2574 εἷς
1882 2531 1987 2567 πα-

333 2595 741 2677 ραλαμϐάνεται
776 2643 790 2670 ,
846 2599 939 2655 καὶ
995 2601 1074 2663 εἷς
1129 2598 1340 2676 ἀφίεται
1376 2642 1389 2655 .
1468 2598 1574 2655 Κᾶν
1629 2600 1766 2655 κατὰ
1821 2600 1988 2675 ἀνάγ-

328 2710 430 2758 κην
469 2687 682 2762 μύλωνι
734 2685 1069 2763 παραδοθῇς,
1122 2687 1262 2761 ἀνὴρ
1319 2688 1355 2758 ἢ
1415 2688 1575 2761 γυνή·
1636 2686 1732 2742 κᾶν
1789 2685 1986 2750 παῖδας

330 2773 489 2854 ἔχῃς,
520 2778 611 2835 καὶ
638 2782 720 2851 τῷ
778 2775 992 2851 μύλωνι
1043 2775 1436 2852 παρεδρεόσῃς,
1470 2775 1597 2833 ἀλλ’
1654 2778 1717 2833 οὐ
1774 2783 1991 2853 παρορᾷ

327 2886 391 2924 σε
423 2868 453 2923 ό
510 2867 786 2943 ἐξαγαγὼν
841 2864 1255 2939 πεπεδημένους
1311 2865 1362 2922 ἐν
1422 2863 1660 2941 ἀνδρείᾳ.
1718 2868 1779 2924 Ὁ
1809 2866 1990 2942 ἰξαγα-

327 2957 440 3031 γὼν
474 2958 550 3031 (4)
578 2956 673 3011 τὸν
707 2957 911 3033 Ἰωσὴφ
941 2955 1018 3017 εἰς
1055 2952 1335 3029 βασιλείαν
1381 2953 1443 3010 ἐκ
1485 2951 1739 3018 δουλείας
1769 2956 1859 3011 καὶ
1889 2977 1988 3033 φυ-

329 3041 530 3114 λακῆς,
560 3041 651 3098 καὶ
709 3044 768 3098 σὲ
818 3041 1113 3118 λυτροῦται
1173 3042 1233 3097 ἐκ
1270 3045 1379 3098 τῶν
1440 3039 1681 3116 θλίψεων
1716 3041 1795 3105 εἷς
1830 3043 1986 3117 βασι-

2090 633 2222 701 erit,
2256 634 2359 705 qui
2390 634 2579 691 Patris
2610 651 2941 691 consessor.
2977 636 3051 690 Ut
3079 635 3239 690 enim
3271 652 3346 690 ne
3377 653 3511 692 cum
3539 637 3735 693 inimi-

2089 722 2175 776 cis
2204 722 2604 778 confundatur
2635 723 2829 789 electi,
2859 746 2884 772 ‹‹
2912 723 3107 777 mittet
3154 723 3398 795 angelos
3439 742 3581 780 suos
3603 742 3741 782 cum

2090 835 2116 860 ι(
2144 812 2286 867 tuba
2324 829 2555 883 magna,
2587 818 2645 867 et
2665 812 3109 884 congregabunt
3131 811 3350 866 electos
3389 812 3517 884 ejus
3539 831 3575 868 a
3595 831 3745 885 qua-

2093 921 2120 949 «
2145 905 2279 954 tuor
2299 900 2489 954 ventis
2508 900 2574 956 ‘3.
2603 922 2631 951 ››
2672 902 2879 955 Letum
2929 917 3049 955 non
3099 900 3378 973 neglexit,
3434 902 3534 971 qui
3585 919 3749 963 unus,

2090 992 2217 1043 erat
2235 988 2563 1059 ;quomodo
2588 1004 2722 1060 ergo
2737 988 2936 1059 justos
2962 988 3179 1044 multos
3201 980 3499 1060 negligat?
3526 991 3739 1059 Venite,

2091 1076 2358 1131 benedicti
2380 1078 2566 1131 Patris
2590 1079 2698 1132 mei
2714 1076 2781 1144 ⁶⁴,
2805 1076 2925 1131 aiet
2944 1077 3029 1131 eis
3048 1077 3150 1146 qui
3172 1082 3312 1131 tunc
3332 1076 3579 1131 nubium
3606 1094 3739 1133 cur-

2090 1163 2255 1223 ribus
2284 1164 2593 1233 vehentur,
2625 1169 2685 1219 et
2713 1164 2784 1220 ab
2816 1164 3042 1237 angelis
3073 1164 3307 1220 collecti
3335 1165 3576 1221 fuerint.

2034 1246 2391 1329 νεφελώδεσιν
2453 1252 2684 1327 ἅρμασιν
2741 1249 3158 1326 ἐποχουμένοις,
3188 1250 3278 1315 καὶ
3330 1250 3434 1307 ὑπὸ
3501 1250 3744 1329 ἀγγελων

2165 1438 2367 1499 XXIII.
2405 1439 2519 1494 Sed
2547 1439 2781 1509 inquiet
2822 1439 3042 1510 aliquis
3102 1455 3309 1497 eorum
3342 1442 3443 1513 qui
3474 1441 3698 1499 adsunt
3728 1460 3742 1499 :

2090 1529 2266 1598 Ineps
2315 1544 2469 1593 sum,
2501 1533 2561 1583 et
2591 1528 2697 1582 illo
2728 1528 2998 1584 fortassis
3054 1534 3325 1600 tempore
3363 1530 3643 1588 inﬁrmus
3680 1534 3747 1589 in

2092 1616 2246 1672 lecto
2274 1616 2539 1672 inveniar
2560 1615 2635 1683 ⁶⁸;
2660 1622 2762 1672 aut
2780 1633 2884 1689 ego
2916 1617 3132 1673 mulier
3153 1619 3213 1673 in
3246 1620 3497 1689 pistrino
3522 1620 3743 1693 depre-

2096 1704 2323 1761 hendar
2343 1704 2426 1772 “6;
2460 1722 2616 1761 anne
2637 1721 2774 1777 ergo
2797 1711 3250 1763 contemnemur
3270 1708 3297 1763 ?
3345 1707 3609 1775 Conﬁde,
3638 1712 3746 1767 hoc

2016 1765 2060 1830 Β
2092 1791 2414 1863 mo,judex
2446 1809 2729 1863 personas
2752 1809 2871 1849 non
2904 1794 3166 1863 respicit.
3193 1816 3220 1844 α
3256 1796 3380 1851 Non
3417 1797 3746 1854 secundum

2097 1903 2123 1930 α
2145 1881 2396 1953 gloriam
2413 1883 2815 1954 (5)judicabit,
2840 1900 3033 1954 neque
3058 1885 3382 1941 secundum
3403 1885 3745 1945 facundiam

2090 1988 2117 2031 ιι
2131 1972 2388 2043 arguet"1
2408 1989 2423 2038 ;
2444 1993 2474 2022 ››
2496 1989 2619 2029 non
2637 1974 2950 2044 anteponit
2970 1974 3234 2030 eruditos
3259 1976 3533 2043 indoctis,
3550 1994 3746 2049 neque

2086 2062 2449 2132 pauperibus
2482 2062 2713 2128 divites,
2742 2064 2975 2119 etiamsi
3006 2064 3069 2119 in
3098 2081 3236 2137 agro
3268 2065 3453 2122 fueris
3473 2065 3540 2137 ⁸⁸,
3573 2085 3742 2124 assu-

2087 2156 2254 2206 ment
2280 2156 2335 2206 te
2366 2152 2583 2223 angeli.
2618 2154 2698 2207 Ne
2720 2153 3023 2208 existimes
3049 2154 3208 2225 quod
3236 2159 3527 2211 terrarum
3547 2156 3742 2213 domi-

2088 2255 2195 2295 nos
2229 2240 2500 2311 accipiet,
2534 2246 2590 2296 te
2620 2257 2756 2297 vero
2780 2242 3099 2313 agricolam
3130 2243 3468 2315 relinquat:
3504 2246 3743 2301 etiamsi

2089 2345 2295 2387 servus
2326 2330 2415 2384 vel
2446 2346 2672 2401 pauper
2706 2331 2910 2396 fueris,
2941 2331 3091 2386 nihil
3124 2333 3418 2389 sollicitus
3441 2340 3565 2389 esto
3590 2352 3603 2389 :
3632 2336 3734 2407 qui

2086 2420 2343 2475 formam
2373 2421 2522 2475 servi
2552 2421 2818 2492 suscepit
2834 2420 2903 2489 ⁸9,
2931 2438 3129 2477 servos
3152 2440 3274 2480 non
3305 2424 3743 2495 aspernabitur.

2088 2508 2332 2565 Etiamsi
2355 2525 2511 2581 aeger
2522 2509 2586 2564 in
2600 2509 2753 2564 lecto
2769 2510 3055 2581 jacueris,
3072 2513 3358 2584 scriptum
3390 2518 3512 2568 est:
3538 2537 3565 2564 «
3585 2515 3746 2569 Tunc

2092 2598 2261 2656 «duo
2282 2605 2459 2654 erunt
2488 2598 2550 2654 in
2600 2599 2752 2655 lecto
2783 2617 2942 2656 uno:
2984 2618 3139 2657 unus
3181 2614 3539 2672 assumatur,
3574 2609 3633 2658 et
3660 2604 3750 2658 al—

2093 2707 2121 2736 «
2152 2690 2243 2742 ter
2270 2687 2648 2759 relinquetur
2665 2685 2734 2744 7°.
2771 2710 2797 2737 ››
2824 2690 3100 2754 Quamvis
3120 2692 3476 2747 necessitate
3507 2697 3752 2763 cogente

2090 2777 2154 2833 in
2184 2776 2501 2849 pistrinum
2526 2778 2763 2836 deditus
2806 2781 2991 2836 fueris
3017 2783 3137 2837 sive
3171 2783 3263 2837 vir
3306 2783 3429 2838 sive
3486 2783 3745 2848 mulier;

2093 2868 2328 2923 tametsi
2354 2884 2573 2939 pueros
2605 2868 2908 2937 habueris,
2941 2887 3010 2926 ac
3067 2871 3242 2926 molas
3288 2871 3573 2941 assideas,
3626 2888 3748 2928 non

2093 2961 2295 3011 tamen
2327 2957 2657 3028 prmteribit
2684 2963 2738 3012 te
2760 2980 2789 3008 «
2811 2959 2915 3029 qui
2939 2958 3144 3015 eduxit
3160 2960 3384 3015 vinctos
3409 2961 3469 3016 in
3509 2961 3746 3016 fortitu—

2094 3043 2232 3099 dine
2252 3046 2319 3097 τί.
2352 3066 2381 3096 ››
2408 3045 2457 3080 ἠ
2484 3046 2594 3110 Qui
2624 3046 2946 3118 Josephum
2988 3064 3059 3102 ex
3112 3048 3393 3104 servitute
3424 3054 3484 3104 et
3514 3064 3751 3104 carcere

330 3129 479 3187 λείαν
512 3129 781 3206 οὐρανῶν.
805 3130 988 3188 Μόνον
1020 3130 1315 3206 θάρσησον,
1369 3131 1537 3204 μόνον
1598 3128 1842 3206 ἔργασαι,
1879 3131 1980 3206 μό-

2097 3133 2170 3189 ad
2200 3150 2449 3206 regnum
2470 3117 2777 3205 provexit,
2806 3141 2863 3190 te
2922 3153 3159 3207 quoque
3193 3153 3261 3192 ex
3323 3137 3750 3193 afﬂictionibus

330 3242 422 3276 νον
457 3220 718 3297 ἀγώνισαι
751 3219 1071 3296 προθύμως·
1108 3216 1263 3274 οὐδὲν
1317 3219 1421 3295 γὰρ
1454 3219 1783 3278 ἀπόλλυται.
1814 3222 1978 3277 Ἀνα-

329 3311 572 3385 γραπτός
629 3308 741 3365 ἐστί
797 3329 893 3364 σου
950 3314 1095 3364 πᾶσα
1169 3310 1453 3383 προσευχή
1513 3308 1603 3363 καὶ
1660 3308 1984 3384 ψαλμῳδία·

331 3397 674 3477 ἃναγραπτός
708 3397 820 3453 ἐστι
870 3402 1014 3454 πᾶσα
1071 3395 1443 3470 ἰλεημοσῦνη⁹
1503 3398 1845 3473 ἀνάγραπτός
1877 3399 1987 3455 ἐστι

327 3491 475 3547 πᾶσα
531 3487 772 3559 νηστείαν
830 3484 1169 3562 ἀνάγραπτός
1229 3484 1341 3541 ἐστι
1399 3487 1564 3548 πᾶςὸ
1596 3484 1990 3565 διαφυλαχθεὶς

328 3578 511 3653 γάμος
538 3575 745 3641 καλῶς·
779 3573 1120 3653 ἀνάγραπτός
1163 3573 1303 3633 ἔστιν
1366 3571 1652 3650 ἐγκράτεια
1710 3574 1801 3631 διὰ
1854 3577 1984 3635 Θεὸν

326 3665 661 3722 τελεσθεῖσα.
694 3667 774 3721 Τὰ
798 3670 1040 3738 πρωτεῖα
1081 3661 1140 3721 δὲ
1184 3667 1292 3719 τῶν
1351 3664 1627 3741 στεφάνων
1662 3664 1716 3721 ἐν
1748 3666 1987 3741 ἀναγρα-

332 3760 460 3834 φαῖς
491 3750 609 3832 ἔχει
641 3755 901 3831 παρθενία
937 3754 1027 3809 καὶ
1055 3753 1260 3829 ἁγνεία,
1320 3752 1411 3809 καὶ
1472 3752 1699 3827 μέλλεις
1751 3755 1990 3829 λάμπειν

329 3846 405 3908 ὡς
433 3843 662 3922 ἄγγελος
696 3847 792 3919 (5).
824 3840 987 3901 Ἀλλ’
1019 3841 1199 3917 ὥσπερ
1231 3840 1468 3913 ἤκουσας
1520 3839 1698 3910 ἡδέως
1729 3844 1795 3900 τὰ
1823 3841 1986 3917 καλά,

330 3931 505 3996 οὕτως
535 3931 698 3991 ἄκουε
726 3930 892 3988 πάλιν
924 3930 1300 4004 ἀδυσωπήτως
1326 3933 1396 3988 τὰ
1443 3931 1674 3991 ἐναντία.
1721 3939 1987 4010 Ἂναγρα-

329 4022 467 4086 πτός
499 4043 599 4078 σου
622 4021 733 4078 ἐστὶ
793 4026 941 4078 πᾶσα
995 4021 1295 4093 πλεονεξία·
1351 4022 1689 4100 ἀνάγραπτός
1720 4043 1817 4078 σου
1876 4023 1988 4080 ἐστί

2089 3224 2150 3279 in
2182 3225 2465 3281 cmlorum
2498 3242 2748 3299 regnum
2770 3226 3146 3298 redemptum
3179 3227 3479 3299 perducet.
3517 3228 3752 3287 Solum-

2096 3313 2272 3368 modo
2305 3314 2561 3382 conﬁde,
2620 3314 2994 3370 solummodo
3049 3332 3318 3389 operare,
3372 3317 3749 3373 solummodo

2097 3400 2373 3457 alacriter
2414 3403 2690 3460 decerta:
2738 3404 2890 3459 nihil
2914 3405 3073 3461 enim
3109 3405 3213 3461 tibi
3256 3405 3575 3478 deperibit.
3604 3407 3754 3464 Des-

2097 3491 2286 3562 cripta
2324 3496 2415 3546 est
2445 3498 2545 3548 tua
2573 3493 2769 3549 omnis
2799 3493 2988 3550 oratio
3019 3500 3078 3549 et
3129 3495 3497 3566 psalmorum
3540 3496 3754 3553 modu-

2097 3581 2239 3638 latio
2271 3582 2609 3655 :descripta
2657 3585 2855 3639 omnis
2912 3584 3329 3656 eleemosyna:
3389 3587 3756 3658 descriptum

2099 3687 2274 3727 omne
2298 3672 2599 3745 jejunium
2630 3690 2644 3728 :
2671 3673 3035 3746 descriptum
3067 3691 3245 3731 omne
3259 3676 3598 3749 conjugium
3622 3675 3757 3747 pul-

2099 3758 2238 3815 chre
2272 3765 2330 3815 et
2359 3767 2517 3816 caste
2566 3761 2977 3817 observatum:
3038 3763 3339 3835 descripta
3390 3764 3757 3820 continentia

2098 3849 2172 3920 (7)
2204 3855 2447 3921 propter
2477 3851 2662 3905 Deum
2693 3851 2964 3906 tolerata.
3000 3850 3046 3888 ⁷³
3070 3853 3300 3907 Primas
3332 3869 3465 3907 vero
3496 3853 3557 3907 in
3592 3854 3609 3925 [
3636 3852 3756 3926 De]

2098 3937 2598 4011 descriptionibus
2646 3957 2899 3996 coronas
2953 3941 3132 3997 habet
3156 3942 3458 4014 virginitas
3489 3947 3548 3997 et
3598 3942 3753 3997 inte-

2098 4028 2301 4100 gritas,
2335 4033 2394 4082 et
2424 4034 2710 4100 tanquam
2768 4030 3015 4103 angelus
3066 4029 3409 4086 collucebis.
3470 4034 3545 4086 At
3602 4031 3756 4087 sicut

399 4174 678 4251 “hlatth.
714 4178 988 4251 xxxv._3l.
1065 4174 1113 4210 ⁶⁴
1143 4175 1516 4251 Μαιιὶιηχχκξ,
1544 4178 1632 4251 34.
1672 4249 1681 4251 _
1709 4176 1756 4214 ⁸⁸
1778 4178 1913 4234 Luc.
1942 4195 1986 4235 r

2114 4180 2199 4251 34.
2277 4180 2324 4216 ⁸⁸
2352 4180 2496 4235 ibid.
2549 4183 2635 4235 35.
2712 4183 2757 4217 ⁵⁷
2786 4183 2900 4241 Isa.
2934 4199 3009 4251 χι,
3043 4185 3093 4237 3.
3171 4182 3222 4217 6⁸
3248 4182 3447 4238 Matth.
3484 4198 3631 4249 xxxv,
3664 4184 3753 4239 40.

327 4247 376 4285 ⁸⁸
405 4248 622 4320 Philip.
655 4264 716 4313 ιι,
749 4251 801 4302 7.
879 4248 925 4282 ⁷⁸
955 4248 1092 4302 Luc.
1127 4263 1261 4316 xvn,
1308 4249 1396 4303 34.
1473 4246 1521 4282 ⁷³
1551 4249 1707 4305 Psal.
1767 4266 1934 4318 van,
1971 4254 2023 4306 7.

329 4327 440 4377 cat.
476 4323 562 4388 t2,
595 4334 655 4376 n.
688 4320 756 4374 33
789 4325 849 4373 et
875 4321 964 4376 34.

2120 4250 2169 4285 7°
2203 4252 2328 4307 Vid.
2391 4258 2498 4307 cat.
2533 4254 2585 4306 8.
2645 4267 2707 4307 n.
2762 4255 2813 4309 4.
2918 4252 2968 4288 ’⁷³
3006 4255 3130 4312 Vid.
3188 4261 3298 4310 cat.
3349 4257 3402 4322 4,
3463 4271 3522 4309 n.
3558 4255 3667 4323 24;
3704 4258 3762 4309 et

403 4474 480 4546 (ί)
514 4475 694 4543 Δεῦτε,
723 4470 799 4540 ot,
830 4478 941 4546 etc-
995 4470 1177 4546 C_odd.
1236 4474 1399 4546 Reg,
1453 4473 1596 4540 Boe,
1646 4473 1896 4531 Casauu.
1930 4481 1986 4532 et

2097 4477 2330 4544 131,43.
2364 4477 2504 4530 Post
2532 4479 2670 4530 ante
2727 4470 2908 4546 ἄκουε,
2937 4478 3270 4546 adjecimus
3320 4494 3524 4534 vocem
3580 4475 3724 4532 οὕτω

333 4541 533 4614 Grod.,
562 4541 741 4612 Δεῦτε,
775 4541 970 4605 πάντες
1000 4543 1072 4610 οἱ,
1107 4548 1212 4599 etc.
1231 4586 1244 4609 ,
1276 4541 1468 4599 Vém'te
1498 4560 1677 4600 omnes
1698 4545 1984 4602 benedicti.

330 4615 485 4673 Illud
507 4616 697 4676 πάντες
729 4615 887 4688 quod
916 4616 1221 4688 Matthzeus
1245 4615 1340 4670 hic
1373 4632 1493 4671 non
1519 4617 1807 4688 agnoscit,
1838 4617 1990 4674 forte

335 4693 641 4759 sumptum
674 4686 955 4744 exisimili
1004 4686 1132 4743 loco
1192 4688 1391 4743 Matth.
1444 4703 1523 4752 ιι,
1551 4686 1656 4741 28ε
1696 4689 1889 4744 Venite
1919 4689 1993 4744 ad

342 4776 451 4825 me,
484 4775 660 4815 omnes
690 4761 787 4829 qui
815 4759 1102 4823 laboratis,
1138 4766 1249 4816 etc.

411 4832 489 4906 (2)
544 4828 1094 4906 Καταληφθήσομαι.
1153 4828 1426 4906 ExAcod.
1482 4830 1684 4906 Coisl.,
1747 4831 1990 4906 verbum

333 4902 446 4960 hoc
470 4901 536 4957 in
551 4903 757 4993 'prima
781 4901 1039 4993 persona
1059 4901 1428 4993 scripsimus,
1450 4903 1787 4993 postulante
1815 4903 1990 4959 verbo

332 4973 709 5049 praecedente
742 4973 1135 5049 ἐΰρεθῄσομαι,
1178 4973 1252 5049 ξι
1308 4979 1592 5049 sequente
1642 4993 1991 5049 καταφρονη-

334 4996 709 5048 praecedente
750 4996 1135 5047 ευρεῠησομαι,
1192 4996 1252 5029 et
1308 4996 1592 5045 sequente
1648 4996 1783 5028 κατα
1830 4996 1990 5049 ρονη-

334 5049 536 5118 θῶμεν.
571 5048 716 5120 Erat
739 5046 800 5120 in
833 5045 1029 5120 editis,
1062 5042 1598 5120 καταλειφθήσεται,
1621 4996 1990 5117 ἀερνεῖϐηάθ-

333 5114 444 5185 tur,
477 5123 538 5173 at
567 5116 742 5191 Grod.
773 5117 934 5191 legit.
966 5114 1482 5191 καταλειφθήσεται,
1515 5114 1881 5191 relinquetur.

404 5191 485 5258 (3)
528 5185 885 5260 Λαμέἀνουᾶί
938 5206 1014 5245 σε.
1074 5185 1433 5260 Pronomeu
1471 5205 1529 5240 σε
1586 5185 1992 5245 necessarium

336 5257 724 5351 asCripsimus
756 5277 824 5315 ex
858 5263 1020 5334 Reg,
1053 5261 1195 5326 Roe,
1228 5257 1474 5340 Casaub.

409 5334 477 5351 ll\
524 5331 567 5351 n
603 5330 649 5351 υ
696 5349 701 5351 .
942 5331 1252 5351 1,-13___Iu__.-
1289 5331 1301 5351 Ι
1330 5329 1460 5351 -.ΙΔ-

408 5334 481 5403 (4)
498 5329 568 5386 Ὅ
599 5330 893 5406 ἐξαγαγων.
928 5329 1260 5406 Articulum
1282 5331 1308 5383 ὁ
1327 5329 1664 5406 addidimus
1697 5345 1767 5383 ex
1789 5331 1990 5406 Qoi_sl.,

337 5400 501 5476 Reg,
535 5408 594 5457 et
621 5400 822 5472 Colbf;
883 5409 944 5459 at
982 5402 1144 5476 Reg,
1177 5402 1331 5459 sicut
1361 5403 1481 5458 Roe
1517 5405 1576 5456 et
1604 5400 1852 5456 Casaub.
1887 5400 1989 5459 ha?

337 5474 502 5529 bent.
536 5470 758 5529 é'tdev.

381 5478 502 5537 ent,
536 5478 758 5537 ἐξάγων.

406 5479 502 5537 rnt,
536 5479 758 5551 ἐξάγων.

406 5548 484 5617 (5)
536 5544 623 5606 Ὠς
682 5542 913 5624 ἄγγελος
967 5545 1150 5624 _Codd.
1211 5547 1330 5601 Roe
1385 5550 1444 5624 et
1501 5542 1994 5624 campanae“)

333 5614 522 5687 ἥλιος,
544 5614 808 5688 tanquein
823 5616 906 5672 sol
925 5616 1130 5688 :juxta
1152 5617 1511 5672 sententiam
1529 5614 1766 5681 Christi,
1793 5616 1991 5674 Matth.

2101 4563 2170 4601 ex
2206 4551 2365 4614 Reg,
2408 4548 2527 4602 Roe
2559 4552 2618 4601 et
2646 4547 2894 4603 Casaub.
2929 4547 3060 4606 cod.

2206 4563 2365 4672 “8%,
2408 4563 2527 4602 nos
2559 4563 2618 4601 et
2646 4563 2894 4603 uasaun.
2929 4563 3060 4606 cod.

2173 4618 2249 4699 (6)
2338 4635 2407 4699 9η
2437 4619 2733 4699 secundum
2763 4619 3022 4699 gloriam.
3058 4621 3177 4699 Hoc
3205 4625 3295 4675 est
3323 4637 3442 4699 non
3473 4621 3748 4699 humana;

2101 4688 2303 4761 gleriaa
2332 4688 2530 4745 favore
2564 4695 2623 4744 et
2650 4697 2923 4760 respectu
2981 4691 3285 4762 capietur:
3346 4697 3412 4747 ut
3436 4709 3629 4762 neque
3661 4693 3748 4747 rei

2102 4776 2342 4834 causam
2369 4778 2537 4834 suam
2567 4762 2939 4834 orantistvel
2979 4763 3202 4834 judicis
3253 4764 3345 4818 sui
3392 4763 3753 4819 benevolen-

2103 4832 2245 4886 tiam
2279 4833 2593 4903 captantis,
2627 4833 2907 4889 facundia
2926 4832 3350 4889 et‘sermonum
3381 4835 3633 4890 artiﬁcio
3657 4835 3754 4889 de-

2102 4903 2478 4977 mulcebitur.
2518 4904 2824 4960 Italocum
2852 4922 2885 4960 a
2932 4906 3149 4977 Cyrillo
3208 4905 3579 4962 intellectum
3622 4923 3750 4961 esse

2101 4973 2312 5049 suadet
2341 4981 2670 5049 contextus.
2705 4978 2847 5032 Tota
2905 4973 3091 5049 porro
3119 4977 3323 5049 Cyrilli
3385 4978 3444 5032 in
3477 4979 3587 5033 hoc
3618 4978 3748 5033 loco

2103 5045 2290 5101 oratio
2325 5046 2608 5116 supponit
2634 5045 3010 5104 commun—em
3035 5045 3199 5103 illam
3232 5050 3447 5104 Graecis
3479 5049 3749 5107 Patribus

2104 5116 2516 5192 etLatinorum
2536 5119 2847 5192 permultis
2869 5120 3229 5192 opinionem.
3247 5120 3467 5175 multos
3489 5121 3751 5176 secundo

2102 5188 2336 5243 Domini
2372 5186 2629 5262 adventu
2659 5190 2852 5262 adhuc
2883 5186 3142 5247 viventes
3185 5191 3627 5262 deprehensum
3654 5192 3750 5262 iri,

2104 5264 2163 5315 et
2192 5275 2310 5313 una
2337 5276 2469 5334 cum
2497 5259 2770 5334 redivivis
2802 5263 2929 5333 ejus
2962 5263 3211 5331 judicio,
3246 5259 3364 5318 non
3395 5263 3561 5334 prius
3592 5259 3754 5318 obita

2105 5335 2295 5385 morte
2318 5329 2647 5403 sistendos.
2668 5332 2770 5386 Cui
2798 5329 3065 5403 opinioni
3084 5329 3236 5389 favet
3267 5329 3566 5390 sententia
3600 5335 3755 5389 Scri-

2104 5407 2294 5474 pturaa
2326 5406 2386 5455 et
2412 5400 3147 5474 Symbolorum'omnium,
3181 5406 3474 5463 Christum
3509 5407 3666 5461 vivos
3697 5409 3756 5460 et

2104 5470 2374 5546 inortuos
2397 5470 2806 5546 judicaturum
2838 5477 3254 5546 pronuntians.

2177 5545 2253 5615 (Ἰ)
2290 5542 2351 5599 Id
2380 5547 2491 5609 est,
2524 5542 2799 5609 viduitas.
