4118 6264
402 333 522 394 903

1460 321 1525 385 S.
1567 322 1883 385 CYRILLI
1927 321 2337 383 HIEBOSOL.
2386 322 2751 384 ARCHIEP.

3702 322 3817 385 904

404 464 542 519 lwta
559 457 823 531 jucunde
880 456 1175 523 audivisti,
1237 455 1321 510 sic
1377 472 1585 511 rursus
1643 456 1935 527 patienter
1965 457 2049 512 eis

2181 455 2303 506 τᾶσα
2331 451 2570 525 πορνεία’
2606 452 2949 529 ἂνάγραπτός
2993 473 3089 507 σου
3141 452 3283 508 πᾶσά
3338 453 3481 507 ἐστιν
3542 451 3816 527 ἐπιορκία,

406 551 652 607 adversa
681 547 902 603 audito.
939 546 1243 616 Descripta
1273 549 1364 600 est
1418 545 1615 600 omnis
1661 551 1762 602 tua
1805 546 2013 617 rapina
2043 561 2055 600 :

408 639 708 710 descripta
733 636 928 692 omnis
971 634 1250 690 scortatio
1285 640 1421 689 tua:
1477 633 1839 705 descriptum
1890 641 2058 690 tuum

410 745 588 785 omne
615 726 966 799 perjurium,
990 724 1383 795 blasphemia,
1408 724 1780 792 veneﬁcium,
1812 723 2056 792 furtum,

408 815 819 874 homicidium.
851 815 897 849 7‘
927 814 1139 870 Omnia
1164 813 1290 868 hinc
1315 812 1376 866 in
1407 817 1711 884 posterum
1742 813 1889 869 281
1926 813 2058 867 des-

410 909 738 973 cribentur,
774 905 823 960 si
855 920 1016 959 nunc
1045 908 1181 974 post
1220 902 1585 974 baptismum
1634 901 1842 957 eadem
1900 919 2059 958 com-

409 997 668 1055 miseris.
702 997 847 1051 Nam
879 1011 1012 1065 quae
1044 993 1217 1047 illum
1257 1007 1616 1062 prmcessere
1647 990 1949 1047 delentur.

483 1087 678 1142 XXIV.
713 1084 942 1150 Quando
965 1089 1149 1138 autem
1176 1084 1406 1146 venerit,
1440 1081 1654 1151 inquit,
1678 1079 1854 1136 Filius
1884 1080 2059 1136 homi-

412 1177 501 1231 nis
530 1179 589 1228 in
618 1175 795 1246 gloria
821 1189 941 1239 sua,
972 1179 1025 1226 et
1080 1185 1268 1226 omnes
1324 1169 1511 1239 angeli
1565 1186 1684 1224 cum
1717 1186 1778 1224 eo
1796 1170 1860 1222 ⁷³.
1897 1171 2059 1238 Vide,

414 1266 617 1333 homo,
651 1278 830 1335 quam
861 1261 1064 1316 multis
1094 1259 1344 1315 testibus
1367 1259 1663 1330 judicium
1689 1259 2020 1331 ingrederis
2045 1277 2058 1327 ;

414 1354 607 1410 aderit
637 1359 775 1407 tunc
806 1352 1145 1406 universum
1169 1348 1479 1403 hominum
1502 1364 1707 1420 genus.
1730 1348 1933 1421 Cogita
1951 1349 2060 1421 igi-

415 1446 512 1496 tur
541 1456 719 1510 quam
750 1452 1030 1492 numeros
1061 1436 1138 1490 sit
1166 1436 1568 1490 Romanorum
1611 1434 1772 1489 natio
1797 1451 1811 1501 ;
1853 1440 2063 1505 reputa

413 1529 605 1601 qualis
626 1526 1011 1581 barbarorum
1045 1539 1205 1579 nunc
1236 1523 1297 1578 in
1321 1523 1464 1578 vivis
1494 1522 1833 1595 degentium
1864 1521 2063 1577 multi-

416 1616 580 1684 tudo,
616 1620 675 1670 et
700 1631 879 1685 quam
909 1627 1124 1684 magna
1165 1618 1304 1666 ante
1355 1616 1594 1666 centum
1641 1627 1830 1666 annos
1860 1628 1891 1666 e
1922 1611 2063 1666 vivis

413 1704 750 1761 excesserit.
784 1704 978 1756 Pensa
1006 1706 1145 1756 ante
1175 1716 1365 1755 annos
1393 1700 1559 1755 mille
1580 1705 1802 1771 quanta
1832 1700 2063 1771 sepulta

2162 541 2248 596 καὶ
2287 540 2629 616 βλασφημία,
2663 540 2751 597 καί
2802 541 3130 620 φαρμακεία,
3161 542 3251 596 καὶ
3306 542 3513 611 κλοπή,
3574 545 3665 596 καί
3723 540 3815 617 φό-

2164 630 2277 691 νὸς.
2338 630 2519 685 Πάντα
2568 630 2932 707 ἀναγράφεται
2979 635 3146 685 ταῦτα
3196 630 3416 698 λοιπὸν,
3473 628 3565 685 ἐὰν
3621 634 3710 684 νῦν
3742 632 3816 703 (1)

2169 720 2304 793 μετὰ
2332 721 2394 776 τὸ
2425 721 2789 794 βαπτισθῆναι
2818 722 2886 776 τὰ
2928 723 3066 776 αὖτὰ
3107 721 3331 797 πράξῃς
3362 720 3429 775 τὰ
3477 719 3582 796 γὰρ
3630 724 3821 795 πρῶτα

2166 806 2518 885 ἐξαλείφεται.

2238 1075 2357 1132 ΚΔ“.
2401 1076 2563 1132 Ὅταν
2619 1074 2677 1130 δὲ
2727 1073 2881 1150 ἔλθῃ,
2942 1074 3126 1153 φησὶν,
3188 1076 3216 1130 6
3274 1076 3398 1138 Υἱὸς
3450 1079 3549 1130 τοῦ
3606 1076 3816 1150 ἀνθρώ-

2164 1182 2271 1217 που
2331 1163 2382 1217 ἐν
2442 1166 2510 1235 τῇ
2564 1161 2693 1238 δόξῃ
2751 1165 2940 1234 αὐτοῦ,
3027 1165 3118 1219 καὶ
3203 1165 3399 1225 πάντες
3452 1167 3506 1219 οὶ
3586 1161 3808 1240 ἄγγελοι

2169 1254 2286 1324 μετ’
2324 1252 2509 1309 αὐτοῦ.
2570 1253 2767 1323 Βλέπε,
2829 1254 3103 1328 ἄνθρωπε,
3153 1252 3243 1309 ἐπὶ
3299 1254 3482 1308 πόσων
3517 1253 3594 1316 εἰς
3624 1255 3815 1327 κριτή-

2167 1361 2281 1417 ριον
2315 1341 2557 1415 εἰσὲρχῃ·
2618 1348 2722 1397 πᾶν
2782 1344 2937 1418 γένος
3012 1343 3315 1414 ἀνθρώπων
3354 1343 3481 1397 τότε
3535 1342 3815 1417 παρέσται.

2164 1430 2395 1505 Λόγισαι
2429 1431 2539 1502 οὖν,
2572 1431 2740 1486 πόσον
2774 1431 2887 1486 ἐστὶ
2942 1433 3005 1487 τὸ
3065 1432 3356 1505 Ῥωμαίων
3417 1429 3614 1506 φῦλον·
3669 1430 3817 1508 λόγι-

2166 1541 2275 1587 σαι,
2306 1518 2450 1575 πόσα
2473 1521 2541 1575 τὰ
2586 1516 2835 1595 βάρϐαρα
2889 1520 2956 1576 τὰ
2985 1518 3072 1574 νῦν
3131 1525 3322 1590 ζῶντα,
3374 1521 3461 1575 καὶ
3515 1521 3659 1575 πόσα
3711 1519 3817 1594 πρὸ

2167 1608 2354 1662 ἑκατὸν
2413 1607 2545 1663 ἐτῶν
2606 1606 2942 1678 ἐτελεύτησε·
2996 1609 3211 1684 λόγισαι
3272 1609 3376 1684 πρὸ
3427 1608 3631 1683 χιλίων
3687 1608 3816 1663 ἐτῶν

2165 1696 2308 1752 πόσα
2337 1695 2529 1773 ἐτάφη.
2560 1696 2789 1770 Λόγισαι
2830 1698 2957 1759 τοὸς
3006 1701 3080 1771 (2)
3111 1697 3217 1752 ἀπὸ
3276 1694 3459 1769 Ἀδὰμ
3520 1697 3692 1772 μέχρι
3721 1698 3818 1767 σή-

415 1793 508 1849 sit.
542 1792 792 1848 Revolvo
827 1790 1029 1845 animo
1078 1789 1179 1860 qui
1210 1788 1282 1844 ab
1331 1788 1556 1843 Adamo
1604 1805 1790 1859 usque
1819 1789 1881 1843 in
1910 1806 2063 1860 prae-

2181 1803 2353 1859 αερον¹
2388 1783 2532 1840 πολὺ
2568 1785 2664 1858 μὲν
2694 1786 2756 1840 τὸ
2788 1787 3024 1854 πλῆθος,
3067 1784 3195 1841 ἀλλ’
3244 1780 3325 1840 ἔτι
3383 1785 3599 1880 μικρ-όν·
3634 1784 3820 1841 πλείο-

412 1889 644 1939 sentem
662 1882 819 1936 diem
841 1879 1437 1951 exstiteruntJngens
1453 1877 1693 1948 quidem
1715 1878 1885 1933 multi
1897 1878 2057 1934 tudo:

414 1972 608 2027 adhuc
659 1977 856 2025 tamen
915 1984 1120 2039 parva,
1176 1966 1377 2038 plures
1434 1982 1692 2037 namque
1739 1966 1957 2039 angeli.
1990 1967 2057 2022 Hi

415 2067 555 2116 sunt
581 2058 902 2132 nonaginta
944 2072 1155 2111 novem
1203 2072 1339 2110 oves
1369 2055 1486 2110 illa:
1511 2053 1579 2120 ⁷⁵,
1611 2071 1746 2111 cum
1779 2071 1898 2110 una
1930 2061 2058 2111 tan-

414 2155 542 2206 tum
571 2149 647 2204 sit
674 2149 1000 2202 humanum
1022 2161 1229 2217 genus.
1256 2146 1399 2199 Nam
1425 2160 1529 2215 pro
1553 2144 1959 2213 magnitudine
1982 2144 2065 2199 lo-

416 2254 621 2294 corum
679 2234 1098 2307 quorumlibet,
1158 2232 1491 2288 incolarum
1549 2233 1937 2288 aestimandus
1971 2239 2062 2289 est

412 2342 720 2382 numerus.
759 2326 937 2379 Terra
965 2322 1241 2378 universa
1275 2321 1477 2393 puncti
1508 2321 1699 2377 instar
1725 2328 1814 2376 est
1842 2322 1903 2377 in
1933 2339 2059 2378 me-

413 2414 510 2470 dio
543 2415 719 2469 unius
749 2413 881 2468 coeli
902 2430 920 2467 :
949 2417 1295 2482 tantamque
1328 2410 1539 2465 caelum
1561 2411 1718 2481 quod
1744 2411 1909 2467 illam
1940 2428 2060 2466 am-

409 2502 517 2572 bit,
548 2501 938 2558 incolentium
972 2500 1417 2554 multitudinem
1443 2499 1730 2567 continet,
1773 2506 2059 2571 quantam

408 2593 607 2666 ipsum
638 2592 816 2647 habet
835 2589 1289 2662 amplitudinem
1314 2606 1328 2655 ;
1354 2593 1412 2642 et
1434 2587 1564 2642 coeli
1589 2587 1873 2643 caelorum
1896 2588 2057 2644 omni

410 2681 806 2739 mstimatione
827 2678 1197 2751 superiorem
1223 2693 1541 2732 numerum
1559 2677 2057 2748 complectuntur.

411 2772 707 2843 Scriptum
738 2774 828 2824 est
859 2767 1194 2839 siquidem:
1234 2767 1386 2823 Mille
1438 2766 1617 2821 millia
1669 2765 2061 2822 ministrabant

413 2865 486 2927 ei,
526 2866 576 2915 et
623 2860 797 2915 decies
852 2858 1051 2913 millies
1106 2856 1250 2910 dena
1304 2855 1483 2910 millia
1539 2853 1863 2910 assistebant
1892 2857 1941 2910 ei
1968 2854 2057 2910 7":

412 2948 463 2984 ⁷⁸
494 2965 614 3004 non
644 2947 805 3019 quod
834 2963 903 3001 eo
935 2946 1061 3001 solo
1109 2960 1359 3000 numero
1418 2943 1661 2999 ﬁniatur
1718 2944 2056 3015 multitudo,

2168 1894 2252 1935 νες
2279 1875 2381 1948 γὰρ
2413 1875 2465 1928 οἱ
2498 1872 2745 1950 ἄγγελοι.
2781 1878 3171 1946 Ἐννενήκοντα
3201 1875 3353 1931 ἐννέα
3379 1870 3633 1949 πρόϐατά
3682 1875 3819 1930 ἐστιν

2167 1962 2364 2020 ἐκεῖνα·
2399 1966 2434 2033 ἡ
2466 1960 2525 2018 δὲ
2577 1964 2958 2040 ἀνθρωπότης,
2989 1967 3053 2021 τὸ
3083 1962 3137 2021 ἓν
3170 1967 3360 2039 μόνον.
3425 1967 3571 2041 Πρὸς
3627 1966 3730 2042 γὰρ
3760 1966 3823 2021 τὸ

2173 2054 2400 2128 μέγεθος
2429 2059 2538 2110 τῶν
2568 2056 2753 2111 τόπων
2785 2056 3035 2112 ἁπάντων
3094 2059 3193 2131 (3),
3261 2056 3406 2112 οὕτω
3460 2058 3549 2112 καὶ
3584 2057 3649 2112 τὸ
3678 2055 3822 2127 πλῆ-

2169 2154 2262 2206 θος
2309 2149 2416 2198 τῶν
2477 2141 2777 2219 εἷκητόρων
2828 2145 3137 2220 λογίζεσθαι
3196 2144 3297 2202 δεῖ.
3348 2147 3411 2202 ἹΙ
3468 2146 3821 2220 οἱκουμενική

2165 2240 2234 2309 γῆ
2268 2234 2486 2309 κέντρον
2535 2234 2715 2307 ὥσπερ
2774 2235 2916 2291 ἐστὶν
2974 2234 3027 2290 ἐν
3074 2236 3221 2308 μέσῳ
3276 2240 3374 2291 τοῦ
3423 2236 3536 2299 ἑνὸς
3570 2236 3821 2313 οὐρανοῦ·

2169 2323 2254 2378 καὶ
2278 2327 2545 2377 τοσοῦτον
2585 2321 2702 2398 ἔχει
2747 2329 2825 2397 (4)
2872 2323 3090 2395 πλῆθος
3121 2327 3150 2379 6
3215 2324 3416 2396 ταύτην
3468 2321 3825 2401 περιϐάλλων

2168 2411 2417 2487 οὐρανὸς·
2452 2411 2577 2467 ὅσον
2612 2411 2729 2488 ἔχει
2778 2414 2841 2469 τὸ
2897 2414 3131 2478 πλάτος⁸
3186 2416 3267 2469 κα¹
3326 2420 3377 2468 ot
3438 2415 3663 2489 οὐρανοὶ
3721 2416 3827 2470 τῶν

2168 2501 2414 2576 οὐρανῶν
2457 2500 2767 2557 ἀνείκαστον
2826 2500 3017 2578 ἔχουσι
3071 2504 3165 2558 τὸν
3213 2504 3471 2578 ἀριθμόν·
3529 2505 3827 2581 γέγραπται

2169 2589 2248 2648 δέ.
2303 2590 2494 2647 Χίλιαι
2556 2589 2809 2666 χιλιάδες
2868 2591 3257 2668 ἒλειτοὺργουν
3318 2593 3466 2664 αὐτῷ
3500 2637 3515 2663 ,
3576 2593 3669 2649 καὶ
3730 2614 3830 2667 μυ-

2172 2679 2284 2755 ρίαι
2345 2677 2601 2755 μυριάδες
2659 2683 3113 2755 παρειστήκεισαν
3171 2681 3355 2754 αὐτῷ·
3426 2682 3537 2758 οὐχ
3594 2680 3679 2736 ὅτι
3735 2702 3825 2736 το-

2172 2770 2362 2822 σοῦτον
2400 2771 2568 2841 μόνον
2601 2769 2662 2823 τὸ
2693 2766 2910 2838 πλῆθός
2936 2770 3101 2839 ἐστιν,
3134 2767 3263 2826 ἀλλ’
3292 2769 3377 2826 ὅτι
3416 2770 3586 2826 πλέον
3615 2770 3827 2825 τούτων

2173 2855 2344 2912 εἰπεῖν
2378 2857 2478 2912 οὐκ
2506 2854 2743 2927 ἠδύνατο
2776 2861 2803 2915 6
2825 2862 3139 2937 προφήτης.
3171 2859 3401 2936 Βάρεστι
3458 2859 3634 2914 τοίνυν
3669 2857 3724 2913 ἐν
3753 2863 3826 2934 τῇ

2171 2944 2344 3020 κρίσει
2367 2945 2492 3002 τότε
2549 2947 2576 3001 6
2625 2947 2757 3012 Θεὸς
2811 2949 2839 3003 ὁ
2899 2949 3111 3004 πάντων
3164 2950 3369 3023 Πατὴρ,
3426 2948 3823 3020 συγκαθεζομέ-

410 3038 514 3094 sed
541 3018 698 3110 quod
727 3036 1081 3108 ampliorem
1121 3033 1453 3105 exprimere
1484 3033 1772 3104 propheta
1801 3050 1922 3088 non
1957 3051 2057 3105 po-

2181 3018 2271 3089 νου
2302 3036 2485 3106 Ἰησοῦ
2516 3037 2751 3110 Χριστοῦ
2785 3039 2880 3109 (5),
2923 3037 3015 3093 καὶ
3065 3018 3435 3113 συμπαρόντος
3465 3018 3623 3110 ἀνίου
3655 3018 3825 3091 Ilvati-

479 3161 528 3199 "
561 3163 687 3218 Vid.
722 3168 828 3218 cat.
866 3163 951 3228 14,
982 3177 1040 3215 n.
1076 3161 1164 3213 30.
1239 3156 1287 3193 ⁷⁵
1318 3158 1518 3213 Matth.
1556 3175 1683 3229 xxv,
1718 3160 1805 3216 31.
1880 3159 1927 3194 τί*
1956 3161 2065 3216 Mat

2192 3178 2354 3229 xvm,
2385 3166 2492 3231 l2;
2552 3164 2687 3219 Luc.
2737 3182 2828 3230 xv,
2860 3167 2915 3219 4.

409 3241 525 3289 eat.
559 3237 613 3299 6,
645 3250 704 3288 ιι.
739 3235 811 3299 3;
843 3238 949 3287 cat.
986 3232 1042 3286 11
1077 3248 1092 3298 ;
1125 3236 1226 3285 cat.
1267 3233 1355 3296 16,
1390 3246 1451 3284 n.
1486 3231 1574 3284 23.

485 3355 707 3430 (l)_fEa‘w
734 3357 950 3430 vi'w.__In_
983 3353 1312 3430 impressis,
1344 3355 1431 3405 νῦν
1466 3351 2065 3430 ἐὰνκῌᾶ-νβῐςῢᾶΡᾶ-

420 3424 600 3485 turali
632 3444 738 3500 suo
760 3425 964 3500 ordini
986 3424 1357 3500 reddidimus
1394 3441 1469 3500 ex
1495 3424 1663 3500 codd.
1699 3426 1897 3500 Coisl.,
1929 3429 2066 3500 Reg.

417 3508 478 3556 et
508 3499 683 3559 Grod.
717 3499 865 3553 Loco
911 3496 978 3550 τὰ
1033 3494 1187 3568 αὐτὰ,
1239 3496 1382 3568 legit
1432 3495 1631 3561 Grod.,
1661 3499 1829 3549 ταῦτα
1858 3494 2068 3568 queui-

420 3570 744 3628 admodum
768 3574 857 3624 est
885 3568 948 3623 in
979 3567 1145 3640 codd.
1179 3567 1398 3623 Roe'et
1425 3568 1553 3640 Cas.
1587 3568 1727 3640 Nec,
1752 3567 1907 3624 male
1933 3570 2067 3640 qui.

420 3644 555 3700 dem
580 3660 593 3698 :
630 3640 734 3697 sed
763 3657 1020 3711 sequens
1048 3638 1115 3692 τὰ
1145 3642 1334 3711 πρῶτα
1365 3638 1551 3711 suasit
1577 3644 1643 3692 ut
1672 3639 1823 3695 nihil
1854 3638 2070 3695 immu-

420 3722 628 3772 tarem.
663 3714 731 3767 In
760 3710 871 3767 hoc
904 3711 1031 3766 loco
1064 3710 1381 3765 Basilidem
1402 3710 1551 3782 forte
1572 3711 1814 3782 respicit
1839 3719 2066 3778 auctor,

417 3788 517 3859 qui
543 3783 1080 3859 solainvoluntaria
1103 3788 1159 3859 et
1181 3781 1735 3859 perignorationem
1755 3785 2073 3859 commissa

462 3862 663 3913 eccata
702 3856 921 3911 dimitti
971 3853 1225 3917 dicebat,
1257 3853 1637 3923 apud‘Clem.
1673 3853 1836 3908 Alex.
1862 3854 1964 3911 lib.
2016 3872 2072 3911 ιγ

462 3937 600 3985 trom
625 3970 639 3993 ,
671 3944 834 3983 num.
868 3928 959 3990 24,
1014 3942 1145 3997 pag.
1182 3926 1307 3997 536,
1342 3923 1435 3978 ed.
1468 3925 1654 3980 Paris.
1688 3926 1833 3997 Cum
1872 3931 2070 3981 autem

419 4000 676 4083 _Cyrillus
706 4004 948 4083 peccata
974 3996 1115 4083 post
1134 3996 1496 4083 baptismum
1518 3996 1837 4083 commissa
1861 3998 2074 4083 inscri-

420 4066 482 4127 bi
514 4072 618 4139 ait,
649 4066 878 4125 accedit
914 4066 1066 4123 forte
1099 4067 1174 4122 ad
1214 4066 1584 4120 sententiam
1636 4067 1817 4122 (ilem.
1881 4069 2069 4135 Alex.,

419 4143 552 4199 loco
575 4143 752 4197 citato
777 4139 1124 4211 expositam,
1145 4155 1262 4209 qua
1281 4142 1522 4211 peccata
1543 4144 1677 4194 ante
1711 4139 2070 4209 baptismum

421 4218 762 4287 perpetrata
776 4210 998 4287 remitti
1021 4211 1122 4287 ait,
1146 4210 1475 4287 posteriora
1498 4216 1696 4287 autem
1719 4212 2064 4287 expurgari;

419 4279 754 4362 per-ignem
785 4279 1336 4362 videlicetjudicii,
1371 4279 1601 4362 etiamsi
1633 4298 1757 4362 per
1783 4279 2069 4362 paeniten-

3018 3163 3064 3200 ⁷⁷
3114 3166 3260 3220 Dan.
3284 3181 3387 3235 xu,
3423 3166 3507 3218 10.
3609 3160 3662 3196 ’⁷⁸
3696 3162 3830 3219 Vid.

2254 3357 2329 3427 (3)
2363 3356 2661 3413 ’Am’zvmv.
2723 3360 2844 3413 Vox
2904 3359 3009 3414 illa
3064 3358 3232 3415 deest
3280 3360 3343 3413 in
3396 3358 3570 3415 codd.
3603 3360 3743 3427 Reg.
3779 3363 3836 3415 et

2254 3375 2329 3427 (δ)
2379 3375 2661 3413 Δπαντων.
2733 3375 2844 3413 vox
2904 3375 3009 3414 111a
3064 3375 3232 3415 aeest
3280 3375 3343 3413 1n
3396 3375 3570 3415 coau.
3604 3375 3685 3415 ne
3730 3401 3743 3414 .
3779 3375 3830 3415 el

2180 3428 2354 3500 Grod.
2390 3429 2530 3500 Ejus
2579 3430 2708 3485 loco
2741 3430 2916 3484 Coisl.
2952 3430 3154 3493 habet,
3211 3429 3449 3485 ἐκείνων.
3509 3375 3830 3498 Ροει,ῗοοο

2180 3497 2557 3574 οἰκουμενική,
2593 3500 2891 3574 scriptum,
2910 3502 2972 3556 in
3020 3502 3195 3558 Coisl.
3228 3509 3285 3556 et
3314 3504 3478 3574 Reg.,
3511 3497 3828 3574 οἰκουμένη,

2181 3571 2341 3644 quod
2373 3572 2626 3644 melius:
2655 3579 2714 3627 at
2742 3572 2995 3644 Cyrillus
3030 3578 3143 3629 cat.
3178 3575 3257 3644 ,6,
3314 3571 3481 3629 num.
3513 3576 3570 3642 2,
3629 3571 3832 3629 soribit

2180 3643 2360 3698 etiam
2388 3649 2490 3715 τῆς
2518 3642 3272 3715 οὶκουμενικῆςἘκκλησίας.

2250 3716 2327 3786 (4)
2359 3714 2460 3770 Καὶ
2486 3710 2741 3788 τοσοῦτον
2775 3710 2914 3788 ἔχει.
2949 3710 3426 3788 ιοοο’ὑπερὲχει,
3457 3716 3830 3788 scripsimus,

2180 3776 2335 3858 Eiet,
2353 3802 2424 3841 ex
2454 3787 2624 3842 codd.
2659 3776 2877 3854 OttoH.,
2911 3789 3029 3843 Roe
3074 3793 3134 3842 et
3179 3776 3446 3843 Casaub':
3478 3787 3530 3840 si
3576 3776 3824 3858 legatur,

2182 3856 2458 3930 ὑπερέχει,
2494 3857 2848 3930 signiﬁcabit
2883 3860 3121 3929 amplius
3151 3859 3389 3914 habere.
3426 3858 3605 3913 Valde
3638 3856 3831 3930 suspi-

2181 3927 2293 3983 cor‘
2315 3927 2652 3997 legendum,
2687 3927 3233 3997 περιέχειλοηῑίηει.
3264 3932 3410 3997 Mox,
3434 3930 3534 3984 ubi
3558 3927 3826 3997 habetur,

2181 3948 2284 3983 cor
2315 3948 2367 3983 1e
2410 3948 2652 3997 enuum,
2687 3949 2753 3982 πε
2796 3948 2851 3982 ιε’
2886 3948 2951 3995 ει,
2972 3948 3233 3985 continet.
3264 3948 3410 3997 mox,
3434 3948 3534 3984 um
3559 3948 3823 3997 nanetur,

2180 3948 2558 4075 mnga'gllt-w,
2592 4003 2730 4075 Reg.
2758 3948 2962 4066 ἷδέθι,
3005 3995 3392 4075 ὑπερϐάλλῳν,
3425 4000 3530 4056 sed
3559 4000 3693 4075 ὑπὲρ
3721 4016 3823 4072 pro

2179 4069 2303 4143 περί
2335 4073 2615 4142 positum.
2651 4069 2717 4127 ln
2759 4073 3145 4143 sequentibus
3196 4073 3409 4139 verbis,
3443 4089 3549 4143 pro
3582 4069 3827 4126 Saos—est

2180 4143 2244 4198 in
2272 4143 2473 4209 Coisl.,
2502 4143 2637 4207 Boe.
2669 4144 2914 4200 Casaub.
2958 4150 3017 4199 et
3067 4144 3222 4199 Grod
3250 4186 3264 4211 ,
3325 4143 3514 4197 πόσον.
3568 4147 3644 4200 At
3673 4150 3825 4198 totus

2180 4214 2281 4269 ille
2313 4213 2479 4271 locus
2513 4214 2744 4270 diverse
2776 4233 3019 4286 prorsus
3048 4215 3108 4269 in
3137 4215 3306 4286 codd.
3341 4218 3458 4286 Roe
3491 4220 3550 4270 et
3577 4214 3824 4286 Casaub.

2180 4291 2644 4375 repraeseptatur
2676 4302 2689 4342 ε
2726 4282 2829 4375 ξζᾶὶ
2861 4284 2906 4371 εἶ
2939 4289 3196 4375 τοσρῦτον
3214 4283 3344 4375 ,ἔχει
3381 4282 3598 4375 πλῆὶθρς
3631 4286 3660 4339 6
3686 4282 3824 4375 ταῦ-ξ

422 4350 565 4443 tiam
583 4350 1131 4443 remissafuerint';
1166 4352 1290 4407 solo
1323 4352 1484 4406 enim
1510 4350 1803 4424 baptismo
1834 4355 2065 4426 penitus

2181 4350 2278 4443 1:3,;
2301 4350 2656 4443 περιϐρὶλλων
2691 4355 2939 4443 οὐρανὸς,
2987 4356 3165 4443 πόσον,
3213 4350 3328 4443 gitti
3357 4359 3420 4443 τὸ
3451 4350 3665 4443 π’λὰτοξ
3694 4374 3707 4425 ;
3739 4356 3827 4409 καὶ

421 4427 703 4483 oblivioni
738 4425 883 4481 dari.

491 4502 566 4571 (2)
598 4498 825 4571 Λόγισαι
872 4492 1030 4571 τοὺς,
1053 4499 1164 4549 etc.
1195 4494 1354 4571 Hanc
1374 4494 1651 4571 _phr_as_i_m
1694 4495 1886 4571 paulo
1936 4496 2069 4571 aliis

420 4565 614 4625 verbis
646 4565 983 4639 expressam
1016 4569 1215 4639 lerunt
1242 4565 1437 4639 codd;
1473 4565 1659 4639 Colb.,
1694 4567 1856 4639 Bodl.
1889 4572 1948 4622 et
1975 4567 2068 4639 e_d_.

420 4641 648 4712 Morelii
675 4658 699 4712 :_
721 4631 951 4712 λόγισαι
980 4635 1105 4712 τοὺς
1159 4637 1263 4689 ἀπὸ
1316 4631 1686 4712 ῘᾼῘδᾲμηπόσα
1729 4634 1891 4712 ἔθνη·
1923 4635 2071 4712 πολὺ

427 4711 520 4783 μὲν
552 4712 613 4766 τὸ
646 4704 857 4779 πλῆθος
887 4707 989 4770 ἕως
1024 4704 1579 4783 σήμερονὶἀλλᾶγὰρ
1611 4704 1863 4783 πλείονες
1889 4708 1941 4762 οἱ
1975 4708 2073 4782 ἆγ-

422 4779 600 4858 έίελοι,
625 4807 649 4833 ‹‹
667 4783 987 4858 Considera
1009 4798 1107 4836 eos
1121 4781 1224 4858 qui
1244 4780 1314 4835 ab
1332 4779 1862 4858 Adamo‘exstitere,
1895 4779 2074 4858 quam

427 4849 454 4907 ἁ
478 4856 666 4910 multa
685 4856 952 4923 gentium
976 4849 1207 4924 sepulta
1230 4870 1243 4917 ;
1277 4851 1517 4922 grandis
1540 4849 1780 4924 quidem
1814 4849 2077 4907 multitu-

422 4948 450 4976 ‹‹
479 4926 552 4980 do
578 4928 638 4982 in
662 4928 818 4982 diem
841 4941 1030 4996 usque
1046 4922 1446 4996 prmsentem_;
1468 4927 1529 4977 at
1549 4922 1708 4996 enim
1733 4923 1934 4993 plures
1966 4940 2075 4980 an-

422 5018 452 5047 ‹‹
518 4997 614 5052 eli.
645 5020 664 5045 ι
693 4998 874 5051 Paulo
893 4991 1215 5067 postfante
1243 4991 1383 5047 ἐστὶν
1413 4992 1585 5046 ἐκεῖνα
1608 4991 1987 5050 intersertum
2013 4997 2075 5051 in

425 5013 599 5121 ecﬁtis
627 5068 794 5132 τοῦτ’,
829 5066 987 5137 quod
1039 5066 1432 5137 expunximus
1490 5065 1841 5137 aucloritate
1899 5067 2070 5123 codd.

782 5108 794 5132 ν
829 5108 987 5132 Ὶιινυ
1040 5108 1432 5132 υιιγμιισιιιιιυυ
1490 5108 1840 5121 υυυινιινιινυ
1899 5108 2070 5123 vvuu-

422 5137 623 5210 Coisl.,
650 5140 807 5210 Reg,
838 5136 977 5210 Roga,
1011 5137 1349 5210 Casaub._et
1370 5136 1542 5192 Grod.
1566 5137 2073 5209 Fortelegendum

427 5208 645 5262 ἐκεῖνοι.
682 5204 830 5264 Loco
855 5209 889 5274 ἡ
925 5204 982 5260 δὲ
1023 5206 1399 5279 ανθρωπότης,
1452 5213 1707 5279 quatuor
1763 5204 2073 5265 memorati

428 5279 682 5353 codices,
718 5286 776 5335 et
804 5272 976 5334 Grod.
1002 5272 1255 5353 habent.
1277 5278 1339 5332 σὺ
1361 5276 1437 5333 δὲ.
1467 5272 1618 5331 τοῦτ’
1644 5272 1784 5331 ἔστιν
1810 5281 1843 5347 ἡ
1866 5279 2072 5353 ἀνομω·

425 5349 621 5419 πότης,
656 5359 716 5406 tu
744 5357 950 5424 autem,
990 5351 1050 5403 id
1089 5358 1197 5424 est,_
1237 5352 1750 5424 humanumgenus.
1786 5353 1931 5407 Hinc
1965 5349 2069 5424 pu-

426 5427 623 5478 tamus
645 5424 708 5477 in
730 5421 1003 5492 superius
1021 5421 1356 5476 membrum
1377 5421 1523 5473 τοῦτ’
1545 5422 1874 5493 irrepsisse.
1899 5421 2041 5481 com
2058 5454 2075 5465 -

424 5495 626 5550 munis
652 5494 756 5549 illa
782 5493 945 5565 inter
962 5493 1176 5565 Patres
1195 5493 1518 5565 nonaginta
1549 5492 1742 5548 ovium
1784 5494 2077 5565 interpre-

424 5566 590 5623 tatio.
618 5568 679 5621 In
716 5565 807 5619 his
837 5561 1044 5618 ovibus
1074 5563 1287 5636 Filium
1316 5561 1513 5636 ipsum
1569 5561 2076 5636 comprehendere

422 5639 643 5695 veritus
675 5653 795 5693 non
824 5640 915 5689 est
942 5633 1209 5689 Asterius
1239 5633 1513 5704 Arianus,
1547 5633 1973 5707 apud'Athan,
2001 5643 2077 5695 De

425 5708 686 5782 Synodis,
717 5722 884 5767 num.
920 5707 1008 5761 l7.

2100 4434 2147 4498 Β
2181 4428 2234 4502 ot
2267 4423 2501 4502 016961in
2521 4431 2628 4481 τῶν
2663 4423 2901 4502 οὐρανῶν
2927 4423 2936 4429 ’
2963 4432 3079 4490 πῶς
3110 4427 3210 4502 οὐκ
3246 4423 3578 4502 ’ἆνείκαστον
3639 4423 3827 4502 ἔχουσι

2179 4499 2270 4553 τὸν
2305 4497 2555 4571 ἀριθμόν·
2584 4523 2610 4551 ‹‹
2644 4502 2714 4556 Et
2732 4497 2784 4556 si
2820 4506 3043 4557 tantam
3064 4500 3511 4556 multitudinem
3544 4497 3832 4570 complec-

2186 4593 2213 4621 ι‹
2246 4571 2397 4644 ιίιιιιῄ
2420 4574 2435 4643 [
2460 4578 2617 4644 terra
2642 4571 2679 4644 1.
2713 4573 2926 4627 cmlum
2957 4572 3115 4644 quod
3151 4579 3377 4644 terram,
3399 4572 3607 4639 ambit,
3641 4586 3830 4642 quan-

2182 4664 2211 4693 «
2246 4648 2367 4714 tam
2388 4642 2568 4698 habet
2596 4642 3022 4699 latitudinem"?
3050 4651 3107 4698 et
3129 4644 3258 4699 οωιί
3278 4643 3562 4699 caelorum
3594 4657 3832 4714 quomo-

2183 4735 2211 4764 ι(
2234 4712 2309 4767 do
2336 4731 2457 4768 non
2480 4715 2959 4770 inaestimabilem
2986 4715 3320 4771 incolarum
3342 4712 3660 4771 numerum
3683 4729 3833 4769 com-

2184 4805 2213 4835 (ι
2236 4784 2578 4855 plectuntur
2598 4786 2625 4840 ‘?
2645 4809 2671 4834 ››
2697 4786 2939 4842 Planior
2959 4803 3168 4842 sensus
3195 4787 3488 4843 efﬁcietur
3507 4787 3568 4841 in
3592 4787 3705 4855 hac
3735 4801 3830 4839 eo-

2182 4854 2315 4910 rum
2345 4857 2616 4911 codicum
2660 4857 2937 4925 lectione,
2972 4858 3020 4912 si
3064 4857 3241 4914 verba
3295 4855 3510 4925 πλῆοος
3543 4863 3600 4912 et
3630 4854 3831 4915 πλάτος

2183 4927 2358 5001 inter
2387 4944 2448 4982 se
2480 4929 2958 5001 commutaveris.
2984 4929 3305 4985 Grodecius
3353 4936 3569 4985 caetera
3597 4929 3743 5001 legit
3770 4930 3834 5001 ut

2182 4998 2245 5072 in
2286 5003 2469 5065 textu,
2503 5004 2563 5072 at
2593 4999 2871 5072 habuisse
2906 5001 3137 5072 videtur
3168 5002 3229 5056 in
3262 5018 3367 5072 suo
3404 4994 3761 5072 exemplari,
3789 4994 3831 5051 εἰ

2184 5069 2560 5145 οἰκουμῌενική,
2593 5077 2650 5145 et
2680 5088 2784 5142 pro
2816 5070 2943 5124 ὅσον
2975 5069 3090 5145 ἔχει
3133 5071 3195 5126 τὸ
3227 5068 3453 5145 πλάτος,
3482 5068 3608 5145 hiet:
3641 5070 3833 5135 verba,

2182 5138 2354 5194 πόσον
2375 5138 2491 5214 ἔχει
2509 5138 2820 5207 τὸπλῆθος,
2841 5150 2900 5199 et
2916 5138 3389 5216 ita'interpunxit
3409 5186 3419 5199 .
3440 5138 3471 5195 ἒ(
3491 5144 3546 5198 Si
3572 5150 3730 5216 terra
3742 5144 3837 5216 est

2185 5235 2213 5263 «
2242 5213 2521 5284 tanquam
2548 5221 2819 5270 centrum
2844 5215 2903 5270 in
2928 5215 3124 5271 medio
3148 5213 3299 5282 coeli,
3326 5222 3384 5270 et
3406 5221 3631 5271 tantam
3662 5213 3836 5269 habet

2185 5307 2213 5334 «
2234 5285 2679 5358 multitudinem
2697 5303 2709 5340 :
2726 5287 2937 5342 caelum
2954 5287 3110 5358 quod
3127 5294 3341 5342 terram
3358 5286 3832 5357 ambitquantam

2184 5378 2213 5431 ε(
2233 5356 2870 5431 habetmultitudinem
2890 5359 2916 5431 εξ
2938 5356 3126 5413 »Ὁιιιῐι
3140 5366 3378 5431 recepta
3393 5356 3832 5431 lectio’se‘nsum

2184 5428 2401 5483 habeat
2429 5445 2550 5483 non
2580 5429 3048 5489 incommodum.
3074 5446 3203 5485 eam
3238 5428 3472 5485 movere
3510 5428 3829 5493 noluimus,

2184 5500 2439 5573 maxime
2469 5516 2607 5573 cum
2628 5501 2795 5556 nulla
2814 5507 2902 5557 tot
2921 5501 3386 5573 discrepantium
3425 5501 3833 5573 codicumhno-

2184 5570 2275 5656 bis
2299 5589 2371 5653 rx
2406 5578 2526 5626 toto
2555 5572 2788 5656 placere
2817 5578 3055 5656 posset;
3090 5570 3485 5655 p'rmterquam
3543 5571 3829 5656 solaGro-

2184 5643 2357 5712 decii,
2390 5659 2569 5715 quam
2593 5650 2792 5700 tamen
2822 5643 2886 5700 in
2916 5662 3058 5701 mss.
3086 5643 3349 5715 reperire
3367 5661 3488 5700 non
3512 5644 3830 5715 potuimus.

2253 5661 2357 5712 :cu,
2432 5660 2569 5698 uam
2593 5660 2792 5700 tamen
2823 5662 2886 5700 ιιι
2916 5662 3058 5701 mss.
3086 5660 3349 5715 reperire
3367 5661 3488 5700 non
3512 5660 3830 5715 pomimus.

2253 5715 2333 5785 (5)
2390 5660 2572 5785 ἦησοῦ
2623 5718 2858 5790 Χριστοῦ
2892 5757 2905 5773 .
2973 5717 3202 5773 Nomen
3260 5716 3447 5785 Ἰησοῦ
3496 5713 3835 5771 addidimus
