4118 6264
299 376 420 439 905

1020 373 1500 436 CATECHESIS
1544 373 1676 435 XV.
1722 374 1823 434 DE
1866 372 2228 436 SECUNDO
2263 370 2577 467 CHRISTI
2621 375 2995 437 ADVENTU

3599 377 3719 443 906

305 527 501 580 ματος.
534 505 775 580 Σάλπιγξ
823 502 1091 578 ἀγγελικὴ
1148 504 1541 579 προσκαλεῖται
1574 505 1776 565 πάντας
1805 506 1952 577 ἡμᾶς

2070 505 2261 560 tuerit.
2298 504 2504 561 Aderit
2534 506 2712 579 igitur
2741 511 2882 562 tunc
2910 508 2973 561 in
2995 506 3223 579 judicio
3255 509 3409 565 Deus
3441 510 3712 565 omnium

300 598 369 651 τά
403 592 758 670 πεπραγμένα
814 597 1134 670 φοροῦντας.
1193 599 1334 669 Ἀρα
1391 593 1491 648 οὐκ
1544 591 1839 670 ὀφείλομεν
1871 592 1958 646 ἐν-

307 682 492 747 τεῦθεν
524 680 633 753 ἤδη
668 680 963 759 ἀγωνιάσαι
1013 684 1130 756 (1);
1188 684 1281 752 Μὴ
1345 683 1540 758 μικρὰν
1584 683 1682 751 τὴν
1734 681 1956 737 καταδί-

309 795 435 843 κην,
467 772 558 827 καὶ
618 770 796 847 χωρὶς
853 770 1147 845 τιμωρίας,
1208 769 1479 847 ἄνθρωπε,
1521 771 1747 845 νομίσῃς
1775 771 1838 826 τὸ
1871 771 1958 826 ἐπὶ

304 863 583 919 τοσούτων
634 866 1109 936 καταγνωσθῆναι.
1160 865 1301 935 Ἀρα
1348 860 1461 936 οὐχ
1488 860 1788 936 αἱρούμεθα
1819 860 1961 917 πολ-

307 952 465 1015 λάκις
492 952 801 1023 ἀποθανεῖν,
833 946 869 1019 ἤ
903 950 1007 1004 ὑπὸ
1039 948 1216 1027 φίλων
1246 955 1692 1026 καταγνωσθῆναι
1717 970 1731 1020 ;

2067 600 2255 667 pater,
2281 610 2403 649 una
2428 595 2670 650 sedente
2693 597 2831 650 Jesu
2853 596 3105 663 Christo,
3132 601 3190 651 et
3215 597 3393 652 simul
3418 605 3713 670 praesente

2068 684 2292 756 Spiritu
2324 691 2527 741 sancto
2561 687 2657 758 (7).
2693 686 3016 741 Advocabit
3056 703 3165 742 nos
3212 704 3418 744 omnes
3448 690 3716 759 angelica
3772 709 3777 714 ·

2071 773 2232 842 tuba,
2288 791 2358 830 ea
2414 792 2546 846 quae
2599 776 2891 848 gessimus
2942 776 3219 832 ferentes.
3255 778 3461 833 Nonne
3484 778 3612 849 jam
3644 795 3716 834 ex

2072 863 2213 918 hinc
2245 864 2645 920 sollicitudine
2695 882 2762 920 ac
2810 870 2972 919 metu
3022 866 3113 937 agi
3157 866 3439 937 oportet?
3485 869 3563 921 Ne
3597 868 3721 921 exi-

2071 970 2246 1025 guam
2276 971 2510 1025 pinnam
2556 971 2684 1010 esse
2714 960 2907 1026 putes,
2942 971 2975 1009 o
3008 955 3205 1022 homo,
3240 959 3510 1027 separato
3540 954 3721 1010 etiam

305 1043 625 1116 supplicio,
655 1048 776 1097 tam
806 1040 1011 1096 multis
1042 1040 1291 1096 testibus
1317 1040 1726 1097 condemnari.
1760 1043 1965 1097 Nonne
1988 1044 2289 1099 malumus
2318 1043 2543 1114 pluries
2575 1043 2781 1111 emori,
2807 1060 2988 1115 quam
3011 1043 3083 1098 ab
3115 1044 3323 1099 amicis
3351 1043 3717 1100 condemna-

301 1134 529 1189 tionem
561 1131 758 1188 subire
783 1130 810 1186 ‘?

375 1222 500 1279 κε’.
537 1219 983 1295 ’Δγωνιάσωμεν,
1034 1215 1282 1296 ἀδελφοί,
1331 1218 1511 1273 τοίνυν
1567 1221 1662 1292 (2),
1701 1220 1774 1293 μὴ
1823 1218 1953 1281 Θεὸς

300 1315 465 1385 ἡμῶν
497 1312 770 1384 καταγνῷ-
832 1310 891 1371 ὅς
951 1308 1240 1379 ἐξετάσεως
1297 1308 1333 1377 ἢ
1396 1307 1640 1384 ἐλέγχων
1671 1307 1733 1361 οὐ
1764 1308 1952 1383 χρείαν

305 1398 447 1477 ἔχει,
480 1403 616 1473 πρὸς
645 1397 1009 1474 κατάγνωσιν.
1056 1399 1146 1467 Μὴ
1205 1396 1382 1469 εἴπῃς,
1432 1397 1516 1452 ὅτι
1572 1397 1764 1459 νυκτὸς
1791 1395 1954 1471 ἐπόρ-

300 1511 483 1560 νευσα,
514 1489 549 1560 ἢ
585 1487 871 1564 ἐμάγευσα,
921 1487 957 1556 ἢ
1015 1482 1193 1563 ἕτερὸν
1252 1508 1303 1541 τι
1369 1483 1591 1562 ἔπραξα,
1622 1487 1709 1540 καὶ
1745 1486 1957 1559 ἄνθρω-

303 1602 406 1645 πος
463 1578 525 1634 οὐ
581 1584 761 1653 παρῆν
821 1576 952 1633 ἐκεῖ.
1015 1577 1110 1634 Ἐκ
1163 1583 1265 1647 τῆς
1318 1574 1679 1647 συνειδήσεώς
1713 1596 1808 1631 σου
1838 1574 1955 1648 κρί-

304 1690 367 1743 νῃ
425 1668 500 1743 (3)
563 1666 758 1741 μεταξὺ
835 1670 943 1721 τῶν
1025 1664 1342 1741 λογισμῶν,
1402 1664 1859 1740 κατηγορούντων
1918 1664 1953 1732 ἢ

2136 1222 2300 1277 XXV.
2335 1223 2658 1279 Paveamus
2690 1222 2889 1294 igitur,
2921 1221 3156 1290 fratres,
3190 1240 3263 1277 ne
3295 1239 3405 1278 nos
3440 1222 3713 1278 condem-

2064 1317 2167 1367 net
2194 1314 2369 1381 Deus,
2430 1314 2529 1384 qui
2588 1313 3001 1384 inquisitione,
3055 1312 3141 1367 vel
3197 1314 3562 1385 argumentis
3594 1313 3720 1385 [aut

2064 1402 2529 1471 accusatoribus]
2563 1401 2636 1457 ad
2688 1402 3248 1457 condemnationem
3281 1420 3429 1473 opus
3460 1419 3579 1457 non
3610 1403 3718 1458 ha-

2064 1491 2182 1546 bet.
2219 1493 2297 1545 Ne
2329 1491 2570 1559 dixeris,
2621 1498 2793 1546 nocte
2848 1496 3140 1547 scortatus
3199 1508 3352 1558 sum,
3385 1492 3475 1545 vel
3506 1492 3712 1564 magia:

2070 1597 2310 1652 operam
2360 1580 2518 1645 dedi,
2566 1585 2669 1635 aut
2715 1580 2877 1635 aliud
2925 1580 3069 1651 quid
3117 1580 3228 1650 egi,
3262 1596 3372 1636 nec
3404 1578 3718 1636 aderat’ibi

2066 1669 2378 1724 hominum
2403 1670 2739 1741 quisquam.
2764 1671 2847 1724 Ex
2868 1674 2968 1724 tua
2990 1669 3142 1725 238
3166 1669 3535 1724 conscientia
3545 1668 3716 1740 judi-

306 1758 399 1814 καὶ
457 1755 950 1833 ἀπολογουμένων,
1005 1753 1060 1809 ἐν
1120 1755 1305 1830 ἡμέρᾳ
1361 1753 1486 1810 ὅταν
1540 1754 1699 1830 κρίνῃ
1751 1755 1778 1808 6
1836 1754 1952 1810 Θεὸς

2071 1758 2319 1827 caberis,
2350 1782 2377 1809 ‹‹
2412 1759 2567 1814 inter
2596 1758 2974 1831 cogitationes
3000 1764 3369 1825 accusantes,
3403 1763 3505 1813 aut
3533 1758 3713 1814 etiam

303 1847 370 1903 τὰ
398 1847 613 1921 κρυπτὰ
669 1849 777 1901 τῶν
837 1844 1161 1920 ἀνθρώπων.
1217 1848 1326 1897 Τοῦ
1384 1847 1574 1919 κριτοῦ
1623 1844 1685 1897 τὸ
1728 1837 1959 1920 φοϐερὸν

304 1930 602 2011 πρόσωπον
659 1933 944 2010 ἀναγκάζει
999 1954 1056 1988 σε
1114 1933 1283 1988 εἰπεῖν
1338 1934 1439 2001 τήν
1489 1931 1770 2002 ἀλήθειαν·
1819 1930 1959 2006 μᾶλ-

308 2024 404 2081 λον
434 2022 492 2080 δὲ
531 2021 628 2079 κᾶν
694 2024 770 2097 μή
829 2020 986 2096 εἷ’πῃς
1046 2020 1284 2097 ἐλέγχει.
1348 2016 1829 2095 Περιϐεϐλημὲνος
1857 2022 1960 2097 γὰρ

307 2115 404 2178 τὰς
463 2117 695 2169 σεαυτοῦ
770 2110 1061 2187 ἁμαρτίας,
1137 2108 1264 2180 ἤτοι
1337 2107 1700 2180 δικαιοσύνας,
1756 2108 1958 2184 ἐγείρῃ·

310 2203 400 2259 καὶ
430 2206 594 2259 τοῦτο
644 2198 921 2272 ἐδήλωσεν
969 2199 1128 2263 αὐτὸς
1158 2200 1185 2253 ὁ
1216 2199 1431 2274 κριτὴς,
1464 2197 1660 2275 λέγων.
1695 2197 1959 2274 (Χριστὸς

308 2291 409 2368 γάρ
468 2290 610 2346 ἐστιν
645 2289 926 2364 ὁκρίνων.
983 2285 1125 2345 Οὖδέ
1179 2286 1279 2363 γὰρ
1333 2288 1360 2342 6
1422 2288 1608 2361 Πατὴρ
1665 2286 1833 2358 κρίνει
1866 2286 1960 2340 οὐ-

309 2380 455 2451 δένα,
530 2378 678 2436 ἀλλὰ
754 2379 853 2447 τήν
926 2378 1104 2452 κρίσιν
1172 2380 1343 2431 πᾶσαν
1424 2373 1627 2431 δέδωγε
1689 2380 1769 2445 τῷ
1824 2376 1954 2447 Υἱῷ·

305 2471 408 2526 οὐκ
442 2466 830 2543 ἀπαλλοτριῶν
891 2467 1074 2521 ἑαυτὸν
1123 2466 1223 2534 τῆς
1274 2464 1533 2535 ἐξουσίας,
1565 2464 1713 2520 ἀλλὰ
1744 2462 1832 2519 διὰ
1858 2469 1956 2520 τοῦ

303 2563 432 2615 Υἱοῦ
462 2560 685 2636 κρίνων.
750 2556 991 2631 Νεύματι
1048 2555 1224 2611 τοίνυν
1288 2556 1494 2632 Πατρὸς
1545 2555 1779 2631 κρίνειὸ
1809 2556 1954 2620 Υἱός.

305 2652 383 2709 Οὐ
414 2651 515 2725 γὰρ
581 2646 723 2704 ἄλλα
778 2648 1013 2721 Πατρὸς,
1060 2645 1150 2700 καὶ
1210 2643 1356 2700 ἄλλα
1413 2646 1541 2700 Υἱοῦ
1596 2646 1665 2700 τὰ
1693 2647 1951 2719 γεύματα·

308 2737 436 2794 ἀλλ’
469 2735 522 2793 ἔν
570 2737 659 2792 καὶ
702 2737 765 2793 τὸ
813 2735 991 2810 αὐτό.)
1039 2734 1107 2792 Τί
1153 2733 1302 2809 λέγει
1331 2733 1514 2790 τοίνυν
1548 2735 1575 2790 6
1605 2735 1796 2810 κριτὴς
1828 2734 1954 2809 περὶ

307 2832 406 2884 τοῦ
462 2833 646 2904 φορεῖν
706 2847 763 2881 σε
813 2825 882 2880 τὰ
936 2823 1071 2899 ἔργα
1124 2845 1242 2896 σου,
1301 2824 1337 2893 ἢ
1400 2826 1475 2895 μή
1531 2825 1644 2897 (4);
1698 2824 1796 2878 Καὶ
1828 2845 1952 2877 συν-

307 2918 520 2988 άξουσιν
569 2911 870 2990 ἔμπροσθεν
931 2914 1094 2969 αὐτοῦ
1149 2913 1325 2968 πάντα
1378 2913 1445 2967 τὰ
1500 2909 1649 2983 ἔθνη·
1709 2909 1793 2966 δεῖ
1847 2912 1952 2985 γὰρ

303 3005 531 3060 ἐνώπιον
578 3009 676 3059 τοῖ’)
729 3006 970 3079 Χριστοῦ
1016 3008 1118 3056 πᾶν
1167 3001 1297 3078 γόνυ
1345 3002 1582 3076 κάμψαι,
1615 3000 1950 3071 ἐπουρανίων

302 3095 392 3150 καὶ
450 3093 707 3169 ἐπιγείων
767 3092 856 3147 καὶ
929 3091 1326 3167 καταχθονίων.
1402 3093 1506 3146 Καὶ
1573 3089 1817 3168 ἀφορίσει

308 3182 505 3246 αὐτοὺς
560 3183 651 3237 ἀπ’
708 3178 998 3251 ἀλλήλων,
1059 3181 1239 3253 ὥσπερ
1320 3181 1348 3235 6
1428 3181 1641 3254 ποιμὴν
1707 3179 1951 3257 ἀφορίζει

300 3273 369 3327 τὰ
422 3267 673 3349 πρόϐατα
728 3270 835 3324 ἀπὸ
892 3270 999 3323 τῶν
1057 3268 1275 3346 ἐρίφων.
1338 3270 1399 3326 Ὁ
1456 3270 1669 3342 ποιμὴν
1700 3272 1819 3329 πῶς
1849 3269 1952 3342 ἀφ-

305 3362 512 3436 ορίζεις
546 3363 648 3435 ἄρα
677 3359 934 3432 ἐξετάζων
997 3358 1101 3413 ἀπὸ
1162 3354 1406 3434 βιϐλίου,
1436 3359 1489 3413 τί
1523 3359 1616 3432 μὲν
1667 3357 1779 3414 ἐστι
1811 3358 1950 3433 πρό-

300 3445 487 3523 ϐάτον,
517 3450 603 3512 τίς
650 3446 706 3503 δὲ
763 3442 970 3525 ἔριφος·
1030 3444 1066 3514 ἢ
1125 3447 1230 3501 ἀπὸ
1286 3452 1392 3501 τῶν
1454 3446 1790 3525 φαινομένων
1834 3444 1950 3503 δια-

298 3538 509 3615 κρίνει;
543 3537 688 3612 Οὐχὶ
717 3534 781 3590 τὸ
832 3536 928 3607 μὲν
977 3538 1051 3604 (6)
1102 3531 1247 3610 ἔριον
1279 3532 1446 3604 δηλοῖ
1473 3535 1536 3590 τὸ
1565 3530 1863 3609 πρόϐατον,
1887 3535 1950 3590 τὸ

2071 1869 2097 1897 (ι
2121 1853 2498 1914 excusantes;
2515 1848 2575 1902 in
2589 1848 2685 1902 die
2700 1847 2938 1919 quando
2948 1847 3299 1918 judicaverit
3317 1848 3468 1902 Deus
3482 1847 3715 1903 occulta

2070 1959 2097 1986 «
2120 1935 3087 2009 hominum7°.»Terribilisjudicis
3107 1937 3301 1992 vultus
3325 1938 3633 1993 veritatem
3657 1941 3713 1992 te

2068 2024 2265 2081 dicere
2289 2030 2587 2098 coget,seu
2610 2026 2805 2097 potius
2829 2026 3061 2081 etiamsi
3084 2042 3203 2081 non
3227 2026 3447 2082 dixeris
3470 2025 3715 2081 convin—

2069 2118 2188 2169 cet:
2208 2118 2310 2170 tua
2326 2115 2486 2169 enim
2503 2114 2690 2186 ipsius
2708 2114 2826 2170 sive
2844 2121 3084 2187 peccata
3097 2115 3393 2186 sivejusta
3410 2132 3592 2187 opera
3609 2115 3719 2170 cir—
3790 2120 3795 2125 '

2068 2204 2454 2260 cumindutus
2472 2204 2901 2260 excitabere.Et
2917 2205 3029 2260 hoc
3046 2205 3372 2276 ipsejudex
3395 2204 3715 2260 declaravit

2065 2293 2259 2349 aiens:
2286 2294 2571 2363 (Christus
2594 2294 2755 2349 enim
2777 2299 2865 2349 est
2887 2294 2989 2365 qui
3002 2294 3253 2366 judicat.
3281 2316 3307 2344 «
3335 2296 3534 2365 Neque
3553 2295 3713 2349 enim

2072 2400 2094 2428 ι
2120 2383 2293 2436 Pater
2304 2380 2538 2452 judicat
2561 2398 2945 2454 quemquam,
2972 2383 3077 2439 sed
3091 2383 3387 2455 judicium
3410 2400 3585 2438 omne
3608 2383 3715 2438 de-

2065 2492 2094 2519 «
2119 2470 2205 2524 dit
2234 2470 2380 2525 Filio
2401 2470 2482 2524 3°:
2513 2494 2533 2520 -
2581 2488 2701 2526 non
2728 2488 2792 2526 se
2822 2472 3086 2547 spolians
3116 2477 3427 2545 potestate,
3461 2472 3565 2527 sed
3601 2489 3708 2544 per

2063 2557 2277 2612 Filium
2291 2559 2571 2630 judicans
2586 2558 2654 2613 δι.
2679 2562 2832 2615 Nutu
2855 2561 3034 2634 igitur
3047 2561 3237 2617 Patris
3252 2561 3484 2632 judicat
3503 2560 3707 2626 Filius;

2064 2664 2186 2701 non
2219 2648 2381 2703 enim
2415 2653 2554 2703 sunt
2582 2649 2684 2704 alii
2714 2650 2905 2705 Patris
2939 2650 3163 2722 aliique
3193 2650 3323 2705 Filii
3354 2656 3556 2718 nutus,
3608 2649 3712 2705 sed

2065 2752 2223 2790 unus
2254 2741 2314 2791 et
2367 2737 2525 2792 idem
2582 2738 2937 2810 utriusque.)
2990 2738 3140 2804 Quid
3170 2739 3351 2811 igitur
3377 2739 3462 2793 ait
3501 2738 3713 2810 judex,

2060 2829 2261 2879 utrum
2292 2824 2538 2881 ferenda
2568 2825 2674 2880 tibi
2731 2826 2850 2881 sint
2903 2843 3083 2898 opera
3140 2831 3261 2893 tua,
3319 2827 3554 2883 necne?
3585 2850 3605 2877 ι
3639 2829 3711 2882 Et

2060 2933 2090 2962 «
2112 2914 2553 2985 congregabunt
2573 2931 2770 2970 coram
2795 2915 2921 2987 ipso
2945 2932 3154 2971 omnes
3174 2915 3458 2989 gentes”.
3482 2937 3509 2965 ››
3528 2918 3707 2987 Opor-

2058 3005 2143 3056 tet
2162 3002 2322 3056 enim
2345 3019 2545 3058 coram
2560 3003 2787 3059 Christo
2810 3020 2963 3076 genu
2986 3021 3160 3060 omne
3185 3005 3707 3073 flecti,ccelestium

2064 3094 2124 3145 et
2155 3091 2525 3147 terrestrium
2556 3096 2615 3146 et
2643 3092 3017 3148 infernorum
3038 3092 3103 3148 33.
3133 3116 3161 3143 ‹‹
3184 3096 3254 3149 Et
3283 3093 3582 3166 separabit
3612 3110 3712 3150 eos

2069 3202 2089 3229 ι
2118 3180 2337 3235 alteros
2367 3179 2440 3236 ab
2471 3180 2696 3247 alteris,
2730 3181 2884 3236 sicut
2926 3186 3129 3254 pastor
3179 3188 3447 3255 segregat
3474 3199 3609 3238 oves
3639 3182 3714 3238 ab

2062 3291 2089 3319 «
2112 3268 2299 3324 haedis
2315 3268 2419 3324 ⁸⁸.»
2461 3271 2667 3325 Pastor
2683 3271 2980 3341 quomodo
3017 3271 3324 3345 segregat?
3339 3271 3612 3343 nunquid
3636 3287 3708 3326 ex

2062 3358 2215 3413 libro
2238 3358 2548 3429 inquirens
2578 3376 2853 3431 quasnam
2885 3361 2961 3415 sit
2990 3361 3133 3429 ovis,
3159 3362 3404 3433 quinam
3428 3379 3563 3417 vero
3585 3362 3717 3416 hae-

2062 3448 2172 3502 dus
2197 3465 2211 3514 ;
2244 3453 2346 3503 aut
2375 3465 2495 3503 non
2521 3449 2718 3520 potius
2741 3465 2809 3504 ex
2832 3451 3170 3523 conspicuis
3193 3451 3427 3523 judicat
3447 3451 3475 3506 ?
3504 3453 3711 3506 Nonne

2061 3553 2228 3592 ovem
2277 3537 2415 3592 lana
2445 3537 2729 3606 declarat,
2789 3538 2995 3594 villosa
3042 3557 3179 3595 vero
3212 3546 3271 3595 et
3316 3556 3528 3612 aspera
3555 3541 3710 3595 cutis

367 3663 416 3698 79
446 3666 615 3736 Rom.
650 3680 711 3732 ιι,
747 3667 832 3730 15,
870 3666 954 3720 16.
1033 3661 1080 3697 ⁸ο
1108 3663 1273 3718 Joan.
1303 3678 1354 3728 v,
1387 3664 1474 3715 22.
1552 3660 1597 3696 ’ί
1634 3661 1750 3716 για.
1783 3666 1891 3715 cat.
1929 3664 1950 3714 1

2070 3677 2102 3716 ι.
2138 3663 2225 3714 16.
2302 3659 2348 3694 ⁸³
2377 3661 2579 3715 Matth.
2614 3679 2742 3733 xxv,
2768 3664 2855 3718 32.
2931 3663 2976 3698 ⁸³
3002 3665 3171 3720 Rom.
3204 3681 3313 3733 xxv,
3351 3668 3454 3732 10;
3488 3664 3706 3736 Philip.

298 3752 361 3802 ιι,
397 3739 483 3790 10.
559 3734 608 3768 ⁸⁴
638 3737 839 3793 Matth.
874 3752 1001 3803 xxv,
1033 3736 1121 3789 32.

303 3875 373 3946 ex
403 3858 581 3946 Cois].
614 3861 787 3946 Reg."
807 3861 953 3946 Ριοιεζ
1007 3857 1260 3946 (ῖξιειῗλιΙ).¹
1287 3858 1491 3946 Yoces,
1524 3852 1753 3946 σάλπιγξ
1785 3854 1942 3946 ἀγγε-

302 3928 455 3999 λική,
492 3933 610 3986 Roe
642 3925 728 3985 et"
749 3930 995 3986 Casaub.
1050 3930 1270 3986 habent
1306 3929 1367 3984 in
1398 3928 1576 3984 dandi
1617 3925 1778 3996 casu,
1812 3925 1943 3983 σᾶλο

300 4023 459 4075 πιγγι
478 3999 776 4076 ᾲᾶγγελικῇ.

372 4069 449 4145 (1)
476 4069 831 4145 ’,κγ’ωνιάσαι.
887 4074 1006 4145 Hoc
1066 4077 1124 4127 et
1173 4070 1443 4145 Casaub.,
1476 4069 1733 4145 ἀγωνιᾷν.
1764 4070 1940 4145 (ἔριδι.

303 4141 443 4218 vero
471 4141 718 4218 etReg.,
749 4141 1133 4218 ἀγωνίσασθαι.
1166 4143 1369 4218 Simile
1426 4141 1730 4218 quidpiam
1761 4141 1943 4218 _vide-

305 4224 401 4273 tur
430 4214 991 4287 legisse'Grodecius
1020 4214 1174 4287 dum,
1190 4214 1383 4287 vertit,
1414 4215 1710 4287 decertare.
1740 4214 1945 4287 At_Cyg

307 4289 477 4343 rillus
494 4284 596 4343 hic
619 4294 941 4343 tremorem
967 4292 1026 4340 et
1046 4285 1510 4340 sollicitudinem
1534 4284 1944 4356 divinijudicii

304 4359 701 4437 commendat,
721 4375 912 4437 queui
918 4358 1045 4429 jam
1072 4357 1244 4437 longe
1266 4362 1403 4437 ante
1435 4357 1746 4437 cpucipere
1776 4356 1949 4410 debe-

307 4449 458 4487 mus.
492 4426 943 4503 νειὺοίᾶγωνιᾷν
974 4445 1077 4499 pro
1102 4426 1433 4503 sollicitum
1458 4426 1786 4503 formidare
1811 4443 1947 4503 cum

304 4504 437 4558 aliis
458 4493 799 4558 auctoribus
819 4493 1069 4571 usurpat
1087 4499 1511 4571 Cyrillus_sup.,
1528 4515 1701 4571 num.
1728 4500 1819 4571 23;
1840 4493 1948 4571 Kav

306 4571 506 4634 δοῦλος
560 4574 653 4642 ἦς,
709 4571 804 4626 κᾶν
864 4567 1053 4640 πὲνῇς,
1115 4567 1284 4643 μῃὶξὲν
1334 4567 1661 4643 ᾁγοῖνιάσῃς,
1722 4575 1780 4623 et
1808 4570 1944 4643 infr.

304 4662 478 4718 num._
504 4639 593 4713 25,
641 4639 1065 4718 ’ἀγωνιάσωμεν,
1095 4639 1398 4718 ςάδελφῄοίυξ
1428 4647 1540 4718 cat.
1574 4639 1627 4707 2,
1660 4656 1826 4718 num.
1861 4642 1948 4704 11,

302 4718 403 4790 τὸν
420 4711 645 4790 άόρατον
668 4711 742 4778 ὥς
763 4719 909 4790 ὁρῶν
927 4711 1643 4790 ﬁygoviqae,«(inuisibilem
1665 4716 1949 4790 tamquam

305 4813 333 4839 ‹‹
360 4783 562 4842 νὶἀθίιδ
585 4783 1185 4842 contremuitJPaulo
1208 4785 1496 4857 post,loco
1522 4783 1713 4857 μικρὰν
1737 4783 1834 4850 τήν
1859 4801 1951 4835 κα-

302 4857 553 4927 ταδίκην,
584 4865 674 4914 est
702 4860 763 4915 in
823 4862 959 4928 Roe_
986 4864 1058 4928 et
1115 4853 1384 4924 Casaub.,
1421 4853 1950 4928 praeder-hangin-

306 4933 425 5007 ρίαν
455 4925 545 5007 καὶ
579 4926 1116 5007 μικρᾶς-καταδίκης,
1152 4951 1178 4978 ‹‹
1213 4945 1287 4983 ne
1319 4925 1563 5000 parvum
1592 4925 1950 4999 supplicium

305 5000 331 5055 ἑ‹
369 5010 472 5060 aut
503 5003 645 5059 levis
675 5000 879 5059 inultm
911 5000 1230 5056 existimes.
1268 5022 1297 5050 ››

376 5075 694 5146 (2)Τοίνυν.
752 5077 915 5130 llanc
970 5089 1171 5127 vocem
1232 5070 1562 5143 adjecimus
1621 5087 1690 5125 ex
1746 5072 1863 5124 Roe
1897 5073 1955 5122 et

304 5146 554 5203 Casaub.

377 5222 451 5289 (3)
486 5217 795 5291 Kpivn._ita
830 5216 957 5291 lego
1011 5230 1082 5268 ex
1114 5213 1397 5291 ~versione
1430 5212 1622 5291 Grde
1639 5227 1818 5291 sensu
1849 5227 1953 5291 po-

309 5283 587 5345 stulante.
623 5283 798 5356 Editi,
851 5283 1047 5355 κρίνει,
1104 5284 1310 5358 Coisl.,_
1357 5288 1550 5358 κρινεῖ.
1586 5283 1768 5338 Paulo
1801 5286 1954 5358 post.

310 5378 415 5433 pro
447 5360 573 5434 ὅταν
603 5353 794 5434 κρίνῃ,
816 5353 935 5434 [tce
995 5363 1053 5412 et
1108 5353 1403 5434 Casaub,
1441 5353 1530 5408 ὅτε
1576 5358 1772 5434 κρινεῖ,
1800 5359 1864 5434 ut
1894 5353 1954 5407 in

308 5425 575 5503 itpostoli
609 5425 790 5503 textu.
824 5432 972 5503 Mox,
1005 5428 1358 5503 particulam
1397 5425 1709 5503 negantem
1742 5425 1817 5503 μή
1838 5440 1959 5503 _n_e-

310 5496 630 5559 cessariam
651 5502 827 5557 verbo
859 5496 1025 5573 εἴπῃξ
1047 5499 1429 5573 praifiximus.
1460 5496 1526 5552 e'x
1559 5497 1726 5573 codd.
1752 5496 1956 5573 Co_isl.,

309 5576 649 5645 Reg.,_Roe,
683 5564 1167 5645 Casaub.,er-jod.
1202 5588 1269 5626 ac
1299 5576 1434 5645 post
1462 5564 1956 5645 περιοεϐλημὲνος,

308 5641 439 5700 loco
472 5642 549 5709 δέ,
609 5644 956 5715 scripsimus
1008 5642 1135 5715 γάρ,
1197 5659 1266 5697 ex
1302 5641 1567 5715 iisdem_,_
1598 5642 1960 5715 insuperque

308 5717 469 5774 Colb.
509 5723 566 5773 et
597 5712 796 5774 Morel.
834 5714 901 5768 lli
934 5712 1109 5786 porro
1169 5729 1375 5771 omnes
1423 5712 1573 5768 codd
1628 5712 1757 5766 loco
1789 5712 1956 5785 ἁμαρ·

629 5846 894 5906 Pauor.
938 5841 1054 5900 Gn.
1100 5836 1370 5898 XXXIII.

2051 3852 2193 3917 τίας,
2223 3851 2349 3920 ἢτοι
2381 3849 2750 3925 δικαιοσύνης,
2773 3872 2961 3911 unum
2986 3857 3228 3911 verbum
3252 3857 3494 3923 habent,
3519 3873 3693 3913 nem-

2052 3942 2126 4000 pe
2142 3925 2341 4000 Coisl.,
2362 3927 2525 3999 Reg.,
2547 3926 2787 4000 πράξεις,
2811 3927 2998 3998 Colb.,
3023 3928 3247 3996 Morel.,
3273 3929 3691 3999 Roe,Casaub.,

2050 3996 2184 4050 τὰ...
2208 3996 2521 4070 πράγματα.

2126 4069 2198 4139 (4)
2227 4067 2297 4143 Ἤ
2335 4067 2432 4143 μή,
2462 4071 2571 4143 Eas
2625 4086 2794 4124 voces
2823 4069 3159 4125 addidimus
3212 4087 3281 4125 ex
3311 4071 3511 4138 Coisl.,
3552 4073 3691 4143 Reg.

2055 4142 2196 4205 Hoc,
2229 4141 2501 4207 Casaub.,
2531 4141 2700 4195 Grod.

2126 4213 2199 4281 (5)
2244 4210 2588 4287 -’-Δφορίσει.-
2620 4214 2759 4287 R_oe_,
2793 4212 3085 4287 “Casaub.,
3145 4213 3381 4287 ᾀφοριεῖ,
3435 4218 3500 4287 ut
3532 4213 3592 4268 in
3624 4215 3698 4267 Ε-

2053 4264 2347 4373 Ῡίιῇἐξξίοἶ
2399 4264 2969 4373 Ῥιοηάπὸνβιϐλξου,
3012 4264 3095 4373 ’ςειέ
3154 4264 3502 4373 ιίἷρτέολξίιθλο
3532 4287 3695 4373 Reg.,

2054 4353 2160 4406 ἀπὸ
2185 4353 2338 4426 βίου,
2375 4371 2442 4408 ccc
2470 4356 2605 4408 vita.
2668 4353 2810 4410 Nam
2864 4355 3128 4426 loquitur
3182 4357 3441 4428 Cyrillus
3471 4373 3593 4411 non
3622 4353 3695 4411 de

1979 4404 2023 4467 Ῑ)
2054 4425 2306 4499 Christo,
2341 4425 2444 4499 sed
2468 4426 2572 4499 __de
2631 4427 2891 4496 opilione
2922 4434 2981 4482 et
3010 4433 3260 4499 pastore
3292 4428 3695 4499 armenti,cui

2055 4492 2351 4571 Christum
2375 4495 2641 4571 judicem
2670 4492 3178 4571 comparatflmco
3208 4496 3291 4560 τίς
3320 4504 3455 4554 ante
3486 4492 3694 4571 πρόϐα-

2053 4587 2167 4635 τον,
2196 4568 2595 4639 scripsimus,
2653 4567 2730 4637 τί,
2788 4567 2860 4624 ex
2915 4570 3084 4625 codd.
3120 4573 3239 4625 Iioe
3271 4577 3330 4625 et
3358 4567 3605 4626 Casaub.
3641 4576 3700 4625 et

2058 4638 2231 4713 Crod.
2260 4661 2274 4703 ;
2306 4656 2426 4694 non
2452 4640 2611 4713 enim
2640 4640 2734 4713 hic
2753 4640 2826 4695 de
2848 4640 3212 4713 hominibus,
3229 4641 3341 4713 sed
3363 4641 3433 4696 de
3456 4642 3701 4713 pecudi-

2057 4710 2168 4764 bus
2199 4716 2288 4765 est
2317 4727 2531 4787 sermo.
2568 4712 2863 4787 Sed_ante
2921 4706 3129 4787 ἔριφος,
3186 4706 3265 4771 τίς
3320 4706 3697 4787 retinuimus,

2058 4798 2399 4855 quanquam
2431 4782 2547 4836 duo
2578 4783 2811 4855 codices
2853 4782 3029 4854 prius
3067 4784 3382 4839 memorati
3413 4785 3509 4839 hic
3540 4801 3698 4855 quo-

2059 4869 2173 4923 que
2204 4856 2255 4906 τί
2283 4854 2646 4925 adscriptum
2673 4854 2949 4909 habeant.

2132 4923 2625 4997 (meai-caua,
2687 4931 2797 4980 etc.
2859 4928 3023 4997 Reg.,
3081 4925 3258 4981 Coisl.
3314 4927 3501 4996 Colb.,
3534 4927 3698 4983 Bodl.

2060 4993 2299 5068 067’6u
2329 4993 2391 5048 τὸ
2428 4993 2544 5068 μὲν,
2577 5001 2688 5051 etc.
2721 5013 2899 5051 nonne
2928 4993 3085 5051 εξεέο
3116 4999 3283 5068 quod,
3317 5004 3430 5053 etc.

2132 5067 2211 5143 (η
2231 5090 2257 5117 ‹‹
2285 5067 2470 5121 Simul
2495 5073 2785 5143 prmsente
2808 5068 3027 5143 §piritu
3052 5075 3276 5143 sancto.
3303 5091 3331 5120 »
3356 5069 3704 5143 Ubicunque

2062 5138 2316 5219 _Spi_ritqs
2338 5138 2524 5219 sancti
2551 5138 2930 5219 praesentiam
2956 5141 3263 5219 conjungit
3292 5158 3427 5197 cum
3446 5138 3625 5219 Patre
3648 5150 3709 5199 et

2062 5209 2229 5264 Filio.
2264 5209 2356 5263 Sic
2382 5209 2626 5279 Procat.,
2658 5227 2821 5265 num.
2860 5214 2941 5278 15,
2977 5209 3252 5268 eumdem
3283 5230 3418 5269 cum
3446 5216 3617 5272 Patre
3649 5222 3710 5272 et

2061 5280 2611 5356 Filio_in_baptismi
2663 5281 3060 5356 celebratione
3108 5291 3468 5356 praesentem
3498 5287 3707 5343 adesse

2064 5352 2164 5429 ait.
2186 5351 2357 5429 _Feri_t
2385 5352 2584 5407 forsan
2617 5369 2717 5429 eos
2746 5353 2847 5424 qui
2897 5354 3095 5410 nullas
3109 5351 3197 5429 'in
3222 5362 3520 5428 postremo
3544 5359 3709 5429 judi-

2065 5423 2154 5478 cio
2184 5423 2436 5506 Spiritus
2468 5424 2655 5506 sancti
2707 5423 2904 5506 partes
2963 5443 3091 5506 esse
3151 5423 3429 5506 aiebant}
3463 5423 3584 5506 Ἐπὶ
3612 5432 3710 5506 του

2064 5491 2257 5571 καιρογῧ
2312 5499 2412 5571 τῆς
2468 5491 2935 5571 προσδοκωμένης
3001 5495 3311 5571 ἐπιφανείας
3346 5497 3422 5571 ,ἐξ
3475 5500 3711 5567 οὐρανοῦ

2065 5564 2168 5645 τοῐξ
2191 5564 2415 5636 Κυρίου,
2468 5564 2775 5645 ἀσυντελὶς
2814 5564 2899 5621 τὸ⁷
2934 5564 3152 5645 Πνετρμξα
3201 5570 3263 5624 τὸ
3320 5564 3496 5645 δίγιρνἶ
3525 5564 3713 5645 Quam

2065 5636 2440 5713 Arianorum,
2474 5636 3290 5713 reaneumatomachorum,
3323 5636 3425 5713 qui
3453 5643 3578 5697 sine
3606 5641 3713 5695 du-

2068 5710 2164 5764 bio
2198 5710 2270 5765 ab
2303 5710 2538 5766 Arianis
2568 5712 2910 5782 hauserant,
2934 5714 3277 5786 opinionem
3300 5710 3548 5785 castigat
3576 5728 3715 5767 san-

3356 5837 3434 5896 29
