4138 6264
388 357 506 418 909

1110 344 1591 411 CATEGHESIS
1635 345 1763 406 XV.
1810 344 1915 404 DE
1957 343 2330 407 SECUNDO
2373 347 2687 409 CHRISTI
2729 350 3100 412 ADVENTU

3683 354 3802 413 9t0

390 483 724 547 σπουδαίως.
755 478 974 537 Πολλαί
1008 476 1163 554 θύραι
1194 478 1295 547 τῆς
1323 475 1497 547 καλῆς
1554 473 1901 546 διοικήσεως.
1947 473 2034 542 Μή

2163 477 2381 536 animas
2412 478 2739 554 udjungere
2770 480 2955 553 [ﬁdei]
2985 487 3153 553 potes
3183 482 3247 537 ιι
3274 481 3452 539 facito
3485 484 3633 540 illud
3664 485 3800 540 dili-

384 598 468 638 τις
499 578 660 648 ἡμῶν
716 571 879 646 μόνον
928 567 1331 644 καταγνωσθεὶς
1389 560 1711 639 ἀποϐληθῇ,
1761 562 1853 618 ’ἱνα
1915 564 2049 637 μετᾶ

390 663 700 744 παρῥησίας
732 662 1130 732 ἀπαντήσωμεν
1154 662 1233 729 τῷ
1266 656 1464 728 αἰωνίῳ
1526 654 1744 732 βασιλεῖ
1793 659 2041 729 Χριστῷ,

388 742 480 829 τῶ·
506 751 851 832 βασιλεύοντι
883 749 959 813 εἷς
995 748 1127 810 τοὺς
1186 747 1403 808 αἰῶνας.
1468 742 1751 802 Βασιλεύει
1806 744 1908 818 γὰρ
1969 742 2043 804 εἷς

387 847 515 908 τοὺς
566 845 791 915 αἰῶνας,
850 842 877 895 ὁ
934 838 1131 915 κρίνων
1193 842 1398 906 ζῶντας
1455 835 1542 890 καὶ
1599 834 1846 910 νεκροὺς,
1911 834 2041 906 ὑπὲρ

394 937 611 1007 ζώντων
645 931 839 1006 (Uxori
892 933 1094 1005 νεκρῶν
1156 925 1462 983 ἀποθανών·
1522 925 1613 980 καὶ
1669 925 1849 988 καθὼς
1904 929 2043 980 Παῦ.

393 1025 491 1088 λός
524 1043 709 1103 φησω.
773 1019 866 1083 Εξις
924 1023 1084 1074 τοῦτο
1140 1017 1242 1093 γὰρ
1296 1018 1324 1071 ὁ
1382 1016 1612 1091 Χριστὸς
1665 1011 1895 1078 ἀπέθανε
1950 1013 2039 1069 καὶ

391 1102 603 1185 ἔζησεν,
634 1112 722 1167 ἳνα
751 1109 839 1164 καὶ
871 1112 1073 1183 νεκρῶν
1106 1106 1196 1161 καὶ
1230 1106 1446 1175 ζώντων
1476 1102 1755 1179 κυριεύσῃ.

461 1294 574 1348 ΚΖῖ
612 1288 721 1348 Κᾶν
754 1288 888 1344 ποτέ.
936 1307 1084 1347 τινος
1137 1286 1373 1359 ἀκούσῃς
1430 1281 1706 1359 λέγοντος,
1759 1281 1842 1337 ὅτι
1884 1281 2041 1345 τέλος

387 1378 835 1457 ἔχειὴΧριστοῦ
871 1373 1145 1451 βασιλεία,
1211 1373 1442 1446 μίσησον
1503 1372 1602 1440 τὴν
1665 1369 1887 1445 αἵρεσιν·
1944 1374 2041 1425 τοῦ

391 1468 687 1545 δράκοντός
720 1468 861 1523 ἐστιν
923 1463 1069 1534 ἄλλη
1115 1460 1351 1539 κεφαλὴ,
1399 1461 1728 1535 προσφάτως
1769 1459 1891 1533 περῖ
1938 1460 2039 1528 τήν

392 1560 659 1614 Γαλατίαν
688 1557 998 1634 ἀναφυεῖσα.
1066 1549 1372 1623 Ἐτόλμησὲ
1423 1571 1503 1612 τις
1700 1549 1896 1624 λέγειν,
1955 1549 2038 1603 ’ὁτι

396 1648 531 1723 μετᾶ
559 1649 621 1703 τὸ
668 1646 827 1706 τέλος
885 1646 982 1697 τοῦ
1034 1641 1244 1714 κόσμον)
1277 1641 1305 1694 ὁ
1337 1639 1572 1714 Χριστὸς
1620 1638 1683 1693 οὐ
1737 1636 2036 1713 βασιλεύει·

393 1738 485 1793 καὶ
512 1736 814 1808 ἐτόλμησεν
870 1732 1058 1799 εἰπεῖν,
1117 1729 1257 1785 ὅτιὸ
1290 1728 1468 1803 Λόγος
1516 1726 1575 1782 ἐκ
1627 1727 1839 1802 Πατρὸς
1892 1725 2037 1796 ἔξελ-

2154 575 2379 640 genter.
2414 571 2606 625 Multa)
2640 576 2780 626 sunt
2807 570 3106 642 praeclara
3148 570 3684 631 administrationis
3706 575 3799 647 ja-

2154 675 2310 714 nuze.
2344 662 2616 727 Tantum,
2650 677 2724 714 ne
2756 660 2889 731 quis
2921 677 2989 715 ex
3021 660 3193 715 nobis
3236 661 3665 719 condemnatus
3695 664 3800 719 ab-

2145 747 2410 818 jiciatur,
2437 754 2502 803 ut
2530 765 2663 803 cum
2697 749 2916 803 ﬁducia
2972 766 3354 805 occurramus
3404 758 3624 807 aeterno
3676 755 3799 825 regi

2153 837 2382 891 Christo
2417 838 2515 907 qui
2547 844 2755 909 regnat
2784 837 2845 892 in
2879 839 3114 893 saecula.
3150 841 3373 911 Regnat
3403 841 3562 895 enim
3594 842 3655 895 in
3690 859 3802 897 sm-

2152 924 2307 991 cula,
2341 925 2697 997 quijudicat
2751 927 2905 982 vivos
2956 934 3013 981 et
3061 934 3345 998 mortuos,
3397 947 3503 1001 pro
3552 930 3694 986 vivis
3744 936 3803 987 et

2151 1014 2402 1069 mortuis
2436 1022 2724 1070 mortuus.
2762 1019 2827 1070 Et
2858 1016 3009 1071 sicut
3040 1017 3256 1072 Paulus
3288 1018 3469 1073 dicit:
3502 1042 3529 1069 «
3564 1019 3651 1075 Ad
3688 1021 3801 1076 hoc

2152 1126 2179 1152 «
2216 1104 2374 1158 enim
2405 1104 2671 1160 Christus
2713 1110 2803 1160 est
2836 1111 3128 1175 mortuus,
3163 1110 3221 1161 et
3248 1107 3406 1177 vixit,
3442 1113 3507 1163 ut
3555 1114 3611 1164 et
3642 1126 3802 1165 mor-

2151 1211 2181 1244 ιι
2215 1193 2330 1247 tuis
2362 1198 2419 1247 et
2448 1193 2589 1248 vivis
2621 1194 2964 1250 dominetur
2987 1194 3010 1229 3
3046 1217 3092 1249 ι.

2222 1280 2431 1337 XXVII.
2466 1283 2631 1347 Quod
2670 1284 2717 1337 si
2747 1283 2897 1339 forte
2956 1285 3219 1356 aliquem
3268 1285 3563 1344 audiveris
3605 1288 3801 1345 dicen-

2151 1374 2290 1439 tem,
2325 1371 2481 1442 quod
2510 1372 2690 1427 ﬁnem
2726 1372 2940 1428 habeat
2970 1375 3182 1429 Christi
3228 1392 3474 1445 regnum
3527 1378 3600 1449 (5)
3646 1379 3798 1435 hanc

2151 1461 2424 1515 hzeresim
2457 1478 2761 1516 exsecrare
2788 1480 2800 1529 ;
2834 1462 3109 1518 draconis
3141 1469 3230 1518 est
3258 1465 3512 1521 alterum
3552 1474 3729 1540 caput
3752 1468 3796 1538 ⁴,

2150 1550 2308 1620 quod
2343 1550 2662 1605 novissime
2693 1551 2849 1607 circa
2907 1552 3191 1608 Galatiam
3243 1556 3551 1610 sucerevit.
3606 1560 3798 1613 Ausus

2150 1644 2239 1694 est
2270 1639 2511 1710 quidam
2543 1641 2616 1711 (6)
2649 1640 2867 1709 dicere,
2902 1648 3036 1712 post
3064 1643 3270 1697 mundi
3303 1645 3483 1699 ﬁnem
3513 1652 3800 1717 regnatu-

2146 1745 2279 1783 rum
2311 1746 2429 1784 non
2462 1746 2591 1785 esse
2622 1730 2956 1786 Christum:
2991 1748 3099 1787 nec
3131 1734 3519 1804 pronuntiare
3580 1737 3801 1793 veritus

393 1827 524 1893 θὼν,
560 1823 721 1885 οὗτος
755 1822 830 1884 εἲς
857 1818 1069 1892 ΙΙατὲρα
1125 1817 1290 1873 πᾶλιν
1348 1814 1630 1880 ἀναλωθεὶς
1674 1815 1854 1870 οὐκέτι
1905 1815 2036 1885 ἐστὶ,

2163 1823 2255 1886 εει,
2291 1819 2449 1890 quod
2481 1818 2737 1875 Verbum
2770 1836 2799 1874 e
2832 1821 3000 1876 Patre
3034 1824 3567 1895 egressum,ipsum
3592 1843 3801 1882 rursus

396 1915 738 1991 βλασφημῶν
770 1911 834 1965 τὰ
864 1913 1089 1965 τοιαῦτα
1122 1908 1241 1962 καθ’
1293 1906 1506 1961 ἑαυτοῦ.
1561 1904 1639 1962 Οὐ
1684 1906 1786 1980 γὰρ
1834 1906 2039 1973 ἢκουσε

388 2008 488 2059 τοῦ
518 2001 723 2077 Κυρίου
754 1999 1028 2074 λέγοντος*
1062 1998 1122 2054 Ὁ
1168 1996 1295 2056 Υἱὸς
1357 1993 1502 2067 μένει
1563 1994 1638 2056 εἷς
1695 1994 1785 2049 τὸν
1846 1993 2037 2050 αἶῶνα.

393 2095 509 2152 Ούκ
551 2091 754 2163 ἤκουσε
806 2094 904 2146 τοῦ
962 2083 1211 2161 Γαϐριὴλ
1271 2085 1540 2161 λὲγοντοςο
1603 2086 1703 2141 Καὶ
1785 2083 2039 2160 βασιλεύ-

391 2204 469 2239 σει
530 2182 617 2238 ἐπὶ
673 2182 765 2235 τὸν
823 2180 973 2234 οἷκον
1030 2170 1226 2233 Ἰακὼϐ
1290 2175 1366 2237 εἷς
1452 2173 1573 2235 τοὺς
1645 2178 1866 2243 αἰῶνας,
1950 2172 2041 2229 καί

388 2275 488 2338 τῆς
561 2268 842 2347 βασιλείας
903 2265 1068 2321 αὐτοῦ
1127 2264 1226 2319 οὒκ
1283 2261 1428 2318 ἔσται
1484 2261 1664 2325 τέλος.
1752 2264 2040 2333 Σκύπησον

393 2363 456 2416 τὸ
486 2359 805 2434 λεγόμενον·
839 2354 1116 2429 ἅνθρωποι
1149 2358 1237 2407 νῦν
1289 2351 1551 2428 αἰρετικοὶ
1597 2353 1732 2407 κατὰ
1774 2356 1869 2407 τοῦ
1916 2355 2043 2428 Χρι-

397 2454 526 2505 στοῦ
572 2453 644 2523 (3)
707 2445 1040 2515 διδάσκουσι,
1099 2443 1186 2497 καὶ
1242 2436 1549 2517 Γαϐριήλὸ
1581 2439 1924 2517 ἀρχάγγελος
1981 2442 2047 2497 τὰ

398 2538 525 2613 περὶ
580 2541 682 2603 τῆς
732 2532 957 2591 αἰωνίου
1016 2530 1283 2606 διαμονῆς
1345 2533 1442 2585 τοῦ
1497 2536 1759 2602 Σωτῆρος
1818 2528 2042 2601 ἐδίδαξε·

399 2627 513 2682 Τίνι
549 2624 759 2700 μᾶλλον
793 2625 887 2678 οὗν
914 2620 1225 2692 πιστεύειςς
1287 2618 1413 2694 οὐχὶ
1476 2620 1578 2693 ἄρα
1624 2624 1705 2692 τῷ
1758 2614 2044 2696 Γαϐριήλ;

400 2718 511 2786 Τὴν
576 2715 872 2790 μαρτυρίαν
923 2712 1021 2775 τὴν
1081 2713 1356 2786 παροῦσαν
1396 2712 1494 2763 τοῦ
1545 2706 1749 2777 Δανιὴλ
1793 2708 2046 2764 ἃκουσον·

404 2805 704 2880 Ἐθεώρουν
757 2802 810 2856 ἐν
868 2798 1104 2876 ὁράματι
1162 2805 1262 2868 τῆς
1320 2797 1534 2864 νυκτὸς,
1590 2798 1680 2851 καὶ
1736 2794 1854 2852 ἰδοὺ
1918 2798 2051 2871 μετὰ

403 2899 510 2948 τῶν
588 2890 830 2970 νεφελῶν
908 2893 1005 2945 τοῦ
1092 2887 1323 2961 οὐρανοῦ
1408 2886 1482 2948 ὡς
1556 2885 1678 2948 Υἱὸς
1762 2885 2051 2961 ἀνθρώπου

401 2982 724 3059 ἐρχόμενος,
781 2980 871 3035 καὶ
944 2975 1050 3040 ἕως
1136 2981 1234 3030 τοῦ
1317 2973 1564 3030 Παλαιοῦ
1641 2979 1748 3029 τῶν
1825 2977 2048 3049 ἡμερῶν

397 3071 593 3148 ἔφθασε
810 3068 909 3123 Καὶ
967 3067 1113 3138 αὖτῷ
1169 3064 1330 3136 ἐδόθη
1363 3066 1420 3137 ζὴ
1448 3065 1609 3137 τιμὴ,
1662 3064 1751 3119 καὶ
1808 3067 1843 3134 ἡ
1902 3067 2049 3142 ἀρχὴ

399 3163 488 3217 καὶ
521 3164 556 3232 ἠ
590 3157 860 3235 βασιλεία·
902 3156 990 3211 καὶ
1048 3154 1243 3215 πάντες
1304 3154 1356 3208 οἱ
1414 3151 1567 3225 λαοὶ,
1626 3152 1813 3231 φυλαὶ,
1862 3153 2048 3230 γλῶσ-

2148 1908 2208 1963 in
2227 1910 2459 1964 Patrem
2483 1909 2809 1964 resolutum
2831 1911 3087 1982 amplius
3116 1926 3237 1966 non
3272 1913 3383 1966 erit
3406 1930 3419 1981 ;
3450 1913 3593 1969 talia
3622 1914 3683 1970 in
3707 1915 3797 1970 sui

2148 1997 2334 2068 ipsius
2360 1998 2682 2069 perniciem
2710 1998 3059 2071 blasphema
3087 2017 3350 2057 vomens.
3373 2003 3496 2056 Non
3520 2004 3678 2058 enim
3701 2020 3802 2059 au-

2150 2085 2293 2140 divit
2313 2087 2629 2141 Dominum
2651 2086 2947 2142 dicentem
2970 2102 2982 2140 :
3004 2087 3180 2143 Filius
3200 2097 3383 2144 manet
3402 2092 3462 2143 in
3482 2092 3737 2146 saeculum
3749 2089 3793 2149 ⁵.

2150 2176 2273 2230 Non
2309 2175 2530 2230 audivit
2560 2174 2891 2230 Gabrietem
2923 2175 3219 2231 aientem:
3258 2199 3285 2228 ‹‹
3304 2179 3374 2231 Et
3402 2176 3673 2249 regnabit
3702 2194 3799 2233 su-

2153 2287 2181 2315 ‹‹
2205 2282 2311 2336 per
2331 2265 2571 2319 domum
2593 2265 2767 2320 Jacob
2793 2265 2853 2319 in
2878 2266 3113 2333 smcula,
3133 2270 3193 2321 et
3211 2267 3374 2339 regni
3402 2268 3530 2339 ejus
3552 2284 3672 2323 non
3693 2266 3807 2322 erit

2159 2375 2184 2406 ι
2208 2354 2345 2411 ﬁnis
2361 2355 2382 2388 ⁸
2402 2380 2423 2407 ο
2439 2354 2602 2410 .Vide
2621 2353 2781 2425 quod
2807 2354 3024 2410 dicitur
3044 2373 3057 2412 :
3077 2372 3236 2411 nunc
3251 2356 3524 2411 homines
3546 2357 3810 2412 haeretici

2157 2449 2364 2500 contra
2393 2444 2691 2498 Christum
2716 2444 2932 2499 docent
2955 2463 2969 2511 ;
2994 2449 3052 2499 et
3074 2445 3305 2500 Gabriel
3325 2446 3716 2519 archangelus
3738 2445 3809 2501 de

2156 2538 2444 2605 perpetua
2477 2532 2792 2588 Salvatoris
2825 2534 3247 2605 permansione
3288 2533 3508 2591 docuit.
3560 2535 3808 2591 Cuinam

2159 2639 2294 2693 ergo
2328 2621 2514 2693 magis
2546 2622 2723 2677 ﬁdem
2747 2622 3030 2678 adhibeas
3051 2622 3079 2678 ’ἶ
3103 2639 3302 2677 nonne
3326 2622 3580 2678 Gabrieli
3603 2623 3631 2677 ?
3651 2625 3807 2679 Prte-

2159 2728 2297 2767 sens
2329 2711 2589 2766 Danielis
2620 2712 3030 2767 testimonium
3063 2712 3231 2767 audi:
3257 2734 3285 2762 «
3314 2711 3594 2768 Videbam
3625 2713 3688 2768 in
3718 2713 3805 2768 vi-

2165 2824 2185 2851 ε
2219 2803 2384 2857 sione
2408 2803 2621 2870 noctis,
2656 2808 2712 2857 et
2743 2818 2877 2857 ecce
2900 2819 3031 2857 cum
3066 2801 3326 2857 nubibus
3358 2801 3488 2857 caeli
3521 2808 3807 2875 tanquam

2161 2913 2187 2939 ‹‹
2214 2891 2397 2945 Filius
2427 2891 2690 2945 hominis
2722 2890 2963 2945 veniens
2989 2908 3002 2955 ;
3038 2896 3095 2945 et
3124 2892 3278 2947 240
3308 2907 3498 2961 usque
3524 2891 3598 2947 ad
3628 2894 3804 2947 Anti-

2162 3001 2189 3029 ‹‹
2216 2996 2353 3050 qum
2380 2979 2610 3034 dierum
2631 2980 2917 3051 pervenit.
2949 2981 3020 3034 Et
3038 2978 3210 3034 datus
3242 2984 3331 3035 est
3361 2980 3473 3051 ipsi
3504 2980 3716 3047 honor,
3751 2987 3809 3037 et

2162 3091 2190 3120 «
2218 3069 2607 3140 principatus,
2632 3074 2689 3122 et
2710 3085 2976 3141 regnum.
3012 3069 3081 3123 Et
3111 3086 3318 3124 omnes
3344 3069 3568 3140 populi,
3594 3070 3806 3140 tribus,

2165 3181 2192 3208 ‹‹
2220 3159 2436 3231 linguas
2450 3158 2708 3213 servient
2723 3158 3131 3229 ipsi.Potestas
3154 3160 3809 3230 ejus,potestaszeterna

426 3216 429 3217 ν
545 3216 599 3235 ι.
1554 3216 1566 3225 ι
1638 3216 1648 3231 .
1801 3216 1810 3223 ν
1876 3216 1886 3230 .

408 3271 519 3320 σαι,
580 3245 934 3304 δουλεύουσιν
988 3244 1155 3316 αὐτῷ.
1213 3243 1276 3299 Ἣ
1346 3241 1556 3315 ἐξουσία
1632 3242 1815 3313 αὐτοῢ,
1901 3242 2047 3315 ἐξου-

2163 3268 2192 3301 α
2216 3265 2347 3319 qua)
2369 3264 2488 3302 non
2512 3247 2983 3318 pertransibit,et
3002 3264 3251 3320 regnum
3266 3249 3394 3320 ejus
3411 3265 3532 3304 non
3546 3249 3808 3306 destrue-

400 3340 488 3394 σία
546 3338 791 3407 αἲώνιος,
849 3334 972 3406 ἥτις
1048 3333 1109 3389 ού
1194 3329 1603 3407 παρελεύσεται·
1663 3333 1752 3387 καὶ
1807 3336 1841 3403 ἠ
1898 3335 2052 3410 βασι-

471 3473 491 3507 ²
524 3471 651 3526 Act.
686 3486 744 3538 ιι,
776 3470 863 3522 42.
941 3464 964 3499 ³
996 3468 1161 3522 Rom.
1198 3481 1306 3529 xw,
1339 3466 1392 3520 9.

1469 3464 1490 3497 ⁴
1519 3465 1700 3536 Apoc.
1730 3481 1827 3533 xu,
1862 3466 1913 3522 3.

471 3598 546 3668 (1)
575 3594 736 3668 Ὑπὲρ
772 3592 1031 3668 ζώντωνι.
1067 3588 1399 3668 ᾼΓιὶοιιιιιιιι
1486 3594 1622 3644 ante
1644 3587 1776 3668 ὑπὲρ
1810 3589 2047 3660 ζώντων,

401 3660 485 3723 ex‘
501 3660 672 3723 codd.
705 3660 952 3720 Casaub.
987 3669 1045 3719 et
1074 3664 1217 3727 Roe,
1265 3660 1619 3725 abrasimus,
1672 3660 1757 3715 ut'
1784 3679 2046 3720 servare-

399 3746 496 3795 tur
524 3741 608 3794 vis
639 3736 942 3809 Cyrilliani
976 3732 1293 3809 ratiocinii,
1328 3749 1454 3809 quo
1473 3733 1556 3787 ait
1586 3738 1643 3787 et
1673 3748 1744 3787 ex
1768 3735 2049 3804 Apostolo

401 3811 633 3882 probat,
661 3804 958 3882 Christum
990 3806 1211 3882 idcirco
1243 3804 1649 3882 viventiumet
1678 3811 2050 3882 mortuorum

402 3875 472 3937 ex
501 3875 663 3953 regia
693 3879 978 3953 dignitate
1002 3877 1269 3953 judicem
1302 3892 1452 3953 esse,
1483 3875 1623 3948 quia
1645 3893 1749 3947 pro
1782 3880 2050 3953 utrisque

401 3947 673 4009 mortuus
719 3947 825 4006 est.
863 3949 973 4004 Sed
1004 3947 1245 4003 eosdem
1278 3947 1513 4018 codices
1554 3963 1674 4001 non
1724 3947 2050 4018 sequimur.

405 4026 548 4097 dum
580 4040 684 4097 pre
727 4020 1036 4097 ἀποθανών,
1084 4020 1326 4097 habeut,
1372 4017 1650 4097 ἀπέθανεν.
1705 4017 1911 4097 Verba,
1960 4020 2051 4074 καὶ

403 4089 614 4167 ἔζησεν,
651 4095 867 4167 desunt
902 4093 964 4146 in
998 4091 1210 4167 _co_dd._
1254 4092 1371 4167 [ioc
1431 4096 1489 4144 et
1532 4089 1780 4167 Gas_aub_.
1832 4096 1904 4167 {tt
1946 4110 2053 4165 pro

404 4159 613 4236 ἔζήσενξ
648 4166 864 4221 Paulus
898 4163 1154 4234 scripsit,
1187 4159 1476 4236 ἀνέζησεν,Δ
1501 4162 1603 4215 sed
1637 4161 1808 4236 lectio
1842 4159 2051 4232 ἔζησεν.

404 4232 530 4295 Job.
566 4238 815 4292 Millesio
851 4232 1077 4307 Prolog.
1112 4250 1169 4288 n.
1202 4236 1325 4299 763,
1360 4232 1553 4307 aptior
1598 4232 1851 4307 videtur,
1903 4237 2053 4290 anti-

409 4312 622 4366 thesim
680 4310 836 4363 inter
892 4300 1145 4367 ἀπέθανεν
1207 4309 1266 4357 et
1312 4300 1540 4376 νειῲῶν,
1614 4310 1672 4358 et
1753 4300 1941 4374 ἔζησεν
1999 4312 2058 4361 et

408 4382 623 4451 ζώντων
659 4380 875 4451 melius
898 4393 1278 4451 conservans.

476 4456 553 4525 (2)
596 4448 914 4525 Ἐτόλμησά
965 4468 1069 4525 τιςὶ
1131 4450 1346 4525 Vocem
1404 4464 1484 4525 τις
1529 4445 1926 4525 ascripsimus
1985 4464 2050 4504 ex

2164 4455 2254 4525 est
2279 4449 2438 4519 quod
2460 4450 2661 4525 in_illis

406 4516 576 4581 codd.
610 4516 1006 4594 Coisl','Reg.,
1041 4523 1179 4585 Roe,
1213 4517 1485 4594 casau_b.,
1522 4516 1737 4594 .Ottob._.
1772 4518 1944 4594 Crod.

478 4598 552 4665 (3)
585 4595 727 4648 Κατὰ
782 4587 878 4647 τοῦ
930 4587 1193 4664 Χριστοῦ.
1256 4590 1460 4665 Editi,_
1487 4587 1577 4665 15L
1607 4588 1771 4665 κατὰᾲ
1800 4590 2050 4662 Χριστοῦ.

407 4659 739 4722 Articulum
764 4666 831 4719 τά
859 4659 1177 4734 rejecimus
1208 4677 1277 4717 ex
1309 4659 1508 4734 Coisl.,
1546 4661 1707 4734 Reg_.,
1742 4659 1880 4717 Boe.

478 4741 554 4808 (4)
582 4739 838 4829 ’ἒΕιρθαιὶς
877 4729 1027 4829 ῐζὸεξ
1048 4729 1239 4829 ἓιξθασε
1271 4733 1498 4820 addunt
1527 4729 1696 4788 COdd.
1728 4735 1890 4803 Reg.,
1914 4735 2056 4800 R00,

408 4802 749 4866 Casaub.‘et
778 4808 977 4875 Grod.,
1009 4802 1241 4859 ἐνώπιον
1299 4802 1483 4857 αὐτοῦ.
1534 4820 1716 4876 coram
1766 4802 1865 4873 eo;
1928 4823 2058 4876 quae

408 4899 576 4937 voces
608 4882 669 4936 in
703 4880 908 4936 Bibliis
932 4878 1231 4934 Vaticanis
1263 4876 1499 4941 desunt,
1534 4875 1833 4930 habentur
1860 4875 2061 4933 tamen

326 4968 337 4972 ‘
407 4953 469 5009 in
502 4953 736 5008 Aldinis
759 4958 815 5007 et
846 4951 1140 5022 Complut.
1176 4948 1324 5022 etin
1356 4946 1484 5022 eqd.
1521 4946 1609 5000 Al.
1644 4952 1702 5001 et
1731 4949 1888 5022 apud
1910 4950 2060 5004 mnl-

409 5029 500 5079 tos
532 5026 756 5080 Patres.
793 5019 1495 5094 Easne'legeritCyril‘lus
1522 5024 1724 5094 noster
1746 5019 2061 5092 incertum,

411 5112 546 5152 cum
580 5102 919 5167 sequentes,
949 5091 1040 5146 καὶ
1073 5086 1451 5165 υπροστβέχθη
1500 5086 1684 5159 αὐτοῦ,
1730 5086 2062 5161 praetermil

410 5168 573 5224 serit.

482 5242 551 5301 t3}
578 5238 737 5305 Quod
764 5243 926 5310 ﬁnem
958 5237 1158 5310 habeat
1203 5234 1418 5310 Christi
1468 5246 1720 5310 regnum,
1763 5237 2067 5310 etc._Mar-

410 5302 629 5367 cellum
664 5302 1045 5383 Ancyranum
1077 5305 1383 5383 intelligit,
1411 5302 1905 5383 tametsi_uo_mini
1930 5324 2066 5383 par-

409 5387 541 5449 cat;
580 5383 680 5453 qui
714 5373 849 5437 cuin
881 5381 1163 5454 adversus
1195 5373 1494 5454 Asterium
1521 5373 2071 5454 ‘S.ophi_stam_A_ria—

410 5444 831 5519 num,'librum
886 5451 1227 5522 scripsisset
1283 5447 1355 5502 ad
1407 5444 2072 5522 explicandumjocum

409 5524 679 5596 Apostoli
712 5525 786 5579 de
818 5524 949 5579 Filii
982 5518 1352 5596 subjectione
1386 5518 2072 5596 erga_l’atrem,Sabellii

410 5588 477 5650 et.
499 5596 667 5651 Pauli
717 5588 1150 5651 Samosatensis
1200 5588 1477 5646 haeresim
1524 5588 1870 5645 instaurare
1914 5591 2074 5648 visus

411 5672 519 5722 est.
549 5668 740 5733 Quare
764 5668 824 5722 in
848 5666 1102 5721 concilio
1124 5659 1663 5734 Hierosolymitano
1678 5676 1751 5714 an
1766 5661 1824 5715 ni
1850 5664 1950 5718 335
1975 5664 2074 5720 de-

408 5731 746 5811 prehensus
759 5739 829 5795 ab
846 5737 1140 5811 episcopis
1153 5734 1310 5807 quod
1322 5731 1501 5807 prava
1514 5731 2078 5793 sentiretetsenten—

1990 3467 2011 3502 ⁸
2041 3469 2206 3524 Joan.
2240 3484 2359 3537 vm,
2393 3469 2479 3522 35.

2163 3362 2190 3388 ‹‹
2217 3336 2343 3393 tur7
2358 3339 2550 3392 ».Haec
2572 3343 2707 3392 tene
2730 3337 3049 3409 potius,hic
3063 3338 3396 3410 credezquzn
3410 3356 3544 3394 vero
3558 3337 3803 3393 haeresis

2557 3467 2577 3501 ⁶
2607 3467 2740 3522 Luc.
2775 3484 2811 3535 ι,
2843 3470 2928 3522 32.
3007 3468 3026 3502 ⁷
3058 3468 3201 3523 Dan.
3234 3484 3332 3538 vn,
3368 3468 3453 3537 13,
3489 3470 3574 3523 14.

2158 3592 2302 3648 tiam
2324 3591 3015 3663 mutarejussus,librum
3043 3609 3102 3647 se
3122 3592 3240 3663 igni
3270 3591 3541 3647 daturam
3564 3591 3810 3662 pollici-

2160 3671 2253 3720 tus
2289 3670 2398 3719 est.
2427 3662 2836 3719 Constantium
2862 3670 3066 3735 postea
3097 3662 3275 3719 adivit
3308 3681 3323 3729 ;
3355 3680 3390 3719 a
3428 3681 3544 3735 quo
3566 3662 3640 3717 ad
3671 3679 3806 3717 con-

2160 3736 2363 3792 cilium
2396 3736 2501 3791 CP.
2536 3736 2677 3790 anni
2710 3738 2811 3789 336
2860 3736 3166 3799 remissus,
3202 3736 3616 3806 episcoporum
3666 3749 3808 3806 sen-

2163 3807 2347 3862 tentia
2370 3807 2700 3861 sacerdotio
2723 3806 2813 3877 dej
2826 3813 2989 3861 ectus
3015 3813 3120 3861 est.
3148 3803 3281 3860 Haec
3304 3823 3373 3859 ex
3391 3803 3807 3877 Socrate,lib.r

2160 3882 2328 3943 Hist,
2351 3895 2459 3948 cap
2507 3881 2594 3940 36,
2625 3884 2683 3933 et
2712 3879 2985 3943 Eusebio,
3017 3878 3122 3934 lib.
3157 3895 3195 3933 ιι
3228 3880 3415 3943 Contr,
3450 3876 3719 3939 Marcell.,
3749 3893 3807 3945 p.

2163 3953 2227 4004 55
2260 3956 2319 4004 et
2348 3952 2432 4004 56.
2463 3950 2625 4004 Idem
2658 3957 2854 4004 tamen
2886 3967 2919 4004 a
2951 3950 3202 4006 concilio
3234 3950 3401 4003 Rom.
3450 3964 3546 4002 an.
3603 3949 3705 4001 342
3753 3951 3813 4001 et

2163 4021 2495 4076 Sardicensi
2519 4038 2615 4077 an.
2641 4025 2742 4077 347
2766 4021 3095 4085 absolutus,
3114 4027 3311 4075 utrum
3342 4036 3473 4074 vere
3497 4018 3811 4073 haereticus

2163 4092 2342 4147 fuerit
2370 4093 2591 4148 criticis
2638 4093 2978 4164 disputandi
3010 4092 3383 4164 occasionem
3416 4090 3597 4164 dedit.
3646 4090 3703 4143 Si
3736 4089 3810 4143 lis

2164 4164 2276 4219 ista
2307 4181 2376 4218 ex
2406 4166 2645 4219 Patrum
2676 4162 3073 4219 et‘auctorum
3105 4162 3651 4219 ecclesiasticorum
3673 4177 3812 4215 sen—

2166 4236 2351 4307 tentia
2373 4236 2497 4289 testi
2509 4236 2724 4291 manda
2741 4237 2817 4291 sit
2839 4252 3251 4307 ;omnespene
3274 4239 3556 4289 accusant
3569 4231 3811 4307 Marcel-

2164 4306 2301 4378 lum
2322 4307 2493 4376 pauci
2526 4307 2874 4373 defendunt,
2910 4303 3290 4378 aliqui'dubii
3332 4307 3579 4378 haerent.
3628 4303 3685 4359 Si
3709 4319 3817 4378 ne;

2166 4374 2643 4433 conféssionibus
2668 4378 2825 4443 ﬁdei,
2850 4374 3107 4434 Marcelli
3132 4374 3815 4448 etdiscipulorum,nih_il

2689 4450 2814 4519 iure
2838 4448 3259 4519 reprehendas.
3295 4446 3443 4502 Si'ex
3468 4446 3812 4519 fragmentis

2164 4467 2254 4504 eet
2279 4467 2661 4519 quoumnus
2710 4467 2814 4504 ure
2838 4467 2898 4504 re
2947 4467 3259 4504 renenoas.
3295 4467 3349 4502 si
3374 4467 3443 4502 ex
3468 4467 3812 4519 iragmeuus

2164 4521 2451 4599 librorum
2484 4467 2714 4599 ejusai)
2742 4468 2997 4599 Euseﬁio
3030 4519 3424 4599 transcriptis,
3470 4517 3813 4599 Marcellum

2162 4592 2314 4648 forte
2337 4591 2407 4647 ab
2427 4589 2634 4647 haresi
2665 4592 3021 4652 Sabelliana.
3053 4597 3110 4647 et
3130 4589 3521 4662 personarum
3548 4589 3735 4662 Patris
3759 4590 3819 4642 et

2166 4664 2294 4719 Filii
2318 4664 2686 4729 confusione,
2711 4670 3012 4734 utcunque
3036 4660 3304 4718 absolves
3323 4706 3333 4718 .
3352 4662 3424 4716 ab
3447 4660 3816 4734 hearesivero

2172 4733 2242 4789 de
2284 4735 2545 4791 ﬁniendo
2579 4734 2793 4791 Christi
2842 4730 3046 4806 regno,
3098 4741 3156 4790 et
3207 4732 3537 4806 deserenda
3566 4748 3601 4787 a
3633 4730 3819 4806 Verbo

2172 4823 2352 4877 quam
2384 4814 2601 4862 nostra}
2647 4806 2855 4861 salutis
2896 4803 3073 4861 causa
3122 4806 3384 4876 suscepit
3430 4803 3822 4877 humanitate,

2171 4872 2263 4931 vix
2289 4894 2355 4931 ac
2377 4895 2451 4933 ne
2474 4879 2563 4932 vix
2588 4879 2861 4948 quidem:
2896 4877 3043 4933 adeo
3076 4872 3467 4932 diserta—sunt
3497 4876 3625 4948 ejus
3650 4872 3827 4929 verba

2173 4895 2263 4931 VlX
2289 4894 2355 4931 ac
2377 4895 2451 4933 ne
2474 4896 2563 4932 Vix
2588 4894 2861 4948 qnidem:
2896 4894 3043 4933 aueo
3076 4894 3297 4932 diserta
3328 4894 3467 4931 sunt
3497 4894 3625 5002 ejus
3650 4894 3825 4929 verba

2173 4949 2245 5005 ab
2270 4950 2545 5013 Eusebid,
2582 4950 2639 5004 in
2664 4951 2871 5022 primis
2896 4948 2998 5003 lib.
3024 4966 3074 5022 1_1_
3089 4950 3293 5022 Contra
3317 4948 3520 5022 Marcet
3546 4963 3636 5022 ιιῃι
3660 4963 3825 5022 com-

2174 5028 2524 5092 memorata,
2558 5018 2687 5092 pag:
2716 5025 2783 5076 50
2816 5027 2872 5075 et
2899 5024 2988 5074 51.
3024 5019 3079 5074 Si
3113 5019 3370 5092 denique
3405 5018 3707 5092 exjudicii
3737 5034 3831 5092 sy-

2182 5090 2521 5163 nodalibus,
2556 5088 2669 5146 erit
2699 5109 2839 5147 sane
2873 5092 3071 5163 potior
3095 5088 3481 5163 conciliorum
3501 5088 3830 5163 Romauiet

2181 5161 2568 5227 Sardicensis,
2602 5180 2779 5234 quam
2814 5160 3354 5234 lli—erosolymitani,
3387 5163 3493 5234 CP.
3514 5167 3573 5217 et
3601 5160 3825 5231 Philip-

2180 5234 2758 5360 Bopolitaniauctori
2771 5241 2873 5290 tas.
2892 5237 3029 5301 Quae
3045 5233 3243 5290 tamen
3256 5233 3541 5305 Cyrillum
3556 5237 3827 5287 nostrum

2228 5305 2483 5360 asilium.
2518 5311 2575 5360 et
2604 5308 2807 5360 Patres
2830 5323 2983 5360 nene
3005 5323 3212 5360 omnes
3241 5312 3359 5360 tam
3388 5305 3623 5360 Latinos
3647 5316 3826 5360 quam

2228 5305 2483 5373 asilium,
2518 5311 2575 5361 et
2604 5308 2807 5360 Patres
2830 5323 2983 5377 pene
3005 5323 3212 5361 omnes
3241 5312 3359 5361 tam
3388 5305 3623 5360 Latinos
3647 5316 3826 5377 quam

2184 5378 2415 5431 (ἱι-εοοοε
2446 5395 2564 5431 non
2588 5373 2909 5448 prohibuit.
2934 5379 3253 5448 quominus
3277 5377 3615 5432 Marcellum
3639 5373 3739 5428 alii
3762 5376 3831 5425 ut

2184 5457 2411 5522 certum
2442 5448 2812 5522 hmreticum,
2984 5450 3194 5505 saltem
3226 5450 3311 5522 uti
3343 5448 3595 5502 maxime
3628 5457 3830 5522 suspe-

2183 5526 2340 5575 ctum
2378 5520 2702 5575 haberent:
2736 5520 3176 5591 conciliumque
3231 5521 3336 5574 CP.
3389 5520 3824 5591 (ecumemcum

2183 5608 2223 5647 ιι
2255 5592 2664 5648 Marcellianos
2696 5592 2757 5647 in
2790 5592 2941 5646 veris
2973 5589 3268 5646 haereticis
3296 5589 3590 5647 numerat.

2264 5667 2337 5735 (6)
2369 5664 2679 5720 Marcellus
2708 5667 3074 5736 Ancyranus.
