4118 6264
448 308 569 371 913

1174 313 1655 378 CATECHESIS
1697 318 1823 378 XV.
1870 318 1970 377 DE
2015 318 2385 382 SECUNDO
2428 322 2739 385 CHRISTI
2782 325 3159 390 ADVENTU

3742 335 3861 398 914

453 443 580 500 ἀλλ’
637 441 719 500 ὅτι
776 445 867 501 καὶ
924 448 1049 502 τότε
1104 449 1384 522 ὑπακούει,
1452 454 1552 510 οὐκ
1607 456 1946 530 ἀναγκαστῆν
2000 454 2099 508 ὑπ-

2218 474 2316 527 per
2347 460 2448 531 '5):
2483 462 2584 516 sed
2618 464 2758 534 quia
2786 470 2927 521 tunc
2958 484 3193 539 quoque
3252 469 3509 539 obediet,
3551 488 3671 527 non
3719 490 3855 529 coa-

454 536 624 605 ακοὴν
658 533 829 611 ἔχων,
864 536 989 592 ἀλλ’
1022 537 1480 618 αὐτοπροαίρετον
1515 545 1836 611 εὐπείθειαν.
1868 544 1946 603 Οὐ
2003 544 2108 620 γὰρ

461 623 662 688 δοῦλός
689 625 850 695 ἐστιν,
879 625 971 682 ’ίνα
1000 629 1205 705 ἀνάγκῃ
1261 634 1527 711 ὑποταγῇ·
1571 634 1716 691 ἀλλὰ
1772 635 1895 697 Υἱός
1942 632 2107 689 ἐστιν·

456 715 551 770 ἳνα
581 717 892 792 προαιρέσει
924 717 1011 772 καὶ
1060 717 1394 797 φιλοστορίᾳ
1423 726 1642 799 πεισθῇ.

529 902 659 953 ΛΑ’.
695 895 1063 971 Ἐξετάσωμεν
1124 898 1182 954 δὲ
1253 900 1469 965 αὐτούς·
1521 903 1619 974 Τὸ,
1668 901 1831 979 ἄχρις
1885 904 1950 958 οὗ
2010 907 2107 977 (1),

455 983 493 1054 ἤ
523 986 609 1054 τὸ,
646 985 845 1061 μέχρις
878 987 967 1055 οὗ,
1001 988 1243 1043 ποταπόν
1280 990 1422 1047 ἐστιν
1458 1011 1471 1061 ;
1507 991 1652 1069 Ἐγὼ
1689 994 1789 1070 γὰρ
1845 993 1981 1067 αὐτῇ
2037 995 2107 1067 τῇ

459 1072 618 1146 λέξει,
681 1075 853 1149 ὁμόσε
910 1079 1194 1152 χωρήσας,
1254 1078 1547 1156 ἀνατρέψαι
1618 1086 1948 1158 πειράσομαι
2005 1082 2104 1150 τήν

455 1162 686 1235 πλάνην.
723 1162 946 1233 Ἐπειδή
996 1163 1307 1239 ἐτόλμησαν
1368 1168 1558 1242 εἰπεῖν,
1618 1171 1700 1225 ὅτι
1748 1170 1832 1241 τὸ,
1893 1169 2109 1245 Μέχρις

458 1252 520 1307 οὗ
578 1249 641 1308 ἄν
722 1255 791 1327 θῇ
844 1255 975 1317 τοὺς
1053 1254 1287 1332 ἐχθροὺς
1346 1256 1510 1313 αὐτοῦ
1568 1259 1671 1315 ὑπὸ
1726 1257 1854 1322 τοὺς
1934 1257 2108 1323 πόδας

456 1341 643 1412 αὐτοῦ,
678 1339 847 1413 δηλοῖ
896 1342 1063 1399 αὐτοῦ
1119 1346 1183 1400 τὸ
1239 1344 1419 1408 τέλος·
1480 1348 1571 1402 καὶ
1619 1347 1927 1421 ἐτόλμησαν
1960 1369 2109 1424 περι-

453 1432 656 1506 γράψαι
685 1433 785 1500 τήν
816 1432 1035 1487 αἰώνιον
1067 1435 1192 1507 ξτοῦ
1252 1433 1490 1510 Χριστοῦ
1552 1435 1848 1513 βασιλείαν,
1879 1436 1968 1492 καὶ
2018 1459 2108 1493 κα-

456 1522 726 1576 ταπαῦσαι
757 1526 839 1594 τῷ
886 1520 1038 1599 λόγῳ
1065 1524 1164 1594 τήν
1215 1525 1628 1581 ἀκατάπαυστον
1684 1525 1946 1597 ἐξουσίαν’
1982 1528 2109 1600 φέρε

462 1608 665 1682 τοίνυν,
697 1609 1006 1685 ἀναγνῶμεν
1035 1613 1103 1666 τὰ
1132 1612 1300 1686 ὃμοια
1330 1613 1381 1668 ἐν
1438 1619 1517 1686 τῷ
1572 1614 1918 1688 Ἀποστόλῳ.
1948 1614 2108 1671 Ἀλλ’

466 1694 806 1756 ἐϐασίλευσεν
894 1701 922 1755 6
993 1699 1221 1765 θάνατος
1270 1703 1377 1757 ἀπὸ
1435 1700 1616 1777 Ἀδὰμ
1689 1704 1851 1777 μέχρι
1937 1706 2107 1762 Μωϋ-

466 1785 792 1863 σέως.⁷Αρα
851 1789 1015 1864 μέχρι
1074 1789 1198 1845 τότε
1254 1791 1538 1863 ἀπέθανον,
1588 1793 1676 1847 καὶ
1737 1792 1915 1848 οὐκέτι
1976 1794 2109 1866 μετὰ
2139 1826 2185 1891 Β

464 1876 697 1934 Μωϋσέα
723 1877 866 1941 τινες
898 1877 1182 1949 ἀπέθανον,
1233 1879 1268 1949 ἢ
1335 1882 1468 1953 μετᾶ
1522 1880 1691 1955 νόμον
1737 1882 1915 1937 οὐκέτι
1948 1886 2106 1946 θάνα-

463 1986 555 2028 τος
582 1966 797 2042 γέγονεν
829 1968 1128 2041 ἀνθρώπων
1166 1988 1180 2039 ;
1240 1967 1416 2025 Ἀλλᾶ
1450 1966 1694 2045 βλέπεις,
1754 1970 1837 2026 ὅτι
1888 1972 1953 2026 τὸ
2009 1972 2107 2044 μέ-

466 2075 582 2132 χρι,
617 2055 781 2132 ῥητὸν
811 2055 873 2111 οὐ
933 2055 1138 2131 χρόνου
1196 2056 1306 2113 ἐστὶ
1357 2061 1781 2135 περιοριστικόνι
1838 2059 1964 2116 ἀλλ’
2020 2061 2103 2116 ’ὁτι

462 2149 622 2200 τοῦτο
656 2143 869 2219 μᾶλλον
902 2143 1176 2216 ἐδήλωσεν
1206 2147 1234 2201 6
1282 2146 1522 2218 Παῦλος,
1571 2148 1661 2203 καὶ
1712 2153 1881 2204 ταῦτα
1937 2151 2103 2205 Μιοϋ-

460 2233 593 2296 σέως
621 2231 831 2290 δικαίου
882 2230 1057 2304 ὄντος,
1091 2235 1178 2290 καὶ
1237 2236 1538 2310 θαυμασίου
1595 2235 1810 2311 ἀνδρὸς,
1870 2239 2025 2311 ὅμως
2068 2241 2102 2307 ἡ

456 2324 593 2379 κατὰ
670 2328 770 2379 τοῦ
826 2321 1010 2398 Ἀδὰμ
1062 2325 1397 2401 ἐξενεχθεῖσα
1471 2326 1736 2404 ἀπόφασις
1819 2328 2102 2395 θανατική,

458 2411 653 2489 ἔφθασε
682 2412 771 2468 καὶ
806 2412 889 2467 ἐπ’
922 2413 1080 2468 αὐτὸν
1113 2413 1200 2468 καὶ
1255 2414 1341 2469 ἐπὶ
1394 2414 1521 2477 τοὺς
1571 2416 1713 2486 ἑξῆς⁸
1774 2414 1863 2470 καὶ
1915 2420 2101 2485 ταῦτα,

466 2504 540 2574 μή
572 2503 986 2574 ἁμαρτήσαντας
1015 2503 1082 2558 τὰ
1111 2502 1279 2576 ὅμοια
1332 2508 1414 2576 τῷ
1471 2501 1669 2578 Ἀδὰμ,
1729 2502 1784 2559 ἐν
1838 2508 1906 2579 τῇ
1963 2525 2101 2581 παρ-

459 2593 597 2663 ακοῇ
628 2597 728 2660 τῆς
756 2594 852 2645 τοῦ
882 2590 1047 2661 ξύλου
1076 2593 1354 2667 βρώσεως.

533 2679 658 2736 AB'.
719 2679 868 2750 Δέξαι
925 2681 1092 2735 πάλιν
1151 2685 1226 2756 (2)
1272 2679 1414 2737 ἄλλο
1446 2682 1611 2760 ῥητὸν
1644 2682 1860 2757 ὅμοιον
1917 2684 2102 2759 Μέχρι

459 2766 563 2843 γὰρ
673 2770 911 2843 σήμερον
946 2815 961 2841 ,
1047 2770 1207 2839 ἡνίκα
1290 2772 1709 2848 ἀναγινώσκεται
1809 2779 2049 2842 Μωϋσῆς
2086 2817 2100 2844 ,

456 2858 726 2931 κάλυμμα
763 2856 981 2927 ἐπίτήν
1030 2858 1252 2929 καρδίαν
1313 2860 1487 2917 αὐτῶν
1545 2868 1741 2918 κεῖται.
1796 2865 1874 2919 Τὸ
1933 2861 2099 2938 μέχρι

458 2948 720 3023 σήμερον,
756 2948 859 3022 ἆρα
891 2946 1058 3022 μέχρι
1083 2949 1303 3004 Παύλου
1337 2949 1504 3023 μόνον
1541 2970 1555 3023 ;
1588 2950 1649 3006 οὗ
1711 2952 1877 3026 μέχρι
1927 2953 2102 3023 σήμε-

456 3055 570 3109 ρον,
603 3035 692 3091 καί
722 3032 828 3099 ἕως
855 3039 953 3101 τῆς
984 3035 1292 3098 συντελείας
1330 3057 1342 3107 ;
1413 3038 1533 3095 Ἐὰν
1591 3035 1648 3092 δὲ
1706 3036 1840 3112 λέγῃ
1885 3037 2098 3094 Παῦλος

454 3125 787 3201 Κορινθίοις
823 3127 1127 3203 Ἀχριγὰρ
1186 3126 1275 3182 καὶ
1336 3128 1489 3201 ὑμῶν
1547 3127 1851 3203 ἐφθάσαμεν
1912 3127 1964 3184 ὲν
2021 3133 2099 3200 τῷ

2218 552 2373 603 ctam
2401 556 2693 620 praestans
2724 553 3257 623 obedientiam,sed
3289 563 3675 630 spontaneam
3691 562 3866 618 obse-

2217 637 2438 706 quendi
2460 639 2843 699 voluntatem.
2878 645 3002 698 Non
3030 645 3177 700 241
3215 647 3379 701 enim
3409 664 3612 705 servus
3652 657 3762 718 est,
3797 657 3866 708 ut

2217 742 2286 780 ex
2308 729 2664 784 necessitate
2688 730 3075 802 subjiciatur;
3114 732 3159 768 ³⁸
3190 734 3294 790 sed
3324 735 3483 792 ﬁlius
3527 744 3635 807 est,
3667 745 3733 796 ut
3790 758 3862 797 ex

2215 816 2399 870 animi
2434 819 2730 873 sententia
2759 824 2819 874 et
2848 836 2916 874 ex
2956 838 3158 877 amore
3190 824 3569 895 obsequatur.

2286 905 2478 961 XXXI.
2516 908 2861 972 Quaeramus
2888 926 3023 965 vero
3077 928 3147 966 ex
3204 913 3346 981 illis,
3399 913 3548 969 illud
3580 932 3863 987 quousque

2216 994 2465 1049 etdonec
2496 996 2733 1066 qualem
2764 998 2880 1052 vim
2912 998 3146 1056 habeat.
3181 1003 3297 1074 Ego
3350 1002 3510 1058 enim
3566 1004 3677 1061 hac
3732 1006 3863 1077 ipsa

2212 1099 2373 1150 V008,
2405 1085 2676 1141 cominus
2730 1103 3051 1143 CODSCI‘GHS
3091 1106 3325 1160 manus,
3386 1108 3650 1148 errorem
3696 1111 3865 1150 ever-

2215 1177 2337 1226 tere
2369 1172 2877 1239 tentabo.Quando
2911 1175 2997 1231 illi
3019 1178 3146 1233 ausi
3170 1178 3702 1249 suntdicere,dicto
3736 1182 3863 1253 illo,

2216 1264 2447 1319 «Donec
2466 1265 3018 1334 posueritinimicos
3052 1285 3190 1323 suos
3224 1268 3331 1324 sub
3365 1270 3547 1340 pedes
3578 1288 3717 1328 suos
3750 1271 3862 1341 ‘7,»

2214 1351 2394 1405 ﬁnem
2411 1352 2540 1423 ejus
2555 1353 2876 1425 signiﬁcari
2907 1362 3351 1428 ;aeternumque
3382 1359 3598 1414 Christi
3613 1378 3863 1434 regnum

2214 1442 2487 1497 terminis
2504 1443 3092 1513 circumscribere,ac
3104 1464 3224 1502 non
3256 1448 3580 1504 ﬁniendam
3606 1456 3867 1521 potesta—

2215 1533 2332 1584 tem
2367 1529 2561 1586 verbis
2592 1532 2765 1588 finire
2798 1551 2919 1589 non
2951 1534 3317 1591 timuerunt:
3351 1554 3455 1610 age
3486 1539 3685 1610 igitur,
3704 1540 3866 1596 simi-

2214 1617 2295 1673 lia
2312 1618 2578 1691 legamus
2592 1621 2747 1692 apud
2762 1623 3133 1693 Apostolum:
3150 1648 3176 1674 (ι
3197 1626 3307 1680 Sed
3331 1629 3769 1699 regnavitmors
3788 1630 3861 1685 ab

2214 1707 2474 1763 «Adamo
2501 1725 2688 1780 usque
2711 1711 2784 1766 ad
2808 1711 3386 1786 Moysen‘suErgone
3400 1716 3514 1770 huc
3532 1733 3718 1787 usque
3733 1734 3862 1772 mo-

2213 1796 2522 1852 riebantur
2568 1799 2864 1869 homines,
2910 1818 3022 1856 nec
3059 1802 3320 1874 amplius
3379 1803 3696 1875 quisquam
3726 1812 3863 1878 post

2218 1887 2457 1956 Moysen
2487 1892 2757 1943 mortuus
2791 1894 2899 1954 est,
2933 1896 3035 1945 aut
3076 1897 3211 1963 post
3256 1891 3443 1964 legem
3478 1893 3647 1949 nulla
3696 1910 3859 1949 mors

2214 1975 2526 2031 hominum
2556 1976 2715 2032 fuit?
2744 1980 2817 2032 At
2844 1979 3006 2034 vides
3023 1980 3264 2035 verbum
3284 1997 3456 2051 usque
3483 1982 3767 2054 temporis
3785 1983 3862 2038 fi-

2213 2080 2351 2120 nem
2383 2082 2504 2120 non
2529 2071 2770 2135 notare;
2804 2072 3012 2124 contra
3042 2072 3239 2124 autem
3262 2070 3321 2125 id
3348 2071 3596 2127 Paulum
3634 2073 3859 2145 signiﬁ-

2213 2171 2378 2209 casse
2412 2154 2867 2226 quod,quamvis
2908 2159 3131 2228 Moyses
3152 2158 3352 2229 justus
3384 2165 3443 2214 et
3471 2161 3861 2217 admirandus

2212 2245 2298 2298 vir
2324 2244 2924 2310 fuerit,nihilominus
2938 2248 3146 2301 mortis
3164 2249 3463 2303 sententia
3484 2250 3544 2303 in
3564 2249 3862 2305 Adamum

2213 2333 2386 2401 dicta,
2415 2334 2488 2388 ad
2507 2333 2677 2388 illum
2695 2351 2931 2405 quoque
2958 2340 3017 2389 et
3045 2335 3143 2406 qui
3172 2353 3306 2390 eum
3334 2337 3517 2392 secuti
3538 2343 3697 2405 sunt,
3730 2355 3856 2409 per-

2211 2421 2406 2476 venit:
2440 2421 2640 2491 idque,
2662 2423 2894 2477 tametsi
2915 2439 3035 2477 non
3064 2424 3471 2494 peccavissent
3492 2425 3769 2481 similiter
3788 2432 3853 2481 ut

2214 2510 2417 2577 Adam,
2451 2510 2679 2583 lignum
2708 2527 2814 2581 per
2835 2513 3366 2585 transgressionem
3395 2514 3781 2586 degustando.

2282 2682 2515 2739 XXXII.
2546 2681 2737 2737 Aliam
2769 2682 3028 2737 similem
3059 2684 3416 2739 sententiam
3446 2685 3647 2739 audit:
3679 2687 3854 2741 «Nam

2214 2788 2435 2841 «usque
2456 2770 2530 2826 ad
2551 2770 2900 2826 hodiernam
2923 2772 3345 2843 diem,quando
3368 2773 3584 2843 legitur
3603 2775 3855 2846 Moyses,

2213 2858 2514 2913 «velamen
2538 2875 2830 2929 supercor
2844 2859 3085 2914 illorum
3106 2860 3362 2931 positum
3377 2861 3854 2931 est.Illud,usque

2211 2948 2307 3001 «in
2326 2947 2677 3002 hodiernam
2695 2947 2854 3002 diem
2876 2946 3139 3013 49,»)anne
3161 2965 3348 3019 usque
3372 2949 3445 3004 ad
3460 2949 3856 3005 Paulumtan-

2212 3042 2332 3090 tum
2356 3040 2384 3091 ?
2414 3053 2612 3091 nonne
2635 3053 2822 3106 usque
2846 3036 2908 3091 in
2940 3053 3223 3107 praesens,
3282 3044 3340 3091 et
3367 3054 3555 3110 usque
3586 3038 3661 3094 ad
3708 3055 3853 3093 con-

2211 3124 2669 3180 summationem
2691 3124 2718 3178 ?
2742 3124 2799 3178 Si
2830 3130 3029 3179 autem
3061 3124 3206 3181 dicit
3236 3126 3453 3181 Paulus
3508 3127 3852 3195 Corinthiis,

450 3190 777 3289 Εὐαγγελίῳ
852 3219 950 3269 τοῦ
1033 3190 1293 3286 Χριστοῦ,
1382 3191 1879 3292 ὲλπίδαιέχοντες,
1937 3218 2093 3288 αὔξα-

2218 3214 2332 3268 πιΑά
2353 3230 2451 3268 vos
2482 3214 2642 3269 enim
2661 3213 2837 3268 etiam
2860 3230 3050 3284 usque
3081 3215 3428 3287 pertigimus
3459 3216 3523 3270 in
3543 3216 3855 3288 Evangelio

452 3302 691 3375 νομένης
748 3310 846 3373 τῆς
924 3303 1155 3366 πίστεως
1221 3305 1396 3377 ὑμῶν,
1459 3305 1537 3367 εἷς
1615 3308 1682 3361 τα
1742 3307 1873 3382 ὑπὲρ
1949 3307 2097 3362 ἐκεῖ-

450 3413 516 3447 να
571 3395 649 3466 (3)
697 3394 849 3467 ὑμῶν
906 3391 1367 3468 εὐαγγελίσασθαιο
1432 3394 1653 3470 βλέπεις
1736 3400 1941 3474 σαφῶς,
2015 3397 2097 3451 ’ὁτι

449 3482 534 3554 τὸ,
565 3478 748 3557 ἄχρις,
773 3481 839 3536 οὐ
869 3482 1028 3545 τέλος
1053 3482 1218 3552 ἐστὶν,
1251 3481 1377 3538 ἀλλ’
1408 3477 1525 3559 ἔχει
1563 3507 1618 3539 τι
1674 3484 2096 3542 ἐπακολουθοῦν.

458 3575 580 3634 Πῶς
607 3571 790 3627 τοίνυν
817 3569 899 3626 δεῖ
928 3592 985 3626 σε
1019 3572 1379 3645 μνημονεύειν
1410 3573 1494 3644 τὸ,
1536 3579 1738 3648 ’Άχρις
1793 3574 1854 3627 οὗ
1913 3571 1974 3629 ἄν
2030 3577 2097 3648 θῇ

452 3659 582 3723 τοὺς
616 3660 850 3735 ἐχθρούς
883 3681 898 3730 ;
932 3660 1113 3733 ὥσπερ
1146 3658 1406 3716 ἀλλαχοῦ
1449 3659 1601 3735 λέγει
1650 3664 1678 3717 ὁ
1732 3663 1894 3725 αὐτὸς
1954 3664 2101 3719 Παῦ-

455 3750 575 3812 λος·
634 3749 727 3806 Kal?
787 3749 1154 3821 παρακαλεῖτε
1221 3748 1444 3812 ἑαυτοὺς
1496 3751 1615 3805 καθ’
1672 3751 1898 3822 ἑκάστην
1959 3751 2103 3823 ἡμέ-

456 3859 570 3914 ραν,
605 3836 768 3913 ἄχρις
829 3839 890 3893 οῦ
950 3841 1013 3894 τὸ
1071 3840 1312 3914 σήμερον
1372 3838 1639 3895 καλεῖται’
1694 3838 1954 3911 δηλονότι
2014 3838 2103 3896 διὰ

458 3927 676 3991 παντός.
711 3930 916 4003 Ὥσπερ
945 3927 1047 4003 γὰρ
1071 3929 1249 4002 ἀρχὴν
1309 3933 1414 3983 τῶν
1476 3930 1699 4005 ἡμερῶν
1739 3927 1835 3983 v.5
1867 3931 2102 4002 Χριστοῦ

460 4015 636 4091 λέγειν
672 4017 737 4071 οῦ
769 4018 905 4092 χρὴ,
941 4015 1084 4071 οὕτω
1118 4015 1259 4089 μηδὲ
1307 4016 1464 4079 τέλος
1494 4024 1596 4087 τῆς
1629 4016 1907 4094 βασιλείας
1937 4018 2103 4073 αὐτοῦ

458 4126 591 4160 ποτε
648 4104 901 4180 λέγοντός
951 4124 1103 4168 τινος
1153 4106 1385 4181 ἀνάσχῃ.
1441 4108 1506 4163 Ἢ
1556 4106 1657 4182 γὰρ
1710 4105 1963 4182 βασιλεία
2007 4107 2102 4162 αὖ·

452 4198 570 4262 τοῦ,
604 4194 851 4269 βασιλεία
881 4194 1120 4266 αἰώνιος,
1162 4196 1454 4270 γέγραπται

522 4374 643 4433 AI".
680 4373 782 4429 Καὶ
841 4371 1013 4437 ἄλλας
1063 4369 1121 4427 δὲ
1177 4370 1437 4436 πλείονας
1489 4373 1787 4447 μαρτυρίας
1847 4370 1991 4448 ἔχων
2045 4374 2106 4430 ἐκ

2213 3303 2457 3358 «Christi
2467 3319 2653 3374 ;spem
2668 3302 3335 3376 habentes,augescente
3349 3305 3464 3360 ﬁde
3478 3305 3757 3373 vestra,in
3769 3321 3858 3360 re-

2212 3416 2238 3442 ‹‹
2272 3393 2478 3466 giones
2494 3393 2653 3448 ultra
2696 3409 2793 3447 vos
2840 3394 3061 3464 positas
3087 3392 3468 3465 Evangelium
3505 3411 3615 3449 nos
3649 3394 3851 3449 illatu-

2213 3504 2241 3532 ‹‹
2274 3500 2372 3538 ros
2394 3482 2475 3537 ²⁰ε
2507 3503 2535 3531 ››
2566 3483 2878 3553 perspicue
2910 3482 3105 3537 cernis
3135 3482 3504 3552 illud,usque,
3539 3484 3716 3538 ﬁnem
3736 3499 3856 3538 non

2209 3571 2652 3644 designare,sed
2683 3571 2911 3641 aliquid
2929 3571 3108 3626 etiam
3141 3571 3299 3642 quod
3324 3573 3854 3644 consequatur,ha-

2210 3659 2683 3725 bereQuomodo
2708 3660 2952 3731 teigitur
2968 3660 3028 3713 in
3047 3660 3332 3715 memoria
3352 3678 3663 3716 recensere
3682 3678 3856 3733 opor-

2211 3755 2295 3804 tet
2323 3749 2493 3815 illud,
2526 3751 2704 3803 Donec
2748 3750 2998 3818 posuerit
3025 3750 3274 3804 inimicos
3294 3752 3322 3803 ?
3342 3751 3853 3814 Quemadmodum

2211 3838 2351 3893 alibi
2385 3837 2529 3891 dicit
2558 3836 2715 3891 idem
2742 3836 2957 3890 Paulus
2983 3852 2995 3889 :
3028 3838 3133 3890 «Et
3151 3853 3252 3891 vos
3270 3837 3429 3908 ipsos
3452 3838 3854 3893 adhortamini

2211 3925 2735 3998 «quotidie,quoad
2758 3925 3080 3980 hodiernus
3111 3925 3237 3980 dies
3250 3926 3855 3996 appellatur“;nvide-

2213 4017 2611 4087 licetsemper
2640 4020 2699 4069 et
2727 4015 3033 4071 continuo.
3070 4016 3213 4069 Nam
3274 4014 3448 4069 sicuti
3493 4014 3854 4086 principium

2213 4106 2441 4161 dierum
2475 4104 2690 4159 Christi
2725 4104 2922 4159 dicere
2954 4120 3073 4158 non
3099 4104 3414 4175 Oportet",
3449 4104 3531 4159 ita
3560 4121 3753 4175 neque
3786 4104 3857 4159 ﬂ-

2213 4212 2351 4250 nem
2384 4194 2549 4264 regni
2573 4194 2749 4265 ejusa
2772 4208 3072 4263 quoquam
3088 4191 3201 4246 dici
3223 4192 3676 4263 patiareﬂegum
3693 4192 3854 4247 enim

2213 4286 2366 4340 illius
2394 4300 2623 4353 regnum
2652 4288 2934 4349 aeternum,
2966 4288 3032 4336 ut
3065 4281 3352 4352 scriptum
3386 4286 3476 4336 est
3503 4282 3567 4338 ³³.

2284 4373 2530 4428 XXXIII.
2564 4374 2644 4426 Ac
2665 4371 2838 4444 plura
2857 4372 3101 4443 quidem
3133 4370 3250 4426 alia
3274 4387 3345 4425 ex
3365 4369 3578 4425 divinis
3594 4372 3857 4443 Scriptu-

525 4503 570 4537 ¹⁵
598 4506 741 4559 Joan
769 4520 883 4569 vin,
917 4504 1005 4556 29.
1042 4501 1088 4538 ιθ
1120 4504 1229 4558 Vid
1257 4509 1365 4558 cat.
1404 4506 1487 4567 10,
1522 4520 1579 4560 n.
1604 4506 1655 4558 9.
1694 4504 1736 4540 ¹⁷
1770 4505 1792 4557 Ι
1822 4510 1951 4561 Cor.
1986 4522 2075 4572 xv,

2234 4502 2278 4538 ¹⁸
2338 4503 2505 4556 Rom.
2540 4517 2590 4566 ν,
2629 4503 2714 4557 14.
2776 4498 2822 4533 ¹⁹
2846 4502 2896 4554 II
2925 4500 3058 4559 Cor.
3088 4519 3171 4568 ιιι,
3208 4503 3290 4555 14.
3340 4501 3387 4535 ²⁰
3438 4502 3486 4556 ΙΙ
3517 4500 3648 4555 Cor.
3679 4516 3735 4567 x,
3769 4500 3853 4567 14,

456 4579 541 4629 15.
569 4577 611 4609 ἰ
648 4576 816 4629 Hebr.
852 4592 936 4642 Ill,
971 4577 1055 4630 13.
1089 4575 1135 4609 ²²
1164 4575 1337 4630 Hebr.
1370 4591 1469 4640 vn,
1504 4576 1553 4629 3.
1580 4576 1626 4610 ³³
1660 4576 1803 4630 Dan.
1838 4593 1918 4643 ιιι,
1954 4580 2075 4633 100.

455 4717 523 4755 ac
546 4699 1001 4773 ﬁi‘ITOTELAtCIUI
1034 4700 1124 4756 vel
1155 4717 1312 4755 unus
1372 4701 1468 4756 hic
1527 4700 1627 4755 ille
1686 4701 1853 4757 locus
1888 4701 2099 4773 probat
2133 4704 2176 4768 D

454 4772 611 4845 apud
643 4772 924 4845 Cyrillum
957 4773 1111 4827 sumi
1150 4789 1254 4845 pro
1306 4774 1374 4827 ab
1418 4779 1647 4845 aeterne,
1697 4778 1763 4827 ut
1792 4772 2095 4845 vertimus,

453 4844 584 4917 Alia
606 4843 745 4898 sunt
773 4843 901 4917 loca
924 4845 1076 4899 bene
1108 4843 1296 4899 multa
1314 4844 1602 4915 quibusin
1628 4845 1739 4899 hoc
1762 4844 2097 4917 significatu

451 4916 760 4988 accipitur.
799 4916 936 4971 Vide
968 4921 1082 4971 cat.
1117 4917 1171 4982 6,
1206 4932 1372 4970 num.
1420 4921 1474 4980 7,
1507 4922 1619 4971 cat.
1659 4920 1744 4985 11,
1780 4916 1944 4971 num.
1980 4917 2003 4969 1
2042 4922 2098 4971 et

454 5005 619 5044 num.
644 4991 695 5053 4,
731 4992 843 5043 cat.
879 4990 966 5051 14,
999 5003 1167 5043 num.
1200 4990 1287 5041 26.

525 5062 601 5131 (1)
630 5060 834 5131 ’Ἅχρις
866 5057 948 5131 οὗ.
975 5057 1131 5131 Male.
1152 5065 1285 5131 post
1314 5057 1375 5131 οῦ
1407 5058 1675 5113 additum
1722 5056 1852 5131 ἔλθῃ
1879 5060 1939 5113 in
1984 5059 2094 5131 im-

450 5118 671 5203 pressis
704 5118 903 5203 :"qu’od
928 5147 998 5185 ex
1027 5118 1198 5203 codd.
1231 5130 1430 5203 Coisl.,
1464 5133 1583 5202 Reg
1614 5175 1627 5194 ,
1658 5133 1796 5203 Roie.
1821 5118 2046 5185 Casaub
2079 5172 2092 5196 ,

449 5201 637 5270 Colb.,
664 5201 850 5270 Bodl.,
877 5201 1118 5256 Morelio
1152 5206 1209 5256 et
1232 5201 1537 5267 Grodecio,
1563 5201 1931 5257 sustulimus.
1958 5204 2097 5257 Post

446 5275 575 5356 loco
607 5272 1390 5356 6giotwq,quodnullohsen‘su
1421 5274 1745 5356 ascriptum
1772 5271 2095 5356 εναξρμόσε

547 5347 794 5385 incimnc
854 5362 923 5385 ογ
982 5347 1085 5385 ιτηᾶ
1172 5347 1345 5385 Cnicl.
1391 5347 1481 5385 nni
1541 5347 1897 5385 ndinnnnnrli
1953 5347 2069 5385 non

447 5347 794 5417 scripsimus
854 5343 924 5399 ex
982 5344 1108 5399 cod.
1172 5344 1348 5399 Coisl.
1391 5345 1486 5400 cui
1540 5343 1902 5417 adjungendi
1952 5347 2089 5416 Reg.

446 5419 586 5483 Roe,
611 5417 857 5471 Casaub.
889 5416 1029 5470 vitio
1064 5416 1420 5488 scriptorum
1452 5414 1651 5488 ὁμὸσαι
1684 5416 2087 5488 prmfcrentes.

450 5489 516 5540 In
547 5504 656 5542 ms.
676 5492 907 5557 rGenov.
932 5493 1019 5542 est
1054 5485 1294 5557 ὁμοίωσε

519 5560 597 5628 (2)
626 5556 773 5634 ᾼέξαι
804 5557 992 5634 πάλιν,
1024 5554 1134 5634 εἰς.
1160 5558 1345 5634 Editi1
1397 5555 1537 5634 ἃλλο
1569 5556 1695 5634 γὰρ-
1724 5555 1865 5628 δέξαι
1898 5554 2085 5634 ῥητόν.

452 5629 644 5683 Secuti
670 5628 876 5685 sumus
896 5632 1060 5702 Reg.,
1083 5628 1285 5698 Coisl.,
1317 5632 1457 5696 Roe,
1490 5628 1738 5686 Caéaub.

2282 4700 2360 4771 (3)
2389 4697 2548 4771 ’Υπὲρ
2594 4695 2790 4767 ἐκεῖνα,
2820 4697 2953 4771 Ῠνβι,
2997 4704 3063 4753 ut
3120 4698 3179 4752 in
3231 4698 3458 4765 Bibliis,
3522 4696 3857 4771 ὑπερέκεινα.

2210 4768 2396 4843 Hujus
2417 4768 2584 4843 vocis
2618 4771 2770 4843 loco,
2802 4768 3004 4837 Coisl.,
3035 4771 3173 4843 Reg.
3206 4786 3391 4843 unum
3446 4768 3691 4843 verbum
3723 4769 3854 4843 _ha-

2210 4838 2373 4914 bent,
2410 4840 2789 4914 ὑπερκείμενα,
2819 4857 3001 4914 super,
3037 4838 3147 4905 vel,
3176 4840 3327 4894 ultra
3350 4838 3853 4914 posita.M_o_x,loco

2213 4912 2405 4987 βλέπε,
2440 4909 2822 4987 εοινὶρεὶῐῃιιε,Δ
2846 4909 3089 4987 βλέπεις,
3124 4929 3193 4966 ex
3225 4909 3482 4987 quatuor
3511 4910 3682 4987 codd.
3704 4928 3860 4987 saepe

2209 4980 2644 5055 inemOratis,et
2674 4980 2855 5037 (ἓνοείζ
2874 4985 3025 5055 Post
3043 4980 3323 5055 ἄχρις,ὀύ
3357 4983 3705 5055 scripsimus
3732 4980 3863 5055 loco

2206 5053 2267 5141 οῦ
2300 5055 2637 5141 postulante
2656 5070 2854 5141 sensu.
2875 5054 3055 5110 Codd.
3080 5052 3308 5141 praefati
3332 5052 3557 5141 habent
3577 5054 3738 5137 ἄχρις
3773 5052 3858 5123 οὗ,

2207 5124 2339 5199 ρύχὶ
2370 5124 2555 5199 τέλος.
2597 5126 2878 5199 Tandem,
2913 5143 3018 5196 pro
3052 5124 3472 5199 ἐπακόλουθον,
3524 5124 3855 5199 posuimus,

2205 5196 2635 5263 ἐπακολουθοῦν,
2670 5215 2738 5251 ex
2764 5198 2964 5251 Morel.
3001 5197 3140 5252 edit.
3177 5203 3234 5251 et
3284 5198 3414 5252 cod.
3453 5196 3615 5253 Bodl.

2275 5271 2350 5340 (4)
2409 5268 2471 5322 Ἡ
2548 5267 2650 5343 γᾲρ
2704 5264 2957 5343 βασιλεία
3015 5270 3231 5343 αὐτοῦ,
3309 5265 3858 5343 βασιλέα-αἰώνιος,

2201 5346 2519 5414 γέγραπται.
2556 5339 2713 5414 Ηωο
2752 5341 2832 5414 ita
2883 5342 3257 5414 restituimus
3311 5339 3386 5396 'ex
3440 5339 3859 5414 codd.7Coisl.,

2202 5411 2367 5484 Reg,
2401 5414 2542 5484 Hoc,
2576 5411 2848 5484 Casaub.,
2883 5413 3058 5470 Grod.
3085 5420 3143 5469 et
3183 5430 3350 5469 sacro
3387 5418 3568 5468 textu.
3601 5413 3859 5484 Quorum

2200 5479 2330 5557 loco
2365 5484 2488 5557 haec
2521 5482 2818 5557 habentur
2848 5488 3078 5539 tantum
3127 5485 3189 5539 in
3222 5485 3550 5557 impressis,
3602 5479 3856 5556 βασιλεία

2197 5553 2303 5629 γὰρ
2335 5553 2562 5614 αἰώνιος
2591 5552 2911 5629 γέγραπται.
