4138 6264
289 308 407 371 923

1348 310 1413 370 8.
1459 307 1775 370 CYRILLI
1823 303 2234 367 HIEROSOL.
2283 307 2645 371 ARCHIEP.

3599 316 3725 379 924

293 446 466 499 Patre
498 440 869 498 Paracletum
890 441 974 510 ⁴⁰;
1018 442 1289 498 novimus
1323 443 1608 515 Spiritum
1660 446 1952 509 sanctum,

2071 438 2218 508 Υἱὸν,
2247 440 2340 495 τὸν
2372 439 2836 517 ἐπαγγειλάμενον
2869 444 3102 520 πέμψειν
3162 448 3308 523 παρά
3351 452 3455 504 τοῦ
3510 450 3724 526 Πατρὸς

291 533 391 604 qui
421 532 658 587 locutus
688 537 779 587 est
805 533 866 587 in
898 533 1240 604 prophetis;
1272 539 1329 588 et
1372 534 1434 588 in
1466 535 1814 589 Pentecoste
1857 548 1959 586 su-

294 639 401 693 per
431 621 735 692 apostolos
765 622 826 677 in
859 623 1179 694 ignitarum
1211 623 1549 695 linguarum
1574 622 1769 693 specie
1792 620 1957 677 dela—

294 726 436 782 psus
459 714 549 764 est
572 708 644 778 ⁴¹,
678 710 857 766 isthic
886 712 945 765 in
970 712 1371 778 Hierusalem,
1401 713 1459 767 in
1488 711 1795 783 superiore
1817 725 1960 781 apo-

292 800 587 855 stolorum
622 799 876 856 ecclesia
903 802 1001 870 (1).
1029 802 1308 858 Omnium
1328 801 1487 857 enim
1510 799 1667 872 apud
1690 816 1797 855 nos
1819 785 1959 854 sunt

292 890 713 962 prmrogativm.
753 890 875 945 Huc
895 890 1165 945 Christus
1188 891 1259 946 de
1290 891 1457 945 cmlis
1487 889 1816 954 descendit,
1840 889 1955 944 huc

293 979 548 1050 Spiritus
578 983 819 1035 sanctus
850 980 921 1035 de
956 980 1121 1035 cmlis
1148 980 1428 1052 delapsus
1452 986 1541 1035 est
1586 981 1668 1034 Ac
1699 978 1955 1034 maxime

294 1069 654 1123 conveniens
688 1075 833 1138 erat,
868 1074 934 1125 ut
963 1069 1468 1140 quemadmodum
1518 1086 1586 1125 ea
1627 1085 1758 1140 qum
1789 1067 1954 1123 Chri-

295 1164 451 1214 stum
481 1165 540 1213 et
566 1160 866 1233 Golgotlun
899 1160 1098 1216 locum
1124 1161 1472 1232 respiciunt,
1505 1162 1567 1215 in
1602 1160 1711 1215 hoc
1745 1159 1950 1231 Golgo-

293 1248 394 1302 tha
416 1248 715 1316 dicimus;
754 1249 836 1304 sic
862 1255 921 1305 et
952 1248 1022 1305 de
1056 1256 1260 1306 saneto
1290 1250 1511 1322 Spiritu
1543 1250 1604 1305 in
1648 1250 1954 1321 superiore

292 1336 630 1393 diceremus
661 1339 963 1394 Ecclesia:
998 1355 1202 1395 verum
1238 1341 1524 1410 quoniam
1555 1339 1656 1410 qui
1699 1337 1821 1393 illic
1852 1338 1952 1394 deo

293 1426 542 1492 scendit,
579 1425 709 1498 ejus
740 1429 840 1498 qui
873 1428 1049 1483 isthic
1081 1430 1399 1484 crucifixus
1443 1434 1534 1483 est
1574 1428 1779 1501 glorim
1811 1444 1952 1485 con-

295 1531 427 1569 sors
459 1519 573 1584 est,
603 1515 821 1571 idcirco
855 1517 917 1571 in
948 1518 1058 1572 hoc
1110 1518 1241 1573 loco
1274 1518 1452 1574 verba
1482 1518 1732 1572 facimus
1763 1516 1834 1571 de
1883 1531 1953 1570 eo

298 1605 399 1674 qui
432 1603 554 1659 illic
577 1604 890 1661 descendit
914 1623 927 1661 :
951 1607 1085 1678 pius
1106 1608 1268 1665 enim
1292 1607 1488 1663 cultus
1516 1606 1954 1679 separationem

300 1707 421 1747 non
449 1693 729 1749 admittit.

373 1782 436 1835 V.
466 1782 513 1816 ‘2
534 1783 913 1856 Propositum
945 1790 1034 1841 est
1074 1785 1354 1857 deinceps
1387 1786 1660 1857 quasdam
1711 1785 1784 1840 de
1824 1785 1953 1857 Spi-

296 1870 416 1925 ritu
451 1876 653 1927 sanoto
700 1873 1016 1945 proloqui:
1077 1890 1196 1929 non
1255 1875 1499 1945 quidem
1558 1874 1953 1930 substantiam

300 1959 430 2031 ejus
464 1960 552 2031 [ac
576 1964 850 2017 naturam
883 1969 1155 2019 accurate
1202 1964 1535 2035 enuntiare,
1568 1962 1953 2041 impossibilis

296 2049 514 2120 quippe
538 2066 654 2118 res,
674 2050 777 2105 sed
796 2050 1056 2107 diversas
1077 2052 1473 2123 quorumdam
1499 2053 1655 2108 circa
1676 2052 1952 2107 eumdem

305 2134 710 2194 aberrationes
740 2145 969 2209 notare,
1003 2158 1076 2197 ne
1116 2141 1265 2197 forte
1329 2156 1533 2198 earum
1585 2140 1951 2213 ignoratione

295 2225 630 2298 praicipites
655 2226 958 2297 feramur;
992 2232 1328 2303 errorisque
1359 2231 1480 2287 vias
1512 2230 1854 2304 praecidere,
1887 2234 1953 2286 ut

292 2331 413 2372 una
436 2317 597 2389 regia
625 2318 717 2376 via
737 2320 1105 2379 incedamus.
1131 2322 1177 2358 ⁸³
1207 2321 1373 2389 Quod
1430 2323 1479 2379 si
1529 2338 1689 2378 nunc
1720 2321 1948 2379 cautio-

292 2404 385 2460 nis
417 2422 554 2477 ergo
587 2407 729 2479 quid
756 2408 828 2465 ab
874 2410 1199 2467 haeresibus
1253 2413 1478 2468 dictum
1532 2411 1713 2468 fuerit
1742 2427 1940 2467 recen-

296 2510 554 2563 seamus,
586 2496 647 2551 id
681 2502 868 2553 totum
900 2499 963 2555 in
1009 2507 1187 2573 caput
1226 2502 1468 2560 illorum
1526 2506 1900 2558 convertatur
1933 2517 1947 2557 :

296 2600 404 2638 nos
436 2601 570 2640 vero
602 2586 903 2643 immunes
935 2589 1143 2661 simus,
1176 2596 1297 2648 tam
1328 2609 1438 2648 nos
1470 2592 1572 2664 qui
1611 2608 1947 2660 narramus,

294 2689 475 2744 quam
508 2692 606 2730 vos
639 2677 739 2747 qui
773 2678 1012 2734 auditis.

364 2765 517 2820 246
551 2767 642 2824 Vl.
676 2769 938 2840 Namque
962 2770 1303 2841 impiissiml
1345 2772 1501 2828 circa
1532 2772 1731 2826 omnia
1762 2771 1948 2825 haere-

304 2853 425 2923 tici,
487 2856 665 2913 etiam
726 2858 1007 2915 adversus
1057 2866 1328 2917 sanctum
1374 2861 1655 2934 Spiritum
1688 2860 1948 2933 linguam

288 2977 343 3040 7,
374 2988 434 3028 n.
471 2976 521 3027 1.

2069 528 2159 583 τὸν
2223 528 2608 604 Παράκλητον.
2668 529 2906 607 Οἴδαμεν
2962 535 3025 590 τὸ
3086 539 3302 610 Πνεῦμα
3337 538 3396 594 τὸ
3453 540 3625 613 ἅγιον,
3657 541 3722 595 τὸ

2071 614 2317 687 λαλῆσαν
2351 618 2402 673 ἑν
2434 621 2761 698 προφήταις·
2813 622 2903 678 καὶ
2961 623 3013 679 ἐν
3065 629 3133 697 τῇ
3189 628 3533 702 Ιιεντηκοστῇ
3591 648 3724 684 κατ-

2070 703 2227 771 ελοὸν
2261 706 2506 771 ἆπίτοὺς
2537 709 2880 776 ἀποστόλους
2935 711 2989 767 ἂν
3046 712 3177 769 εῖδει
3235 714 3471 790 πυρίνων
3529 716 3719 791 γλωσ-

2070 799 2202 866 σῶν,
2234 794 2458 852 ἑνθαῦθα
2488 797 2541 852 ἒν
2567 802 2635 872 τῇ
2667 799 3051 875 Ἰερουσαλὴμ,
3107 824 3157 858 εν
3217 807 3284 878 τῇ
3342 804 3586 881 ἀνωτίρᾳ
3611 810 3721 861 τῶν

2070 883 2391 941 ἀποστόλων
2446 885 2765 960 Ἐκκλησία.
2821 890 3042 947 Πάντων
3101 894 3206 969 γὰρ
3268 897 3344 968 (2)
3400 897 3525 970 παρ’
3582 898 3720 968 ἡμῖν

2068 972 2180 1030 ἐστι
2237 974 2305 1031 τά
2360 975 2642 1049 ἀξιώματα
2675 1020 2689 1034 .
2769 980 3027 1035 Ἐνταῦθα
3083 984 3318 1057 Χριστὸς
3369 983 3421 1056 ἐξ
3476 985 3724 1060 οὐρανῶν

2067 1063 2364 1132 κατῆλθεν·
2399 1063 2624 1121 ἐνταῦθα
2652 1066 2716 1121 τὸ
2757 1072 2976 1142 Πνιῦμα
3029 1071 3093 1126 τὸ
3149 1074 3305 1146 ἅγιον
3363 1072 3414 1143 ἐξ
3475 1073 3718 1149 οὐρανῶν

2066 1152 2327 1222 κατῆλθε.
2360 1153 2462 1211 Καὶ
2494 1153 2943 1229 πρεπωδέστατον
2981 1159 3076 1231 μὶν
3133 1160 3358 1231 ἀληθῶς
3411 1163 3504 1232 ἧν,
3540 1162 3719 1238 ὥσπερ

2064 1240 2133 1296 τὰ
2163 1240 2287 1317 περὶ
2317 1243 2554 1318 Χριστοῦ
2598 1244 2687 1299 καὶ
2743 1250 2842 1301 τοῦ
2894 1245 3163 1322 Γολγοθᾶ,
3223 1248 3277 1304 ἐν
3332 1254 3411 1322 τῷ
3469 1248 3723 1327 Γολγοθᾷ

2062 1328 2243 1402 τούτῳ
2271 1329 2523 1406 λὲγομεν·
2576 1331 2719 1388 οὕτω
2772 1333 2860 1389 καὶ
2910 1337 3035 1412 περὶ
3082 1337 3238 1412 ἁγίου
3296 1338 3607 1412 Πνεύματος
3664 1339 3719 1395 ἂν

2062 1421 2131 1493 τῇ
2158 1418 2399 1493 ἀνωτέρᾳ
2431 1420 2603 1496 λέγειν
2661 1423 2981 1497 Ἐκκλησίᾳ.
3045 1424 3270 1498 Ἐπειδή
3306 1425 3364 1484 ὃὶ
3392 1435 3495 1498 τῆς
3554 1427 3718 1500 δόξῆς

2061 1512 2159 1564 τοῦ
2190 1508 2418 1574 inde:
2461 1513 2887 1587 σταυρωοὲντος,
2954 1514 3314 1572 συναπολαύιι
3342 1518 3408 1573 τὸ
3436 1518 3549 1573 ἐκεῖ
3586 1539 3724 1574 κατ-

2064 1596 2220 1653 ελθόν
2385 1599 2528 1655 οὕτω
2559 1601 2627 1656 τὰ
2653 1601 2777 1674 περὶ
2808 1608 2907 1659 τοῦ
2938 1602 3047 1661 in?
3092 1605 3451 1671 κατελθόντος
3496 1607 3722 1665 ἐνταῦθα

2064 1685 2363 1761 λαλοῦμεν·
2397 1688 2688 1765 ἀμέριστος
2719 1690 2822 1767 γάρ
2855 1692 2997 1749 ἐστιν
3018 1696 3099 1768 (4)
3129 1690 3394 1754 εὐσέϐεια.

2134 1778 2209 1836 Ε’.
2243 1777 2566 1852 Βουλόμεθα
2590 1781 2784 1836 λοιπόν
2838 1803 2961 1839 τινα
3016 1784 3186 1840 εἰπεῖν
3235 1785 3357 1859 περὶ
3404 1790 3503 1842 τοῦ
3559 1786 3719 1864 ἁγίου

2062 1865 2393 1940 Πνεύματος·
2434 1867 2562 1925 οὐχὶ
2616 1867 2984 1946 διηγήσασθαι
3040 1875 3140 1943 τὴν
3198 1874 3490 1932 ὑπόστασιν
3550 1876 3719 1933 αὐτοῦ

2061 1950 2322 2032 ἀκριϐῶς·
2358 1954 2620 2015 ἀδύνατον
2672 1959 2794 2039 γάρ·
2849 1960 2975 2019 ἀλλ’
3034 1961 3204 2018 εἰπεῖν
3261 1966 3358 2033 τὰς
3414 1962 3715 2044 διαφόρους

2062 2049 2222 2100 τινῶν
2268 2044 2394 2121 περὶ
2439 2048 2513 2122 (5)
2569 2047 2733 2103 αὐτοῦ
2788 2052 3189 2128 παρεκτροπάς,
3246 2054 3338 2108 ἳνα
3398 2056 3474 2127 μή
3504 2076 3637 2111 ποτε
3665 2056 3717 2130 ἐξ

2060 2133 2277 2211 ἀγνοίας
2308 2135 2523 2192 ἐκείνων
2555 2140 2989 2215 κατενεχθῶμεν·
3050 2142 3139 2197 καὶ
3198 2141 3456 2221 ἐπικόψαι
3489 2145 3586 2207 τὰς
3614 2152 3717 2216 τῆς

2060 2225 2274 2298 πλάνης
2308 2223 2489 2300 ὁδοὺς,
2522 2226 2609 2283 ἶνα
2660 2228 2789 2301 μίαν
2842 2228 2965 2287 ὁδὸν
3032 2232 3319 2308 βασιλικὴν
3381 2234 3714 2311 όδεύσωμεν.

2060 2314 2124 2370 Εἰ
2156 2313 2213 2371 δέ
2241 2337 2292 2372 τι
2326 2315 2486 2391 ῥηθὲν
2520 2316 2625 2374 ὑπὸ
2652 2323 2763 2374 τῶν
2807 2319 3061 2395 αἱρέσεων
3114 2326 3204 2377 νῦν
3266 2319 3610 2398 διηγούμεθα
3641 2323 3713 2381 δι’

2061 2402 2355 2483 ἀσφάλειαν
2389 2448 2403 2474 ,
2459 2409 2621 2461 τοῦτο
2695 2407 2834 2463 κατά
2886 2415 2984 2480 τῆς
3042 2406 3260 2465 ἐκείνων
3322 2415 3714 2488 προτριπισθω

2058 2492 2325 2570 κεφαλῆς·
2357 2493 2527 2549 ἀθῶοί
2558 2515 2617 2551 τε
2647 2493 2821 2571 ι’ίμεν,
2877 2495 2929 2552 ο’ί
2984 2518 3043 2555 τε
3097 2498 3347 2579 λέγοντες
3404 2503 3594 2577 ἡμεῖς,
3624 2502 3715 2559 καὶ

2069 2581 2227 2657 ὑμεῖς
2255 2583 2305 2637 ol
2338 2582 2650 2648 ἀκούοντες.

2131 2766 2195 2828 ς’·
2224 2764 2291 2822 Οἱ
2330 2763 2430 2839 γὰρ
2473 2763 2593 2838 περὶ
2655 2764 2827 2820 πάντα
2882 2765 3249 2822 ἀνοσιώτατοι
3307 2769 3593 2844 αἱρετικοὶ,
3625 2771 3716 2826 καὶ

2058 2854 2193 2910 κατὰ
2222 2856 2318 2911 τοῦ
2350 2853 2504 2930 ἁγίου
2564 2851 2875 2928 Πνεύματος
2936 2849 3140 2929 ὥξυναν
3200 2854 3457 2932 γλῶσσαν
3488 2861 3583 2933 (6),
3619 2874 3708 2931 καί

363 3058 410 3096 ⁸³
448 3062 571 3117 Vid.
607 3070 716 3120 cat.
750 3064 803 3134 4,
838 3080 897 3121 n.
935 3068 1020 3132 16,
1050 3072 1101 3121 et
1122 3069 1287 3137 cat.6,
1310 3082 1367 3123 n.
1399 3070 1445 3122 1.
1470 3066 1518 3100 ³⁷
1535 3067 1737 3123 Matth.
1760 3080 1952 3133 xxvm,

2071 3062 2146 3118 ,³⁸
2186 3060 2302 3118 Vi-.
2328 3063 2466 3130 infr.
2500 3077 2560 3115 n.
2586 3064 2638 3115 7.
2660 3060 2708 3098 ³9
2738 3062 2863 3117 Vid.
2890 3064 3025 3132 infr.
3057 3080 3114 3118 ιι.
3137 3066 3224 3132 24,
3250 3069 3301 3119 et
3323 3070 3433 3120 cat.
3463 3068 3548 3134 17,
3571 3082 3630 3120 n.
3655 3067 3710 3120 3.

287 3176 445 3249 infra
472 3195 636 3234 num.
675 3183 763 3246 13,
795 3185 855 3235 et
887 3186 999 3239 cat.
1064 3186 1148 3248 t7,
1191 3198 1358 3237 num.
1423 3186 1477 3248 5,
1520 3184 1586 3238 28
1640 3186 1698 3235 et
1722 3183 1808 3236 34.
1842 3181 1952 3246 Qui

2071 3171 2489 3249 Ἱεροσολύμοις)
2513 3175 2671 3249 quod
2696 3176 2834 3233 huic
2851 3181 3069 3249 nostra!
3090 3179 3293 3249 phrasi
3308 3179 3713 3249 simillimum,

291 3248 533 3323 quidem
556 3267 731 3323 error
762 3252 1017 3307 Sabellio
1074 3254 1253 3308 etiam
1314 3253 1547 3309 videtur
1606 3253 1950 3323 antiquior:

286 3320 445 3397 hunc
473 3321 634 3376 enim
656 3329 1090 3379 commemorat
1110 3331 1168 3379 et
1189 3323 1412 3397 refellit
1437 3326 1722 3397 Origenes
1747 3320 1888 3397 tom.
1915 3341 1953 3379 ιι

288 3395 344 3445 in
374 3392 561 3456 Joun.,
595 3409 723 3474 pag.
756 3397 846 3478 βε,
867 3411 1131 3478 eumque
1191 3396 1498 3478 Lactantio
1530 3392 1789 3478 imputat
1816 3396 1952 3451 Hie-

290 3466 791 3538 ron_ymus_epist.
821 3465 904 3538 al.
939 3469 1027 3538 65,
1059 3484 1190 3522 nov.
1225 3468 1364 3522 edit.
1398 3470 1488 3533 41,
1526 3474 1584 3522 et
1620 3465 1685 3538 in
1716 3484 1844 3538 cap.
1880 3482 1952 3535 Iv,

294 3537 352 3611 6_,
386 3534 664 3611 Epistolas
695 3536 959 3611 Pauliad
992 3540 1244 3594 Galatas.
1274 3539 1530 3611 Cyrillus
1558 3534 1956 3611 media—inter

301 3605 554 3677 Arianos
599 3611 657 3661 et
705 3607 1073 3665 Sabellianos
1131 3605 1412 3666 incedens
1463 3611 1574 3677 via,
1635 3610 1786 3666 nihil
1837 3610 1953 3665 nisi

293 3676 630 3753 Catholicus
664 3694 797 3753 esse
824 3687 1074 3752 poterat.
1109 3683 1275 3753 Quod
1307 3683 1355 3737 si
1405 3682 1583 3737 unius
1642 3682 1743 3737 Dei
1776 3681 1955 3737 tidem

295 3750 635 3822 exprimens
665 3750 841 3821 paulo
877 3759 1034 3819 ante,
1068 3750 1189 3809 neu
1222 3753 1386 3819 dicit,
1423 3756 1680 3820 Patrem,
1715 3753 1954 3822 Filium,

301 3828 359 3875 et
390 3821 670 3891 Spiritum
696 3829 967 3879 sanctum
992 3842 1177 3880 unum
1210 3842 1337 3879 esse
1370 3825 1554 3879 Deum
1578 3842 1598 3887 ;
1620 3826 1744 3887 sed,
1769 3821 1954 3880 unum

300 3894 648 3967 Deum_esse
672 3912 777 3965 per
816 3912 1000 3951 unum
1038 3897 1251 3951 Filium
1284 3913 1416 3951 cum
1467 3901 1671 3951 sancto
1713 3897 1952 3967 Spiritu,

300 3964 706 4038 perindepest’:
734 3984 868 4022 cum
898 3968 1102 4022 itidem
1148 3969 1301 4031 Nam,
1355 3984 1547 4038 carm.
1596 3969 1654 4038 3,
1681 3964 1823 4038 pag.
1864 3969 1954 4031 68,

303 4036 387 4110 sic
408 4036 711 4110 Trinitatis
735 4039 911 4110 fidem
941 4039 1324 4110 profiteatur:
1353 4037 1445 4099 Εἷς
1464 4037 1617 4101 Θεὸς,
1641 4036 1702 4091 ii
1718 4036 1952 4109 γὲνίτειο,

306 4103 376 4160 δι’
408 4105 670 4192 Υἱέοἳςμές
704 4108 840 4192 μέγα
863 4103 1102 4179 Πνεῦμαο
1132 4132 1158 4160 «ι
1183 4110 1546 4192 ynusDeus,
1571 4125 1640 4165 ex
1669 4103 1955 4180 genitore,

305 4201 333 4227 ‹‹
369 4194 476 4249 per
505 4180 739 4235 Filium.
776 4180 837 4236 in
869 4197 1149 4251 magnum
1182 4181 1485 4252 Spiritum.

372 4252 452 4321 (1)
473 4252 545 4322 In
574 4255 854 4322 superiore
900 4255 1289 4321 Apostolorum
1324 4254 1566 4307 ecclesia.
1601 4252 1862 4308 Ecclesia
1893 4252 1953 4307 in

298 4338 368 4376 ea
401 4320 529 4395 aede
576 4320 782 4394 inqua
839 4320 1091 4395 Spiritus
1154 4330 1395 4381 sanctus
1454 4324 1861 4390 descenderat,
1893 4325 1953 4379 in

294 4394 651 4467 monteSion
666 4394 1259 4462 mdiﬁcata,omnium
1282 4396 1954 4467 Hierosolymitanarum

296 4465 737 4539 antiquissima,
764 4484 943 4539 parva
975 4468 1100 4521 uade
1132 4467 1459 4521 constabat.
1494 4465 1565 4521 In
1592 4468 1717 4522 htrc
1750 4467 1957 4522 Lucia—

294 4552 409 4623 nus
439 4537 779 4623 presbyter,
804 4539 956 4594 libro
984 4540 1052 4593 De
1076 4539 1763 4623 delectioneﬁreliquiarum
1781 4541 1959 4623 sancti
1993 4559 2036 4623 ί)

225 4610 235 4620 ⁸
293 4608 583 4682 Stephani.
619 4608 745 4682 Cap.
785 4614 817 4665 8
849 4616 907 4664 et
938 4615 1024 4671 10.
1066 4617 1336 4665 sanctum
1373 4611 1735 4682 Stephanum
1768 4610 1963 4665 diaco-

300 4696 443 4752 num
476 4680 814 4737 ordinatum
842 4682 1023 4737 fuisse
1047 4685 1246 4737 refert.
1280 4680 1590 4736 Probabile
1614 4687 1703 4735 est
1723 4688 1955 4752 aposto-

301 4751 413 4826 los,
447 4768 699 4826 quorum
724 4755 963 4826 nomine
1004 4754 1301 4826 appellata
1331 4758 1438 4819 est,
1474 4758 1529 4826 et
1559 4751 1831 4807 sanctum
1860 4754 1951 4826 J_a~

300 4822 511 4877 cobum
535 4825 800 4898 ecclesia:
826 4822 1376 4898 llierosolymitanm
1403 4824 1743 4895 episcopum
1769 4841 1837 4880 ea
1855 4824 1953 4898 do;

303 4910 419 4958 mo,
455 4911 560 4963 per
592 4897 784 4966 ipsum
836 4895 1117 4968 Spiritum
1177 4902 1447 4953 sanctum
1504 4903 1850 4951 consecrata
1879 4895 1954 4950 ad

302 4972 624 5039 conventus
656 4969 933 5023 Ecclesiae
966 4969 1355 5025 celebrandos
1389 4968 1743 5039 propensius
1775 4984 1953 5037 quam

302 5033 427 5088 ullo
459 5035 574 5110 alio
613 5038 740 5110 loco
764 5056 903 5094 usos
927 5058 1075 5096 esse.
1103 5043 1350 5096 Sanctus
1382 5033 1765 5110 Epiphanius,
1795 5033 1951 5094 libro

306 5111 384 5182 ρο
407 5108 714 5182 pendi-ibus
745 5119 793 5164 ct
827 5116 1091 5167 mensuris
1126 5153 1139 5174 ,
1172 5130 1337 5167 num.
1385 5108 1469 5175 14,
1493 5108 1683 5166 refert
1713 5128 1949 5182 parvam

303 5177 457 5230 hanc
490 5179 799 5235 ecclesiam
823 5184 893 5237 ab
918 5184 1200 5246 Adriano,
1235 5200 1370 5238 cum
1400 5183 1609 5238 Ailiam
1642 5177 1955 5239 aediﬁcavit

306 5249 591 5325 integram
647 5261 941 5325 repertam
992 5272 1142 5321 esse,
1177 5261 1234 5308 et
1266 5255 1812 5325 Hierosolymitanm
1845 5255 1953 5311 sub

307 5321 665 5390 Vespasiano
682 5323 866 5397 cladis
880 5333 1202 5397 expertem.
1228 5325 1493 5380 Distabat
1511 5321 1584 5380 ab
1600 5327 1747 5381 ASlia
1767 5344 1952 5397 quan-

298 5398 630 5469 tum_arc_us
655 5396 840 5469 semel
887 5396 1080 5468 potest
1129 5398 1353 5469 jacere,
1387 5413 1457 5451 ex
1492 5398 1665 5453 Guill.
1722 5400 1877 5469 'l‘yr.,
1911 5399 1950 5454 ι.

300 5465 568 5538 Vindicta“
597 5465 744 5520 sacri
796 5465 923 5538 cap.
958 5471 1013 5524 ει.

374 5535 450 5611 (ξ)
483 5536 703 5611 [Ιᾴντων
735 5535 1006 5611 γὰρ,’θιο.
1036 5540 1120 5593 Ita
1146 5539 1335 5611 AeditiA
1358 5556 1585 5595 omnes.
1620 5544 1679 5594 et
1709 5540 1951 5596 Coislin.

300 5624 369 5663 ac
401 5608 851 5666 GrodcciusIA't
882 5614 1001 5666 Roe
1034 5616 1092 5664 et
1131 5609 1405 5675 Casaub.,
1446 5611 1640 5674 πάντα,
1676 5616 1810 5679 etc.,
1839 5628 1955 5667 om-

300 5680 395 5753 rita
425 5682 579 5753 apud
605 5699 703 5738 nos
730 5690 859 5739 sunt
887 5683 1155 5753 insignia,
1215 5696 1394 5753 supra
1446 5687 1558 5735 cat.
1618 5684 1677 5753 3,
1704 5698 1871 5753 num.
1898 5687 1952 5753 7,

300 5750 531 5818 (litaret
586 5754 871 5828 Cyrillus,
929 5750 1014 5808 τὸ“
1051 5750 1305 5808 ἁπάντων
1356 5750 1573 5823 ἀγαθῶν
1628 5751 1842 5824 ἀξίωμα
1898 5751 1949 5807 ἰν

2066 3247 2143 3307 ἱιι
2162 3262 2277 3318 qua
2301 3247 2709 3318 supplendum
2738 3253 2990 3316 tantum,
3010 3247 3247 3318 ἀγᾶθῶν.

2136 3315 2213 3444 ἓξ)
2244 3316 2323 3373 Τὸ
2353 3315 2465 3371 ἐπεῖ
2492 3317 2783 3403 πατελθὸν.
2847 3321 2947 3376 His
3004 3315 3189 3401 addit.
3248 3322 3449 3388 Coisl.,
3487 3320 3583 3395 μία
3614 3322 3719 3397 γὰρ

2170 3392 2284 3444 οέα.
2316 3406 2429 3444 una
2458 3406 2603 3444 emm
2632 3392 2640 3444 Ι
2672 3393 2957 3444 amborum
2989 3391 3005 3444 l
3032 3392 3213 3444 alarm
3245 3400 3342 3444 est.

2065 3392 2100 3458 ἡ
2136 3390 2284 3462 δόξα,
2316 3406 2429 3462 una
2458 3393 2603 3447 enim
2632 3392 2957 3461 [amborum
2987 3391 3005 3462 ]
3031 3392 3213 3461 gloria
3245 3400 3342 3448 est.

2139 3461 2217 3532 (4)
2246 3461 2627 3532 Desideratur
2655 3464 2941 3519 articulus
2970 3461 3027 3531 ἡ.
3061 3465 3214 3520 Εοιτ.

2135 3536 2214 3603 (ὃ)
2244 3534 2421 3607 Τινῶν
2452 3531 2592 3607 περ-ί.
2628 3535 2808 3589 Voces
2866 3535 2995 3590 istm
3054 3536 3254 3591 nescio
3315 3538 3615 3607 quomodo
3654 3539 3719 3599 ίῐι

2065 3605 2771 3681 impressisexciderant;
2797 3608 3268 3681 easresarsimus
3292 3605 3361 3662 ei
3385 3609 3580 3681 codd.,
3596 3611 3717 3681 prio

2065 3693 2223 3733 mam
2247 3676 2485 3747 quidem
2519 3694 2590 3731 ex
2621 3677 2821 3746 Coisl.,
2854 3677 3102 3750 alteram
3124 3695 3259 3733 vero
3283 3695 3351 3735 ex
3375 3676 3715 3750 codemﬁn-

2067 3763 2361 3840 superqu
2393 3764 2461 3840 eLx
2493 3751 2610 3804 Roe
2642 3754 2701 3840 ejt
2722 3749 2969 3805 Casaub.
3013 3751 3171 3840 Post,
3230 3750 3713 3840 co‘njunctipn'e‘m

2066 3819 2157 3874 καί
2190 3835 2257 3874 ex
2288 3819 2521 3875 duobus
2551 3820 2726 3875 modo
2750 3820 3094 3876 memoratis
3125 3838 3264 3877 mss.
3293 3819 3461 3878 libris
3491 3823 3716 3879 addidi-

2068 3908 2222 3959 mus,
2257 3907 2324 3947 ac
2354 3907 2460 3962 pro
2477 3888 2760 3964 ﬁ‘lttxfiqrw,
2808 3893 3135 3962 praecidam,
3193 3894 3562 3964 scripsimus,
3593 3892 3716 3949 ἐπι-

2066 3964 2252 4036 κόψαι,
2286 3979 2362 4036 ex
2385 3962 2515 4018 cod.
2550 3962 2726 4036 Coisl.
2780 3964 2872 4018 cui
2922 3962 3465 4036 suffragantur—Rw
3520 3962 3581 4022 et
3607 3969 3717 4022 Ca-

2069 4031 2365 4108 saub.qui
2416 4039 2616 4108 tamen
2667 4031 3164 4108 ferunt,_éxxr$¢aﬁ'
3226 4036 3437 4108 legisse
3485 4038 3719 4094 videtur

2070 4106 2238 4163 Grod.
2253 4146 2267 4171 ,
2284 4102 2670 4178 :émxéttwpev,
2697 4102 3085 4178 praecidamus'.

2140 4180 2217 4250 (6)
2242 4173 2523 4252 laeua».
2558 4173 2786 4252 ‘_Co_isl.,
2833 4176 2927 4239 τὰς
2962 4174 3256 4252 γλώσσας,
3317 4181 3592 4251 proprius
3645 4180 3722 4238 ad

2070 4246 2430 4321 sententiam
2452 4248 2667 4319 psalmi
2698 4266 2855 4321 Lxui.
2881 4252 2929 4304 4.
2959 4246 3454 4321 1)ὀειέτόλμῆσαν“,
3478 4252 3721 4313 verbum

2070 4320 2236 4374 εἷπεῖν
2271 4320 2343 4375 ad
2342 4322 2599 4392 jecimus
2621 4338 2690 4375 ex
2712 4320 2883 4376 codd.
2911 4320 3085 4376 Coisl.
3112 4323 3250 4389 Boe,
3274 4322 3523 4378 Casaub.
3543 4325 3719 4380 Grod.

2072 4394 2405 4463 SeQuentes
2434 4409 2625 4460 voces,
2657 4396 2772 4465 τοῖς
2806 4392 3207 4465 προστάγμασι,
3232 4392 3441 4449 desent
3462 4395 3524 4449 in
3547 4395 3720 4451 codd.

2074 4466 2249 4539 Coisl.
2284 4466 2442 4539 nec,
2501 4464 2746 4539 Qasaub.
2809 4463 3135 4539 Mallemus,
3196 4467 3722 4539 τ-οῖςᾷσυντάγμασι.

2074 4536 2353 4592 Librariis
2375 4535 2851 4615 ill‘usiinsequens
2873 4552 3000 4615 vox,
3025 4534 3160 4615 πρξις
3178 4536 3295 4596 τὰς.
3322 4537 3488 4615 Ιῖοιιε
3521 4534 3720 4599 tamen

2071 4614 2353 4664 vocantur
2382 4624 2416 4662 a
2436 4608 2897 4681 Cyr-illoscripta
2913 4608 3119 4681 lrenmi
3142 4608 3549 4681 xposjqivpzta,
3569 4628 3723 4680 prie-

2069 4683 2362 4750 ceptiones,
2392 4684 2551 4748 quia,
2580 4685 2642 4733 ut
2665 4679 2789 4749 ipse
2820 4679 2877 4732 in
2900 4679 3247 4749 preefatione
3273 4679 3722 4739 libroruinsuo-

2064 4769 2197 4807 rum
2231 4752 2489 4822 exponit,
2527 4767 2627 4805 eos
2668 4751 2906 4821 scripsit
2936 4750 3009 4805 ad
3063 4751 3452 4822 detegendum
3485 4758 3543 4808 et
3581 4754 3726 4808 insi-

2064 4821 2365 4879 nuandam
2398 4821 2677 4876 omnibus
2708 4828 2772 4876 ut
2801 4826 3093 4878 caverent.
3125 4821 3461 4892 perversam
3493 4829 3551 4879 et
3597 4831 3721 4879 stu-

2065 4896 2234 4950 diose
2268 4900 2599 4949 contectam
2633 4893 3046 4948 haereticorum
3078 4892 3367 4949 fraudem.
3402 4894 3567 4960 Quod
3596 4897 3719 4951 Ire-

2070 4983 2238 5021 nmus
2269 4963 2487 5037 dicitur
2518 4965 2882 5035 explanator,
2918 4961 3210 5037 ἐξηγητής,
3240 4964 3296 5019 id
3339 4966 3449 5036 ipsi
3499 4968 3723 5037 optime

2064 5036 2365 5102 convenit,
2387 5037 2487 5106 qui
2505 5036 2918 5091 haereticorum
2934 5035 3209 5107 dogmata
3230 5035 3468 5107 copiose
3499 5035 3721 5094 descri-

2062 5109 2187 5182 psit
2218 5114 2283 5182 et
2298 5108 2662 5182 explanavit.
2692 5108 2838 5182 _Non
2872 5107 3322 5182 tamenidcirco
3358 5126 3487 5182 eam
3519 5127 3721 5166 vocem

2063 5179 2097 5237 a
2132 5179 2351 5253 Cyrillo
2383 5180 2493 5250 ipsi
2527 5179 2705 5235 tribui
2736 5184 2958 5250 putem,
2989 5179 3091 5253 sed
3118 5180 3313 5253 potius
3344 5180 3414 5253 ab
3438 5182 3724 5253 explana-

2068 5251 2230 5308 tione
2262 5251 2349 5306 vel
2381 5253 2697 5323 Scriptura:
2723 5252 3118 5324 sacr_m,_cuju_s
3147 5252 3334 5307 multa
3356 5251 3486 5324 loca
3508 5251 3566 5307 in
3593 5254 3722 5324 ejus

2067 5324 2307 5396 scriptis
2339 5321 2728 5393 explicantur,
2770 5322 2863 5377 vel
2922 5321 3205 5396 doctrinm
3261 5321 3718 5396 ecclesiastica):

2067 5398 2151 5451 sic
2185 5392 2345 5450 enim
2377 5392 2567 5464 quivis
2596 5399 2801 5450 auctor
2827 5393 3264 5448 ecclesiasticus
3298 5392 3567 5466 ἐξηγητής
3601 5396 3719 5453 dici

2062 5473 2278 5540 potest.
2308 5474 2419 5521 cat.
2457 5468 2741 5540 t3,_num.
2772 5466 2865 5540 _2l,
2900 5471 2959 5540 et
2987 5470 3130 5540 cat._
3158 5469 3254 5540 iii.
3297 5482 3463 5522 num.
3498 5470 3586 5533 20,
3620 5486 3718 5521 ve—

2064 5533 2218 5594 teres
2251 5540 2453 5593 Patres
2484 5533 2592 5593 sub
2624 5537 2865 5609 nomine
2898 5533 3173 5609 ἐξηγητῶν
3207 5537 3368 5601 citat,
3401 5540 3714 5596 occasione

2063 5611 2457 5682 quorumdam
2488 5608 3288 5682 Scripturmlocorum,_qute
3329 5609 3448 5682 sive
3480 5611 3540 5665 in
3571 5628 3709 5682 per-

2061 5678 2256 5753 petuis
2285 5678 2752 5745 commentariis,
2785 5679 2903 5753 sive
2934 5680 2996 5735 in
3042 5678 3176 5735 aliis
3205 5678 3383 5753 libris
3409 5678 3702 5753 proqdata

2062 5751 2371 5809 occasione
2402 5755 2815 5824 exposuerant.
2865 5752 3138 5811 Anastas.
3197 5751 3429 5823 Sinait.,
3486 5751 3591 5812 tib.
3626 5771 3705 5812 vn
