4118 6264
375 338 497 400 936

1261 334 1738 398 CATECHESIS
1781 333 1947 395 XVI.
1993 332 2099 394 DE
2140 330 2460 396 SPIBITU
2505 333 2813 397 SANCTO
2856 334 2907 395 Ι.

3672 333 3792 397 926

375 474 690 547 ἐτόλμησαν
751 470 920 528 εἰπεῖν
970 470 1038 527 τὰ
1090 469 1337 544 ἀθὲμιτα’
1406 472 1585 533 καθὼς
1644 470 1941 547 Εἶ¹ρηναῖος
2001 468 2029 523 ὁ

2151 482 2353 526 acuere
2379 469 2446 538 ⁴⁴,
2482 476 2539 525 et
2568 470 2814 528 infanda
2835 472 3030 528 dicere
3059 475 3198 527 sunt
3225 471 3375 541 ausi,
3403 473 3789 545 quemadmo-

378 565 650 639 ἐξηγητής
705 561 757 618 ἦν
815 567 933 623 τοῖς
990 560 1379 636 προστάγμασι
1438 566 1554 622 τοῖς
1583 559 1719 634 πρὸς
1758 560 1852 620 τὰς
1886 546 2032 627 αἲρέ-

376 674 510 720 σεις,
571 648 824 727 ἔγραψεν.
886 652 953 707 Οἱ
1016 651 1110 723 μὲν
1175 649 1400 714 ἑαυτοὺς
1457 649 1686 705 εἶναιτὸ
1730 651 1947 720 Πνεῦμα
1972 646 2033 701 τὸ

380 745 529 818 ἅγιον
585 742 752 798 εἰπεῖν
811 738 1211 812 τολμήσαντες,
1274 739 1347 794 ὧν
1402 744 1619 814 πρῶτος
1671 739 1886 812 Σίμων,
1919 736 2031 792 ὁὲν

376 840 496 896 ταῖς
529 832 754 907 "pisse:
785 835 892 886 τῶν
923 825 1245 886 ἀποστόλων
1291 828 1501 906 Μάγος·
1536 824 1876 898 ἀποϐληθεὶς
1905 828 2033 904 γὰρ,

377 924 449 979 τὰ
478 925 703 977 τοιαῦτα
734 917 1008 975 διδάσκειν
1059 917 1385 992 ἐτόλμησεν.
1419 920 1482 974 Οἱ
1515 916 1572 974 δὲ
1605 918 1897 973 Γνωστικοὶ
1927 936 2033 971 κα-

381 1010 641 1084 λούμενοι
674 1009 763 1063 καὶ
792 1003 1026 1077 ἀσεϐεῖς,
1074 1006 1165 1062 καὶ
1213 1004 1369 1083 ἕτερα
1417 1008 1553 1063 κατᾶ
1590 1012 1688 1063 τοῦ
1720 1006 2034 1080 Ilva-Spartae

380 1098 719 1178 ἐφθέγξαντο.
778 1096 1219 1154 Οὐαλεντινιανοὶ
1279 1094 1338 1152 δὲ
1397 1098 1449 1150 οἱ
1505 1098 1839 1173 παράνομοι,
1872 1094 2037 1152 πᾶλιν

378 1185 534 1263 ἕτεροι
696 1187 757 1243 Ὀ
792 1184 848 1240 δὲ
880 1181 1147 1253 δυσσεϐὴς
1185 1186 1397 1255 Μάνης,
1421 1185 1606 1240 ἑαυτὸν
1642 1185 1776 1240 εἶναι
1806 1186 1897 1239 τὸν
1934 1184 2036 1239 ὑπὸ

383 1280 618 1352 Χριστοῦ
674 1274 988 1350 πεμφθέντα
1063 1271 1423 1348 ΙΙαράκλητον
1482 1273 1651 1329 εἶ’πεῖν
1714 1273 2034 1347 ἐτόλμησεν.

383 1368 603 1439 "ti-rapo:
637 1360 712 1432 δὲ,
748 1360 890 1418 ἄλλο
923 1361 975 1418 ἐν
1007 1363 1316 1439 προφήταις
1345 1362 1501 1433 εἶναι,
1530 1362 1620 1417 καὶ
1652 1360 1793 1417 ἄλλο
1824 1361 1874 1415 ἐν
1910 1367 2035 1416 Και-

381 1456 473 1527 νῇ.
509 1451 606 1506 Καὶ
638 1449 827 1520 πολλῆ
863 1448 921 1506 δέ
949 1472 1033 1515 τις
1088 1451 1265 1506 αὐτῶν
1325 1454 1360 1521 ἡ
1419 1451 1625 1522 πλάνη,
1673 1450 1884 1522 μᾶλλον
1914 1447 1970 1505 δὲ
1999 1452 2035 1521 ἡ

390 1541 737 1618 βλασφημίαι.
774 1539 1017 1611 Μίσησον
1046 1539 1228 1595 τοίνυν
1259 1539 1386 1602 τοὺς
1416 1539 1721 1609 τοιούτους,
1753 1540 1843 1595 καὶ
1874 1545 2039 1617 φεῦγε

384 1630 512 1693 τοὺς
553 1628 1019 1706 βλασφημοῦντας
1066 1628 1128 1684 τὸ
1178 1634 1398 1703 Πνεῦμα
1425 1630 1488 1686 τὸ
1521 1629 1694 1706 ἃγιον,
1726 1629 1815 1684 καὶ
1849 1631 2034 1704 ἄφεσιν

388 1719 489 1776 οὐκ
517 1715 748 1796 ἔχοντας
788 1722 879 1792 (2).
930 1718 1026 1781 Τίς
1082 1720 1168 1773 σοὶ
1199 1718 1336 1794 πρός
1367 1719 1497 1781 τοὺς
1528 1716 1883 1782 ἀνελπίστους
1913 1738 2037 1774 κοι-

388 1808 575 1881 νωνία,
641 1812 721 1881 τῷ
790 1809 1287 1883 βαπτισθησομὲνῳ
1360 1812 1452 1862 νῦν
1520 1809 1609 1863 καὶ
1678 1808 1755 1873 εἷς
1820 1812 2037 1882 Πνεῦμα

388 1898 540 1972 ἅγιον
568 1916 581 1968 ;
615 1897 679 1954 Εἰ
737 1899 764 1953 ὁ
794 1895 1153 1971 κολλώμενος
1208 1901 1288 1969 τῷ
1345 1896 1552 1972 κλέπτῃ
1580 1897 1668 1954 καὶ
1702 1897 2030 1974 συντρέχων,

384 1987 490 2042 ὑπὸ
518 1987 787 2063 τιμωρίαν
847 1986 1007 2043 ἐστίν’
1069 1988 1098 2043 ὁ
1157 1987 1514 2064 προσκρούων
1561 1988 1835 2062 Πνεύματι
1868 1988 2031 2065 ἁγίῳ,

385 2079 546 2133 ποίαν
577 2074 681 2152 ἕξει
709 2077 807 2146 τήν
835 2074 1034 2133 ἐλπίδα
1060 2100 1074 2146 ς

452 2263 521 2313 Z'.
555 2255 926 2322 Μισείσθωσαν
977 2256 1069 2312 καὶ
1126 2257 1554 2332 Μαρκιωνισταὶ,
1588 2258 1641 2312 οἱ
1683 2256 2029 2332 περιελόντες

376 2345 444 2402 τὰ
501 2345 721 2422 ῥήματα
765 2351 867 2416 τῆς
922 2343 1171 2408 Παλαιᾶς
1222 2346 1498 2417 Διαθήκης
1539 2345 1644 2401 ἀπὸ
1672 2351 1774 2416 τῆς
1803 2352 2029 2416 Καινῆς.

2142 558 2281 614 dum
2312 561 2570 616 Irenaeus
2602 567 2808 617 auctor
2856 562 2916 616 in
2960 562 3084 616 suis
3120 561 3401 618 adversus
3432 563 3692 620 haereses
3719 564 3788 620 li-

2139 649 2265 704 bris
2289 650 2544 721 scripsit.
2571 651 2731 707 Alios
2754 650 2995 721 quidem
3019 666 3139 705 non
3160 652 3411 707 veritum
3442 658 3530 707 est
3558 654 3788 726 seipsos

2140 738 2422 810 Spiritum
2454 744 2723 795 sanctum
2753 740 2951 795 dicere
2978 756 2990 795 :
3046 755 3297 811 quorum
3324 742 3550 812 primus
3579 748 3670 797 est
3699 744 3788 797 Si-

2140 841 2302 894 mon,
2334 828 2437 883 ille
2466 828 2529 883 in
2581 830 2741 883 Actis
2782 828 3187 900 apostolorum
3219 828 3418 900 Magus
3442 829 3484 865 "
3513 848 3525 897 ;
3559 831 3785 901 ejectus

2141 918 2322 987 enim,
2354 918 2493 975 talia
2527 919 2736 976 docere
2764 935 2883 974 non
2916 919 3222 1001 dubitavit.
3260 919 3301 974 li
3333 935 3468 974 vero
3501 920 3600 990 qui
3634 922 3788 978 Gno-

2142 1008 2271 1063 stici
2308 1013 2592 1064 vocantur
2618 1012 2692 1079 (3)
2727 1013 2785 1064 et
2808 1009 2975 1080 impii
3005 1009 3210 1081 [sunt],
3242 1008 3361 1064 alia
3391 1022 3626 1080 quoque
3657 1026 3794 1065 con-

2141 1102 2232 1152 tra
2262 1097 2541 1169 Spiritum
2576 1099 2732 1153 el'fati
2777 1103 2950 1153 sunt:
3014 1103 3071 1153 et
3130 1099 3202 1169 (4)
3263 1113 3499 1153 rursum
3529 1097 3647 1153 alia
3678 1099 3792 1153 im-

2142 1186 2310 1257 probi
2344 1186 2762 1242 Valentiniani.
2788 1188 2833 1223 κ
2853 1189 2927 1241 At
2959 1186 3569 1243 consceleratissimus
3595 1189 3792 1246 Manes

2142 1275 2404 1347 seipsum
2450 1292 2628 1331 ausus
2678 1281 2767 1330 est
2805 1275 2997 1331 dicere
3047 1276 3419 1331 Paracletum
3467 1293 3500 1330 a
3557 1277 3788 1332 Christo

2141 1365 2411 1420 missum.
2445 1364 2487 1401 ⁸⁷
2520 1364 2706 1420 Alteri
2740 1382 2874 1421 vero
2906 1365 3090 1421 alium
3123 1365 3182 1419 in
3215 1365 3539 1437 prOphetis,
3575 1364 3787 1421 alium-

2143 1469 2258 1525 que
2290 1455 2349 1509 in
2382 1456 2534 1509 Novo
2566 1455 2847 1526 Spiritum
2873 1455 3195 1511 commenti
3222 1461 3397 1510 sunt:
3422 1456 3569 1511 adeo
3593 1456 3789 1512 diver-

2142 1558 2243 1598 sus
2293 1548 2384 1598 est
2435 1543 2675 1600 illorum
2734 1558 2919 1613 error,
2955 1560 3059 1599 seu
3087 1545 3284 1616 potius
3316 1544 3707 1616 blasphemia.
3740 1545 3791 1581 ⁴⁸

2142 1633 2494 1704 Hujusmodi
2526 1633 2705 1706 igitur
2733 1634 3009 1689 homines
3040 1632 3259 1703 oderis,
3285 1638 3341 1688 et
3362 1633 3495 1706 fuge
3516 1633 3789 1706 blasphe-

2143 1728 2376 1778 mantes
2407 1723 2690 1795 Spiritum
2730 1730 3022 1791 sanctum,
3057 1723 3272 1794 quibus
3303 1739 3424 1779 non
3456 1728 3546 1779 est
3575 1725 3786 1780 remis-

2144 1810 2252 1867 sio.
2285 1814 2566 1877 Quaenam
2598 1811 2705 1866 tibi
2737 1827 2871 1867 cum
2903 1828 3005 1883 spe
3036 1812 3199 1867 omni
3230 1808 3566 1867 carentibus
3597 1811 3786 1867 socie-

2144 1907 2252 1968 tas,
2285 1900 2387 1972 qui
2418 1901 2478 1956 in
2511 1901 2792 1973 Spiritum
2833 1914 3071 1972 quoque
3100 1905 3372 1957 sanctum
3404 1917 3563 1957 nunc
3592 1900 3785 1973 bapti-

2139 1989 2359 2046 zandus
2388 2006 2449 2045 es
2470 1989 2497 2044 ?
2522 1991 2578 2045 Si
2636 1990 2685 2047 is
2742 1990 2843 2061 qui
2900 1989 3164 2046 adhaeret
3198 1990 3315 2045 furi
3347 1988 3409 2045 et
3434 1990 3619 2047 currit
3647 2006 3783 2046 cum

2142 2096 2208 2134 eo
2227 2077 2294 2148 49,
2328 2076 2619 2151 supplicio
2651 2077 2940 2135 obnoxius
2973 2084 3097 2147 est;
3140 2077 3242 2133 ille
3274 2079 3372 2150 qui
3407 2079 3470 2134 in
3501 2079 3787 2151 Spiritum

2139 2174 2409 2227 sanctum
2440 2169 2736 2241 impingit,
2761 2185 2939 2240 quam
2970 2185 3137 2239 spem
3170 2173 3261 2223 est
3289 2168 3599 2224 habiturus
3620 2168 3647 2224 ‘I

2210 2259 2327 2313 VII.
2361 2257 2506 2314 Odio
2538 2257 2659 2312 sint
2687 2263 2746 2313 et
2773 2257 3183 2326 Marcionistaa,
3208 2256 3309 2328 qui
3333 2257 3557 2311 Veteris
3587 2258 3790 2312 Testa—

2138 2346 2327 2404 menti
2357 2344 2534 2402 verba
2563 2362 2593 2401 e
2642 2348 2796 2402 Novo
2848 2345 3251 2402 detraxerunt.
3283 2344 3332 2381 5°
3361 2345 3595 2401 Primus
3627 2344 3788 2402 enim

451 2466 497 2501 “
528 2465 683 2536 Psal.
720 2482 944 2533 cxxxu,
976 2467 1030 2522 4.
1105 2464 1154 2498 ⁴⁵
1182 2466 1309 2521 Act.
1337 2482 1451 2532 vui,
1484 2468 1536 2521 9.
1574 2465 1697 2521 Vid.
1729 2471 1839 2521 cat.
1875 2468 1927 2534 6,
1953 2481 2013 2521 η.
2048 2482 2054 2519 τ

2211 2463 2258 2536 1⁸
2296 2464 2424 2519 Vid.
2457 2470 2564 2520 cat.
2595 2466 2648 2534 6,
2680 2480 2737 2519 η.
2773 2466 2861 2531 25,
2893 2471 2946 2519 et
2974 2466 3108 2533 infr.
3142 2480 3197 2521 η.
3223 2466 3273 2518 9.
3353 2462 3399 2500 ‘7
3430 2464 3545 2521 Vid.
3572 2479 3696 2536 sup.
3726 2478 3786 2520 η.

384 2539 436 2592 4.
514 2535 561 2570 ⁸³
596 2538 707 2592 Vit.
741 2543 848 2592 cat.
883 2540 935 2607 6,
965 2552 1023 2591 η.
1062 2539 1145 2605 19,
1178 2540 1281 2606 inf.
1314 2553 1374 2591 η.
1409 2539 1496 2593 10.
1571 2538 1616 2572 ⁴⁹
1644 2537 1798 2594 Psal.
1832 2554 1979 2606 XLIX,
2017 2540 2054 2590 t:

2180 2534 2226 2570 ⁵ο
2260 2536 2386 2593 Vid.
2419 2541 2527 2591 eat.
2561 2538 2615 2605 6,
2645 2551 2703 2591 η.
2741 2536 2829 2590 16.

390 2662 638 2730 Anagog.
673 2660 1221 2732 Contemplationum,
1243 2666 1310 2719 ut
1338 2658 1592 2720 habetur
1620 2663 1683 2719 in
1714 2663 1842 2719 cod.
1864 2662 2030 2721 Colb.

389 2734 551 2807 3253,
587 2740 751 2788 vocat
780 2734 2031 2807 PhiIonem,Papiam,Irenreum,Justinum,

388 2806 762 2870 Pantaenum,
792 2805 1155 2876 Clementem
1181 2805 1673 2876 Alexandrinum,
1702 2807 2033 2863 vetustissi-

392 2893 529 2950 mos
553 2876 949 2950 Ecclesiafum
979 2874 1264 2950 ἐξηγητάς.

581 2944 752 3001 Πάλιν
807 2943 1219 3023 ἕτεραηἙὶῌιὶ,
1278 2944 1599 3023 καὶᾼὲτεροι.
1658 2950 2034 3023 Prmtulimus

396 3020 751 3094 scripturam
784 3020 955 3094 codd.
989 3020 1179 3094 Cois_l._
1201 3023 1344 3094 Roe,
1377 3020 1625 3094 Casaub.
1660 3021 1840 3077 Paulo
1870 3028 2032 3094 post,

395 3106 464 3145 ex
486 3088 697 3165 iisdem
721 3088 1232 3165 scripsimusé'no
1256 3088 1485 3165 duobus
1507 3092 1653 3149 locis
1673 3088 2036 3165 consequen-

390 3165 498 3230 ter,
532 3161 630 3218 ubi
662 3163 723 3218 in
754 3159 931 3238 editis
950 3163 1252 3220 ferebatur
1272 3159 1466 3235 ἄλλον,
1490 3170 1556 3221 ut
1584 3165 1859 3238 superius
1875 3159 2030 3221 'feci-

394 3250 527 3290 mus
552 3250 715 3290 num.
750 3236 802 3289 4.

463 3303 679 3382 (ἓξΟὐκ
733 3301 984 3382 ἔχοντας.
1044 3306 1245 3382 Goisl.,
1308 3305 1409 3382 of»;
1466 3302 1927 3382 ἔχουσιηδωρθ,
1974 3312 2041 3365 ut

398 3378 572 3449 cat_._6,
603 3378 907 3449 num.”26;
943 3383 1056 3436 cat.
1088 3380 1143 3446 4,
1176 3395 1343 3434 num.
1377 3378 1464 3449 16,
1498 3378 1617 3436 'cat.
1654 3380 1737 3449 16,
1774 3378 1939 3437 num.
1989 3384 2040 3449 1,

395 3447 624 3505 nullam
653 3448 1132 3532 blasphemisnin
1192 3447 1474 3532 Spiritum
1505 3447 1785 3532 sanctum
1809 3447 2041 3532 veniam

400 3536 710 3591 superesse
756 3520 875 3587 ait;
977 3520 1152 3577 uibus
1207 3521 1355 3577 locis
1386 3537 1521 3577 eum
1554 3524 1715 3579 nuda
1744 3522 2041 3596 Evangelii

400 3590 572 3647 verba
590 3592 818 3647 recitet.
844 3539 1077 3647 nuﬂum
1102 3592 1231 3647 eius
1254 3594 1568 3647 sententiis
1592 3595 1777 3647 alium
1801 3611 2041 3647 sensum

395 3590 572 3664 verba
590 3592 818 3664 recitet,
844 3590 1077 3651 nullum
1102 3592 1231 3664 ejus
1254 3594 1568 3649 sententiis
1592 3595 1777 3650 alium
1801 3590 2042 3651 sensum

401 3662 598 3717 inesse
618 3663 983 3738 credendum
1005 3662 1340 3738 estprmter
1359 3681 1516 3738 eum,
1542 3665 2042 3738 legitimumgsane

402 3738 461 3788 et
485 3751 709 3806 verum,
743 3735 843 3805 qui
877 3734 940 3790 in
970 3735 1099 3806 ipso
1123 3734 1343 3790 Christi
1377 3735 1533 3791 dicto
1565 3734 1901 3801 latet.Quod
1927 3753 2040 3792 au-

396 3808 515 3861 tem
532 3804 967 3878 blasphemiam
986 3804 1047 3861 in
1060 3806 1340 3878 Spiritum
1356 3813 1625 3864 sanctum
1650 3808 1823 3864 venia
1842 3825 2044 3864 carere

398 3892 521 3951 non
547 3877 921 3946 existimarit,
946 3877 1178 3951 ratio’in
1202 3884 1481 3951 promptu
1502 3886 1628 3935 est:
1657 3879 2042 3951 blasphemia:

400 3947 578 4030 hujus
602 3966 735 4030 reos
765 3947 1261 4030 pronuntianqui
1292 3947 1394 4030 veli
1415 3951 1767 4024 ignorantia,
1789 3947 1889 4007 vel
1915 3951 2041 4022 pie-

398 4020 535 4075 tatis
566 4020 847 4094 opinione
879 4020 951 4075 de
980 4020 1200 4094 Spiritu
1228 4020 1632 4094 sanctofsecus
1660 4030 1840 4094 atque
1871 4020 2045 4094 opor-

396 4092 774 4164 tetsentiant
801 4109 966 4164 num.
1005 4092 1053 4161 1,
1086 4097 1145 4146 et
1177 4092 1235 4147 in
1265 4092 1496 4164 primis
1528 4092 1881 4151 Manichaeos
1910 4092 2044 4149 sce-

394 4158 537 4236 leris
568 4163 746 4235 hujus
778 4164 890 4219 hoc
919 4158 1048 4236 loco
1080 4180 1215 4219 reos
1247 4158 1473 4220 definit.
1500 4166 1676 4236 Atqui
1708 4166 2044 4222 Manichmis

396 4232 733 4304 pollicetur,
768 4235 816 4289 si
848 4235 1200 4306 resipiscam
1233 4253 1362 4291 esse
1393 4236 1544 4292 viam
1577 4232 1808 4305 salutis,
1843 4243 1955 4292 cat.
1991 4240 2043 4304 6,

395 4320 561 4361 num.
586 4308 673 4373 36,
696 4312 751 4362 et
779 4306 986 4361 habuit
1008 4306 1067 4361 in
1094 4306 1388 4362 auditorio
1420 4308 1574 4363 viros
1607 4325 1674 4363 ex
1707 4308 2046 4364 Manichzeis

396 4392 735 4451 conversos.
766 4384 826 4451 ut
858 4383 1019 4449 patet
1075 4394 1143 4431 ex
1177 4382 1302 4451 Acat.
1356 4380 1443 4441 15,
1478 4396 1641 4451 num.
1677 4381 1729 4435 3.
1762 4380 2047 4451 Intelligit

398 4464 533 4521 ergo
595 4448 1296 4521 difﬁrcilio’remrremissu
1346 4450 1576 4504 caeteris
1631 4451 1886 4521 peccatis
1915 4448 2044 4506 esse

397 4517 831 4590 blasphemiam
889 4522 949 4575 in
1008 4520 1291 4592 Spiritum
1354 4517 1647 4586 sanctum,
1682 4538 1802 4577 non
1855 4523 2041 4579 veniae

400 4598 723 4660 expertem.

469 4664 543 4731 (2)
573 4663 623 4719 Ii
654 4666 757 4733 qui
781 4664 1027 4719 Gnoslici
1047 4670 1333 4719 vocantur.
1361 4663 1779 4719 Gnosticorum
1810 4664 2053 4720 nomine

410 4746 530 4787 non
554 4735 943 4807 unapsimplex
973 4741 1151 4807 secta,
1170 4735 1271 4790 sed
1295 4734 1498 4790 multae
1522 4752 1765 4807 prorsus
1787 4736 2055 4803 diversa),

411 4818 608 4879 qua)__a
638 4804 873 4861 Simone
902 4808 1065 4879 Mago
1097 4806 1342 4879 haeresis
1374 4804 1605 4863 semina
1632 4813 2056 4879 susceperunt,

408 4873 863 4950 intelliguntur;
895 4878 955 4932 in
989 4873 1078 4933 his
1112 4878 1311 4950 etiam,
1335 4948 1340 4950 _
1365 4884 1422 4933 et
1462 4878 1762 4950 praecipuo
1796 4873 2053 4950 quodam

406 4946 575 5021 titulo
600 4946 1022 5021 comprehensi
1056 4946 1663 5021 Valentinianiiquos
1694 4946 1891 5006 tamen
1924 4955 1991 5005 ut
2019 4967 2051 5005 a

406 5020 700 5092 Cnosticis
734 5020 995 5075 diversos
1026 5028 1297 5076 recenset
1326 5020 1599 5092 Cyrillus.
1636 5023 1927 5077 Gnosticis
1958 5023 2052 5077 in-

400 5087 487 5145 fra
517 5091 724 5147 tribuit
746 5092 1183 5164 opinionemgde
1210 5087 1425 5162 Spiriiu
1450 5099 1675 5161 sancto,
1697 5111 1872 5164 quam
1900 5094 2048 5164 ipse,

396 5164 762 5236 verecundia
784 5162 1195 5235 autsingulari
1226 5164 1554 5236 impietatis
1580 5162 1824 5219 horrore
1857 5162 2050 5236 prohi-

400 5231 580 5299 bitus,
609 5236 829 5289 referre
864 5252 982 5289 non
1013 5231 1211 5291 'ausus
1264 5231 1370 5290 est.
1428 5235 1821 5291 Borborianos
1851 5231 2047 5291 forsan

399 5310 585 5373 notat,
619 5307 718 5378 qui
748 5306 1015 5378 quamvis
1047 5323 1117 5361 ex
1142 5307 1388 5369 Irenaeo,
1422 5305 1524 5361 lib.
1559 5323 1599 5375 ι,
1632 5322 1759 5378 cap.
1790 5310 1878 5375 29,
1906 5324 1965 5363 ιι.
1994 5311 2045 5374 1,

397 5384 730 5449 separatam
758 5377 1171 5449 Gnosticorum
1200 5394 1449 5448 eamque
1474 5377 1741 5433 omnium
1774 5378 2049 5449 impuris-

397 5446 609 5502 simam
644 5449 895 5503 classem
919 5446 1370 5514 constituerint,
1392 5450 1801 5505 Gnosticorum
1828 5446 2047 5505 nomen

402 5533 526 5584 prae
557 5520 787 5573 cmteris
840 5520 1120 5575 habuisse
1179 5525 1238 5574 et
1296 5520 1616 5576 retinuisse
1649 5520 1942 5585 videntur,
1979 5538 2048 5576 ex

400 5587 1061 5664 Epiph.,ha3resigxxvi,
1122 5607 1286 5646 num.
1347 5593 1398 5645 3.
1459 5593 1679 5664 Horum
1712 5593 2049 5664 rdegSpiritu

402 5665 607 5738 sancto
640 5661 963 5738 opinionis,
996 5663 1319 5738 ab__I_renaeo
1347 5669 1404 5717 et
1429 5663 1779 5738 Epiphanio,
1805 5661 1952 5720 locis
1975 5664 2052 5721 ci-

400 5732 627 5799 tatis,et
652 5732 1040 5804 Theodoreto,
1063 5733 1168 5789 lib.
1196 5750 1208 5788 1
1235 5734 1428 5791 ﬂeret.
1457 5732 1599 5805 fab),
1624 5752 1751 5808 cap.
1780 5738 1866 5805 13,
1887 5751 2045 5793 com-

2144 2666 2488 2735 memoratae
2538 2661 2665 2718 haac
2714 2678 2949 2719 summa
2978 2666 3141 2718 erat:
3174 2663 3460 2735 Spiritum
3491 2666 3786 2732 sanctum,

2145 2750 2321 2806 quem
2351 2733 2612 2806 feminas,
2645 2739 2713 2789 ut
2769 2740 3017 2806 apparet
3071 2733 3299 2790 natura)
3341 2735 3682 2801 credebant,
3718 2751 3790 2791 ex

2143 2805 2336 2879 primo
2366 2805 2623 2876 quodam
2653 2805 2864 2879 angelo
2886 2808 3281 2879 progenitum,
3307 2808 3438 2878 conj
3450 2823 3619 2879 ugem
3643 2806 3793 2879 citra

2142 2877 2508 2959 voluntatem
2539 2877 2970 2959 Patris‘l‘rust’ra
2991 2877 3332 2959 quaesivisse
3357 2895 3370 2946 ;
3406 2877 3538 2959 tum
3560 2878 3793 2959 simpli-

2145 2950 2321 3005 citate
2343 2954 2401 3004 et
2420 2948 2784 3019 benignitate
2806 2948 3027 3019 actum,
3050 2950 3169 3006 sive
3199 2954 3414 3019 actam,
3436 2954 3503 3005 ut
3524 2948 3793 3021 loquitur

2144 3025 2430 3094 Irenaeus,
2461 3037 2611 3094 opus
2639 3021 2916 3094 genuisse
2958 3021 3021 3075 in
3070 3038 3186 3093 quo
3219 3027 3345 3079 erat
3373 3021 3710 3094 ignorantia
3735 3026 3794 3075 et

2145 3092 2431 3149 audacia:
2465 3092 2623 3147 hunc
2650 3092 3129 3148 ’Proarchontem
3172 3110 3275 3149 seu
3305 3092 3797 3149 Protarchontem

2146 3163 2456 3231 vocabant,
2490 3168 2603 3220 etc.
2625 3164 2855 3235 Ophitaa
2884 3169 2942 3219 et
2971 3164 3256 3232 Setbiani,
3285 3164 3540 3221 alterum
3561 3162 3793 3220 Gnosti-

2148 3252 2353 3308 corum
2379 3251 2586 3308 genus,
2614 3235 2833 3291 lrenazo
2864 3235 3157 3291 referente
3177 3235 3279 3308 lib.
3305 3253 3347 3303 1,
3375 3253 3501 3308 cap.
3531 3236 3705 3308 30,7n.
3741 3239 3793 3304 1,

2151 3307 2434 3379 Spiritum
2464 3311 2734 3379 sanctum
2755 3308 3009 3379 primam
3036 3324 3164 3364 esse
3184 3307 3472 3364 feminam
3494 3307 3793 3364 dicebant:

2150 3378 2322 3451 cujus
2351 3378 2599 3451 libidine
2623 3378 2852 3450 primus
2874 3381 3052 3435 homo
3076 3395 3362 3436 accensus
3382 3380 3665 3451 (primum
3688 3381 3797 3435 ho-

2150 3450 2375 3506 minem
2405 3450 2634 3523 scilicet
2678 3452 3064 3523 appellabant
3110 3451 3314 3507 lumen
3347 3450 3645 3523 quoddam
3677 3451 3797 3523 pri-

2150 3468 2375 3506 minem
2405 3468 2634 3506 scuicet
2678 3468 3064 3523 appellabant
3110 3468 3314 3507 iumen
3388 3468 3645 3506 uoaaam
3677 3468 3797 3522 pri-

2149 3522 2501 3592 mum,quod
2524 3523 2584 3577 in
2608 3523 2820 3577 virtute
2840 3523 3005 3593 Bythi
3025 3523 3287 3578 residere
3307 3468 3773 3593 aiiﬁtrabantur)
3787 3564 3801 3590 ,

2151 3611 2220 3649 ex
2254 3610 2321 3665 ea
2346 3594 2644 3648 Christum
2675 3593 2996 3665 genuisset.

2220 3664 2451 3736 (4)1111}:
2478 3663 2697 3719 rursum
2722 3663 2958 3734 improbi
2994 3665 3403 3736 Valentiniani.
3438 3663 3800 3721 Valentinia-

2150 3734 2367 3791 norum
2399 3734 2469 3790 de
2501 3736 2720 3806 Spiritu
2754 3740 2957 3790 sancto
2983 3734 3317 3791 doctrinam
3348 3736 3530 3791 refert
3559 3742 3798 3791 sanctus

2150 3808 2431 3887 Irenaeus,
2602 3808 2641 3887 ι,
2664 3822 2793 3887 cap.
2819 3810 2880 3887 2,
2906 3822 3072 3887 num.
3098 3810 3148 3861 5.
3176 3809 3395 3887 Nempe
3426 3814 3561 3887 post
3590 3822 3798 3887 omnes

2147 3884 2388 3943 Bonas,
2412 3882 2470 3932 et
2493 3877 3088 3959 _Sophiai‘pei:iculuni
3117 3894 3184 3933 ac
3205 3877 3798 3959 restitutionem-NQ?

2152 3948 2548 4021 negenemide
2568 3946 2818 4004 consilio
2841 3950 3054 4015 Patris,
3085 3949 3395 4006 muniendi
3419 3965 3486 4005 ac
3507 3946 3797 4021 fulciendi

2150 4019 2503 4075 Pleromatis
2523 4037 2721 4088 causa,
2744 4021 2998 4076 alterum
3021 4037 3129 4091 par
3147 4023 3396 4076 Aionum
3423 4020 3797 4092 produxisse,

2152 4108 2370 4163 nempe
2401 4092 2698 4147 Christum
2726 4099 2785 4147 et
2825 4092 3109 4163 Spiritum
3161 4098 3453 4148 sanctum.
3489 4094 3711 4148 Prester
3741 4091 3801 4146 id

2153 4170 2351 4218 autem
2385 4163 2542 4234 quod
2572 4163 2842 4218 Christus
2892 4163 3173 4220 IEonibus
3213 4164 3586 4228 contulisset,
3618 4163 3801 4220 nimi-

2152 4252 2285 4290 rum
2312 4240 2536 4316 certam
2560 4234 2877 4318 quamdam
2902 4236 3197 4318 notitiam,
3220 4236 3504 4318 Spiritum
3530 4239 3800 4318 sanctum

2152 4324 2253 4361 eos
2275 4322 2483 4361 omnes
2506 4306 2663 4362 inter
2685 4323 2748 4362 se
2773 4306 3347 4379 exaequatosgratias
3369 4323 3541 4379 agere
3563 4306 3802 4371 docuis-

2153 4393 2311 4443 se,ac
2341 4393 2538 4432 veram
2596 4379 2864 4449 requiem
2925 4378 3250 4436 induxisse.
3286 4378 3578 4434 l’razterea
3607 4379 3799 4434 Acha-

2151 4449 2371 4504 mothae
2412 4449 2666 4520 Spiritus
2724 4449 2910 4505 sancti
2972 4466 3192 4505 nomen
3253 4450 3610 4513 tribuebant,
3652 4449 3796 4504 ibid.

2153 4537 2281 4592 cap.
2306 4523 2358 4587 4,
2386 4538 2547 4576 num.
2574 4524 2621 4576 1.
2644 4523 2812 4577 Patet
2835 4538 2936 4576 eos
2960 4522 3241 4593 Spiritum
3267 4528 3536 4576 sanctum
3562 4522 3802 4576 feminei

2074 4571 2117 4636 Π
2162 4571 2668 4675 Ξθξιιιδέθίΐθεὶεδθ.
2705 4594 2896 4675 linum
2928 4571 3244 4663 quremdam
3277 4595 3526 4648 Eonum
3560 4594 3807 4675 insuper

2165 4663 2536 4736 Paracletum
2560 4664 2961 4736 appellabant,
2982 4681 3157 4734 quem
3180 4680 3406 4721 marem
3427 4681 3561 4719 cum
3586 4663 3811 4719 femina

2168 4735 2310 4809 Pist‘i
2336 4735 2932 4809 conju11genles,cum_
2949 4736 3083 4790 aliis
3104 4736 3309 4809 decem
3332 4736 3727 4809 eo_Anthropo
3752 4741 3812 4790 et

2169 4805 2729 4887 EcclesiaZprdditps
2760 4805 3569 4887 nugabanturuli‘enulibat.
3593 4805 3722 4887 cap.
3759 4811 3809 4876 i,

2166 4894 2331 4932 num.
2353 4882 2401 4933 2.
2424 4877 2556 4934 Haec
2582 4877 3133 4933 Valentinianorum
3154 4877 3563 4934 fabula.Paulo
3581 4878 3813 4934 diversa

2162 4949 2351 5019 ipsius
2382 4950 2676 5023 Valentini
2710 4949 2999 5023 doctrina.
3023 4948 3096 5005 ab
3118 4951 3364 5016 Irenaeo,
3390 4949 3537 5017 lib.I,
3561 4967 3689 5023 cap.
3719 4951 3775 5005 11
3793 4992 3806 5019 ,

2160 5036 2323 5091 num.
2360 5024 2410 5087 i,
2443 5022 2722 5086 recitata;
2758 5020 3039 5091 Spiritum
3072 5027 3341 5075 sanctum
3374 5038 3409 5077 a
3435 5020 3689 5077 Veritate
3719 5023 3809 5091 (ut

2159 5090 2301 5163 legit
2332 5098 2494 5164 vetus
2527 5090 2839 5163 interpres,
2866 5108 3001 5164 nam
3034 5094 3234 5146 Grmca
3263 5092 3575 5164 Epiphanii
3606 5090 3809 5150 ferunt

2159 5164 2226 5216 ab
2256 5163 2511 5221 Erclesiai
2537 5164 2890 5234 productum
2921 5163 2996 5218 ad
3024 5166 3271 5219 Aﬂonum
3305 5163 3805 5221 examinationem

2160 5240 2218 5308 et
2247 5234 2689 5299 fecunditatem,
2725 5241 2836 5290 etc.
2888 5235 3433 5308 Athanasiusvero,
3467 5237 3639 5308 epist.
3676 5242 3698 5292 1
3736 5238 3809 5292 ad

2158 5306 2470 5379 Serapion”
2504 5323 2670 5379 num.
2708 5310 2770 5379 10
2800 5310 2966 5379 etii,
2997 5307 3112 5361 alio
3140 5307 3317 5362 modo
3352 5306 3649 5364 Valentini
3681 5309 3807 5379 opl-

2159 5376 2401 5431 nionem
2426 5378 2641 5432 refert:
2665 5378 2949 5453 nimirum
2973 5378 3255 5450 Spiritum
3284 5387 3553 5453 sanctum
3577 5376 3808 5453 angelis

2159 5465 2631 5522 comvum,unum
2656 5466 2726 5504 ex
2750 5450 2871 5504 illis
2896 5466 3046 5513 esse,
3071 5451 3341 5521 quamvis
3363 5452 3592 5507 caeteris
3618 5450 3808 5522 major

2157 5520 2446 5575 Paracleti
2479 5521 2733 5576 donatus
2783 5521 2861 5575 sit
2901 5520 3163 5577 nomine.
3198 5522 3330 5578 Alia
3359 5529 3530 5578 erant
3553 5520 3807 5578 aliorum

2160 5591 2709 5665 Valentinianorum
2730 5609 2834 5665 seu
2854 5595 3269 5650 Gnostioorum
3289 5593 3526 5665 placita,
3546 5601 3609 5648 ut
3630 5593 3804 5665 Marci

2163 5663 2614 5736 prmstigiatoris
2640 5663 2799 5737 apud
2831 5667 3145 5737 Irenwum,
3177 5663 3353 5732 libfi,
3387 5682 3514 5736 cap.
3545 5668 3628 5731 iii,
3659 5678 3719 5721 n.
3754 5664 3803 5719 3.
