4138 6264
435 482 553 542 929

1318 479 1798 573 CATECHESIS
1840 478 1997 541 XVI.
2044 476 2145 537 DE
2192 476 2505 538 SPlRlTU
2552 474 2850 538 SANCTO
2894 478 2943 538 Ι.

3733 480 3854 541 930

433 633 547 674 νος·
580 606 841 687 αὔταρκες
889 612 991 687 γὰρ
1046 615 1209 667 τοῦτο
1265 611 1355 667 διὰ
1407 615 1699 686 συσσήμων
1759 614 1833 684 (1)
1893 609 2079 678 εἰπεῖν,

2203 608 2388 681 signis
2418 608 2681 665 indicare
2714 610 2991 681 sufﬁciat,
3024 611 3345 665 mulierum
3378 629 3508 683 qum
3541 613 3635 668 hic
3656 618 3859 670 astant

431 705 541 756 τῶν
604 704 891 774 παρουσῶν
959 705 1228 775 γυναικῶν
1290 702 1623 775 σεμνότητος
1700 698 1897 756 ἕνεκεν.
1986 698 2085 753 Καὶ

440 788 715 859 Πὲπουξαν
754 790 1078 862 μικρότατον
1126 786 1442 863 κωμύδριον
1501 789 1553 845 ἐν
1611 794 1679 864 τῇ
1734 786 1948 865 Φρυγίᾳ
1991 807 2087 842 κα-

433 873 829 947 ταλαϐὼν,καὶ
883 874 1097 950 ψευδῶς
1155 877 1530 953 Ἰερουσαλὴμ
1586 880 1857 952 ὀνομάσας
1900 882 2085 932 τοῦτο·

436 967 525 1023 καὶ
559 964 873 1022 ἀθλιώτατα
903 965 1093 1021 παιδία
1139 972 1408 1040 γυναικῶν
1463 969 1632 1043 μικρὰ
1677 969 1946 1046 σφαττων,
1996 966 2086 1021 καὶ

438 1056 794 1112 κατακόπτων
828 1055 906 1117 εἷς
937 1056 1192 1129 ἀθέμιτον
1245 1058 1465 1133 βρῶσιν,
1520 1058 1785 1134 προφάσει
1838 1061 1944 1111 τῶν
1986 1077 2085 1110 κα-

440 1146 722 1220 λουμένων
751 1146 877 1220 παρ’
908 1145 1092 1209 αὖεοῖς
1117 1166 1431 1220 μυστηρίων
1488 1144 1596 1219 (διὸ
1648 1145 1848 1221 μὲχρις
1895 1146 2087 1220 πρώην

442 1235 493 1290 ἐν
524 1240 605 1307 τῷ
638 1232 893 1309 διωγμῷ,
923 1238 1086 1289 τοῦτο
1112 1241 1288 1289 ποιεῖν
1322 1239 1489 1307 ἡμεῖς
1532 1235 1965 1308 ὑποπτευόμεθα,
1997 1231 2086 1288 διὰ

435 1325 520 1393 τὸ,
550 1324 825 1385 κάκείνους
858 1327 933 1396 (2)
960 1323 1089 1387 τοὺς
1120 1324 1457 1394 Μοντανοὺς,
1518 1322 1731 1398 ψευδῶς
1781 1325 1875 1397 μὲν
1923 1325 2083 1397 ὁμω-

434 1411 624 1485 νύμως
656 1409 733 1484 δὲ,
765 1410 1048 1467 καλεῖσθαι
1082 1412 1485 1488 Χριστιανοὺς),
1542 1412 1845 1488 ἐτόλμησεν
1897 1413 2083 1468 ἑαυτὸν

432 1499 604 1555 εἰπεῖν
666 1499 817 1574 ἅγιον
874 1505 1117 1573 Πνεῦμα⁸
1154 1501 1182 1555 6
1241 1501 1416 1572 πάσης
1470 1496 1715 1566 ἀσεϐείας
1769 1502 1859 1559 καὶ
1918 1503 2083 1556 ἀπαν-

429 1588 673 1665 θρωπίας
724 1588 1189 1666 πεπληρωμένος,
1250 1592 1279 1645 6
1340 1591 1750 1668 ἀναπολόγητον
1811 1587 1953 1668 ἔχων

427 1680 527 1746 τήν
558 1674 855 1748 καταδίκην
867 1721 880 1735 .

510 1858 582 1912 ϐ’.
638 1858 1073 1933 Ἐπηγωνίσατο,
1132 1858 1309 1920 καθὼς
1367 1859 1712 1935 προείρηται,
1767 1860 1857 1915 καὶ
1889 1861 1917 1915 6
1949 1856 2083 1915 δυσ-

442 1940 760 2008 σεϐὲστατος
818 1945 1028 2017 Μάνης,
1062 1948 1089 2000 6
1119 1947 1186 2001 τὰ
1239 1951 1346 2002 τῶν
1397 1948 1651 2022 αἱρέσεων
1705 1953 1890 2004 πασῶν
1945 1949 2083 2003 κακὰ

433 2037 798 2114 συνειληφώςο
831 2036 921 2092 καὶ
981 2037 1143 2099 οὗτος
1196 2037 1508 2101 τελευταῖος
1562 2040 1756 2113 βόθρος
1802 2037 2079 2100 ἀπωλείας

432 2123 746 2201 τυγχάνων,
777 2127 843 2180 τὰ
872 2127 1084 2181 πάντων
1120 2129 1196 2200 (4)
1226 2124 1485 2197 συλλέξας
1534 2128 1675 2200 ὁμοῦ
1717 2126 1823 2182 τῶν
1876 2128 2077 2202 αἱρετι-

427 2219 565 2282 κῶιο,
622 2212 931 2289 καινοτέραν
1018 2214 1303 2291 είργάσατο
1381 2216 1471 2270 καὶ
1552 2214 1760 2287 ἐδίδαξε
1840 2214 2074 2288 πλάνην.

428 2301 705 2377 ἐτόλμησέ
727 2324 785 2359 τε
815 2304 1010 2375 εἷ’πεῖν,
1070 2306 1153 2360 ὅτι
1203 2304 1363 2366 αὐτὸς
1416 2303 1498 2375 εἴη
1530 2304 1966 2381 ὁΠαράκλητος,
2016 2305 2072 2361 ὅν

423 2390 799 2469 ἐπηγγείλατο
851 2393 1088 2469 Χριστὸς
1146 2392 1521 2452 ἀποστέλλειν.
1586 2392 1741 2450 Ἀλλ’
1799 2395 1827 2449 6
1878 2396 2074 2469 Σωτὴρ

422 2478 898 2556 ἐπαγγειλάμενος
952 2481 1066 2535 εἶπε
1146 2485 1265 2543 τοῖς
1350 2480 1699 2543 ἀποστόλοις’
1758 2482 1938 2555 Ὑμεῖς
2016 2480 2072 2538 δὲ

422 2570 675 2625 καθίσατε
736 2569 789 2625 ἐν
844 2574 913 2643 τῇ
973 2568 1133 2625 πόλει
1191 2569 1576 2643 Ἰερουσαλήμ,
1631 2566 1738 2633 ἕως
1805 2571 1867 2626 οὗ
1923 2570 2072 2643 ἐνξύ-

422 2670 589 2727 σησθε
620 2657 672 2730 ἐξ
703 2659 870 2733 ὕψους
919 2657 1168 2733 δύναμιν.
1226 2658 1287 2712 Τί
1347 2658 1485 2729 οὖν;
1537 2662 1641 2735 ἄρα
1698 2661 1755 2714 οἱ
1810 2658 2068 2732 τελευτή-

424 2768 609 2810 σαντες
660 2745 957 2803 ἀπόστολοι
1011 2748 1118 2803 ἀπὸ
1177 2746 1468 2803 διακοσίων
1528 2747 1683 2819 ἐτῶν,
1751 2747 2065 2825 ἐξεδέχοντο

416 2837 510 2891 τὸν
539 2836 750 2907 Μάνην,
780 2834 882 2899 ἕως
916 2835 975 2891 ἄν
1002 2835 1327 2893 ἐνδύσωνται
1357 2839 1456 2907 τὴν
1486 2836 1746 2912 δόνα;λιν;
1804 2840 1895 2895 καὶ
1923 2840 2065 2896 τολ-

423 2927 586 2998 μήσει
616 2946 698 2988 τις
730 2926 920 2997 εἰπεῖν,
954 2925 1044 2981 ὅτε
1074 2926 1179 2982 οὐκ
1207 2927 1342 2996 ἦσαν
1376 2927 1559 2983 ἔκτοτε
1610 2931 1845 3003 πλήρεις
1905 2929 2062 3005 ἁγίου

415 3013 899 3088 ΠνεύματοςςΚαὶ
953 3018 1059 3088 μὴν
1116 3015 1433 3092 γέγραπται,
1494 3017 1575 3071 ’ὁτι
1637 3017 1770 3074 Τότε
1826 3017 2065 3084 ἐπετίθε-

410 3124 503 3158 σαν
534 3108 619 3177 (5)
679 3105 775 3166 τὰς
833 3109 1042 3180 χεῖρας,
1105 3106 1193 3160 καὶ
1250 3101 1559 3180 ἐλάμϐανον
1620 3104 1838 3180 Πνεῦμα
1885 3107 2058 3182 ἃγιον,

408 3194 553 3267 Ἀρα
583 3192 712 3268 οὐχὶ
743 3194 849 3268 πρὸ
877 3198 974 3248 τοῦ
1005 3195 1185 3264 Μάνη,
1216 3195 1304 3249 καὶ
1339 3195 1444 3271 πρὸ
1474 3193 1701 3251 πολλῶν
1730 3194 1862 3251 ἐτῶν
1893 3195 2056 3253 τοῦτο

409 3280 646 3356 ἐγένετο,
679 3278 1013 3347 καταϐάντος
1059 3282 1110 3338 ἐν
1168 3287 1236 3357 τῇ
1296 3285 1475 3361 ἡμέρᾳ
1523 3287 1622 3354 τῆς
1682 3290 2060 3359 Πεντηκοστῆς

409 3375 510 3426 τοῦ
542 3372 694 3446 ἁγίου
729 3370 1042 3445 Πνεύματος
1070 3392 1083 3441 ;

486 3460 546 3516 1’.
580 3459 679 3514 Διὰ
704 3458 758 3515 τί
787 3459 1075 3534 κατεκρίθη
1113 3460 1300 3535 Σίμων
1334 3463 1362 3516 ὁ
1394 3462 1577 3537 Μάγος
1604 3482 1618 3533 ;
1652 3465 1739 3538 ἄρ,
1772 3463 1833 3519 οὐ
1892 3485 2061 3541 προσ-

407 3545 582 3612 ελθὼν
611 3554 727 3611 τοῖς
757 3547 1112 3620 ἀποστόλοις,
1161 3551 1250 3605 καὶ
1307 3550 1496 3606 εἶπών·
1558 3551 1689 3607 Δότε
1743 3552 1911 3626 κάμοὶ
1958 3555 2057 3622 τήν

412 3634 655 3707 ἐξουσίαν
708 3637 937 3710 ταύτην,
989 3635 1099 3708 ἵνα,
1159 3639 1206 3711 ᾦ
1273 3636 1335 3695 ἄν
1411 3641 1583 3705 ἐπιοῶ
1661 3641 1756 3704 τὰς
1836 3647 2059 3719 χεῖμας,

404 3721 663 3802 λαμϐάνῃ
701 3729 924 3803 Ηγεῦμα
962 3726 1152 3803 ἀγιον;
1209 3727 1286 3785 Οὐ
1346 3729 1451 3805 γὰρ
1512 3729 1647 3799 εἷπε,
1707 3725 1836 3785 Δότε
1894 3731 2059 3804 κάμοὶ

403 3815 720 3890 Πνεύματος
751 3816 908 3884 ἁγίου
940 3817 1251 3890 κοινωνίαν,
1294 3814 1443 3888 ἀλλ’,
1494 3817 1759 3891 ἐξουσίαν,
1813 3816 1908 3874 ’ίνα
1954 3819 2061 3876 ἄλ-

401 3900 525 3968 λοις
551 3906 833 3981 πιπράσκῃ
880 3906 943 3961 τὸ
1004 3907 1268 3982 ἄπρατον,
1328 3905 1359 3961 6'
1415 3905 1578 3970 αὐτὸς
1640 3908 1716 3981 μή
1776 3907 2056 3979 ἐκέκτητο.

474 4028 523 4064 ⁵⁴
558 4031 688 4087 Vid.
720 4038 809 4086 cat
881 4034 932 4100 6,
967 4049 1024 4086 η.
1083 4033 1117 4085 8
1166 4039 1220 4088 et
1272 4036 1356 4089 11.

399 4100 446 4137 ⁵⁸
479 4101 625 4156 ibid.
667 4106 750 4158 19.

475 4219 554 4290 (1)
588 4217 687 4271 Διά
715 4221 1165 4293 συσσήμων.Ρϐν
1211 4223 1392 4291 signa.
1445 4222 1644 4289 Coisl.,
1701 4217 1790 4293 διὰ
1846 4224 2054 4292 συσσή-

405 4310 548 4362 μων,
581 4292 923 4364 compendio.
974 4292 1079 4348 At"
1100 4294 1369 4349 eamdem
1428 4310 1650 4361 vocem,
1711 4292 1799 4348 διὰ
1857 4296 2055 4364 συσσή-

406 4382 545 4433 μων,
581 4363 764 4417 simili
798 4363 859 4417 in
888 4382 1087 4438 causa,
1149 4364 1289 4418 dum
1336 4365 1792 4420 Manicbazorum
1841 4363 2060 4438 probra

401 4450 716 4489 recensere
742 4436 1111 4506 aggreditur,
1131 4442 1381 4506 usurpat
1410 4441 1521 4490 cat.
1557 4439 1609 4504 6,
1644 4453 1702 4491 n.
1739 4436 1937 4493 33.Ἁά
1957 4455 2055 4494 vo-

400 4522 531 4581 cem
550 4505 856 4581 Ῑίἑπουζαν,
889 4514 1093 4563 monet
1115 4524 1226 4581 nos
1246 4505 1531 4581 Millesius
1555 4507 1899 4581 inmargine
1922 4511 2052 4581 cod.

399 4578 518 4650 Boe
550 4577 675 4632 haac
707 4578 963 4649 ascripta
1010 4595 1179 4634 esse:
1210 4577 1272 4631 'll
1333 4578 1501 4650 μικρὰ
1542 4576 1633 4631 καὶ
1678 4576 1900 4647 εὐτελής
1950 4580 2054 4633 πό-

398 4645 507 4710 λις·
542 4650 784 4720 Parvum
814 4645 915 4705 hec
940 4657 992 4705 et
1020 4652 1126 4706 vile
1155 4645 1440 4720 oppidum:

468 4667 507 4710 ς·
542 4667 784 4703 ramum
814 4667 915 4705 noc
940 4667 992 4705 et
1020 4667 1126 4706 vue
1155 4667 1184 4705 ο
1221 4667 1440 4720 ριαιιιη.

468 4720 543 4789 (2)
573 4718 888 4781 Κάκείνους.
922 4723 1004 4776 Ex
1045 4667 1224 4778 coddi.J
1272 4724 1412 4789 Roe,
1462 4720 1709 4776 Casaub.
1762 4725 1821 4775 et
1873 4722 2046 4778 Grod.

399 4789 516 4867 hoc
535 4796 601 4845 ut
627 4791 958 4867 elegantius
986 4798 1043 4848 et
1072 4792 1505 4867 signiﬁcantius
1529 4791 1889 4867 scripsimus
1918 4794 2048 4849 loco

401 4810 516 4845 uoc
535 4810 601 4845 ut
627 4810 955 4865 elegantius
986 4810 1043 4848 er.
1072 4810 1505 4867 sigmncanuus
1538 4810 1889 4917 scripSImus

395 4858 635 4937 ἐκείνους
668 4864 913 4937 quodin
944 4864 1251 4937 impressis
1284 4863 1664 4937 simpliciter,
1693 4865 1902 4937 egitur.

467 4934 546 5005 (3)
575 4933 631 5010 :0
659 4932 892 5010 ἀναπολ.
951 4932 1121 5010 εχών.
1172 4932 1503 5010 Articulum
1523 4934 1566 5010 _6
1598 4932 1958 5010 addidimus,
1988 4941 2051 5010 et

573 5005 705 5081 l_o_co
736 5000 855 5081 ἔχει
892 4999 1237 5081 scripsimus
1272 5024 1352 5081 ex
1380 5006 1542 5081 Coisl
1574 5049 1587 5077 ,
1620 5009 1761 5081 Roe,
1794 4999 2046 5081 Casauh.

467 5078 542 5147 (4)
573 5075 654 5132 Τὰ
684 5075 916 5132 πάντων.
953 5075 1215 5135 Habetur
1266 5079 1329 5132 in
1389 5075 1585 5145 editis,
1645 5078 1840 5136 πάντα.
1897 5080 2055 5134 Scri-

396 5146 538 5203 bere
570 5166 681 5204 nos
708 5149 925 5203 πάντων
962 5166 1030 5205 ex
1062 5152 1189 5205 cod.
1225 5149 1402 5205 Coisl.
1439 5150 1628 5205 suasit
1649 5152 1862 5206 similis
1885 5150 2053 5206 locus

396 5224 510 5289 cat.
542 5222 595 5287 6,
629 5238 689 5276 ΙΙ.
723 5225 812 5289 20,
845 5222 926 5277 ita
958 5238 992 5276 a
1023 5222 1192 5277 nobis
1225 5220 1597 5287 emendatus,
1627 5220 1695 5275 τὰ
1715 5221 1928 5275 πάντων
1953 5220 2053 5276 λα-

395 5283 530 5357 ϐὼν,
560 5283 651 5345 καὶ
686 5283 812 5363 μίαν
848 5292 1087 5366 αἳρεσιν,
1134 5299 1244 5349 etc.
1303 5293 1451 5347 Loco
1490 5283 1830 5366 ¹κενωτέραν,
1893 5293 2055 5348 levio-

392 5378 532 5423 rem.
563 5360 864 5436 cantarem,
905 5360 1255 5436 posuimus,
1286 5360 1623 5436 καινοτέραν,
1663 5360 2048 5436 recentiorem,

395 5448 465 5507 ex
487 5434 659 5490 codd.
695 5436 892 5507 Ceisl.,
919 5431 1316 5507 Roe,()asaub.
1337 5452 1351 5499 ;
1376 5435 1460 5490 sic
1482 5431 1595 5489 cat.
1622 5439 1709 5507 l7,
1736 5439 1901 5501 n.15,
1926 5431 2046 5488 διαέ

392 5498 613 5576 ὃήματα
642 5498 929 5580 καινότερα
984 5498 1146 5580 dicit.
1207 5498 1361 5561 Illud
1427 5513 1648 5580 autem,
1694 5498 2046 5580 'xaworépav,

388 5591 587 5651 novam
616 5582 813 5649 magis,
846 5577 937 5634 vel
964 5579 1258 5651 signiﬁcat
1314 5594 1531 5651 novum
1568 5577 1906 5651 impietatis
1928 5577 2052 5651 cu-

390 5648 645 5717 mulum,
677 5648 723 5706 a’
743 5653 971 5707 Manete
1003 5648 1263 5717 exceptis
1293 5648 1537 5705 aliunde
1568 5648 1898 5704 haeresibus
1924 5650 2048 5704 sin-

388 5720 677 5846 ﬁularitcr
708 5723 1007 5795 adjectum
1035 5739 1046 5776 :
1085 5720 1173 5776 vel
1207 5720 1425 5775 idcirco
1459 5721 1716 5791 positum
1749 5726 1933 5787 est,ut
1951 5738 2048 5776 ve-

437 5793 741 5846 ementius
772 5794 1101 5846 repellatur
1121 5794 1348 5846 vanitas
1371 5792 1763 5846 hominis.aui
1791 5808 1927 5846 cum
1949 5793 2047 5846 duo

437 5793 741 5866 ementius
772 5792 1101 5866 repellatur
1121 5794 1348 5849 vanitas
1371 5792 1763 5866 hominis,qui
1791 5808 1927 5866 cum
1949 5793 2047 5848 duo

392 5863 584 5919 centis
619 5872 755 5936 post
784 5863 1189 5939 apostolorum
1221 5870 1456 5923 aetatem
1477 5864 1650 5921 annis
1671 5864 2047 5936 prodivisset,

1446 4032 1494 4068 ⁵⁵
1548 4050 1699 4090 num.
1762 4038 1815 4104 6,
1871 4040 1921 4090 et
1979 4042 2087 4091 cat.
2143 4038 2196 4104 6,
2254 4052 2311 4090 η.
2374 4038 2465 4089 25.

2198 698 2543 753 reverentiae
2575 715 2771 754 causa.
2806 700 2914 764 Qui
2963 716 3100 754 cum
3132 701 3446 771 Pepusam,
3499 702 3853 775 perexiguus

2198 787 2292 841 hic
2315 788 2373 841 in
2402 787 2654 858 Phrygia
2674 788 2922 853 viculus,
2950 793 3318 860 occupasset,
3340 789 3510 859 eique
3542 790 3689 845 falso
3716 791 3850 846 Uie-

2195 876 2508 947 rosolymm
2540 893 2760 931 nomen
2781 876 3114 942 indidisset,
3142 882 3428 947 praetextu
3454 894 3693 933 suorum
3715 898 3846 951 qum

2196 969 2404 1019 vocant
2424 965 2862 1035 mysteriorum,
2896 964 3341 1019 infelicissimos
3368 966 3683 1021 mulierum
3708 986 3846 1039 par-

2193 1070 2293 1109 vos
2326 1052 2480 1107 ﬁlios
2504 1052 2808 1125 jugulans,
2845 1054 2904 1108 in
2939 1054 3198 1109 nefastas
3239 1054 3446 1125 epulas
3477 1056 3843 1112 concidebat.

2194 1144 2513 1213 PrOpterea
2531 1142 2605 1196 ad
2633 1142 2759 1196 haac
2782 1159 2969 1213 usque
2996 1159 3226 1214 nupera
3249 1149 3535 1215 tempora,
3562 1162 3697 1199 cum
3723 1162 3852 1217 per-

2195 1231 2421 1286 secutio
2443 1230 2886 1303 desaaviretmos
2909 1232 3123 1287 horum
3153 1231 3482 1287 facinorum
3510 1234 3847 1304 suspicione

2193 1320 2652 1388 laborabamus;
2688 1337 2756 1375 eo
2819 1321 2976 1392 quod
3020 1321 3118 1376 isti
3166 1338 3402 1393 quoque
3452 1323 3844 1391 Montanistae,

2192 1409 2340 1464 falso
2372 1409 2634 1480 quidem,
2669 1409 2773 1464 sed
2805 1416 3005 1466 tamen
3037 1411 3338 1466 communi
3372 1411 3685 1467 nobiscum
3736 1430 3844 1467 no-

2194 1498 2353 1553 mine
2381 1498 2697 1554 Christiani
2731 1505 3100 1554 vocarentur.
3133 1499 3182 1535 ⁵⁴
3210 1500 3338 1568 Ille,
3372 1501 3641 1571 inquam,
3665 1519 3845 1558 ausus

2193 1591 2284 1641 est
2333 1587 2596 1659 seipsum
2650 1587 2932 1659 Spiritum
2991 1593 3263 1643 sanctum
3323 1590 3662 1661 appellare;
3742 1590 3846 1645 ille

2195 1676 2391 1731 omnis
2422 1676 2746 1747 impietatis
2777 1681 2836 1731 et
2865 1676 3120 1732 diritatis
3154 1677 3391 1748 plenus,
3424 1677 3523 1733 ille
3569 1678 3846 1750 indepre-

2193 1762 2369 1818 cabili
2404 1764 2695 1818 obnoxius
2726 1764 3239 1820 condemnationi.

2262 1854 2357 1909 1X.
2392 1854 2536 1908 Huic
2554 1853 3027 1909 succenturiatus
3053 1860 3159 1921 est,
3186 1859 3252 1908 ut
3275 1860 3410 1909 ante
3435 1855 3762 1911 cstdictum
3778 1856 3847 1926 ⁵⁸,

2192 1947 2249 1997 et
2281 1943 2673 2015 impiissimus
2705 1945 2925 2013 Manes,
2963 1945 3061 2015 qui
3097 1945 3361 2000 omnium
3398 1946 3730 2001 hmreseum
3764 1948 3843 2001 vi-

2115 1997 2157 2061 Β
2192 1997 2796 2107 tiacollegit,ipseque
2821 1997 3099 2088 ultinium
3122 2034 3473 2105 perditionis
3493 2034 3839 2093 barathrum

2191 2123 2785 2189 exsistens,omnium
2811 2123 2989 2178 simul
3012 2123 3427 2179 haereticorum
3452 2124 3846 2182 deliramenta

2189 2212 2554 2284 complexus,
2584 2213 2981 2268 recentiorem
3015 2212 3269 2268 confecit
3301 2218 3359 2268 et
3388 2213 3729 2285 praedicavit
3750 2232 3842 2270 er-

2188 2318 2404 2357 rorem.
2438 2304 2749 2372 Aususque
2781 2306 2870 2356 est
2900 2302 3115 2369 dicere,
3153 2318 3214 2356 se
3266 2318 3393 2355 esse
3438 2302 3610 2358 illum
3658 2305 3841 2360 Para-

2187 2390 2407 2445 cletum
2439 2408 2616 2461 quem
2642 2407 2702 2445 se
2727 2390 2876 2445 248
2900 2391 3163 2445 Christus
3186 2391 3509 2445 missurum
3535 2391 3838 2462 pollicitus

2187 2484 2330 2534 erat.
2356 2480 2532 2549 Atqui
2566 2480 2835 2534 Servator
2855 2496 2988 2534 eum
3021 2479 3422 2550 promittendo
3446 2480 3644 2535 aiebat
3663 2497 3834 2553 apos-

2184 2568 2358 2623 tolis:
2398 2588 2424 2619 ιι
2458 2570 2569 2622 Vos
2598 2572 2797 2623 autem
2830 2568 3030 2623 sedete
3062 2569 3122 2622 in
3153 2569 3383 2624 civitate
3436 2569 3825 2639 Hierusalem,

2183 2679 2211 2706 ι(
2245 2657 2431 2712 donec
2461 2656 2795 2712 induamini
2827 2673 2897 2712 ex
2927 2657 3045 2712 alto
3076 2657 3351 2713 virtutem
3383 2658 3426 2693 ⁵⁵
3459 2680 3506 2712 ››.
3542 2658 3691 2723 Quid
3720 2658 3829 2731 igi-

2183 2747 2322 2801 tur?
2354 2750 2520 2801 Anne
2553 2746 2814 2801 defuncti
2848 2746 2921 2801 ab
2954 2746 3224 2801 ducentis
3250 2747 3423 2802 annis
3470 2747 3722 2819 apostoli
3755 2748 3824 2817 (6)

2179 2836 2407 2891 Manem
2439 2835 2879 2907 exspectabant,
2910 2844 2973 2890 ut
3005 2836 3245 2891 tandem
3277 2836 3552 2891 virtutem
3613 2836 3825 2892 indue-

2177 2923 2430 2979 rentur?
2460 2924 2524 2978 Ei
2555 2924 2872 2995 quisquam
2903 2924 3101 2981 dicere
3131 2924 3368 2992 audeat,
3392 2925 3528 2979 illos
3542 2925 3669 2996 jam
3700 2930 3824 2979 tum

2178 3013 2400 3084 Sqiritu
2432 3019 2635 3068 sancto
2667 3029 2787 3067 non
2818 3013 3002 3068 fuisse
3022 3013 3229 3085 plenos
3256 3016 3277 3067 Ρ
3307 3013 3614 3068 Enimvero
3640 3014 3824 3085 scrip-

2178 3107 2302 3156 tum
2334 3106 2459 3156 est:
2484 3123 2512 3151 «
2532 3102 2692 3155 Tunc
2711 3101 3100 3172 imponebant
3120 3118 3351 3168 manus,
3379 3107 3436 3155 et
3455 3102 3826 3173 accipiebant

2179 3210 2207 3240 «
2239 3190 2520 3261 Spiritum
2552 3199 2823 3244 sanctum
2852 3188 2899 3222 ⁵⁷
2931 3212 2981 3245 ››.
3015 3192 3219 3246 Nonne
3270 3189 3331 3243 id
3380 3195 3516 3244 ante
3568 3192 3820 3257 Manem,

2174 3278 2498 3349 multisque
2526 3284 2664 3334 ante
2696 3278 2971 3333 eumdem
3002 3279 3177 3335 annis
3208 3279 3472 3351 contigit,
3506 3284 3823 3350 postquam

2092 3364 2134 3431 C
2170 3368 2234 3422 in
2267 3368 2362 3423 die
2391 3370 2769 3423 Pentecostes
2801 3368 3054 3440 Spiritus
3086 3373 3325 3424 sanctus
3365 3368 3824 3423 descendisset?

2241 3459 2316 3512 X.
2372 3457 2765 3522 Quamobrem
2824 3457 3137 3513 damnatus
3187 3463 3277 3513 est
3328 3457 3530 3513 Simon
3581 3458 3825 3529 Magus?

2170 3548 2399 3602 Numne
2426 3546 2558 3602 ideo
2592 3546 2750 3618 quod
2781 3546 2857 3602 ad
2888 3547 3187 3618 apostolos
3230 3548 3519 3603 accedens
3559 3547 3774 3602 dixerit
3806 3562 3820 3600 :

2171 3658 2198 3686 ‹‹
2226 3637 2368 3691 Date
2401 3640 2459 3691 et
2486 3636 2634 3691 mihi
2667 3636 2819 3691 hanc
2850 3641 3227 3707 potestatem,
3261 3642 3327 3691 ut
3349 3637 3681 3708 cuicunque
3702 3653 3820 3692 ma-

2173 3746 2194 3775 ι
2221 3741 2334 3779 nus
2356 3724 2716 3795 imposuero,
2742 3724 3023 3796 Spiritum
3078 3730 3348 3780 sanctum
3383 3725 3636 3797 accipiat
3662 3725 3708 3761 ⁵⁸
3739 3750 3762 3778 ι
3796 3725 3824 3779 ?

2168 3824 2293 3877 Non
2319 3822 2478 3877 enim
2497 3821 2649 3876 dixit
2675 3837 2688 3875 :
2715 3823 2856 3877 Date
2879 3822 3099 3877 ctmihi
3132 3821 3383 3893 Spiritus
3413 3823 3602 3877 sancti
3636 3823 3816 3894 parti-

2168 3911 2553 3982 cipationem,
2588 3909 2693 3965 sed
2715 3918 3049 3981 potestatem
3070 3928 3092 3974 ;
3122 3916 3190 3966 ut
3218 3910 3353 3965 aliis
3378 3911 3662 3966 venderet
3690 3927 3819 3966 rem

2570 4035 2617 4071 5°
2677 4036 2811 4091 Luc.
2877 4053 3027 4101 xxnv,
3077 4037 3164 4090 49.
3268 4032 3316 4068 ⁵⁷
3369 4037 3497 4090 Act.
3558 4053 3676 4103 vm,
3740 4040 3804 4091 17

2168 4224 2541 4280 Paracletum
2570 4224 2964 4280 nihilominus
2995 4242 3056 4279 se
3101 4241 3135 4279 a
3172 4224 3403 4280 Christo
3456 4224 3817 4280 promissum

2159 4296 2416 4366 jactans,
2454 4296 2660 4352 tandiu
2692 4313 3043 4367 suspensam
3074 4296 3368 4367 mansisse
3411 4296 3625 4352 Christi
3676 4313 3818 4367 pro-

2166 4364 2740 4440 missionemdicere
2763 4364 3098 4440 cogebatur.
3135 4369 3282 4423 Loco
3315 4364 3497 4438 ἔδειξε,
3557 4364 3816 4436 ostendit,

2165 4439 2494 4509 posuimus,
2526 4435 2750 4509 ἐδίδαξε,
2786 4435 2855 4492 ex
2914 4457 3056 4495 mss.
3116 4456 3295 4510 supra
3340 4435 3708 4505 memoratis,
3761 4435 3820 4495 et

2165 4510 2340 4564 Grod.

2372 4578 2736 4635 Ἐπετίθεσαν.
2798 4581 2957 4636 Sacr.
3036 4586 3197 4650 text.,
3284 4578 3586 4636 ἐπετίοουν.
3666 4582 3813 4635 Loco

3036 4586 3197 4650 text.,
3284 4578 3586 4636 ἐπετίοουν.

2083 4667 2125 4730 D
2161 4653 2336 4730 Mevi.
2373 4652 3204 4730 Coisl.rfe_rt,_ttavév-co;.‘Roe
3255 4658 3314 4708 et
3338 4652 3633 4730 _Casaub._,
3685 4652 3810 4730 Ma:

2157 4728 2340 4850 «giae.
2377 4724 2590 4779 Scribit
2617 4723 2870 4796 Cyrillus
2902 4729 3013 4779 cat.
3049 4726 3101 4791 6,
3135 4741 3298 4780 num.
3335 4724 3422 4792 3|,
3457 4730 3523 4779 ut
3567 4725 3686 4793 hic,
3717 4726 3813 4776 τοῦ
3868 4762 3871 4765 λ

2252 4815 2343 4850 νη.

2252 4815 2343 4850 νη.

2230 4816 2599 4939 (ἒῗοοεῖιιησιί
2627 4867 2699 4939 a6
2734 4866 2988 4939 ducentis
3036 4868 3196 4920 annis
3245 4867 3503 4935 apostoli.
3556 4867 3808 4937 Aposto-

2158 4936 2353 4993 lorum
2384 4944 2636 4993 mortem
2670 4938 2941 4994 ducentis
2963 4943 3099 4993 ante
3132 4939 3377 4992 Manetis
3410 4936 3682 4993 exortum
3703 4954 3814 4993 an-

2159 5008 2254 5080 nis
2286 5010 2460 5065 locat.
2495 5009 2638 5064 Cum
2672 5011 2851 5080 igitur
2902 5011 3101 5064 Manes
3149 5025 3305 5063 anno
3349 5010 3453 5063 277
3502 5010 3810 5080 prodierit,

2161 5079 2294 5135 vide
2327 5086 2437 5136 cat.
2473 5083 2524 5147 6,
2557 5098 2615 5135 n.
2642 5079 2740 5152 20,
2774 5096 3146 5152 consequens
3177 5085 3267 5135 est
3294 5085 3361 5135 ut
3391 5079 3547 5136 circa
3579 5097 3719 5136 ann.
3745 5084 3811 5133 77

2163 5152 2568 5225 apostolorum
2600 5151 2829 5208 obitum
2862 5153 3140 5225 assignet.
3175 5152 3362 5225 Clem.
3390 5152 3581 5223 Alex.,
3610 5153 3711 5207 lib.
3735 5169 3813 5225 vn

2162 5224 2394 5295 Strom.7,
2425 5240 2491 5277 n.
2532 5226 2618 5295 l7,
2652 5242 2712 5295 p.
2745 5227 2870 5289 764,
2905 5222 3020 5278 tria
3049 5224 3111 5278 in
3143 5222 3406 5295 Ecclesia
3426 5230 3696 5295 tempora
3717 5224 3812 5279 di-

2163 5294 2426 5363 stinguit.
2463 5294 2729 5365 Primum
2761 5295 2999 5359 Christi,
3033 5294 3191 5365 quod
3223 5295 3419 5349 medio
3449 5294 3666 5350 Tiberii
3697 5296 3814 5349 im-

2160 5365 2326 5437 perio
2360 5364 2616 5432 desinit;
2650 5366 2904 5421 alterum
2930 5364 3354 5437 apostolorum,
3387 5367 3547 5437 quod
3579 5367 3638 5421 in
3696 5367 3811 5421 Ne-

2160 5451 2307 5490 rone
2342 5437 2693 5491 terminatur
2716 5454 2731 5504 ;
2764 5438 3002 5491 tertium
3027 5438 3265 5493 tandem
3285 5438 3441 5508 quod
3470 5438 3533 5493 in
3556 5444 3814 5508 sequen-

2161 5512 2250 5562 tes
2279 5513 2483 5562 mtates
2514 5508 2792 5562 excurrit.
2827 5508 3246 5578 Apostolorum
3274 5507 3455 5565 ﬁnem
3487 5510 3549 5563 in
3573 5507 3729 5562 Petri
3753 5511 3812 5558 et

2160 5578 2326 5633 Pauli
2361 5578 2643 5649 martyrio
2675 5578 2868 5633 locare
2901 5579 3150 5649 videtur,
3184 5580 3343 5649 quod
3374 5586 3643 5649 secutum
3678 5591 3807 5629 esse

2160 5648 2447 5720 Cyrillum
2472 5648 2755 5704 credibile
2779 5651 3027 5704 estHaec
3047 5648 3491 5720 cpochadecem
3506 5648 3680 5703 annis
3702 5660 3812 5697 an-

2161 5720 2382 5791 tiquior
2411 5738 2568 5776 anno
2600 5724 2666 5773 77
2693 5738 2707 5786 ;
2740 5721 2870 5793 ‘scd
2920 5721 3453 5793 negligiturparva
3509 5728 3806 5771 annorum

2162 5790 2416 5861 summa,
2448 5798 2513 5848 ut
2544 5790 2832 5848 rotundus
2863 5790 3147 5849 numerus
3178 5790 3493 5844 efﬁciatur.
