4118 6264
388 327 509 386 947

1441 328 1506 387 S.
1553 324 1868 387 CYBILLI
1909 321 2335 384 HIEROSOL.
2379 323 2758 385 ARCHIEP.

3680 326 3800 386 948

460 459 573 515 XX.
605 461 860 514 Vocatur
891 462 1091 513 autem
1122 457 1462 513 Paracletus
1493 458 1653 529 [sive
1675 455 2036 529 consolator]

2180 455 2225 510 ζ’.
2258 452 2620 529 Παράκλητος
2652 452 2709 509 δὲ
2755 452 3023 521 καλεῖται,
3082 453 3171 510 διὰ
3221 456 3285 510 τὸ
3341 454 3678 530 παρακαλεῖν
3708 438 3797 509 καὶ

391 564 458 602 eo
480 547 639 618 quod
665 547 1026 612 consoletur,
1051 546 1291 601 hortatu
1324 546 1525 618 erigat,
1561 552 1619 601 et
1648 546 1915 601 sublevet
1953 545 2042 599 in-

392 637 734 692 ﬁrmitatem
747 642 1033 692 nostram.
1051 659 1077 685 ‹‹
1094 635 1394 706 Siquidem
1410 637 1521 690 hoc
1535 634 1902 706 ipsum,quid
1921 649 2046 689 ora-

393 749 422 777 ‹‹
443 725 559 781 turi
580 726 766 781 simus
785 726 937 780 sicut
953 730 1204 796 oportet,
1227 741 1346 780 non
1367 725 1668 790 novimus;
1693 739 1895 778 verum
1918 723 2044 793 ipse

401 836 423 864 ι
446 815 698 886 Spiritus
717 813 1146 885 interceditpro
1167 813 1338 868 nobis
1352 812 1670 886 gemitibus
1684 810 2049 866 inenarrabi-

398 927 426 954 «
443 904 554 958 bus
571 903 639 973 ⁵⁵⁵,
667 925 694 952 ››
718 903 873 975 apud
893 904 1077 958 Deum
1103 920 1337 974 nempe,
1381 909 1446 956 ut
1484 919 1580 956 res
1611 902 1740 972 ipsa
1764 901 2043 956 declarat.

400 994 563 1065 Saape
586 999 826 1065 propter
855 991 1153 1047 Christum
1200 992 1577 1047 contumeliis
1608 991 1852 1046 affectus
1882 989 2048 1060 quis-

399 1084 580 1156 piam,
605 1083 826 1154 injuste
857 1083 1133 1138 dedecori
1167 1083 1402 1138 habitus
1417 1089 1507 1138 est
1529 1100 1542 1149 ;
1566 1082 1913 1153 martyrium
1938 1081 2048 1134 im-

400 1174 608 1238 minet,
645 1177 943 1227 tormenta
999 1171 1291 1243 undique,
1329 1177 1386 1226 et
1440 1172 1592 1244 ignis
1651 1177 1710 1225 et
1763 1169 1964 1242 gladii,
1996 1175 2054 1224 et

399 1261 627 1324 bestiaa,
663 1266 721 1315 et
780 1261 1216 1332 praecipitium;
1270 1260 1317 1294 ²δ
1349 1260 1454 1315 sed
1511 1259 1759 1330 Spiritus
1813 1264 2052 1313 sanctus

403 1349 663 1422 suggerit
691 1349 895 1405 dicens
922 1367 934 1404 :
969 1349 1189 1404 Sustine
1218 1352 1510 1404 Dominum
1535 1347 1602 1416 ³⁷,
1637 1366 1668 1402 o
1702 1349 1878 1402 homo
1905 1364 1916 1400 :
1951 1365 2053 1401 ex-

401 1442 540 1514 igna
561 1445 703 1495 sunt
722 1457 851 1510 quae
885 1440 987 1508 [in
1022 1441 1118 1511 te]
1152 1440 1322 1507 ﬁunt,
1349 1456 1562 1512 magna
1581 1456 1712 1509 quaa
1743 1436 2050 1492 donabun-

402 1537 501 1584 tur
528 1547 541 1596 ;
566 1528 783 1584 modici
807 1530 1090 1599 temporis
1117 1529 1380 1584 laborem
1402 1545 1740 1600 perpessus,
1764 1533 2052 1581 aaternum

403 1620 638 1674 futurus
652 1635 712 1673 es
726 1635 860 1672 cum
881 1617 1107 1690 angelis
1133 1635 1145 1671 :
1170 1641 1196 1667 ι(
1223 1620 1347 1672 Non
1361 1623 1498 1672 sunt
1518 1617 1706 1690 dignae
1729 1615 2053 1688 perpessio-

406 1730 434 1758 «
453 1722 559 1762 nes
591 1705 770 1778 hujus
791 1708 1094 1776 temporis,
1129 1707 1202 1761 ad
1232 1707 1481 1778 gloriam
1512 1723 1644 1776 qua)
1663 1721 1799 1778 erga
1827 1722 1936 1760 nos
1956 1720 2052 1758 re-

2150 545 2604 615 παραμυθεῖσθαι,
2635 545 2720 598 καὶ
2759 539 3350 616 συναντιλαμϐάνεσοαι
3397 551 3498 613 τῆς
3527 543 3800 607 ἀσθενείας

2151 634 2313 704 ἡμῶν
2347 634 2540 705 (1).Τὸ
2569 633 2771 708 γὰρ,τί
2825 634 3230 708 προσευξόμεθα
3287 636 3407 688 καθ’
3461 634 3490 688 ’ὸ
3549 631 3651 703 δεῖ,
3704 632 3802 688 οὐκ

2155 719 2399 794 οἳδαμενσ
2433 721 2560 777 ἀλλ’
2609 722 2738 777 αὐτὸ
2795 725 2858 778 τὸ
2918 728 3133 796 Πνεῦμα
3196 724 3612 798 ὑπερεντυχάνει
3670 723 3800 798 ὑπὲρ

2155 812 2314 882 ἡμῶν
2348 817 2675 886 στεναγμοῖς
2710 811 3034 883 ἀλαλήτοις
3083 811 3256 882 δῆλον
3318 811 3394 883 δὲ,
3431 816 3511 869 ὅτι
3543 813 3680 888 πρὸς
3707 816 3799 869 τὸν

2155 899 2306 956 Θεόν.
2341 897 2646 971 Πολλάκις,
2678 897 2766 956 διὰ
2812 903 3042 972 Χριστὸν
3081 897 3372 977 ὑϐρισθεὶς,
3405 903 3684 973 ἠτιμάσθη
3715 923 3800 964 τις

2156 983 2376 1049 άδίιιως⁸
2413 987 2707 1064 μαρτύριον
2741 988 3017 1065 ἐφέστηκε·
3055 990 3278 1064 βάσανοι
3320 985 3684 1065 πανταχόθεν,
3714 990 3804 1044 καὶ

2156 1081 2284 1150 πῦρ,
2316 1077 2406 1131 καὶ
2439 1075 2587 1154 ξίφη,
2619 1077 2708 1132 καὶ
2741 1081 2924 1152 θῆρες,
2973 1078 3064 1132 καὶ
3127 1078 3312 1154 βυθός·
3375 1077 3520 1133 ἀλλὰ
3547 1081 3610 1134 τὸ
3641 1084 3804 1133 Πνεῦ-

2161 1188 2236 1240 μα
2278 1168 2341 1222 τὸ
2400 1169 2553 1241 ἅγιον
2615 1169 3006 1246 ὑποφθέγγεται
3076 1172 3175 1243 (2),
3236 1169 3418 1244 λέγον
3479 1170 3802 1242 Ὑπὸμεινοδ

2156 1258 2246 1311 τὸν
2298 1256 2520 1332 Κύριον,
2582 1255 2849 1330 ἄνθρωπε·
2915 1259 3082 1333 μικρὰ
3135 1259 3204 1313 τὰ
3252 1258 3533 1333 γινόμενα,
3593 1257 3806 1333 μεγάλα

2155 1346 2222 1401 τὰ
2254 1342 2596 1419 δωρούμενα·
2630 1344 2814 1420 ὀλίγον
2868 1347 3069 1422 χρόνον
3125 1347 3339 1420 καμὼν,
3401 1346 3634 1408 αἴωνίως
3670 1348 3802 1401 εἶναι

2163 1433 2385 1508 μέλλεις
2422 1437 2556 1507 μετὰ
2604 1435 2871 1511 ἀγγέλων·
2929 1437 3040 1491 Οὐκ
3095 1433 3214 1507 ἄξια
3259 1436 3329 1491 τὰ
3383 1437 3678 1509 παθήματα
3706 1441 3804 1491 τοῦ

2157 1528 2250 1579 νῦν
2308 1529 2500 1598 καιροῦ
2534 1569 2548 1594 ,
2629 1526 2767 1600 πρὸς
2846 1526 2944 1593 τήν
3020 1524 3327 1599 μέλλουσαν
3384 1523 3537 1599 δόξαν
3597 1526 3808 1580 ἀποκα-

2161 1611 2432 1691 λυφθῆναι
2466 1613 2545 1676 εἷς
2591 1616 2762 1686 ἡμᾶς.
2823 1615 3119 1692 Διαγράιρει
3174 1619 3256 1687 τῷ
3312 1615 3582 1690 ἀνθρώπῳ
3643 1614 3806 1682 βασι-

2162 1698 2311 1755 λείαν
2361 1699 2604 1774 οὐρανῶν
2639 1746 2653 1770 ,
2716 1699 3057 1757 ὑποδείκνυσι
3141 1702 3230 1757 καὶ
3315 1703 3407 1758 τὸν
3484 1700 3809 1779 παράδεισον

406 1818 434 1846 ‹‹
457 1794 703 1851 velanda
724 1801 814 1850 est
828 1795 890 1850 ’⁸.
915 1817 943 1846 ››
959 1796 1192 1850 Homini
1207 1795 1731 1868 depingitregnum
1747 1793 2050 1861 caelorum,

2180 1789 2260 1857 τῆς
2285 1795 2516 1865 τρυφῆς·
2547 1788 2636 1844 καί
2687 1791 2736 1844 οἱ
2801 1791 3087 1864 μάρτυρες,
3137 1791 3204 1846 τὰ
3250 1790 3516 1865 πρόσωπα
3575 1792 3669 1864 μὶν
3709 1794 3807 1846 τοῦ

2217 1877 2229 1893 ,
2527 1877 2540 1892 ι
2673 1876 2685 1893 ι
2769 1875 2793 1893 ι.
2965 1877 2978 1893 ς
3061 1877 3107 1893 ς.
3177 1878 3191 1893 ς
3249 1879 3259 1893 .
3461 1873 3486 1893 ..
3773 1881 3801 1893 ..

411 1885 780 1940 demonstrat
791 1889 847 1938 et
861 1884 1206 1939 deliciarum
1222 1884 1563 1954 paradisum
1577 1882 1643 1950 ’9,
1659 1899 1727 1938 ac
1739 1889 2051 1954 martyres,

409 1990 693 2045 corporeo
725 1973 965 2044 quidem
991 1973 1153 2027 vultu
1167 1973 1469 2045 judicibus
1525 1973 1861 2027 necessario
1900 1987 2049 2042 prae-

409 2062 854 2129 sentes,virtute
887 2066 1084 2116 tamen
1117 2067 1174 2115 et
1224 2062 1489 2133 potentia
1535 2062 1595 2116 in
1629 2061 1902 2133 paradiso
1927 2061 2056 2130 jam

406 2154 730 2216 versantes,
764 2149 914 2204 dura
943 2149 1046 2204 illa
1076 2167 1208 2220 qum
1240 2150 1516 2204 videntur
1537 2149 1966 2220 conspuebant.

480 2237 623 2293 XXI.
653 2239 750 2293 Vis
780 2243 978 2293 autem
1013 2254 1187 2293 nosse
1245 2239 1498 2310 Spiritus
1531 2239 1718 2294 sancti
1768 2241 2058 2309 potestate

407 2332 700 2400 martyres
730 2327 1137 2383 testimonium
1155 2327 1402 2383 reddere
1416 2327 1444 2382 ?
1473 2328 1626 2383 Dicit
1639 2327 1712 2382 ad
1734 2326 2060 2398 discipulos

411 2418 702 2472 Salvator:
721 2416 907 2472 «Cum
926 2418 1217 2472 traxerint
1243 2434 1344 2472 vos
1365 2416 1439 2471 ad
1462 2432 1812 2489 synagogas,
1846 2422 1904 2470 et
1935 2431 2062 2469 ma-

410 2530 439 2557 «
464 2508 744 2578 gistratus
762 2522 828 2561 ac
847 2511 1189 2577 potestates,
1213 2523 1286 2560 nc
1309 2506 1548 2561 solliciti
1573 2507 1703 2561 sitis
1721 2522 1839 2576 qua
1857 2505 2064 2560 defen-

412 2618 442 2647 ι(
467 2597 633 2652 sione
654 2595 925 2661 utamini,
952 2595 1209 2666 autquid
1230 2595 1459 2650 dicatis.
1485 2595 1907 2666 Spiritusenim
1933 2610 2063 2649 san-

421 2707 442 2736 ι
469 2690 600 2741 ctus
631 2683 867 2739 docebit
920 2701 1021 2739 vos
1058 2684 1118 2738 in
1151 2685 1280 2754 ipsa
1309 2684 1474 2751 hora,
1506 2701 1638 2754 quaa
1669 2687 1938 2755 Oporteat
1974 2682 2060 2737 di-

418 2797 446 2825 ι(
481 2790 614 2830 cere
643 2772 708 2829 3°.
746 2795 773 2822 »
797 2772 1172 2845 Impossibile
1193 2779 1282 2827 est
1301 2789 1560 2844 namque
1577 2789 1681 2844 pro
1704 2773 1919 2827 Christi
1945 2777 2065 2826 tes-

417 2863 664 2920 timonio
695 2863 1048 2935 martyrium
1071 2864 1318 2934 perpeti,
1343 2863 1456 2917 nisi
1487 2879 1593 2933 per
1622 2861 1904 2934 Spiritum
1935 2878 2067 2916 san-

417 2959 578 3009 ctum
591 2953 723 3024 quis
740 2952 1124 3023 perpetiatur.
1141 2951 1197 3006 Si
1219 2951 1377 3006 enim
1401 2973 1426 3000 ‹‹
1455 2967 1628 3006 nemo
1651 2955 1848 3022 potest
1867 2949 2064 3004 dicere

420 3064 446 3096 α
481 3042 798 3097 Dominum
834 3042 1033 3096 Jesum
1065 3040 1380 3109 Christum,
1406 3040 1520 3094 nisi
1575 3040 1636 3094 in
1675 3039 1895 3110 Spiritu
1936 3055 2064 3093 san-

413 3155 441 3183 «
475 3139 568 3187 cto
597 3132 640 3166 ³¹
681 3149 694 3198 ;
723 3154 752 3179 ››
787 3131 987 3202 ecquis
1019 3147 1188 3185 suam
1229 3130 1417 3200 ipsius
1448 3130 1626 3184 vitam
1658 3146 1762 3200 pro
1792 3130 1930 3184 Jesu
1960 3127 2065 3182 da-

416 3225 583 3274 turus
615 3225 722 3285 est,
757 3219 872 3273 nisi
901 3219 962 3274 in
985 3219 1205 3289 Spiritu
1237 3223 1440 3273 sancto
1462 3218 1488 3272 ‘?

490 3308 674 3362 XXII.
699 3309 971 3378 Magnum
1011 3307 1274 3376 quidam,
1326 3312 1384 3361 et
1404 3307 1786 3377 omnipotens
1812 3307 1874 3360 in
1895 3306 2066 3361 donis

419 3403 480 3453 et
509 3395 878 3463 admirabile,
911 3395 1162 3466 Spiritus
1193 3401 1453 3450 sanctus.
1486 3394 1708 3467 Cogita,
1741 3400 1886 3465 quot
1911 3411 2072 3450 nunc

423 3487 520 3542 hic
573 3485 869 3550 assidetis,
909 3489 1053 3555 quot
1107 3485 1322 3540 animm
1381 3484 1682 3540 adsumus.
1742 3484 2072 3555 Unicuique

424 3575 847 3632 convenienter
875 3579 1152 3646 operatur
1175 3591 1188 3640 ;
1222 3579 1282 3629 et
1312 3574 1542 3630 medius
1571 3579 1771 3629 astans
1790 3574 1838 3608 ³2
1865 3574 2072 3629 unius-

429 3666 720 3737 cujusque
751 3663 1243 3734 compositionem
1269 3663 1462 3729 videt;
1489 3663 1649 3718 videt
1679 3668 1736 3717 et
1766 3664 2070 3735 cogitatio-

429 3771 567 3812 nem
587 3754 1102 3819 etconscientiam,
1123 3752 1383 3822 quidque
1405 3757 1462 3806 et
1479 3752 2073 3823 loquamuretmente

425 3845 734 3917 agitemus.
762 3845 1033 3915 Magnum
1062 3840 1303 3912 quidem
1337 3847 1426 3895 est
1451 3841 1512 3894 id
1535 3841 1694 3912 quod
1723 3841 1896 3896 modo
1927 3841 2070 3910 dixi,

425 3933 529 3989 sed
561 3933 752 3988 adhuc
777 3937 971 3986 tenue.
1032 3929 1382 3984 Consideres
1439 3930 1636 3996 velim,
1670 3937 1868 3984 mente
1901 3929 1973 3984 ab
2007 3946 2073 3984 eo

425 4023 801 4087 illustratus,
855 4018 1012 4090 quod
1072 4018 1192 4073 sint
1249 4018 1428 4071 totius
1508 4018 1755 4089 hujusce
1805 4019 2074 4089 paraaciaa

425 4110 787 4178 Christiani;
823 4113 1085 4178 quotque
1142 4107 1322 4161 totius
1374 4106 1690 4177 provinciae
1743 4108 2073 4162 Palmstinm

2163 1877 2415 1948 σώματος
2444 1877 2579 1952 πρὸς
2605 1876 2732 1939 τοὺς
2765 1875 3017 1940 δικαστὰς
3057 1877 3108 1951 ἐξ
3167 1878 3408 1954 ἀνάγκης
3459 1873 3706 1953 ἔχοντες,
3735 1881 3803 1952 τῇ

2163 1963 2221 2020 δὲ
2251 1963 2474 2038 δυνάμει
2511 1962 2706 2019 λοιπὸν
2766 1962 2915 2030 ὄντες
2971 1965 3021 2020 ἐν
3080 1964 3414 2042 παραδείσῳ,
3473 1966 3804 2022 κατέπτυσαν

2162 2058 2270 2108 τῶν
2303 2053 2640 2131 φαινομένων
2665 2073 2706 2128 χ
2709 2053 2948 2112 αλεπῶν.

2239 2234 2363 2291 KA'.
2400 2232 2497 2287 Καὶ
2529 2231 2704 2296 θέλεις
2763 2237 2990 2308 γνῶναι,
3023 2233 3106 2288 ὅτι
3135 2238 3205 2308 τῇ
3255 2232 3482 2308 δυνάμει
3531 2234 3630 2290 τοῦ
3660 2235 3814 2309 ἁγίου

2169 2321 2482 2394 Ιινεῦματος
2534 2323 2586 2375 οἱ
2648 2321 2916 2397 μάρτυρες
2977 2327 3359 2398 μαρτυροῦσι;
3430 2326 3598 2400 Λὲγει
3679 2325 3817 2401 πρὸς

2167 2410 2296 2475 τοὺς
2353 2414 2427 2484 (3)
2487 2411 2730 2483 μαθητὰς
2785 2412 2812 2465 ὁ
2872 2412 3091 2488 Σωτὴρ·
3150 2415 3314 2471 Ὅταν
3377 2412 3434 2469 δὲ
3493 2415 3724 2492 φέρωσιν
3751 2413 3816 2468 ὖ·-

2175 2505 2278 2572 μᾶς
2328 2498 2416 2554 ἐπὶ
2464 2499 2560 2562 τὰς
2620 2501 2957 2575 συναγωγὰς,
3017 2501 3106 2556 καὶ
3161 2502 3257 2566 τὰς
3310 2502 3508 2578 ἀρχὰς,
3575 2506 3662 2559 καὶ
3719 2503 3816 2565 τὰς

2172 2587 2434 2661 ἐξουσίας·
2519 2590 2593 2662 μή
2659 2592 3078 2664 μεριμνήσητε,
3160 2595 3279 2654 πῶς
3345 2590 3817 2668 ἀπολογήσησθε,

2172 2679 2206 2748 ἢ
2259 2680 2312 2734 τί
2365 2677 2575 2749 εἷ’πητε.
2636 2680 2713 2735 Τὸ
2771 2679 2874 2754 γάρ
2933 2682 3081 2756 ἅγιον
3142 2687 3363 2755 Πνεῦμα
3419 2681 3619 2755 διδάξει
3679 2685 3818 2756 ὑμᾶς

2173 2767 2227 2824 ὲν
2255 2767 2388 2842 αὐτῇ
2419 2770 2488 2839 τῇ
2517 2769 2654 2844 ὥρᾳ,
2705 2768 2736 2822 ἃ
2789 2767 2872 2824 δεῖ
2927 2770 3118 2828 εἰπεῖν.
3175 2771 3463 2828 ’Λδύνατον
3519 2775 3622 2848 γὰρ
3679 2793 3823 2848 μαρ-

2170 2865 2401 2932 τυρῆσαι
2432 2857 2555 2932 περὶ
2585 2861 2681 2911 τοῦ
2714 2863 2977 2929 Χριστοῦ,
3027 2858 3114 2914 ἐὰν
3151 2861 3224 2933 μὴ
3257 2882 3339 2924 τις
3398 2858 3486 2915 διὰ
3543 2864 3614 2934 (4)
3646 2860 3817 2916 Πνεῦ-

2178 2968 2344 3020 ματος
2406 2946 2560 3020 ἁγίου
2620 2949 2991 3022 μαρτυρήσῃ.
3059 2948 3120 3003 Εἰ
3179 2950 3281 3023 γὰρ
3366 2947 3540 3010 οὐδεὶς
3595 2947 3813 3003 δύναται

2174 3035 2342 3091 εἰπεῖν
2374 3034 2576 3104 Κύριον
2623 3036 2831 3104 Ἰησοῦν
2892 3039 3143 3111 Χριστὸν,
3202 3037 3248 3092 εἴ
3298 3039 3371 3109 μὴ
3433 3038 3485 3092 ἐν
3541 3037 3816 3110 ΙΙνεύματι

2176 3125 2334 3198 ἁγίῳ·
2364 3125 2463 3193 τήν
2499 3125 2643 3192 ζωὴν
2677 3125 2778 3199 ἄρα
2806 3126 2892 3187 τίς
2925 3125 3117 3182 ἑαυτοῦ
3172 3124 3390 3182 δίδωσιν
3445 3128 3576 3202 ὑπὲρ
3609 3128 3815 3196 Ἰησοῦ,

2093 3189 2135 3256 C
2174 3189 2262 3268 ἐάν
2287 3189 2376 3286 -μὴ
2408 3189 2458 3266 ἓν
2497 3189 2765 3284 ΙὟΙνεῦματι
2799 3212 2936 3288 ἁγίῳ
2970 3236 2984 3284 ς

2252 3305 2374 3359 KB‘.
2410 3299 2566 3373 Μέγα
2593 3300 2645 3354 τί
2675 3299 2806 3370 ἐστι,
2837 3304 2926 3357 καὶ
2979 3302 3398 3379 παντοδύναμον
3457 3305 3508 3362 ἐν
3541 3306 3818 3383 χαρίσμα-

2181 3413 2231 3446 σι
2256 3391 2347 3446 καὶ
2380 3389 2697 3462 θαυμάσιον,
2747 3391 2810 3445 τὸ
2864 3392 3020 3466 ἅγιον
3080 3395 3322 3467 Πνεῦμα.
3383 3395 3630 3471 Λόγισαι,
3661 3396 3825 3450 πόσοι

2179 3481 2463 3549 καθέζεσθε
2491 3483 2603 3548 νῦν,
2626 3480 2788 3534 πόσαι
2815 3483 2986 3556 ψυχαὶ
3017 3480 3308 3558 πάρεσμεν.
3360 3486 3602 3557 Ἐκάστῳ
3656 3505 3828 3560 προσ-

2179 3569 2362 3646 φόρως
2421 3567 2669 3642 ἐνεργεῖθ
2728 3571 2817 3625 καί
2873 3570 3032 3643 μέσον
3088 3573 3286 3647 παρὸν,
3348 3571 3539 3648 βλέπει
3599 3573 3824 3629 ἑκάστου

2175 3659 2270 3714 τὸν
2299 3659 2525 3734 τρόπον,
2589 3661 2778 3737 βλέπει
2830 3661 2918 3716 καὶ
2984 3659 3078 3715 τὸν
3137 3658 3406 3734 λογισμὸν
3463 3662 3550 3716 καὶ
3604 3663 3703 3730 τήν
3732 3683 3828 3715 συ-

2177 3747 2440 3819 νείδησιν,
2497 3751 2589 3806 καὶ
2643 3753 2695 3806 τί
2756 3749 3033 3822 λαλοῦμεν
3081 3751 3169 3804 καὶ
3204 3749 3254 3804 τί
3283 3755 3511 3823 νοοῦμεν
3543 3756 3636 3821 (5).
3670 3749 3826 3826 Μέγα

2185 3839 2276 3911 μὲν
2311 3837 2531 3909 ἀληθῶς
2585 3841 2648 3894 τὸ
2693 3839 2879 3915 ῥηθεν,
2935 3835 3061 3893 ἀλλ’
3118 3834 3195 3893 ἔτι
3255 3839 3472 3914 μικρόν.
3531 3836 3824 3915 Βλέπε-γὰρ

2186 3949 2301 4000 μοι,
2357 3930 2458 3997 τὴν
2517 3925 2758 3983 διάνοιαν
2817 3927 3236 4005 φωταγωγηθεῖς
3286 3929 3374 3982 ὑπ’
3431 3927 3617 3996 αὐτοῦ,
3667 3927 3830 3982 πόσοι

2182 4016 2284 4072 εἶσὶ
2342 4017 2657 4089 Χριστιανοὶ
2711 4023 2810 4085 τῆς
2869 4015 3158 4091 παροικίας
3216 4015 3420 4086 ταύτης
3469 4020 3679 4086 πάσης,
3737 4017 3826 4071 καὶ

2181 4105 2342 4160 πόσοι
2402 4111 2504 4174 τῆς
2564 4104 2832 4180 ἐπαρχίας
2890 4104 3068 4174 πάσης
3123 4111 3223 4174 τῆς
3284 4105 3672 4174 Παλαιστίνης.
3735 4106 3832 4158 Καὶ

495 4236 543 4271 2⁵
569 4239 742 4292 Rom.
781 4251 902 4298 vm,
933 4235 1021 4287 26.
1101 4231 1147 4266 ²⁶
1185 4231 1312 4288 Vid.
1343 4248 1464 4300 sup.
1497 4249 1552 4285 η.
1591 4235 1674 4286 12.
1753 4233 1795 4266 ³⁷
1825 4232 1979 4288 Psal.
2014 4250 2064 4287 ιιι

2197 4236 2261 4287 14
2335 4233 2378 4268 ²³
2410 4235 2576 4288 Rom.
2609 4249 2726 4302 vm,
2759 4234 2842 4287 18.
2921 4232 2967 4267 ³9
2998 4234 3138 4288 Gen.
3195 4249 3258 4302 ιι,
3293 4233 3380 4287 15.
3456 4234 3503 4268 ³ο
3558 4235 3695 4290 Luc.
3727 4251 3832 4301 xu,

433 4313 519 4375 11,
555 4311 639 4362 12.
716 4307 760 4341 ³¹
792 4305 970 4359 ICor.
1004 4321 1103 4370 xu,
1137 4305 1188 4359 3.
1265 4303 1312 4336 ³³
1339 4306 1478 4374 Agg.
1513 4319 1572 4369 ιι,
1605 4306 1657 4358 6.

433 4449 755 4524 episcopali
813 4447 1260 4503 consecratione
1305 4464 1468 4515 usos,
1499 4453 1565 4502 ut
1622 4448 1984 4502 Hilarionem
2021 4448 2079 4501 in
2115 4450 2156 4513 D
2188 4449 2729 4524 quomodoilegisse
2750 4449 2981 4524 videtur
3019 4450 3286 4522 vulgatus
3326 4451 3614 4524 interpres
3646 4451 3670 4502 Ι
3699 4451 3838 4507 Cor.

431 4525 766 4580 Palasstina.

505 4600 583 4665 (1)
614 4595 728 4659 Τῆς
760 4591 1246 4665 ἀσθενείας-ήμῶν.
1296 4591 1413 4644 Roe
1463 4595 1530 4665 et
1577 4589 1851 4665 Casaub.,
1880 4591 1949 4665 τῇ
1979 4588 2084 4665 ᾆσ-

435 4660 628 4735 θενείᾳ·
665 4663 852 4735 magis
881 4662 1109 4735 accedit
1136 4662 1211 4716 ad
1255 4666 1478 4715 textum
1505 4660 1793 4731 Apostoli,
1826 4661 1925 4731 qui
1979 4661 2082 4715 ha-

435 4740 554 4802 bet,
584 4733 704 4796 ταῖς
735 4733 1045 4796 ἀσθενείαις.

508 4801 580 4880 (2)
611 4805 1050 4880 Ὑποφθεγγεται.
1097 4805 1178 4880 E_x
1237 4803 1367 4880 cod_.
1415 4801 1593 4880 Qolsl.
1657 4801 1840 4880 multo
1869 4802 2086 4858 melius

440 4874 618 4950 quam
677 4874 1090 4953 ἀποφθέγγεται,
1123 4875 1263 4953 dum
1317 4874 1390 4930 de
1437 4874 1649 4928 intima
1704 4874 1764 4928 in
1801 4881 2086 4953 ‘mentem

441 4944 811 5021 suggestione
869 4944 1061 5021 agitur
1093 4987 1114 5021 τί
1168 4947 1308 5021 νοιιΑ
1344 4961 1746 5021 consequens,
1763 4944 1854 4997 τὸν
1891 4950 2082 5021 Κύριον

443 5015 738 5075 omittitur
767 5021 828 5074 in
858 5015 1060 5084 C6isl.,
1094 5020 1234 5084 Roe,
1275 5016 1520 5072 Casaub.
1548 5015 1845 5082 inferius,
1879 5017 2085 5072 eadem

442 5091 790 5164 auctoritate
822 5096 879 5145 et
908 5091 1137 5164 ratione
1171 5106 1306 5164 qua
1342 5085 2085 5164 Δεει-ἱρεὶιιιιιε,,ὑποφθέγγε-

438 5183 550 5230 ται,
582 5163 905 5233 posuimus
928 5161 1128 5233 etiam,
1165 5156 1678 5233 6&085izvu_&t,_pro
1717 5156 2084 5233 ᾁποδὲίκιξυσι.

513 5227 782 5305 ᾼὲγει
813 5231 949 5305 πρὸς
980 5230 1128 5296 τοὺς,
1162 5236 1273 5305 etc.
1306 5227 1663 5305 t’articulam
1713 5227 1796 5305 8£_
1820 5232 1880 5305 in
1913 5231 2088 5305 editis

444 5304 571 5358 voci
598 5301 744 5374 λέγει
769 5301 1087 5373 subjectam
1111 5302 1497 5372 explosimus,
1527 5302 1657 5356 fulti
1691 5303 1862 5358 codd.
1887 5303 2087 5369 Coisl.,

443 5379 582 5440 Roe,
617 5374 886 5438 Casaub.,
921 5374 1094 5429 Grod.

517 5439 592 5514 (4)
628 5445 743 5506 Διά,
771 5452 879 5500 etc.
915 5443 1270 5499 Particulam
1304 5439 1391 5495 διά
1421 5445 1792 5499 restituimus
1823 5462 1894 5500 ex
1929 5445 2087 5500 codi-

446 5519 614 5573 cibus
649 5521 784 5577 lloe.
814 5515 1058 5588 Qasaub.
1093 5522 1151 5569 et
1181 5514 1352 5588 Grod.
1399 5515 1596 5588 _Paulo
1639 5523 1788 5588 post,
1826 5517 1952 5572 loco
1984 5515 2088 5588 Κύ-

481 5608 560 5642 ιον
595 5589 804 5656 Ἰησοῦν
839 5585 1092 5659 Χριστόν,
1114 5652 1124 5659 .
1154 5585 1324 5659 codd.
1386 5586 1615 5659 C0isl.,_
1640 5585 1784 5653 Roe,
1842 5587 2088 5659 Casaub.

481 5609 560 5642 ιον
612 5609 804 5656 ιησουν
840 5609 1092 5659 Αριστον,
1154 5609 1324 5639 υυυυ.
1386 5609 1586 5652 υυιδιη
1645 5609 1784 5653 noe,
1842 5609 2088 5644 ιιᾶδᾶω).

443 5609 762 5719 habentia
822 5664 1002 5725 recto,
1057 5652 1249 5728 Κύριος
1299 5654 1508 5724 Ἰησοῦς
1566 5657 1787 5727 absque
1838 5658 2088 5733 Χριστός,

2197 4537 2289 4578 xu.
2343 4525 2412 4576 3:
2461 4523 2626 4575 Nemo
2679 4528 2856 4586 potest
2901 4523 3099 4584 dicere.
3152 4525 3414 4577 Dominus
3464 4523 3635 4587 Jesus,
3696 4528 3838 4588 etc.,

2194 4592 2364 4675 Brior
2391 4593 2565 4675 lectio
2598 4593 2812 4675 Graecis
2843 4593 3183 4675 auctoribus
3198 4594 3416 4675 _magis
3472 4598 3658 4675 sueta.
3694 4594 3841 4675 Yide

2198 4663 2369 4736 Basil.
2424 4664 2678 4736 inpsal.
2740 4681 2911 4730 xxxu,
2958 4682 3102 4736 pag.
3165 4668 3286 4729 170,
3339 4663 3468 4736 imo
3517 4669 3574 4718 et
3622 4665 3843 4719 Latinis

2193 4735 2402 4806 multis
2429 4735 2645 4788 usitata
2692 4741 2800 4788 est.
2834 4735 3011 4790 Paulo
3056 4735 3208 4806 post,
3261 4737 3390 4790 loco
3418 4735 3526 4806 1th
3551 4737 3703 4805 ζοήν,
3731 4743 3841 4790 etc.

2195 4806 2280 4860 sic
2312 4805 2566 4859 habetur
2596 4806 2654 4859 in
2696 4806 2836 4870 Roe,
2888 4812 2946 4859 et
3001 4804 3274 4874 Cdsaub.,
3335 4809 3458 4864 Πῶς
3511 4804 3729 4860 δύναταὶ
3757 4827 3841 4868 τις

2197 4875 2326 4953 ὑπὲρ
2371 4874 2533 4953 αὐτοῦ
2576 4876 2762 4953 -μὲχρι
2825 4876 3068 4951 βασάνων
3125 4877 3213 4931 καὶ
3275 4878 3506 4940 θανάτου
3535 4877 3844 4953 παῤῥησιά-

2196 4929 2476 5022 ζεσθαικεὶ
2513 4929 2776 5022 unici?”
3733 4929 3843 5020 pro

2194 5022 2310 5089 ipso
2349 5017 2421 5072 ad
2476 5018 2751 5089 supplicia
2776 5027 2826 5074 et
2853 5037 3035 5074 necem
3092 5037 3260 5091 usque
3312 5017 3622 5078 libertatem
3679 5017 3840 5092 tutari,

2195 5092 2324 5156 nisi,
2357 5094 2466 5144 etc.

2271 5163 2343 5229 (Ei;
2375 5161 2472 5212 Καὶ
2519 5159 2570 5213 τί
2626 5163 2876 5231 νοοῦμεν,
2936 5169 2987 5216 et
3037 5163 3176 5231 quid
3217 5167 3530 5232 cogitemus.
3588 5167 3653 5218 ln
3710 5164 3841 5219 cod.

2199 5233 2372 5306 Qoisl.
2409 5232 2823 5306 locovooﬁpev,
2869 5233 3138 5306 habetur,
3173 5233 3522 5306 πιστεύομεν,
3555 5237 3692 5306 quid
3717 5253 3844 5306 ere-5

2198 5305 2410 5360 damus.
2443 5307 2516 5358 At
2541 5305 2601 5377 in
2634 5306 2752 5360 Hoe
2775 5312 2834 5377 et
2861 5305 3108 5360 Casaub.
3155 5305 3476 5377 utrumque
3529 5305 3761 5377 legitur,
3792 5305 3848 5360 τί

2197 5377 2456 5446 νοοῦμεν,
2506 5376 2593 5429 καὶ
2650 5373 2998 5446 πιστεύομεν,
3056 5378 3192 5446 quid
3238 5373 3533 5446 cogitemus
3572 5373 3623 5433 et
3654 5380 3846 5433 creda-

2197 5463 2335 5521 mus.
2364 5447 2569 5521 _Paulo
2627 5453 2789 5521 post,
2833 5465 2903 5521 ei:
2952 5449 3156 5521 Roeﬂet
3185 5448 3431 5503 Casaub.
3495 5451 3841 5521 scripsimus

2200 5515 2288 5570 ὑπ’
2319 5514 2504 5584 αὐτοῦ,
2539 5514 2644 5588 pro
2706 5517 2792 5572 ὑπ’
2824 5517 2992 5588 αὐτῷ.
3045 5518 3186 5573 Vide
3227 5536 3357 5590 sup.
3401 5537 3566 5575 num.
3601 5514 3666 5576 3:
3726 5527 3842 5576 cat.

2202 5593 2287 5655 17,
2320 5605 2482 5663 num.
2602 5592 2732 5645 Mox
2760 5590 2956 5654 verba,
2981 5594 3105 5663 ⁸τῆς
3136 5589 3423 5663 παροικίας
3479 5590 3681 5660 ταύτης
3740 5596 3845 5645 πᾶ-

2199 5679 2324 5729 σης,
2355 5659 2445 5716 καὶ
2473 5659 2660 5730 πόσοι,
2693 5679 2947 5731 quorum
2979 5660 3108 5716 loco
3139 5659 3546 5733 in'impressis
3594 5659 3849 5719 habetur
