4138 6264
332 302 453 365 955

1383 304 1447 365 S.
1497 303 1812 367 CYRILLI
1856 301 2272 365 HIEROSOL.
2317 303 2688 366 ARCHIEP.

3617 308 3735 371 956

320 438 559 508 Moysen
591 452 718 490 esse
748 436 846 507 qui
881 436 1214 508 largiretur,
1249 437 1351 492 sed
1382 437 1666 508 Spiritum
1692 437 1792 509 qui
1825 453 1966 509 ope-

2091 431 2280 490 ,Ελδάδ
2307 431 2364 490 δὲ
2393 434 2482 490 καὶ
2516 431 2719 491 Μωδᾶδ
2750 454 2815 489 ου
2856 441 3124 504 παρῆσαν.
3160 437 3274 493 Ἵνα
3303 437 3482 494 τοίνυν
3517 437 3735 516 δειχθῇ,

319 524 598 579 rabatur:
635 523 859 579 Heldad
885 530 944 579 et
974 525 1202 592 Modad,
1232 525 1331 596 qui
1364 526 1549 580 vocati
1583 526 1826 596 quidem
1847 525 1975 580 fue-

317 617 473 677 rant,
496 611 765 667 nondum
797 617 1000 669 tamen
1032 620 1434 682 occurrerant,
1469 615 1830 685 prophetant
1863 614 1974 685 ipsi

317 718 578 772 quoque.

386 791 579 847 XXVI.
615 791 930 863 Obstupuit
955 795 1124 848 Jesus
1181 796 1331 850 Nave
1363 793 1544 856 filius.
1575 793 1790 865 Moysis
1821 809 1891 847 su
1909 809 1974 847 c-

319 895 540 946 cessor,
597 884 656 934 et
712 879 1003 936 accedens
1063 883 1244 954 Moysi
1303 883 1424 938 ait:
1486 881 1775 937 Audivisti
1816 880 1974 952 quod

316 968 542 1023 Heldad
573 973 631 1022 et
660 968 868 1024 Modad
899 969 1300 1040 prophetant?
1331 971 1532 1026 Vocati
1559 975 1720 1037 sunt,
1769 975 1830 1024 et
1853 985 1974 1024 non

319 1063 748 1112 occurrerunt:
811 1060 1040 1112 Domine
1098 1060 1176 1112 mi
1203 1061 1430 1127 Moyses,
1481 1059 1712 1129 prohibe
1753 1057 1877 1112 illos
1904 1055 1970 1111 ⁸⁸.

317 1147 425 1203 Ille
451 1152 651 1203 autem
679 1164 691 1201 :
752 1150 876 1202 Non
906 1164 1148 1220 possum
1199 1165 1301 1204 eos
1331 1149 1646 1220 prohibere
1672 1166 1685 1216 ;
1713 1147 1974 1204 caelestis

317 1236 477 1290 enim
503 1241 593 1290 est
619 1237 828 1308 gratia:
865 1241 1212 1308 tantumque
1243 1236 1316 1292 ab
1343 1237 1429 1292 eis
1450 1236 1838 1308 prohibendis
1867 1235 1973 1291 ab-

313 1326 548 1394 horreo,
582 1333 647 1382 ut
676 1332 736 1381 et
766 1326 892 1397 ipse
924 1343 1163 1397 quoque
1201 1327 1451 1382 habeam
1481 1345 1553 1382 ex
1581 1323 1972 1400 gratia.Atqui

312 1433 435 1472 non
467 1422 608 1489 puto
641 1422 696 1471 te
718 1416 938 1472 invidia.
979 1422 1344 1473 commotum
1367 1420 1481 1474 ista
1504 1418 1744 1474 dixisse.
1800 1421 1880 1475 Ne
1911 1426 1972 1473 tu

315 1509 498 1562 studio
527 1509 633 1561 mei
657 1509 769 1562 zelo
795 1508 1134 1574 accendaris,
1155 1509 1295 1579 quia
1323 1508 1830 1580 prophetaverunt
1858 1508 1969 1575 illi,

310 1601 374 1650 tu
402 1612 537 1650 vero
555 1595 820 1650 nondum
843 1595 1440 1669 prophetas.Tempus
1467 1597 1830 1668 prmstolare:
1868 1598 1976 1651 «Et

315 1685 484 1756 «quis
499 1684 913 1740 dabitomnem
930 1685 1159 1740 Domini
1172 1685 1461 1757 p0pulum
1474 1687 1792 1758 prophetas
1817 1702 1970 1753 esse,

2093 522 2175 579 ὅτι
2209 526 2270 580 οὑ
2300 528 2540 589 Μωϋσῆς
2591 523 2654 591 ἦν
2689 526 2717 579 ὁ
2749 523 3132 601 χαριζόμενος,
3167 525 3311 582 ἀλλὰ
3334 529 3397 584 τὸ
3430 533 3648 602 Πνεῦμα
3676 533 3737 586 τὸ

2091 613 2364 689 ἐνεργοῦν·
2395 611 2598 670 Ἐλδὰδ
2628 615 2718 668 καὶ
2751 611 2978 681 Μωδὰδ,
3028 612 3082 669 οῗ
3138 613 3432 686 κληθέντες
3463 618 3559 691 μὶν
3588 619 3738 674 οὔπω

2089 700 2148 758 δὲ
2177 704 2311 772 ἦσαν
2344 703 2774 773 ἀπαντήσαντες,
2816 703 3271 778 προφητεύουσιν.

2161 793 2272 860 KC.
2309 790 2613 866 Ἐξεπλάγη
2648 794 2859 862 Ἰησοῦς
2919 794 2946 847 ὁ
2995 797 3092 846 τοῦ
3149 799 3326 863 Ναυῆ,
3385 796 3414 850 ὁ
3469 794 3734 873 διάδοχος

2086 879 2386 951 Μωϋσέως,
2421 879 2513 935 καὶ
2559 879 2875 954 προσελθὼν
2933 881 3076 956 λέγει
3133 887 3213 955 τῷ
3271 886 3498 956 Minucii.
3539 891 3739 942 Ἤκου-

2088 991 2183 1032 σας
2215 971 2314 1044 (2),
2348 968 2430 1024 ὅτι
2491 967 2694 1026 Ἐλδὰδ
2741 969 2830 1026 καὶ
2890 968 3093 1026 Μωδάδ
3145 973 3577 1050 προφητεύουσιν
3605 996 3620 1044 ;
3651 977 3740 1032 Ἐ-

2086 1058 2516 1129 κλήθησαν,καὶ
2568 1058 2670 1113 οὐκ
2726 1058 3065 1130 ἀπήντησαν
3121 1061 3283 1135 Κύριέ
3343 1083 3451 1135 μου
3507 1066 3740 1135 Μωϋσῆ,

2084 1145 2338 1202 κώλυσον
2377 1146 2595 1208 αὐτούς.
2631 1147 2709 1204 Οὔ
2769 1145 3002 1221 δύναμαι
3055 1148 3300 1204 κωλῦσαι
3361 1150 3577 1219 αὐτοὺς,
3639 1175 3745 1225 φη-

2087 1235 2188 1290 σίν·
2236 1234 2556 1310 ἐπουράνιος
2617 1237 2718 1310 γὰρ
2766 1238 2800 1306 ἡ
2861 1237 3048 1314 χάρίς·
3099 1236 3189 1292 καὶ
3248 1242 3505 1294 τοσοῦτον
3549 1240 3742 1316 ἆπὲλω

2091 1329 2188 1380 τοῦ
2212 1323 2460 1380 κωλῦσαι
2488 1323 2708 1392 αὐτοὺς,
2741 1323 2880 1380 ὥστε
2929 1327 3023 1380 καὶ
3083 1325 3246 1388 αὐτὸς
3271 1328 3406 1382 κατὰ
3435 1329 3598 1402 χάριν
3625 1327 3740 1405 ἔχω

2085 1413 2247 1470 ’Δλλ’
2279 1413 2341 1469 οὐ
2377 1415 2592 1488 νομίζω
2623 1435 2681 1469 σε
2707 1419 2870 1470 τοῦτο
2901 1416 3084 1493 φθόνῳ
3117 1415 3412 1491 εἰρηκέναι.
3474 1419 3562 1488 Μὴ
3639 1425 3739 1489 ζη-

2089 1501 2213 1565 λοῖς
2245 1503 2310 1558 σύ
2355 1524 2448 1576 μοι
2476 1507 2575 1576 (3),
2637 1502 2722 1557 ὅτι
2780 1503 2974 1559 ἐκεῖνοι
3037 1503 3132 1577 μὶν
3190 1507 3620 1581 προεφήτευσαν,
3676 1508 3740 1562 σὺ

2087 1589 2145 1648 δὶ
2213 1589 2367 1648 οὔπω
2449 1591 2833 1670 προφητεύιις.
2911 1590 3155 1664 Ἐκδεξαι
3205 1595 3298 1648 τὸν
3348 1593 3556 1670 καιρόν·
3635 1597 3738 1652 Καὶ

2083 1682 2164 1744 τίς
2262 1679 2376 1754 δῴη
2491 1681 2662 1735 πάντα
2745 1681 2840 1736 τὸν
2935 1678 3065 1736 λαὸν
3149 1683 3346 1757 Κυρίου
3429 1687 3735 1761 προφήτας,

315 1795 344 1823 ιι
383 1773 619 1844 quando
669 1773 903 1829 dederit
952 1775 1235 1829 Dominus
1294 1791 1473 1846 super
1502 1774 1638 1830 illos
1689 1775 1972 1846 Spiritum

2091 1772 2213 1826 ὅταν
2269 1769 2348 1842 δῷ
2403 1769 2600 1847 Κύριος
2687 1771 2750 1825 τὸ
2803 1769 3023 1844 Πνεῦμα
3077 1771 3242 1826 αὐτοῦ
3323 1771 3408 1827 ἐπ’
3486 1773 3733 1848 αὐτούς;

314 1883 339 1914 ιι
376 1878 549 1917 suum
566 1861 612 1896 ⁴⁷
641 1862 707 1917 ‘2»
741 1863 1091 1934 Prophetice
1113 1863 1384 1935 adjungit
1403 1863 1551 1917 illud
1576 1879 1589 1918 :
1616 1864 1843 1928 Quando
1873 1864 1971 1918 de-

312 1952 458 2005 derit
503 1953 785 2007 Dominus.
845 1953 1010 2006 Nunc
1041 1953 1202 2007 enim
1260 1958 1418 2007 certe
1451 1953 1720 2007 nondum
1767 1951 1967 2007 dedit:

315 2044 378 2093 tu
436 2039 615 2111 igitur
670 2039 938 2095 nondum
997 2040 1204 2096 habes.
1266 2042 1494 2112 Ergone
1553 2041 1876 2109 Abraham,
1915 2045 1975 2094 et

313 2128 497 2197 Isaac,
527 2134 586 2184 et
633 2128 833 2197 Jacob,
893 2134 952 2183 et
1006 2129 1221 2201 Joseph
1278 2145 1398 2184 non
1458 2129 1972 2200 habuerunt?qui

316 2223 453 2273 ante
482 2217 654 2272 illum
686 2218 987 2286 exstitere,
1018 2234 1222 2274 nonne
1255 2217 1600 2274 habebant?
1630 2219 1844 2273 Verum
1876 2235 1974 2290 pa-

314 2307 434 2363 lam
467 2312 558 2362 est
581 2306 766 2362 illud:
817 2308 1046 2372 Quando
1077 2308 1289 2362 dederit
1345 2309 1626 2374 Dominus,
1655 2306 1716 2361 id
1748 2307 1976 2379 signiﬁ-

316 2411 474 2462 care,
505 2412 670 2466 super
699 2412 901 2453 omnes.
931 2396 974 2430 ⁸⁸
1003 2397 1169 2450 Νιιιιο
1201 2396 1361 2450 enim
1392 2397 1621 2468 privata
1664 2402 1722 2451 et
1771 2397 1974 2452 restri-

317 2489 412 2538 cta
442 2489 533 2538 est
555 2485 757 2555 gratias
783 2483 1017 2554 largitio
1044 2501 1057 2537 :
1092 2489 1231 2538 tunc
1255 2489 1452 2539 autem
1485 2487 1672 2540 ell'usa
1703 2490 1761 2540 et
1785 2485 1973 2540 abun-

319 2572 492 2628 dans.
526 2572 979 2644 Signiﬁcabatur
1006 2589 1220 2644 nempe
1254 2573 1314 2628 id
1343 2573 1504 2643 quod
1536 2575 1596 2628 in
1626 2577 1978 2630 Pentecoste

324 2661 484 2731 apud
512 2678 620 2715 nos
676 2660 941 2716 futurum
1002 2666 1165 2729 erat;
1195 2678 1334 2717 nam
1389 2667 1447 2716 et
1495 2663 1621 2733 ipse
1680 2664 1839 2734 apud
1868 2680 1979 2719 nos

326 2749 654 2806 descendit.
688 2751 877 2805 Antea
926 2766 1060 2805 vero
1092 2751 1153 2805 in
1186 2751 1406 2805 multos
1459 2767 1695 2822 quoque
1726 2752 1980 2808 descen-

326 2841 531 2896 derat:
568 2839 856 2911 scriptum
889 2844 979 2895 est
1035 2840 1194 2894 enim
1222 2857 1234 2893 :
1270 2863 1296 2889 ‹ι
1328 2840 1396 2894 Ει
1423 2841 1591 2894 Jesus
1639 2842 1790 2896 Nave
1822 2841 1980 2898 ﬁlius

321 2930 620 3002 «repletus
645 2935 736 2985 est
755 2930 967 3001 spiritu
989 2930 1318 3002 sapientiae;
1334 2930 1618 3001 imposuit
1640 2931 1800 2986 enim
1825 2935 1982 3004 Moy-

323 3035 453 3074 «ses
465 3035 678 3075 manus
693 3035 830 3074 suas
844 3035 1022 3090 super
1037 3019 1207 3074 illum
1221 3020 1284 3072 ‘°.
1296 3018 1608 3074 nEamdem
1625 3019 1843 3090 ubique
1861 3027 1982 3077 tum

321 3110 382 3164 in
401 3109 748 3176 Veteri,tum
775 3108 837 3162 in
852 3109 1010 3164 Novo
1034 3107 1272 3163 Fcedere
1296 3107 1547 3179 ﬁguram
1567 3107 1976 3181 designantem

321 3197 504 3253 vides.
527 3197 644 3252 Sub
669 3199 862 3269 Moyse
885 3213 993 3268 per
1023 3196 1473 3268 impositionem
1503 3197 1656 3253 259
1690 3213 1977 3254 manuum

325 3284 576 3340 dabatur
605 3285 857 3355 Spiritus
885 3302 897 3340 :
932 3279 989 3340 et
1010 3287 1220 3340 Petrus
1249 3301 1354 3356 per
1385 3284 1828 3354 impositionem
1851 3304 1980 3343 ma-

2084 1863 2442 1936 προφητικῶς
2473 1858 2564 1913 καὶ
2620 1863 2787 1914 τοῦτο
2837 1858 3034 1934 λέγων,
3083 1860 3168 1930 τὸ,
3227 1859 3426 1935 Κύριος
3453 1859 3578 1917 ὅταν
3628 1859 3730 1935 δῷ.

2081 1953 2189 2004 Νῦν
2221 1949 2324 2023 γὰρ
2359 1949 2460 2024 ἄρα
2509 1944 2664 2003 οὔπω
2693 1945 2865 2003 ἔδωκε
2920 1950 3019 2021 (4)⁶
3081 1948 3144 2002 σὺ
3201 1946 3293 2003 οὗν
3349 1945 3504 2005 οὔπω
3562 1948 3733 2026 ἔχεις.

2083 2031 2335 2112 ,Λϐραᾶμ
2389 2038 2492 2111 ἆρα
2536 2034 2626 2091 καί
2684 2035 2888 2108 Ἰσαὰκ,
2950 2037 3039 2091 καὶ
3097 2031 3292 2094 Ἰακὼϐ
3327 2081 3340 2105 ,
3391 2038 3481 2093 καὶ
3531 2039 3736 2117 Ἰωσήφ

2083 2124 2182 2181 οὐκ
2211 2126 2364 2200 εἶχον
2399 2145 2414 2194 ;
2449 2127 2502 2181 ο⁴ι
2534 2126 2641 2199 πρὸ
2667 2124 2864 2180 τούτου
2896 2126 2998 2200 ἆρα
3052 2123 3150 2180 οὐκ
3197 2122 3360 2200 ἔσχον
3397 2149 3412 2199 ς
3445 2125 3625 2185 Ἀλλὰ
3648 2129 3733 2200 τὸ,

2081 2215 2248 2271 ’Όταν
2282 2211 2360 2286 δῷ
2386 2212 2609 2288 Κύριος,
2642 2210 2850 2286 ίδῆλον,
2911 2213 2994 2268 ὅτι
3053 2211 3306 2285 σημαίνει
3336 2215 3424 2281 τὸ,
3473 2215 3561 2270 ἐπὶ
3599 2216 3739 2272 πάν-

2081 2324 2199 2366 τας.
2233 2307 2340 2358 Νῦν
2375 2304 2470 2376 μὶν
2534 2304 2733 2378 μερική
2782 2304 2816 2373 ἡ
2860 2303 3044 2378 χάρις·
3095 2302 3220 2358 τότε
3277 2301 3518 2377 δαψιλὴς
3547 2307 3583 2374 ὴ
3643 2303 3736 2360 δό-

2087 2413 2170 2454 σις
2325 2391 2606 2461 ᾚνίσσετο
2653 2390 2710 2446 δὲ
2747 2391 2813 2446 τὸ
2867 2390 3232 2467 γενησόμενον
3293 2391 3346 2447 ἐν
3397 2397 3467 2468 τῇ
3521 2399 3737 2466 Πεντη-

2084 2485 2256 2554 κοστῇ
2289 2483 2418 2556 παρ’
2447 2483 2607 2554 ἡμῖν·
2641 2479 2730 2536 καὶ
2764 2479 2893 2536 αὐτὸ
2949 2481 3053 2556 γὰρ
3109 2479 3352 2550 κατῆλθε
3415 2485 3537 2557 παρ’
3576 2485 3735 2557 ἡμῖν.

2087 2569 2346 2640 Κατῆλθε
2395 2567 2454 2625 δὲ
2508 2571 2597 2626 καὶ
2655 2569 2918 2644 πρότερον
2979 2568 3067 2624 ἐπὶ
3121 2567 3390 2632 πολλούς’
3443 2571 3737 2648 γέγραπται

2087 2661 2213 2736 γάρ·
2269 2659 2373 2716 Καὶ
2433 2661 2650 2730 Ἰησοῦς
2703 2660 2732 2714 ὁ
2782 2662 2880 2713 τοῦ
2936 2659 3094 2730 Ναυῆ
3142 2658 3449 2732 ἓνεπλήσθη
3508 2661 3742 2736 πνεύμαο

2086 2769 2180 2812 τος
2239 2747 2430 2824 σοφίας
2464 2752 2557 2822 (6).
2617 2747 2848 2820 ἐπέθηκε
2904 2748 3009 2824 γὰρ
3066 2753 3308 2818 Μωϋσῆς
3392 2751 3487 2812 τὰς
3545 2757 3741 2827 χεῖρας

2091 2838 2255 2894 αὐτοῦ
2284 2836 2366 2893 ἐπ’
2425 2838 2611 2895 αὐτόν.
2691 2837 2920 2899 Βλέπεις
2979 2842 3263 2913 πανταχοῦ
3318 2841 3408 2894 τὸν
3460 2837 3631 2894 τόπον
3680 2839 3735 2893 ἐν

2093 2925 2306 2998 Παλαιᾷ
2351 2925 2441 2982 καὶ
2499 2929 2672 3000 Καινῇ
2713 2926 2806 2981 τὸν
2878 2924 3062 2982 αὐτόν.
3138 2926 3261 2982 Ἐπὶ
3317 2926 3588 2990 Μωϋσὲως
3644 2923 3738 2981 διὰ

2091 3014 2433 3090 χειροθεσίας
2464 3013 2677 3070 ἐδίδοτο
2705 3015 2769 3069 τὸ
2800 3015 3042 3086 Πνεῦμα·
3086 3014 3176 3068 καὶ
3239 3012 3440 3088 Πέτρος
3499 3011 3591 3069 διὰ
3618 3034 3746 3090 χει-

2093 3103 2341 3179 ροθεσίας
2363 3101 2552 3159 δίδωσι
2576 3103 2639 3158 τὸ
2672 3107 2912 3176 Πνεῦμα’
2949 3101 3142 3176 μέλλει
3173 3100 3232 3158 δὲ
3277 3102 3368 3158 καὶ
3401 3102 3490 3158 ἰπὶ
3544 3104 3603 3159 σὶ
3650 3103 3747 3159 τὸν

2094 3193 2492 3270 βαπτιζόμενον
2525 3193 2740 3268 φθάνειν
2781 3194 2817 3262 ἡ
2849 3192 3034 3268 χάρις’
3066 3192 3129 3246 τὸ
3176 3189 3234 3246 δὶ
3267 3196 3409 3262 πῶς,
3469 3191 3530 3247 οὖ
3577 3190 3745 3267 λέγωο

2092 3282 2154 3338 οὐ
2185 3281 2288 3356 γὰρ
2321 3275 2700 3357 προλαμϐἅνω
2731 3282 2825 3336 τὸν
2855 3280 3066 3358 καιρόν.

324 3389 513 3430 nuum
544 3373 793 3446 largitur
811 3373 1096 3445 Spiritum
1124 3376 1193 3432 ⁵ο.
1236 3377 1301 3431 In
1323 3382 1379 3431 te
1401 3395 1638 3450 quoque
1662 3378 1765 3449 qui
1782 3374 2166 3450 baptizandus
2186 3389 2248 3428 es
2277 3374 2349 3445 (1)
2381 3379 2736 3445 perventura
2765 3379 2853 3428 est
2872 3372 3352 3446 gratia.Quonam
3374 3389 3514 3430 vero
3538 3373 3738 3430 modo.

325 3478 446 3517 non
478 3461 634 3529 dico,
660 3478 770 3516 nec
803 3461 963 3516 enim
996 3467 1230 3535 tempus
1259 3470 1582 3523 anteverto.

400 3578 444 3613 “
494 3579 664 3634 Num.
696 3594 776 3649 ιι,
835 3580 925 3636 28.
976 3577 1023 3614 ⁴¹⁷
1053 3580 1196 3636 ibid.
1225 3584 1314 3636 29.
1373 3582 1419 3617 ⁴³
1456 3585 1576 3639 Vid.
1631 3591 1739 3639 cat.
1777 3586 1862 3654 17,
1891 3600 1947 3637 n.

2091 3585 2130 3635 et
2182 3579 2267 3633 18.
2325 3578 2372 3614 ⁴⁹
2401 3579 2568 3635 Deut.
2627 3595 2814 3645 χχχιιι,
2837 3580 2891 3632 9.
2951 3578 3151 3633 "Act.
3192 3594 3308 3648 vm,
3367 3582 3451 3632 17.

398 3695 570 3776 (1)]1ι
598 3701 648 3776 te
676 3710 890 3776 quoque
922 3696 1038 3776 qui
1055 3698 1420 3776 baptizandus
1478 3717 1549 3768 es,
1605 3706 1720 3776 _etc.
1777 3699 1841 3755 Id
1890 3715 1982 3754 ex-

327 3766 512 3850 plicat
531 3769 663 3850 tota
691 3766 984 3850 catechesi
1013 3766 1292 3850 21.'gum_
1331 3766 1542 3850 autem
1587 3772 1660 3826 de
1693 3787 1977 3850 manuum

330 3838 710 3912 impositione
739 3838 1039 3908 loquatur,
1070 3840 1216 3912 mihi
1259 3840 1505 3897 dubium
1537 3859 1657 3897 non
1688 3849 1799 3908 est,
1833 3842 1977 3912 quin

327 3926 458 3964 eam
491 3910 551 3964 in
571 3916 942 3965 sacramento
967 3911 1438 3967 confirmationis
1453 3914 1781 3969 adhibitam
1795 3910 1976 3968 fuisse

328 3981 648 4053 signiﬁcet.
686 3981 966 4045 Quamvis
998 3982 1158 4053 enim
1187 3988 1302 4039 cal.
1334 3987 1422 4047 21,
1455 3984 1596 4039 dum
1630 3985 1758 4053 ejus
1779 4000 1976 4040 sacras

325 4051 513 4106 menti
542 4051 794 4107 formam
828 4058 884 4106 et
916 4052 1158 4107 modum
1203 4053 1508 4119 describit,
1539 4051 1768 4110 nullam
1813 4055 1975 4110 illius

325 4123 692 4198 mentionem
713 4124 925 4198 faciat:
953 4139 1086 4198 rara
1111 4125 1268 4198 apud
1301 4127 1531 4181 Graecos
1561 4132 1832 4181 auctores
1845 4127 1974 4198 ejus

326 4195 616 4250 memoria
640 4195 972 4266 reperiatur
997 4211 1008 4261 ;
1039 4195 1333 4322 hodieque
1357 4198 1515 4268 apud
1538 4198 1845 4254 Grmcosin
1863 4195 1974 4253 hoc

327 4271 697 4322 sacramento
730 4266 1131 4322 nraatermissa
1159 4266 1208 4320 vi
1257 4274 1462 4322 eatur:
1495 4285 1626 4322 eam
1640 4275 1838 4322 tamen
1869 4285 1970 4322 an-

327 4271 697 4322 sacramento
730 4271 1131 4337 prastermissa
1159 4271 1462 4323 videatur:
1495 4285 1626 4324 eam
1640 4275 1838 4324 tamen
1869 4285 1970 4324 an-

325 4338 574 4408 tiquitus
607 4337 760 4392 sicut
785 4338 846 4392 in
874 4337 1098 4403 Latina,
1132 4338 1214 4392 ita
1243 4338 1423 4394 etiam
1455 4340 1517 4395 in
1543 4342 1742 4396 Graeca
1779 4341 1975 4396 Eccle-

326 4409 412 4464 sia
444 4414 789 4480 usurpatam
815 4409 1018 4480 fuisse,
1044 4409 1336 4464 nonnulla
1353 4418 1740 4467 monumenta
1759 4417 1975 4466 testan-

325 4485 440 4554 tur.
472 4482 541 4554 In
571 4478 780 4550 primis
801 4478 1182 4554 Firmilianus
1204 4482 1796 4554 Cappadox,epistola
1817 4484 1973 4537 inter

323 4551 681 4623 Cyprianeas
712 4554 799 4617 75,
832 4553 897 4605 1n
928 4550 1196 4618 Ecclesia,
1231 4550 1444 4622 inquit,
1485 4550 1724 4623 majores
1752 4561 1889 4608 natu
1919 4561 1968 4609 et

325 4622 664 4694 baptizandi,
697 4628 749 4676 et
775 4639 998 4694 manum
1039 4623 1390 4694 imponendi,
1438 4631 1490 4694 et
1538 4622 1836 4680 ordinandi
1865 4626 1968 4680 ha-

324 4692 448 4750 bent
470 4692 1091 4766 potestatemqquodde
1122 4709 1405 4766 manuum
1434 4693 1813 4766 impositione
1826 4713 1968 4751 con-

325 4764 654 4846 ﬁrmatoria
675 4764 1336 4846 intelligendumdotius
1368 4764 1634 4846 epistola)
1657 4772 1965 4846 contextus

324 4838 550 4893 suadet.
583 4841 803 4892 Auctor
833 4836 1060 4909 constit.
1085 4837 1301 4906 apostol
1329 4881 1343 4903 ,
1378 4836 1481 4892 lib.
1511 4854 1572 4904 ιι,
1603 4855 1735 4909 cap.
1767 4841 1854 4904 32,
1892 4837 1964 4892 de

324 4910 602 4979 episcopo
633 4908 1022 4979 loquens,aiﬁt:
1046 4909 1151 4962 Per
1167 4924 1327 4978 quem
1358 4909 1510 4963 dedit
1540 4908 1692 4965 vobis
1705 4910 1967 4964 Dominus

323 4978 594 5060 Spiritum
648 4986 893 5060 sanctum
948 4978 1008 5033 in
1043 4980 1405 5060 impositione
1482 4997 1694 5060 man_u_s.
1749 4980 1966 5060 Qmitto

322 5050 826 5119 Chrysostomum,
855 5050 1014 5104 hom.
1033 5052 1098 5104 18
1130 5050 1190 5104 in
1211 5057 1319 5105 act.
1347 5051 1528 5121 Apost.
1552 5068 1572 5112 ;
1594 5052 1966 5120 Theodoret.,

321 5122 382 5192 in
413 5122 528 5192 Ep.
551 5121 624 5174 ad
657 5123 910 5192 Hebrzos
967 5137 1095 5192 cap.
1148 5139 1218 5185 v1,
1252 5124 1305 5188 2,
1337 5123 1594 5192 p.418;
1631 5124 1694 5177 D.
1747 5124 1970 5178 Genna-

323 5190 487 5264 dium
506 5191 704 5256 CP.,in
734 5191 1011 5246 eumdem
1028 5190 1244 5248 locum.
1263 5190 1517 5264 Cyrillus
1532 5193 1969 5250 Alexandrinus

322 5261 427 5319 lib.
462 5265 503 5316 i1
539 5265 610 5316 De
635 5265 956 5317 adoratione
985 5265 1044 5317 in
1075 5261 1322 5332 Spiritu,
1349 5270 1485 5326 etc.,
1513 5265 1586 5319 ad
1635 5282 1770 5320 eum
1793 5282 1967 5320 usum

320 5333 835 5408 respiciebat,cum
859 5335 960 5408 ait.
994 5351 1049 5404 p.
1081 5337 1208 5408 40f.
1241 5333 1716 5408 benedictionem
1747 5337 1968 5408 populo

324 5405 397 5479 ab
422 5407 655 5479 Aarone
679 5405 974 5479 impositis
1004 5405 1282 5479 manibus
1320 5405 1558 5479 _datam,
1602 5405 1966 5479 significasse

322 5475 773 5532 descensionem
810 5476 1062 5547 Spiritus
1095 5476 1282 5547 sancti
1315 5475 1377 5531 in
1408 5494 1539 5533 nos.
1573 5475 1734 5534 Hanc
1784 5479 1967 5534 Graeci

321 5549 703 5619 posteriores,
728 5553 795 5603 ut
815 5546 874 5602 et
895 5546 1064 5619 multi
1079 5546 1646 5619 ALatini.contentam
1665 5549 1967 5606 existima-

319 5617 451 5675 vere
475 5621 536 5675 in
569 5621 800 5676 actione
832 5617 1090 5691 ministri
1114 5617 1368 5691 frontem
1396 5621 1772 5691 _ungentis,ut
1789 5622 1967 5676 Joan-

319 5709 426 5748 nes
455 5693 816 5766 Palaeologus
845 5691 908 5746 in
939 5687 1314 5745 confessione
1337 5688 1473 5744 ﬁdei
1489 5687 1574 5745 'ab
1607 5691 1968 5748 LeoneAlla-

2089 3697 2170 3752 tio
2203 3695 2408 3766 relata.
2441 3694 2544 3749 lib.
2578 3711 2638 3750 ιιι
2669 3697 2745 3750 De
2773 3694 3087 3766 concordia.
3122 3700 3258 3761 etc.,
3289 3711 3429 3766 cap.
3456 3699 3541 3762 16,
3570 3704 3742 3766 num‘

2087 3769 2121 3839 4_
2151 3785 2166 3839 ξ
2199 3763 2710 3839 έᾼλλολμυστήριον
2741 3768 2837 3819 τοῦ
2869 3762 3174 3839 χρίσματος
3209 3767 3307 3818 τοῦ
3339 3762 3498 3839 ἇγίου
3535 3764 3737 3839 μόρον

2087 3834 2675 3910 δδιξέπιθὲσεωςτῶν
2730 3839 2829 3890 τοῦ
2867 3834 3163 3890 ἐπισκόπου
3221 3834 3424 3910 χειρῶν
3474 3834 3742 3910 χρίοντος

2085 3905 2410 3964 ἐπιδίδοται·
2451 3930 2479 3960 ιι
2501 3909 2676 3964 Aliud
2705 3916 2796 3964 est
2822 3905 3261 3964 sacramentum
3283 3905 3630 3964 chrismatis
3656 3925 3744 3964 sa-

2087 4005 2116 4033 ‹‹
2149 3981 2232 4037 cri
2263 3981 2572 4053 unguenti,
2607 3980 2791 4053 quod;
2818 3996 2924 4051 per
2972 3979 3417 4052 impositionem
3448 3997 3736 4036 manuum

2084 4077 2112 4104 «
2146 4051 2424 4124 ungentis
2466 4052 2730 4123 episcopi
2757 4051 2953 4124 datur.
2990 4073 3017 4100 »

2155 4120 2554 4191 (2ίἭκουσαξ.
2603 4120 2879 4178 Mendose
2938 4122 2999 4176 in
3059 4122 3255 4186 editis,
3317 4120 3572 4186 ἀκούσας,
3629 4140 3733 4177 au-

2083 4197 2254 4250 diens.
2283 4193 2656 4249 Correximus
2687 4211 2756 4249 ex
2787 4193 2957 4249 codd.
2992 4193 3194 4252 Coisl..
3255 4195 3394 4260 Rue,
3426 4193 3675 4249 Casaub.
3712 4211 3727 4259 ;

2085 4266 2188 4321 sed
2214 4271 2351 4320 ante
2380 4264 2624 4332 ἤκουσας
2655 4266 2717 4320 in
2747 4267 2866 4321 Roe
2897 4271 2957 4320 et
2984 4265 3230 4320 Casaub.
3266 4264 3500 4335 legitur,
3522 4266 3551 4318 ὁ
3579 4283 3732 4317 τυπι-

2080 4336 2177 4398 κὸς
2207 4337 2443 4404 Ἰησοῦς,
2474 4340 2803 4407 ﬁgurativus
2831 4338 2983 4391 Iesus
3015 4353 3033 4389 :
3091 4353 3223 4407 quae
3276 4335 3519 4405 quidem
3552 4336 3728 4390 verba

2083 4409 2260 4477 etiam
2293 4406 2587 4463 habentur
2606 4408 2667 4462 in
2695 4407 2873 4462 Coisl.
2902 4412 2960 4461 et
2991 4406 3188 4472 Grod.,
3223 4407 3324 4477 sed
3357 4423 3557 4477 supra,
3590 4412 3726 4462 ante

2083 4479 2110 4532 ὁ
2143 4474 2443 4552 διάδοχος.
2466 4479 3130 4552 Οωιθιξιιιιιμιιοιιᾶοειιε,
3163 4476 3266 4532 sed
3288 4474 3467 4552 _alius
3487 4478 3726 4552 juvenis

2002 4557 2044 4620 D
2077 4551 2256 4622 Moysi
2279 4548 2793 4622 nuntiavitEldadi
2807 4555 2864 4605 et
2877 4548 3103 4622 Modadi
3129 4549 3462 4622 prophetia;
3481 4548 3725 4622 donum.

2147 4615 2227 4692 (Β)
2255 4622 2346 4690 Μὴ
2373 4619 2564 4691 ζηλοῖς
2597 4620 2660 4674 σύ
2721 4639 2837 4692 μοι.
2869 4619 3070 4685 Coisl.,
3129 4615 3306 4673 ’Ἀλλὰ
3368 4620 3445 4691 μὴ
3508 4617 3724 4745 ζηλοές,

3611 4708 3642 4745 e
3671 4710 3722 4745 c.

3611 4708 3722 4747 etc.

2146 4841 2225 4912 (4)
2252 4841 2395 4912 ’Ἄρα
2408 4836 2562 4894 οὔπω
2592 4833 2784 4895 ἔδωκε.
2802 4838 3182 4895 Scribebatur
3202 4839 3264 4894 in
3291 4839 3598 4910 impressis
3624 4840 3724 4914 ἄρα

3591 4945 3720 4983 cum

2149 5052 2227 5122 (5)
2259 5048 2506 5123 Δαῗψιλὴς
2555 5051 2590 5119 ἡ
2645 5047 2813 5112 δόσις.
2864 5049 3119 5123 Additur
3159 5050 3236 5123 _in
3295 5049 3602 5123 impressis
3632 5049 3724 5123 ἦν,

2077 5119 2195 5178 erat
2210 5119 2436 5192 copiosa
2467 5125 2686 5193 largitio
2720 5139 2732 5175 :
2765 5138 2834 5176 ex
2866 5119 3036 5176 codd.
3070 5120 3275 5188 Coisl.,
3298 5119 3440 5189 Roe,
3473 5121 3717 5177 Casaub.

2077 5193 2320 5249 verbum
2355 5193 2506 5248 illud
2535 5194 2732 5248 menti
2764 5193 3024 5248 auctoris
3049 5209 3292 5262 prorsus
3333 5194 3717 5262 contrarium,

2079 5265 2836 5345 expunximus.Legendum
2865 5269 2992 5319 erat
3022 5259 3220 5333 potius
3239 5263 3302 5317 in
3323 5262 3521 5318 futuro
3553 5259 3720 5331 ἔσται,

2079 5343 2204 5391 erit.

2289 5405 2605 5478 Πνεύματος
2708 5403 2922 5481 σοφίας.
3010 5405 3088 5481 _In
3166 5403 3342 5481 βίοι,
3419 5401 3720 5481 πνεύματος

2077 5475 2362 5544 συνέσεως,
2420 5475 2627 5548 spiritu
2683 5475 3087 5548 intelligentia.
3166 5475 3325 5530 Infra
3378 5475 3576 5539 verba,
3605 5475 3721 5548 uari

2079 5549 2304 5622 Πέτρος,
2335 5546 2526 5622 usq—ue
2575 5548 2649 5604 ad
2708 5546 3097 5622 μέλλει-εχει.
3151 5551 3393 5622 propter
3430 5547 3728 5622 repetitio-

2078 5617 2216 5676 nem
2246 5617 2663 5702 v_ocis_'nvs§pai,
2697 5617 2757 5676 in
2789 5619 2963 5676 editis
2993 5617 3313 5690 praeterita,
3356 5617 3723 5674 restituimus

2080 5708 2151 5747 ex
2180 5691 2383 5748 codice
2405 5691 2790 5748 Coisliniano.
