4150 6278
409 369 523 429 963

1467 363 1530 421 S.
1577 361 1896 422 CYRILLI
1941 357 2356 418 HIEROSOL.
2402 357 2758 418 ARCHIEP.

3705 359 3821 420 964

407 506 550 566 erat,
579 499 682 555 sed
704 515 773 554 ex
793 499 1013 570 Spiritu
1045 497 1303 569 sapiens.
1335 498 1405 551 Et
1425 497 1646 552 antea"
1695 495 1932 567 quidem
1959 512 2050 550 ex-

2171 485 2249 559 δὶ,
2281 490 2584 564 συνέκρινεν
2617 488 2762 560 αὑτῷ
2792 491 2865 561 (1)
2923 491 3021 557 τήν
3076 485 3263 562 ὅρασιν
3315 495 3414 559 τῆς
3455 489 3691 557 εἰκόνος,
3752 493 3818 563 ἢν

409 590 701 663 plicuerat
730 587 819 642 illi
867 588 1155 642 visionem
1210 586 1507 658 imaginis,
1569 601 1746 656 quam
1799 585 1926 656 ipse
1959 583 2060 656 qui

409 677 987 746 viderat,nesciebat.
1019 678 1120 732 Dic
1152 675 1718 746 enim,inquit,mihi
1749 674 2059 740 visionem,

409 785 590 841 quam
623 784 726 840 ego
758 766 858 837 qui
891 765 1030 833 vidi,
1079 764 1302 820 nescio.
1359 763 1532 818 Vides
1592 762 1779 817 sancti
1811 762 2060 834 Spiritus

404 863 799 932 potestatem;
834 857 993 928 quod
1040 856 1152 927 ipsi
1186 855 1286 926 qui
1333 854 1530 910 videre
1562 853 1856 919 nesciunt,
1884 851 1924 905 ii
1957 850 2057 922 qui

407 965 528 1004 non
558 947 754 1002 videre
790 949 1079 1001 noverunt
1108 949 1165 998 et
1194 945 1682 1014 interpretantur.

473 1039 698 1094 XXXII.
732 1039 813 1091 Ac
845 1034 1099 1106 proclive
1131 1038 1288 1088 esset
1316 1032 1467 1087 bene
1517 1030 1706 1086 multa
1761 1047 1831 1085 ex
1864 1027 2051 1084 Veteri

401 1129 775 1183 Testamento
807 1124 1088 1196 colligere
1123 1121 1486 1186 testimonia,
1518 1126 1578 1175 et
1607 1135 1733 1190 qua
1764 1118 1837 1172 ad
1868 1116 2052 1190 Spiri-

406 1223 530 1271 tum
585 1219 854 1271 sanctum
888 1212 1190 1284 pertinent
1215 1209 1450 1281 planius
1481 1208 1776 1280 explicare
1803 1225 1817 1272 ;
1849 1221 2053 1260 verum

403 1322 614 1376 parum
646 1303 928 1375 temporis
960 1305 1249 1372 superest,
1291 1305 1349 1354 et
1404 1296 1837 1353 consulendum
1870 1301 1961 1350 est
1990 1299 2055 1348 ut

403 1393 566 1448 vobis
597 1391 875 1448 audiendi
910 1391 984 1445 sit
1037 1388 1268 1443 modus.
1303 1388 1671 1458 Quapropter
1700 1384 1793 1439 his
1824 1400 1953 1454 quae
1981 1400 2050 1438 ex

403 1481 595 1537 Veteri
646 1483 1050 1535 Instrumenta
1099 1476 1453 1532 adduximus
1509 1473 2048 1545 impraesentiarum

397 1573 684 1638 contenti,
717 1571 790 1625 ad
823 1586 953 1624 eam
987 1584 1118 1638 qum
1151 1570 1421 1636 superest
1450 1581 1520 1618 ex
1548 1566 1700 1619 Novo
1745 1561 2046 1616 tractatio-

394 1678 554 1729 nem,
589 1661 636 1714 si
666 1661 818 1715 Deus
850 1657 1143 1723 faverit,in
1177 1654 1564 1725 subsequenti
1602 1652 1905 1708 Catechesi
1939 1652 2041 1705 ite-

395 1768 531 1807 rum
561 1749 934 1805 accedemus.
967 1747 1122 1802 Deus
1154 1751 1352 1800 autem
1375 1744 1558 1816 pacis,
1589 1759 1696 1814 per
1725 1741 2045 1797 Dominum

2167 577 2329 642 αὐτὸς
2360 579 2388 633 6
2418 576 2545 633 ἰδὼν
2572 578 2674 633 οὐκ
2701 574 2844 652 ᾔδει.
2879 576 3016 634 Εἰπὲ
3045 579 3145 654 γάρ
3193 599 3310 651 μοι,
3368 578 3522 655 φησὶ,
3554 580 3654 648 τήν
3688 578 3820 656 ὅρα-

2165 688 2272 736 σιν,
2302 665 2369 736 ἤν
2403 667 2506 742 ἐγὼ
2538 668 2566 722 ὁ
2599 665 2728 722 ἰδὼν
2789 666 2888 721 οὐκ
2917 664 3054 722 οἶδα.
3115 666 3348 732 Βλέπεις
3379 668 3532 743 ἁγίου
3564 669 3811 743 Ῐίνεὺμα-

2161 776 2254 819 τος
2287 753 2534 830 δύναμιν·
2568 757 2599 812 6'
2631 758 2682 811 οἱ
2717 753 2921 818 ἰδόντες
2979 756 3079 811 οὐκ
3121 754 3351 827 οἴδασιν,
3385 758 3436 812 οἱ
3497 759 3574 832 μὴ
3607 756 3816 822 ἰδόντες

2159 846 2494 921 γινώσκουσί
2523 845 2612 901 καὶ
2640 846 3021 921 ἑρμηνεύουσι.

2232 1025 2358 1080 ΛΒ’.
2394 1025 2496 1081 Καὶ
2528 1023 2652 1095 ἐνῆν
2684 1025 2778 1098 μὶν
2809 1023 3030 1096 ἀληθῶς
3079 1025 3390 1097 πάμπολλα
3437 1023 3498 1081 ἐκ
3544 1034 3643 1096 τῆς
3704 1033 3810 1083 lla-

2158 1109 2317 1174 λαῖας
2353 1115 2629 1184 Διαθήκης
2678 1113 2950 1185 ἀναλέξαι,
3011 1112 3100 1168 καὶ
3152 1111 3490 1189 πλατύτερον
3547 1113 3813 1192 διηγήσα-

2157 1201 2360 1255 σθαιτᾶ
2388 1201 2511 1276 περὶ
2542 1201 2696 1278 ἁγίου
2728 1201 3066 1274 Πνεὺματος·
3101 1200 3230 1257 ἀλλ’
3286 1201 3477 1278 ὀλίγος
3511 1205 3538 1258 6
3596 1205 3805 1280 καιρός·

2155 1286 2236 1345 δεῖ
2268 1288 2324 1346 δὲ
2349 1289 2621 1364 φείδεσθαι
2679 1291 2766 1347 καί
2823 1297 2920 1348 τοῦ
2980 1290 3297 1368 συμμέτρου
3343 1298 3442 1359 τῆς
3471 1294 3803 1369 ἀκροάσεως.

2152 1384 2306 1444 Ὅθεν
2333 1385 2452 1442 τοῖς
2482 1380 2542 1436 ἐκ
2574 1384 2673 1450 τῆς
2713 1379 2961 1444 Παλαιᾶς
2999 1383 3134 1456 πρὸς
3183 1382 3246 1437 τὸ
3277 1383 3448 1459 παρὸν
3479 1382 3616 1446 τὲως
3650 1385 3807 1459 ἀρκε-

2153 1470 2384 1534 σθὲντες,
2416 1470 2506 1525 ἐπὶ
2533 1471 2600 1526 τὰ
2630 1468 2884 1525 λείποντα
2916 1470 2975 1526 ἐκ
3005 1479 3104 1541 τῆς
3137 1475 3346 1541 Καινῆς
3403 1476 3700 1544 Διαθήκης,
3759 1473 3809 1530 εἴ

2152 1559 2180 1612 6
2211 1559 2339 1620 Θεὸς
2367 1557 2540 1632 θελοι,
2571 1563 2640 1633 τῇ
2673 1560 2794 1630 ἑξῆς
2842 1563 3163 1635 Κατηχήσει
3221 1559 3385 1616 πᾶλιν
3442 1561 3800 1634 ἕλευσόμεθα.

2149 1650 2210 1705 Ὁ
2243 1645 2300 1702 δὲ
2331 1649 2459 1713 Θεὸς
2485 1655 2584 1718 τῆς
2617 1648 2860 1723 εἰρήνης,
2895 1647 2985 1704 διὰ
3013 1653 3108 1703 τοῦ
3165 1649 3366 1722 Κυρίου
3424 1652 3585 1724 ἡμῶν
3621 1652 3803 1722 Ἰησοῦ

2147 1739 2406 1811 Χριστοῦ,
2435 1739 2520 1792 καὶ
2548 1736 2637 1792 διὰ
2664 1745 2767 1808 τῆς
2796 1737 3010 1816 ἀγάπης
3057 1743 3154 1793 τοῦ
3225 1738 3571 1812 Πνεύμαιιος,
3601 1742 3806 1804 πάντας

397 1845 669 1896 nostrum
690 1841 888 1894 Iesum
919 1836 1236 1900 Christum,
1273 1839 1330 1888 et
1359 1849 1465 1905 per
1493 1831 1842 1887 charitatem
1865 1829 2042 1901 Spiri-

2151 1825 2290 1898 ὑμᾶς
2319 1827 2394 1899 (2)
2421 1830 2531 1881 τῶν
2554 1831 2938 1899 πνευματικῶν
2995 1827 3087 1884 καὶ
3147 1827 3481 1903 ὲπουρανίων
3529 1831 3801 1900 καταξιώ-

2296 1911 2319 1930 κ
2443 1919 2467 1930 ..
2565 1917 2627 1930 ,η
2673 1917 2685 1930 .
2728 1913 2812 1930 ρ...
2964 1915 2979 1930 .
3064 1916 3079 1930 ι
3230 1916 3240 1928 .
3401 1918 3411 1930 .
3571 1917 3583 1930 .
3699 1917 3753 1930 ._

394 1935 490 1986 tus
521 1929 589 2001 93,
621 1947 726 1985 vos
755 1945 961 1985 omnes
1015 1925 1422 1998 spiritualibus
1454 1928 1513 1979 et
1567 1921 1904 1978 caelestibus
1947 1921 2041 1975 di-

393 2025 608 2091 gnetur
647 2019 839 2074 bonis.
897 2017 997 2071 Cui
1046 2015 1234 2088 gloria
1263 2020 1322 2070 et
1371 2013 1687 2084 imperium
1735 2011 1798 2065 in
1825 2009 2044 2065 saacula

396 2108 774 2164 saeculorum.
810 2109 1020 2161 Amen.

2296 1911 2506 1938 Qu-_rﬂ,
2565 1917 2630 1938 τη
2665 1917 2688 1938 1
2728 1913 2849 1938 $1.4
2892 1937 2916 1938 ﬂ
2964 1915 2979 1933 ε
3064 1916 3080 1933 ι
3145 1916 3444 1938 ,,_1,,,,t,
3571 1917 3585 1935 \
3699 1917 3753 1938 νυ

2153 1934 2261 1968 σειε
2293 1913 2531 1988 δωρεῶν.
2565 1917 2631 1994 ᾯ
2662 1917 2698 1984 ἡ
2725 1913 2852 1988 δόξα
2891 1915 2980 1970 καὶ
3026 1916 3089 1972 τὸ
3142 1916 3341 1989 κράτος
3373 1918 3449 1978 εὶς
3501 1917 3629 1979 τοὺς
3663 1917 3800 1972 αἰῶ-

2149 2024 2240 2068 νας
2267 2008 2376 2058 τῶν
2404 2003 2640 2062 αἷώνων.
2675 2007 2878 2078 Ἀμήν.
3629 2026 3652 2078 δέ

1247 2409 1401 2465 202
1460 2404 2031 2462 ADDITAMENTUM
2082 2402 2183 2457 AD
2236 2402 2431 2457 HANC
2489 2402 2944 2459 CATECHESIM.

460 2592 486 2619 «
519 2568 636 2624 Sub
669 2569 850 2623 ﬁnem
883 2583 1047 2621 num.
1083 2568 1112 2618 '3
1153 2569 1288 2635 post
1305 2562 1504 2635 verba.
1527 2559 1625 2635 οιαὶ
1657 2555 1926 2635 magis”
1959 2554 2050 2610 αὐτ

2175 2556 2238 2610 in
2262 2555 2462 2635 codice
2493 2556 2856 2635 Coisliniano
2890 2556 3398 2635 reperimusbaac,
3425 2574 3556 2635 quas
3588 2559 3701 2614 hoc
3731 2557 3793 2612 in

383 2641 568 2697 «loco
590 2628 1347 2711 reprmsentamnsﬁodicis
1367 2632 1586 2689 menda
1605 2647 1769 2686 num.
1807 2634 1826 2685 l
1868 2628 2233 2685 correximus
2264 2645 2335 2684 ex
2365 2629 2536 2700 Greg.
2577 2631 2768 2699 Nyss.,
2793 2628 3024 2684 numeri
3054 2645 3190 2684 vero
3233 2632 3266 2682 2
3288 2646 3356 2685 ex
3390 2628 3791 2702 conjectura.»

455 2923 502 2973 Ι.
535 2917 649 2974 Sed
679 2916 1181 2989 quemadmodum
1213 2933 1348 2971 cum
1380 2917 1481 2972 Dei
1517 2917 1768 2972 Verbum
1813 2911 2040 2970 audivi-

2213 2923 2292 2977 A'.
2327 2919 2485 2976 Ἀλλ’
2519 2921 2700 2997 ὥσπερ
2731 2926 2866 2977 Θεοῦ
2922 2921 3097 2998 Λόγον
3147 2922 3484 2990 ἀκούσαντες,
3547 2921 3647 2976 οὐκ
3695 2921 3789 2976 ἆν-

387 3026 542 3070 mns.
575 3027 697 3065 non
727 3027 854 3065 rem
877 3009 1209 3064 substantia
1229 3014 1530 3064 carentem
1553 3007 1808 3063 Verbum
1831 3002 2032 3060 existi-

382 3101 696 3167 mavimus,
752 3115 1071 3170 nequeex
1129 3097 1445 3169 disciplina
1503 3096 1776 3162 inditam,
1837 3108 2030 3164 neque

379 3193 695 3259 postquam
715 3188 1013 3259 prolatum
1036 3187 1264 3256 fuit,sui
1283 3186 1675 3242 dissolutione
1686 3199 2028 3249 vanescens;

377 3293 578 3347 neque
609 3276 750 3331 ullis
781 3277 912 3332 aliis
943 3277 1042 3346 qui
1071 3282 1275 3332 nostro
1314 3292 1588 3331 sermone
1618 3273 2024 3338 observantur,

378 3364 708 3420 defectibus
741 3364 1076 3435 subjacens,
1127 3381 1332 3420 verum
1391 3362 1860 3419 substantialiter
1889 3359 2031 3416 sub-

379 3455 620 3519 sistens,
654 3453 910 3526 eligendi
941 3455 993 3507 vi
1024 3454 1338 3525 praaditum
1395 3458 1573 3523 atque
1605 3450 2025 3521 omnipotens:

380 3543 464 3598 sic
497 3549 556 3598 et
585 3543 868 3614 Spiritum
926 3544 1026 3598 Dei
1085 3559 1218 3598 cum
1277 3542 1614 3609 didicimus,
1679 3539 1779 3610 qui
1837 3537 2026 3593 Verbo

375 3631 776 3704 conjungitur,
810 3632 1056 3704 ejusque
1088 3631 1493 3702 operationem
1534 3627 1908 3684 manifestam
1939 3625 2027 3681 fa-

376 3723 478 3790 cit,
512 3739 634 3776 non
687 3721 896 3777 ﬂatum
929 3721 1228 3776 anhelitus
1285 3720 1674 3791 intelligimus
1730 3717 1836 3789 (ita
1865 3716 2024 3772 enim

371 3811 446 3867 ad
477 3810 887 3866 humillimum
919 3815 1137 3866 statum
1169 3809 1526 3879 dejiceretnr
1555 3807 1768 3861 divinae
1815 3810 2023 3876 poten-

371 3901 469 3955 tiae
501 3901 871 3972 magnitudo,
905 3900 954 3955 si
998 3899 1071 3954 ad
1103 3897 1291 3954 nostri
1342 3896 1796 3952 similitudinem
1842 3894 2022 3965 Spiri-

370 3995 467 4045 tus
497 3991 598 4061 qui
632 3991 693 4045 in
724 3990 854 4060 ipsa
885 3994 974 4044 est
1001 3989 1460 4058 conciperetur),
1511 3984 1612 4041 sed
1668 3987 2021 4056 potestatem

369 4080 849 4145 substantialem,
873 4096 1005 4150 quae
1035 4094 1143 4150 per
1173 4078 1429 4148 seipsam
1450 4077 1511 4132 in
1542 4076 1783 4148 propria
1811 4077 2023 4146 hypos-

367 4169 480 4225 tasi
537 4170 940 4242 conspicitur:
987 4185 1118 4240 quin
1144 4183 1338 4238 neque
1369 4183 1405 4222 a
1454 4167 1593 4235 Deo,
1651 4165 1713 4220 in
1747 4182 1864 4236 quo
1897 4170 2017 4232 est;

2146 3005 2444 3063 ὑπόστατον
2471 3008 2534 3063 τὸ
2568 3012 2642 3080 (3)
2668 3014 2894 3084 πρᾶγμα
2921 3010 3010 3064 τὸν
3035 3011 3205 3085 Λόγον
3233 3010 3514 3082 ᾠήθημεν,
3547 3009 3671 3064 οὕτε
3728 3008 3790 3064 ἔκ

2148 3097 2438 3166 μαθήσεως
2471 3095 2838 3171 ἐγγινόμενον,
2897 3096 3020 3153 οὕτε
3069 3098 3200 3172 μετᾶ
3251 3099 3312 3152 τὸ
3349 3104 3789 3173 προσενεχθῆναι

2145 3181 2530 3258 διαλυόμενον,
2588 3185 2713 3242 ἀλλ’
2774 3185 2898 3242 οῦδέ
2937 3210 2988 3243 τι
3039 3190 3320 3263 πάσχοντα
3368 3188 3642 3258 τοιοῦτον,
3702 3189 3794 3243 οἷα

2141 3275 2266 3350 περί
2297 3276 2390 3329 τὸν
2417 3278 2686 3350 ἡμέτερον
2723 3278 2886 3352 λόγον
2920 3280 3201 3352 θεωρεῖται
3232 3276 3400 3347 πάθη,
3433 3274 3560 3333 ἀλλ’
3589 3277 3788 3332 οὑσιω-

2144 3360 2254 3425 δῶς
2287 3365 2590 3442 ὑφεστῶτα,
2649 3365 3027 3442 προαιρετικόν
3085 3387 3142 3422 τε
3197 3366 3288 3422 καὶ
3345 3363 3783 3439 παντοδὺναμονσ

2141 3451 2314 3514 οὕτως
2341 3452 2433 3508 καὶ
2494 3457 2714 3527 Ηνεῦμα
2773 3455 3152 3528 μεμαθηκότες
3210 3460 3365 3528 Θεοῦ,
3417 3457 3479 3511 τὸ
3537 3475 3788 3530 συμπαρ-

2141 3546 2413 3616 ομαρτοῦν
2437 3547 2516 3615 τῷ
2546 3544 2727 3620 Λόγῳ,
2776 3549 3038 3621 φανεροῦν
3071 3546 3238 3601 αὑτοῦ
3266 3547 3365 3614 τήν
3399 3546 3694 3620 ὲνὲργειανο
3724 3542 3785 3598 οὑ

2136 3631 2309 3700 πνοήν
2339 3631 2613 3704 ἄσθματος
2643 3635 2718 3705 (4)
2777 3631 3064 3706 ἐννοοῦμεν
3213 3635 3314 3711 γὰρ
3362 3635 3421 3688 ἅν
3472 3637 3787 3708 καθαιροῖτο

2136 3717 2274 3795 πρὸς
2299 3719 2660 3791 ταπεινότητα
2687 3719 2750 3775 τὸ
2801 3722 3096 3796 μεγαλεῖον
3147 3731 3249 3793 τῆς
3304 3725 3453 3785 θείας
3485 3720 3785 3794 δυνάμεως,

2139 3806 2184 3862 εἰ
2218 3808 2337 3871 καθ’
2368 3808 2674 3881 ὁμοιότητα
2701 3813 2800 3864 τοῦ
2829 3808 3099 3885 ἡμετέρου
3157 3811 3248 3865 καὶ
3302 3812 3366 3865 τὸ
3424 3811 3476 3864 ἓν
3509 3809 3643 3882 αὐτῇ
3702 3811 3784 3881 (5)

2135 3901 2358 3969 Πνεῦμα
2412 3897 2746 3971 ὑπονοοῐτο),
2797 3896 2944 3954 ἀλλὰ
3003 3897 3227 3974 δύναμιν
3289 3896 3552 3969 οὑσιώδη,
3613 3896 3780 3967 αὐτὴν

2133 3987 2215 4060 ἐφ’
2263 3987 2455 4056 ἑαυτῆς
2505 3988 2557 4041 ὲν
2638 3984 2922 4064 ἷδιαζουσῃ
2999 3991 3284 4046 ὑποστάσει
3370 3986 3776 4062 Θεωρουμένην·

2132 4073 2256 4130 οὔτε
2285 4076 2628 4150 χωρίσθῆναι
2658 4081 2755 4131 τοῦ
2809 4081 2944 4133 Θεοῦ
2974 4079 3026 4133 ἓν
3067 4079 3112 4150 ᾧ
3171 4080 3331 4148 ἔστιν,
3382 4079 3418 4148 ἢ
3469 4077 3651 4153 Λόγου
3681 4080 3778 4132 τοῦ

2132 4169 2266 4220 Θεοῦ
2297 4163 2342 4238 ᾦ
2367 4171 2732 4240 παρομαρτεῖ,
2765 4164 3090 4241 δυναμὲνην·
3125 4164 3249 4223 οὔτε
3297 4167 3374 4229 είς
3431 4168 3494 4221 τὸ
3542 4166 3778 4241 ἀνύπαρο

367 4275 570 4331 neque
601 4276 636 4315 a
670 4259 855 4314 Verbo
888 4257 1013 4325 Dei,
1045 4256 1140 4312 cui
1199 4271 1398 4312 comes
1445 4253 1818 4317 adhaerescit,
1850 4271 2021 4326 sepa-
2049 4321 2050 4324 η

2148 4274 2250 4309 ιτον
2281 4255 2683 4329 ἀναχεομένην·
2744 4254 2892 4312 ἀλλὰ
2948 4259 3067 4312 καθ’
3126 4258 3435 4328 ὁμοιότητα
3490 4260 3587 4311 τοῦ
3642 4260 3778 4310 Θεοῦ

365 4349 485 4403 rari
519 4354 756 4421 potest;
785 4363 1003 4418 neque,
1043 4346 1126 4401 ita
1153 4352 1221 4400 ut
1272 4361 1400 4401 esse
1455 4343 1705 4411 desinat,
1737 4343 2022 4398 diffundi-

361 4441 478 4492 tur.
526 4439 737 4493 Verum
796 4436 870 4491 ad
905 4435 1005 4491 Dei
1065 4435 1238 4489 Verbi
1290 4433 1766 4499 similitudinem,
1829 4432 2019 4487 solida

362 4527 672 4598 praaditam
732 4525 1060 4599 hypostasi,
1120 4523 1361 4596 proprio
1415 4522 1694 4578 donatam
1749 4521 2014 4587 arbitrio,

358 4632 470 4671 sua
497 4635 560 4673 se
589 4617 642 4671 vi
677 4621 1035 4684 moventem,
1067 4613 1480 4686 operatricem,
1505 4627 1739 4683 semper
1768 4610 1828 4665 id
1859 4611 2017 4682 quod

2131 4344 2309 4418 Λόγου
2337 4345 2455 4408 καθ’
2515 4343 2807 4400 ὑπόστασιν
2857 4346 3040 4419 οὖσαν,
3094 4346 3505 4423 προαιρετικὴν,
3564 4344 3780 4399 αὐτοκί-

2127 4455 2314 4506 νητον,
2357 4434 2589 4510 ἱνεργὸν,
2649 4434 2878 4491 πάντοτε
2933 4437 2994 4492 16
3051 4437 3254 4512 ἀγαθὸν
3310 4433 3778 4512 προαιρουμὲνην,

2127 4522 2218 4577 καὶ
2248 4523 2384 4596 πρὸς
2409 4529 2578 4577 πᾶσαν
2611 4524 2863 4600 πρόθεσιν
2923 4523 3228 4602 σύνδρομον
3262 4523 3496 4601 ἔχουσαν
3541 4527 3611 4598 τῇ
3647 4524 3778 4598 βου-

2127 4609 2286 4682 λήσει
2317 4613 2418 4680 τὴν
2451 4608 2701 4685 δύναμιν.

352 4703 578 4762 bonum
609 4711 699 4761 est
726 4705 1078 4777 eligentem;
1112 4717 1363 4773 qumque
1393 4699 1466 4754 ad
1497 4716 1671 4754 omne
1715 4699 2111 4772 quodcunque
2143 4702 2420 4770 intendit,
2459 4709 2917 4759 concurrentem
2975 4704 3154 4761 habet
3200 4711 3258 4760 et
3287 4720 3489 4777 parem
3520 4721 3656 4760 cum
3685 4719 3782 4758 vo-

355 4791 588 4851 luntate
628 4799 1002 4867 potestatem.

427 4987 472 5024 οι
509 4989 652 5044 Dan.
689 5006 748 5056 ιι,
775 4991 835 5045 31
874 5006 1004 5060 sqq.
1035 4987 1082 5023 ⁹²
1107 4990 1274 5043 Rom.
1326 5002 1416 5056 xv,
1439 4985 1528 5040 30.

428 5141 500 5222 ll)
536 5137 846 5228 Zuvéﬂowfv
897 5138 1063 5209 αὐτῷ.
1090 5138 1287 5228 Ἰξάἰὲί,
1319 5135 1504 5228 αὐτοῦ’
1557 5137 2002 5228 schiberenma-

356 5209 600 5279 luimus,
660 5209 827 5280 αὑτῷ,
890 5228 960 5266 ex
999 5211 1170 5266 codd.
1213 5213 1354 5275 Roe,
1413 5209 1659 5266 Casaub.
1713 5214 1772 5264 et
1823 5209 1997 5264 Grod.

355 5282 497 5353 Vide
533 5282 788 5337 similem
820 5282 1086 5353 phrasim
1113 5287 1225 5336 cat.
1276 5285 1377 5353 712,
1428 5299 1487 5353 ιι.
1538 5283 1623 5335 18.
1669 5281 2000 5353 ΔΡοειιιλιιιὶιθ

355 5350 508 5418 ἰδών,
544 5354 638 5408 hic
671 5360 729 5408 ct
761 5350 864 5407 lin.
899 5369 1049 5423 seq.,
1080 5352 1396 5423 articulum
1429 5351 1455 5404 6
1479 5370 1548 5406 ex
1579 5351 1999 5423 cod.C6isl.ad-

345 5427 627 5496 jecimus,
661 5425 817 5497 apud
849 5418 1022 5497 quem
1053 5429 1251 5497 tamen
1285 5419 1418 5497 iam
1458 5440 1564 5497 pro
1597 5418 1742 5497 ἰδῴνΔ
1763 5422 1998 5497 legitur.

352 5492 658 5553 Similiter.
693 5492 829 5552 ante
861 5492 1088 5559 ἰδόντες,
1124 5492 1524 5565 adiecimus—oi
1559 5511 1627 5549 ex
1646 5492 1848 5562 Coislf,
1881 5497 1998 5550 Roe

351 5575 410 5625 et
438 5569 708 5633 Casaub,
740 5568 839 5624 sed
873 5563 1246 5639 relativum}
1271 5566 1612 5639 praecedens
1653 5581 1775 5639 non
1804 5583 2000 5639 _agno_-

349 5647 523 5700 scunt
555 5641 730 5698 Coisl.
768 5646 827 5697 et
856 5636 1029 5696 Grod.
1058 5635 1456 5694 Coislinianus
1479 5638 1658 5692 etiam
1707 5635 1880 5692 addit
1887 5636 1998 5707 καί,

2111 5135 2322 5220 anteol
2356 5137 2432 5220 μὴ
2465 5135 2694 5220 ἰδόντες,
2727 5147 2792 5196 ut
2827 5159 3038 5220 sensus
3084 5143 3160 5198 sit
3193 5161 3205 5198 :
3267 5165 3296 5194 «
3331 5143 3610 5200 Videntes
3641 5160 3766 5200 non

2112 5231 2140 5259 ‹‹
2174 5208 2375 5288 vident
2408 5227 2421 5264 :
2457 5213 2636 5288 et_qui
2668 5208 3095 5288 nonviderunt
3139 5222 3524 5288 cognoscunt,
3559 5237 3586 5266 »
3651 5220 3764 5271 etc.

2183 5283 2257 5357 (ξ)
2284 5279 2494 5357 Πέντὲς
2518 5279 2680 5353 ὑμᾶς·
2715 5285 2924 5357 Chi-‘51.,
2955 5285 3156 5348 πάντας
3189 5279 3357 5357 ἠνμᾶς,
3415 5279 3517 5343 nos
3563 5304 3765 5343 omnes.

2205 5355 2259 5421 3)
2288 5349 2382 5407 Τό.
2419 5349 2688 5411 Fortasse
2721 5356 3040 5421 legendum
3068 5378 3143 5414 τι.
3177 5349 3330 5415 Εὸιτ.

2204 5425 2254 5494 4)
2278 5423 2603 5495 Ἀσθματος.
2647 5423 2848 5496 ΟοὶεῘ.,
2881 5427 3192 5501 ἀσώματον.
3228 5432 3526 5497 Damasc.,
3560 5426 3766 5483 ἀνυπό-

2112 5511 2301 5548 στατον
2312 5537 2321 5547 .

2289 5566 2374 5622 Ἐν
2407 5563 2563 5640 αὑτῇ.
2596 5569 2787 5639 Nyss.,
2821 5569 2874 5625 ἓν
2905 5568 3072 5643 αὐτῷ.
