4148 6286
348 387 470 447 965

1237 385 1719 448 CATECHESIS
1765 385 1924 448 XVI.
1973 385 2077 445 DE
2119 383 2434 445 SPIRITU
2477 382 2784 444 SANCTU
2829 385 2878 443 Ι.

3642 385 3762 446 966

422 517 497 574 B'.
530 516 685 572 Ἔστι
736 513 836 589 γὰρ
897 515 1116 586 Πνεῦμα
1166 517 1300 568 Θεοῦ
1357 510 1577 590 ἀγαθόν.
1634 515 1810 585 Φησῖν
1842 515 1869 569 ὁ
1901 521 2002 568 Δα-
2034 555 2047 586 λ

2187 514 2259 570 ΙΙ.
2292 515 2394 569 Est
2421 514 2581 570 enim
2614 514 2865 586 Spiritus
2907 513 3008 568 Dei
3064 513 3295 576 bonus;
3327 515 3410 569 ait
3460 515 3660 570 David.
3693 517 3760 570 Et

360 601 474 661 ϐίδ.
530 603 631 659 Καὶ
685 603 748 657 τὸ
807 604 1029 675 Πνεῦμᾶ
1085 623 1182 657 σου
1236 603 1299 658 τὸ
1356 603 1552 680 ἀγαθὸν
1613 601 1875 678 ὁδηγήσει
1935 623 2000 676 με

353 694 406 748 ἂν
440 699 513 768 γῆ
547 690 741 762 εὐθείᾳ.
775 695 944 746 Τοῦτο
1004 692 1096 745 οὗν
1153 689 1260 745 ἒσνι
1306 692 1369 746 τὸ
1417 695 1637 766 Πνεῦμα
1689 697 1791 747 τοῦ
1848 695 2004 763 Θεοῦ,

357 782 439 844 εἷς
469 782 500 836 ’ὀ
531 780 880 854 πιστεύομεν·
912 781 975 834 τὸ
1007 784 1224 853 Πνεῦμα
1279 781 1343 836 τὸ
1404 780 1691 855 μακᾶριον,
1717 781 1782 838 τὸ
1805 778 2006 848 ἀΐδιον,

352 871 418 925 τὸ
469 868 752 944 ἄτρεπτον,
811 867 875 924 τὸ
924 867 1323 941 ἀναλλοίωτον,
1378 871 1441 926 τὸ
1494 869 1885 944 ἆνὲκφραστον·
1945 870 2006 924 τὸ

351 963 604 1034 κυριεῦον
632 957 721 1013 καὶ
765 957 1051 1032 βασιλεῦον
1110 958 1287 1028 πάσης
1317 965 1418 1028 τῆς
1446 965 1769 1036 γεννητικῆς
1801 957 2008 1031 οὖσίας,

360 1049 570 1123 ὁρατῶν
593 1068 652 1102 τε
676 1047 763 1102 καὶ
808 1046 1052 1120 ἀοράτων
1082 1047 1309 1123 φύσεων·
1341 1048 1403 1102 τὸ
1455 1046 1716 1119 δεσπόζον
1760 1045 2006 1124 ἀγγέΑων

362 1157 422 1192 τε
453 1136 546 1192 καὶ
605 1133 992 1210 ἆρχαγγὲλων,
1049 1135 1322 1207 ἐξουσιῶν,
1380 1137 1588 1213 ἀρχῶν⁹
1643 1139 2009 1212 κυριοτητων,

357 1225 588 1301 θρόνων·
621 1225 684 1279 τὸ
737 1221 1076 1299 δημιουργὸν
1131 1225 1308 1296 πάσης
1369 1225 1574 1297 οὐσίας,
1605 1227 1667 1282 τὸ
1722 1239 2006 1303 συνορονον

351 1321 453 1384 τῆς
483 1317 581 1369 τοῦ
613 1312 826 1386 Πατρὸς
872 1315 961 1368 καὶ
1020 1314 1148 1368 Υἱοῦ
1205 1311 1384 1386 δόξης·
1441 1317 1502 1370 τὸ
1538 1315 1823 1391 βασιλεῦον
1857 1317 2011 1392 ἀνάρ-

353 1423 473 1478 χως
523 1402 615 1458 καὶ
673 1399 1051 1473 ἀτελευτήτως
1111 1403 1214 1478 ἄρα
1268 1402 1438 1480 Πατρὶ
1495 1402 1586 1459 καί
1624 1405 1754 1476 Υἱῷ,
1808 1405 2009 1480 παρόν-

349 1513 459 1546 των
520 1495 598 1566 (1)
648 1495 758 1546 τῶν
813 1495 1083 1568 γεννητῶν
1146 1492 1512 1548 ὑποστάσεων·
1575 1493 1634 1547 τὸ
1692 1494 1915 1568 ἁγίαζον
1943 1496 2011 1548 τὰ

357 1579 716 1655 λειτουργικὰ
763 1579 1045 1653 πνεύματα
1105 1580 1179 1643 εἷς
1212 1577 1483 1636 διακονίαν
1537 1581 2010 1656 ἀποστελλόμενα,

359 1667 450 1724 διὰ
476 1669 604 1731 τοὺς
640 1666 948 1742 μέλλοντας
979 1667 1350 1744 κληρονομεῖν
1394 1673 1689 1744 σωτηρίαν·
1733 1672 1796 1726 τὸ
1842 1693 2010 1727 κατα-

360 1754 457 1813 ϐὰν
492 1757 581 1813 ἰπὶ
610 1758 709 1826 τήν
742 1757 892 1833 ἁγίαν
948 1758 1040 1812 καὶ
1101 1758 1364 1831 μακαρίαν
1424 1762 1693 1837 Παρθένον
1756 1762 2008 1835 Μαριὰμ,

2116 603 2354 672 Spiritus
2381 609 2503 659 tuus
2534 605 2702 658 bonus
2732 603 2958 657 deducet
2987 619 3072 656 me
3104 604 3161 656 in
3194 610 3344 658 terra
3370 610 3524 661 recta
3543 602 3611 657 9³.
3657 604 3762 659 Hic

2116 700 2208 748 est
2236 693 2418 766 igitur
2445 694 2698 766 Spiritus
2725 693 2848 760 Dei,
2882 693 2944 748 in
2966 710 3142 764 quem
3172 694 3488 752 credimus.
3511 696 3762 768 Spiritus

2115 780 2345 847 beatus,
2365 787 2644 849 aeternus,
2665 781 3110 851 immuatabilis,
3128 782 3539 851 iualterabilis,
3554 785 3767 840 ineffa-

2116 869 2275 924 bilis.
2305 870 2413 935 Qui
2438 868 2780 924 dominatur
2801 876 2859 924 et
2886 875 3091 942 regnat
3109 871 3171 925 in
3202 887 3442 926 omnem
3464 872 3763 928 conditam

2117 957 2534 1026 substantiam,
2559 974 2694 1012 cum
2715 957 2980 1013 visibiles
3003 964 3126 1012 tum
3149 958 3478 1014 invisibiles
3499 964 3764 1015 naturas.

2117 1047 2225 1111 Qui
2268 1045 2639 1118 angelorum,
2695 1052 2754 1101 et
2799 1046 3292 1118 archangelorum
3341 1047 3625 1103 Dominus
3658 1052 3766 1117 est,

2117 1138 2500 1206 potestatum,
2523 1134 2986 1206 principatuum,
3013 1134 3512 1204 dominationum,
3531 1141 3588 1189 et
3614 1136 3768 1190 thro.

2117 1240 2332 1279 norum
2357 1241 2370 1278 :
2396 1223 2600 1279 omnia
2631 1223 2975 1279 substantiae
3007 1223 3280 1279 conditor
3303 1241 3315 1278 :
3340 1226 3531 1279 Patris
3552 1230 3611 1279 et
3634 1224 3765 1279 Filii

2117 1312 2318 1385 gloriae
2351 1312 2557 1367 eadem
2580 1312 2640 1366 in
2674 1311 2811 1367 sede
2841 1312 3158 1384 particeps-
3185 1313 3293 1378 Qui
3317 1314 3445 1368 sine
3474 1313 3766 1385 principio

2120 1405 2178 1455 et
2207 1401 2327 1455 ﬁne
2357 1417 2477 1456 una
2506 1417 2642 1455 cum
2674 1402 2845 1455 Patre
2866 1406 2927 1456 et
2953 1401 3098 1455 Filio
3120 1408 3345 1474 regnat,
3373 1403 3767 1474 przesentibus

2119 1481 2415 1553 generatis
2447 1480 2814 1535 substantiis.
2847 1480 2955 1545 Qui
2985 1481 3316 1536 sanctiﬁcat
3332 1482 3770 1538 administrato-

2120 1569 2240 1624 rios
2273 1569 2542 1641 spiritus,
2575 1569 2637 1622 in
2695 1569 3096 1624 ministerium
3155 1571 3370 1625 missos
3398 1577 3641 1642 propter
3668 1589 3769 1628 eos

2121 1659 2222 1730 qui
2255 1657 2464 1712 salutis
2504 1657 2913 1713 hmreditatem
2969 1659 3348 1714 consecuturi
3406 1665 3545 1714 sunt
3564 1661 3626 1716 9‘.
3661 1661 3768 1726 Qui

2122 1746 2371 1818 illapsus
2401 1750 2491 1801 est
2519 1746 2582 1801 in
2614 1751 2882 1802 sanctam
2920 1763 2988 1802 ac
3019 1746 3254 1802 beatam
3305 1748 3602 1820 Virginem
3646 1754 3770 1804 Ma-

361 1848 416 1919 ἰξ
449 1850 516 1918 ἧς
543 1847 800 1924 ἐγεννηθη
863 1848 891 1902 ὁ
949 1847 1181 1922 Χριστὸς
1235 1849 1372 1904 κατὰ
1427 1835 1618 1924 σάρκα,
1675 1849 1764 1905 καὶ
1796 1849 1879 1905 ἐπ’
1911 1840 2047 1907 cii-1

2119 1835 2267 1892 riam
2283 1836 2349 1906 ⁸⁸,
2384 1852 2454 1890 ex
2485 1851 2601 1906 qua
2621 1835 2891 1891 Christus
2944 1837 3271 1892 secundum
3322 1854 3564 1893 carnem
3594 1843 3768 1894 natus

364 1938 458 1993 τὸν
487 1938 581 1994 τὸν
640 1937 838 2012 Κύριον
899 1943 1198 2010 σωματικῷ
1256 1935 1386 1993 εἶ’δει
1439 1946 1756 2016 περιστερᾶς
1790 1939 1840 1995 ἐν
1874 1941 2011 2016 Ἰορ-

361 2025 496 2103 δάνῃ
528 2030 783 2100 ποταμῷ·
814 2027 876 2081 τὸ
915 2027 1210 2102 γενόμενον
1264 2026 1352 2081 ἐπὶ
1407 2025 1531 2090 τοὺς
1589 2026 1933 2090 ἀποστόλους
1962 2029 2014 2084 ἐν

364 2119 550 2191 ἡμέρα
581 2122 966 2185 Πεντηκοστῆς
1024 2114 1076 2170 ἐν
1136 2112 1268 2170 εἷ’δει
1325 2115 1562 2190 πυρίνων
1628 2116 1917 2192 γλωσσῶν·
1949 2119 2013 2174 τὸ

366 2202 580 2260 δοτικὸν
647 2204 735 2260 καὶ
794 2204 1114 2281 παρεκτικὸν
1173 2204 1386 2260 πάντων
1440 2210 1548 2260 τῶν
1603 2205 1655 2261 ἐν
1716 2206 2016 2279 Ἐκκλησία

358 2297 744 2367 πνευματικῶν
789 2312 1167 2369 χαρισματων·
1223 2294 1287 2348 τὸ
1345 2292 1404 2349 ἐκ
1455 2299 1553 2349 τοῦ
1609 2295 1818 2372 Πατρὸς
1851 2295 2016 2352 ἐκπο-

359 2382 676 2460 ρευόμενον·
716 2381 780 2437 τὸ
811 2381 872 2437 ἐκ
901 2385 975 2455 (2)
1011 2381 1270 2452 θεότητος
1309 2383 1516 2458 Πατρὸς
1560 2383 1650 2438 καὶ
1681 2384 1809 2439 Υ¹ιοῦ
1843 2383 2016 2460 ὑπάρ-

373 2482 498 2540 χον·
531 2463 593 2518 τὸ
621 2461 915 2536 ὁμοούσιον
950 2463 1159 2537 Πατρὸς
1193 2461 1283 2517 καὶ
1322 2464 1450 2518 Υἱοῦ
1510 2463 1926 2540 ὑπάρχώριστόν
1957 2487 2016 2521 τε

367 2544 458 2600 καὶ
491 2541 816 2619 ἀδιαίρετον.
850 2540 1079 2614 Μηδείς,
1110 2564 1161 2599 κ.
1193 2563 1243 2599 τ.
1277 2544 1321 2601 ἕ.

2123 1929 2214 1979 est
2244 1941 2257 1980 :
2293 1928 2350 1978 et
2377 1925 2438 1979 in
2487 1924 2682 1996 ipsum
2729 1924 3043 1980 Dominum
3089 1925 3382 1997 corporali
3430 1927 3624 1999 specie
3668 1943 3769 1982 co-

2121 2014 2338 2070 lumbae
2371 2015 2432 2070 in
2461 2014 2715 2069 Jordane
2745 2014 2997 2070 flumine
3019 2013 3086 2070 νδ.
3131 2016 3238 2080 Qui
3271 2016 3508 2072 advenit
3535 2017 3597 2072 in
3627 2033 3769 2088 apo-

2123 2103 2307 2158 stolos
2337 2103 2431 2158 die
2459 2104 2862 2171 Pentecostes,
2925 2103 3032 2158 sub
3064 2104 3384 2177 ignitarum
3436 2106 3770 2178 linguarum

2123 2193 2319 2266 specie
2349 2191 2416 2249 9".
2451 2193 2559 2257 Qui
2586 2192 2756 2248 dator
2809 2197 2868 2247 et
2921 2193 3216 2248 exhibitor
3263 2199 3354 2249 est
3407 2195 3675 2250 omnium
3704 2195 3768 2250 in

2123 2281 2387 2337 Ecclesia
2444 2280 2842 2353 spiritualium
2902 2281 3196 2338 donorum
3221 2281 3287 2337 ’8.
3345 2282 3455 2348 Qui
3498 2301 3571 2340 ex
3597 2285 3768 2339 Patre

2123 2370 2393 2443 procedit
2419 2371 2464 2406 ”
2493 2387 2505 2424 :
2538 2370 2638 2441 qui
2672 2386 2742 2425 ex
2772 2369 3078 2426 divinitate
3108 2372 3296 2427 Patris
3333 2376 3394 2427 et
3419 2372 3550 2427 Filii
3581 2373 3772 2428 exsis-

2123 2461 2195 2516 tit
2222 2477 2234 2514 :
2268 2459 2369 2531 qui
2400 2459 2557 2514 Patri
2589 2463 2648 2513 et
2677 2459 2822 2514 Filio
2853 2460 3008 2516 263
3041 2460 3586 2530 consubstantialis,
3618 2461 3770 2516 indi-

2075 2601 2082 2609 ,
2123 2547 2327 2603 vulsus
2357 2552 2417 2603 et
2445 2546 2861 2620 inseparabilis
2891 2553 3098 2604 exstat.
3132 2548 3362 2617 Nullus,
3395 2555 3507 2606 etc.

441 2671 486 2706 ⁸³
516 2669 676 2744 Psal:
706 2685 874 2744 cxw,
907 2673 992 2727 10.
1070 2671 1115 2706 ⁸⁸
1145 2669 1318 2727 Hebr.
1348 2688 1386 2739 ι,
1421 2671 1509 2726 14.
1585 2671 1634 2706 ⁹⁵
1660 2671 1793 2728 Luc.
1827 2689 1867 2740 1,
1897 2675 1962 2728 35
1991 2689 2005 2741 ;
2039 2674 2047 2728 1

2119 2673 2240 2729 Ltth.
2273 2691 2314 2744 1,
2344 2676 2429 2728 l6.
2507 2670 2555 2706 9°
2585 2672 2718 2728 Luc.
2754 2689 2836 2744 ιιι,
2882 2676 2970 2728 22.
3047 2671 3094 2707 97
3124 2675 3250 2731 Act.
3284 2691 3342 2742 ιι,
3376 2677 3430 2730 3.
3502 2673 3553 2709 9⁸
3579 2676 3604 2730 Ι
3632 2677 3768 2736 Cor.

366 2759 469 2812 xu,
502 2743 555 2797 4.
633 2739 680 2776 ’θ
705 2741 870 2796 Joan.
897 2759 989 2812 xv,
1021 2745 1110 2798 26.

434 2865 854 2991 (12.51ap6v'twv.
888 2866 1224 2938 Legendum
1253 2867 1426 2936 forte,
1467 2870 1802 2941 παριουσῶν,
1834 2875 2014 2924 trans-

434 2953 475 2991 τι
504 2954 526 2991 ἰ
561 2953 643 2991 us.

370 2953 643 2993 euntious.

433 3012 505 3078 (2)
529 3005 602 3062 T6
629 3005 707 3062 ix.
740 3010 875 3064 Haec
905 3009 1080 3066 verba
1107 3027 1299 3083 usque
1327 3011 1401 3066 ad
1433 3008 1726 3082 ὁμοοῦσιον
1752 3012 1900 3068 excl.

2123 2871 2381 2926 citantur
2410 2869 2613 2925 Latine
2645 2869 2752 2926 sub
2783 2868 2985 2941 Cyrilli
3014 2869 3202 2924 nostri
3232 2870 3474 2926 nomine
3500 2887 3535 2926 a
3564 2877 3765 2927 sancto

2122 2942 2362 3067 Thloniia.
2397 2957 2598 3013 opusc.
2632 2958 2651 2996 1
2685 2947 2876 2996 contra
2903 2941 3138 3008 Graecos,
3170 2945 3315 2996 tom.
3348 2943 3516 3012 XVII,
3547 2959 3678 3016 pag.
3711 2947 3764 3013 7,

2121 3029 2189 3067 co
2220 3053 2234 3065 .
2307 3053 2320 3067 .

454 3183 601 3245 Tota
619 3183 751 3270 haec
764 3192 1056 3270 mantissa
1077 3185 1301 3270 duabus
1317 3196 1547 3270 constat
1553 3189 1853 3270 partibus.
1886 3188 2128 3262 Prima,
2153 3209 2283 3270 quae
2303 3208 2547 3250 numero
2561 3194 2765 3268 primo
2793 3198 3038 3262 constat,
3071 3199 3155 3250 est
3170 3191 3576 3270 fragmentum
3597 3195 3791 3252 sancti

375 3269 660 3350 Gregorii
681 3264 961 3350 Ngsseni,
975 3285 1050 3327 ea:
1072 3267 1133 3350 ej:
1136 3287 1201 3328 us
1219 3264 1572 3330 catechetica
1594 3276 1864 3332 oratione
1885 3289 2017 3350 cap.
2043 3274 2101 3340 2,
2119 3264 2264 3350 pag.
2281 3273 2383 3346 48,
2405 3279 2544 3329 tom.
2562 3264 2641 3330 Ill
2665 3271 3030 3350 desumptum
3052 3287 3068 3343 ;
3091 3264 3221 3350 qua
3238 3264 3411 3332 etiam
3430 3270 3608 3332 verba
3629 3281 3792 3350 tran—

368 3345 536 3403 stulit
555 3345 1064 3430 sanctuslloannes
1082 3347 1482 3430 Damascenus
1503 3350 1568 3409 in
1587 3370 1763 3430 suum
1777 3345 2243 3430 Deorthodoxa
2267 3345 2390 3412 ﬁde
2411 3358 2689 3428 quartum
2711 3345 2950 3421 librum,
2966 3345 3156 3430 capi?
3185 3368 3199 3422 ;
3225 3360 3283 3411 et
3304 3360 3514 3412 auctor
3537 3349 3683 3412 libri
3702 3354 3790 3412 De

371 3432 773 3486 sacrosancta
796 3427 1100 3488 Trinitale
1119 3427 1226 3489 sub
1251 3431 1484 3490 nomine
1501 3435 1699 3493 sancti
1724 3429 1774 3492 C
1820 3429 1952 3490 rilli
1970 3431 2400 3507 Alexandrini,
2418 3427 2558 3511 cap.
2583 3434 2644 3508 6,
2662 3449 2809 3511 pag.
2840 3433 2898 3501 6,
2929 3427 3066 3502 toni,
3100 3432 3168 3492 Vl
3194 3451 3434 3512 operum
3450 3437 3641 3492 sancti
3659 3431 3791 3493 Pa-

371 3505 510 3572 tris;
534 3515 590 3564 et
610 3505 789 3566 Elia:
813 3511 1110 3570 Cretensis
1131 3508 1190 3567 in
1211 3514 1473 3572 primum
1507 3515 1691 3572 Grca.
1716 3451 1874 3572 Ngz.
1899 3519 2056 3571 orat.
2083 3521 2204 3571 not.
2229 3515 2345 3572 72:
2380 3521 2434 3571 et
2457 3517 2523 3570 in
2545 3527 2722 3572 χχιιι.
2746 3520 2846 3570 not
2870 3511 2970 3570 32.
2994 3510 3409 3572 Altera.cuius
3426 3514 3510 3572 sit
3526 3517 3791 3572 auctoris

369 3505 510 3578 tris;
534 3515 590 3590 e_t
610 3505 789 3566 Elia:
813 3511 1110 3570 Cretensis
1131 3508 1473 3590 inprimam
1507 3515 1691 3587 Greg.

1781 3510 1874 3592 σε.
1899 3519 2056 3571 orat.
2083 3521 2204 3571 not.
2229 3515 2345 3585 72;
2380 3521 2434 3571 et
2457 3510 2523 3592 in
2545 3510 2846 3592 xix1i1,not
2870 3511 2970 3570 32.
2994 3510 3510 3592 Altera,_cujussit
3526 3517 3792 3574 auctoris

366 3586 633 3663 reperire
653 3605 769 3672 non
781 3592 1111 3672 potuimus.
1139 3586 1324 3672 Nemo
1357 3590 1584 3667 Cyrilli
1606 3586 1796 3650 nostri
1815 3589 2047 3672 dixerit
2067 3609 2206 3664 esse,
2236 3591 2504 3672 quamvis
2531 3586 2865 3672 doctrinam
2894 3596 3192 3652 contineat
3210 3586 3333 3671 ipsi
3347 3591 3528 3672 plane
3548 3611 3787 3672 consen-

367 3673 632 3752 taneum;
655 3667 759 3726 sed
775 3667 896 3752 hisee
916 3673 1120 3752 omnia
1149 3669 1212 3729 in
1240 3679 1497 3752 utraque
1520 3689 1628 3731 sua
1659 3669 1948 3752 catechesi
1975 3667 2263 3751 diffusius
2285 3671 2597 3752 explanat.
2621 3669 2899 3751 Antiqua
2917 3689 3060 3731 sane
3079 3681 3210 3752 sunt
3232 3667 3368 3746 ἧκε,
3393 3682 3465 3752 et,
3479 3671 3786 3733 undecimo

364 3746 606 3831 saeculo,
627 3766 757 3826 quas
780 3747 1162 3831 Coislimiani
1199 3746 1424 3810 codicis
1460 3761 1600 3812 astas
1620 3761 1724 3823 est,
1751 3746 2085 3812 indubitate
2125 3746 2488 3817 vetustiora:
2511 3769 2696 3831 quare
2730 3746 3040 3812 observata
3079 3751 3328 3831 dignum
3350 3754 3407 3810 in
3430 3751 3784 3813 Latinorum

370 3825 655 3912 adversus
678 3831 909 3912 Graecos
930 3829 1000 3889 de
1013 3835 1382 3912 processione
1399 3841 1588 3892 sancti
1612 3833 1888 3912 Spiritus
1914 3832 2334 3912 disputatione,
2361 3825 2635 3912 quod-llic
2650 3830 2917 3912 docetur,
2944 3841 2998 3912 et
3017 3851 3052 3891 a
3073 3825 3271 3912 sancto
3295 3830 3520 3892 Thoma
3545 3833 3607 3891 in
3630 3833 3786 3892 testi-

370 3906 992 3988 moniumadducitur.
1012 3906 1314 3988 Spiritum
1338 3917 1624 3972 sanctum
1655 3906 1726 3973 sx
1747 3913 1950 3974 Patris
1969 3906 2032 3972 οἰ
2053 3913 2192 3972 Filii
2215 3906 2542 3974 divinitate
2565 3911 2852 3974 existere.
2882 3910 3042 3972 Mihi
3062 3930 3202 3972 vero
3225 3909 3346 3972 haec
3364 3930 3486 3972 nan
3507 3912 3786 3972 recentio-

369 4004 517 4078 rem,
539 3986 642 4126 se:
660 3989 1030 4049 vetustiorem
1057 3986 1401 4052 Graecorum
1423 3991 1776 4072 theologiam
1814 3993 2050 4053 omnino
2071 4011 2280 4072 sapere
2301 3991 2577 4055 uidentur
2597 4011 2622 4054 .°
2643 4001 2701 4052 et
2723 3989 3062 4054 Grecorum
3085 4000 3293 4053 contra
3314 3991 3563 4053 Latinos
3583 3991 3787 4072 dispu-

369 4075 583 4126 tationi
629 4074 1089 4126 usantiouiora.

365 4074 693 4127 tationibus
711 4074 1089 4149 antiquiora.

779 4387 1783 4511 CATECHESIS
1872 4388 2508 4512 DECIMA
2603 4387 3375 4510 SEPTIMA.

1609 4614 1714 4673 DE
1757 4612 2072 4674 SPlRlTU
2119 4612 2433 4673 SANCTO
2476 4610 2549 4672 ΙΙ.

1659 4834 2479 4948 PHELOQUIUM.

451 5015 499 5098 _l.
522 5013 1083 5098 BeneﬁcaiSpiritus
1098 5016 1294 5098 sancti
1311 5022 1377 5076 in
1392 5015 1715 5078 humanum
1728 5036 1919 5097 genus
1932 5035 2114 5098 opera
2129 5033 2205 5076 ea:
2222 5011 2556 5092 Scripturis
2570 5009 2768 5098 dicere
2783 5031 2951 5098 orsus
2968 5013 3030 5074 in
3049 5023 3355 5098 superiore
3364 5035 3434 5078 ca
3441 5016 3490 5077 ti
3490 5016 3648 5098 c/zesi
3663 5017 3716 5098 (Ι
3735 5017 3782 5097 .)

367 5092 496 5183 εεια
533 5092 756 5183 Veteris
782 5092 1312 5183 Testamentieade
1330 5114 1394 5183 re
1419 5092 1759 5157 testimonia
1780 5092 2030 5183 propter
2051 5099 2328 5183 temporis
2351 5092 2690 5183 angustiam
2700 5180 2707 5183 _
2725 5094 2982 5156 recitare
3019 5092 3369 5177 compulsus,
3397 5098 3459 5157 in
3481 5096 3614 5174 hac,
3649 5092 3780 5179 qua}

369 5171 610 5257 Nouum
638 5176 1063 5240 Testamentum
1085 5174 1156 5257 de
1187 5175 1428 5257 Spiritu
1453 5187 1656 5257 sancto
1682 5171 2014 5257 testimonia
2041 5171 2408 5257 suppeditat,
2439 5171 2811 5257 exsequitur.

454 5255 531 5315 ΙΙ.
561 5255 634 5337 _ln
650 5259 867 5337 primis
888 5264 1082 5337 monet
1105 5254 1188 5334 (ι).
1215 5250 1272 5329 1,
1296 5256 1388 5337 2),
1416 5276 1489 5316 ne
1501 5256 1582 5337 ob
1610 5254 1958 5318 divisionem
1977 5250 2347 5337 catecheseon
2369 5250 2791 5337 dividiputent
2822 5252 3117 5334 Spiritum
3141 5266 3410 5319 sanctum
3436 5257 3576 5332 ;scd
3595 5279 3779 5320 unum

375 5333 506 5416 licet
535 5329 787 5398 diversis
816 5329 1169 5416 nominibus,
1203 5329 1460 5416 quae/lic
1491 5335 1656 5396 brevi
1669 5343 1993 5416 percurrit,
2026 5335 2418 5416 appellatam,
2449 5329 3052 5416 et_solido_hgp_ostasi
3067 5337 3388 5416 praeditum
3410 5329 3566 5400 certo
3584 5340 3780 5400 sciant

367 5413 458 5492 (ιι.
493 5419 554 5488 4,
585 5421 673 5495 5).
721 5416 866 5478 Tum
899 5413 1159 5498 eiusdem
1188 5409 1564 5498 operatione:
1594 5409 1880 5498 memorat
1908 5409 2222 5498 in'M'a'ria
2259 5409 2755 5498 Matre‘Qomini,
2783 5409 2964 5498 guam
3001 5409 3404 5498 sanctiﬁcavit
3431 5427 3498 5478 ut
3529 5417 3778 5481 Creato—

366 5489 872 5579 remconciperet,
906 5489 968 5555 in
1001 5489 1359 5579 Elizaa'eth,‘
1382 5495 1444 5555 Ζ
1445 5495 1717 5579 (lc/uaria,
1751 5504 1808 5556 et
1834 5495 2064 5579 Joanne
2095 5497 2404 5579 utriusque
2436 5489 2566 5579 ﬁlio
2603 5491 2694 5579 (_n.
2726 5489 2878 5579 6,-7,
2912 5499 2995 5569 8).
3044 5489 3299 5572 Dehinc,
3351 5498 3617 5579 mysticis
3657 5516 3774 5579 non

368 5573 554 5633 nullis
583 5577 650 5635 de
680 5570 950 5657 Spiritus
976 5581 1170 5657 sancti
1199 5575 1257 5634 in
1281 5574 1586 5638 Christum
1619 5576 1903 5655 baptismi
1918 5585 2179 5648 tempore
2201 5570 2449 5657 illapsu,
2473 5570 2668 5643 dictis,
2709 5575 2920 5657 varias
2939 5578 3059 5638 reci
3069 5588 3151 5640 tat
3171 5570 3512 5642 Salvato'ris
3541 5576 3612 5635 de
3639 5577 3774 5653 Spi-

370 5660 502 5714 ritu
531 5652 744 5719 sancto
761 5657 1075 5718 sententias
1106 5655 1188 5737 (η.
1216 5659 1276 5730 9,
1315 5657 1412 5728 10,
1439 5656 1562 5737 11).
1594 5652 1778 5716 Hunc
1803 5657 2082 5738 apostolis
2119 5677 2156 5718 a
2199 5652 2439 5716 Christo
2463 5671 2574 5736 per
2613 5652 3094 5734 ima/[lationem
3124 5658 3400 5739 mysterii
3426 5674 3544 5714 non
3569 5652 3782 5732 exper-
