4148 6286
349 291 470 352 9Π

1220 289 1701 354 CATECHESIS
1744 291 1929 352 XVII.
1978 290 2081 350 DE
2125 288 2439 353 SPlRITU
2487 288 2786 351 SANCTO
2829 289 2910 351 ΙΙ.

3652 294 3775 355 978

424 421 497 472 Z'.
555 418 734 475 T0610
790 415 853 471 16
916 417 1137 487 Πνεῦμα
1186 415 1250 470 τὸ
1308 417 1464 492 ἅγιον
1523 416 1821 494 ἐνήργησεν
1865 414 1918 470 ἐν
1944 418 2005 490 τῇ

2199 417 2314 472 VII.
2344 418 2446 473 Hic
2476 418 2727 490 Spiritus
2759 423 2997 474 sanctus
3026 418 3088 473 in
3120 418 3384 473 Elisabet
3440 419 3769 499 efficaciam

352 500 665 562 Ἐλισάὸετ.
696 505 776 560 Οὐ
808 504 908 581 γὰρ
945 503 1115 577 μόνον
1148 506 1451 580 παρθένους
1502 504 1665 577 οἶδεν,
1695 505 1842 562 ἀλλὰ
1869 527 2012 579 γνω-

354 594 496 670 ρίζει
523 595 614 650 καὶ
658 594 951 670 ἐγγάμους,
1015 593 1103 649 ἐάν
1162 596 1299 651 κατᾶ
1354 597 1522 670 νόμον
1621 598 1650 652 6
1680 598 1878 672 γάμος.
1913 596 2010 650 Καὶ

348 682 603 755 ἐπλήσθη
664 683 981 757 Πνεύματος
1038 684 1194 758 άγίου
1242 687 1276 755 ἡ
1330 682 1638 758 Ἐλισάόετ,
1697 685 1785 741 καὶ
1844 684 2003 758 ἐπρο-

348 774 603 849 φήτευσε’
655 774 746 827 καὶ
806 793 970 851 φησιν
1023 775 1059 842 ἡ
1118 770 1264 842 καλή
1324 772 1517 838 δουλὶς
1573 775 1697 849 περὶ
1755 778 1852 829 τοῦ
1881 773 2004 829 tau-

346 864 452 931 τῆς
509 864 592 935 (1)
650 861 872 937 Κυρίου·
936 862 1042 919 Καὶ
1101 858 1262 918 πόθεν
1326 884 1419 936 μοι
1475 867 1661 932 τοῦτο,
1708 862 1801 918 ’ίνα
1878 861 2008 937 ἔλθῃ

345 951 486 1025 πρὸς
521 951 644 1023 μὲὴ
709 953 894 1026 μήτηρ
942 956 1041 1006 τοῦ
1102 950 1309 1027 Κυρίου
1364 973 1518 1026 μους
1577 951 1872 1027 ἐμακάριζε
1898 951 2003 1026 γὰρ

346 1040 546 1108 ἑαυτὴν
592 1043 627 1110 ἡ
689 1036 999 1097 Ἐλισάϐετ.
1056 1039 1272 1098 Τούτου
1326 1045 1425 1097 τοῦ
1481 1041 1635 1117 ἆγίου
1693 1039 2005 1113 Πνεύματος

346 1127 616 1199 πλησθεὶς
656 1128 743 1183 καὶ
777 1128 1076 1205 Ζαχαρίας,
1108 1130 1137 1184 6
1166 1134 1265 1185 106
1322 1131 1577 1185 Ἰωάννου
1628 1132 1835 1206 πατὴρ,
1866 1150 2004 1204 προ-

346 1219 629 1293 εφήτευσε,
691 1216 866 1291 λέγων
924 1217 1067 1273 ὅσων
1121 1239 1183 1274 τε
1235 1219 1453 1294 ἀγαθῶν
1511 1218 1771 1294 πρόξενός
1803 1218 1943 1274 ἐστιν
1976 1219 2004 1273 ὁ

344 1306 711 1381 Μονογενής,
764 1308 854 1362 καὶ
916 1308 1001 1363 ὅτι
1085 1305 1403 1383 πρόδρομος
1478 1305 1568 1364 διὰ
1630 1309 2003 1384 βαπτισματος

338 1396 603 1466 Ἰωάννης
636 1395 868 1452 ἐκείνου.
896 1398 1025 1452 Ὑπὸ
1067 1397 1265 1452 τούτου
1319 1400 1418 1452 τοῦ
1476 1396 1629 1472 ἁγίου
1687 1398 2002 1470 Πνεύματος

345 1486 746 1559 χρηματισθεὶς
772 1486 865 1541 καὶ
898 1487 1126 1558 Συμεὼν
1155 1487 1183 1541 6
1216 1484 1469 1555 δίκαιοις,
1505 1487 1582 1559 μὴ
1611 1484 1742 1542 ἰδεῖν
1776 1486 2000 1543 θάνατον

342 1574 473 1647 πρὶν
503 1575 539 1644 ἢ
575 1572 665 1650 ἴδῃ
696 1578 775 1648 (2)
812 1576 908 1630 τὸν
952 1576 1183 1649 Χριστόν
1229 1576 1452 1651 Κυρίου,
1512 1574 1800 1650 δεξάμενος
1845 1575 2005 1631 αὐτὸν

343 1662 547 1726 εἰςτὰς
577 1662 840 1738 ἀγκάλας,
872 1663 925 1718 ἐν
966 1668 1047 1737 τῷ
1102 1664 1231 1741 ίερῷ
1286 1665 1355 1720 τά
1410 1666 1534 1739 περὶ
1593 1666 1760 1721 αὐτοῦ
1817 1669 2001 1743 σαφῶς

344 1750 711 1828 ἐμαρτύρησε.

409 1846 495 1899 ll'.
544 1842 642 1897 Καὶ
701 1840 962 1913 Ἰωάννης
1014 1841 1073 1898 δὶ
1102 1843 1130 1897 6
1159 1842 1467 1917 Πνεύματος
1523 1842 1678 1920 ἁγίου
1735 1843 1997 1914 πλησθεὶς

339 1927 401 1984 ἐκ
429 1927 645 1991 κοιλίας
679 1931 889 2003 μητρὸς
920 1930 1106 2001 αὐτοῦ,
1138 1928 1229 1987 διὰ
1269 1936 1429 1988 τοῦτο
1468 1933 1727 2009 ἡγιάσθη,
1776 1931 1866 1987 ἳνα
1901 1933 1999 2008 βα-

338 2016 507 2094 πτίσῃ
556 2019 648 2073 τὸν
708 2018 930 2092 Κύριον·
995 2020 1059 2075 οὗ
1114 2018 1301 2086 διδοὺς
1331 2023 1408 2095 (3)
1463 2022 1525 2077 τὸ
1578 2026 1819 2094 Πνεῦμα,
1851 2019 1998 2076 ἀλλὰ

334 2105 429 2162 τὸν
489 2105 744 2163 διδοῦντα
798 2110 863 2163 τὸ
922 2114 1146 2182 Πνεῦμα
1200 2110 1637 2186 εὐαγγελιζόνος·
1696 2111 1830 2188 τρησί
1864 2131 1991 2186 γαρ.

337 2197 484 2271 Ἐγὼ
546 2197 687 2270 ὑμᾶς
740 2198 989 2272 βαπτίζω
1048 2198 1101 2253 ἐν
1160 2195 1314 2254 ὕδατι
1374 2200 1450 2262 εἰς
1516 2199 1827 2272 μετάνοιαν·
1878 2200 1906 2254 6
1938 2196 1996 2253 δὲ

335 2284 512 2340 ὀπίσω
564 2306 669 2359 μου
720 2285 1049 2361 ἐρχόμενος,
1105 2289 1195 2343 καί
1251 2289 1393 2359 ἑξῆς,
1469 2286 1632 2352 αυτὸς
1691 2289 1833 2361 ὑμᾶς
1893 2288 1994 2364 βα-

327 2373 505 2431 πτίσει
565 2374 617 2430 ἦν
680 2375 955 2449 Πνεῦματι
1015 2376 1154 2451 άγίῳ
1209 2378 1300 2432 καὶ
1361 2379 1516 2454 πυρί.
1582 2377 1717 2453 [lupi
1772 2375 1850 2447 δὲ,
1906 2374 1994 2432 διὰ

329 2485 385 2520 τι
418 2484 434 2533 ;
467 2460 695 2533 Ἐπειδὴ
728 2463 782 2519 ἂν
813 2464 1066 2540 πυρίναις
1092 2465 1372 2540 γλώσσαις
1408 2469 1442 2535 ἡ
1482 2470 1581 2521 τοῦ
1629 2465 1789 2542 ἁγίου
1819 2465 1993 2521 Ilvati-

335 2572 507 2626 ματος
537 2552 750 2624 ἐγένετο
778 2550 1030 2617 κάθοδος.
1084 2556 1215 2629 Περὶ
1273 2556 1340 2608 οὗ
1397 2552 1539 2629 λέγει
1574 2555 1784 2629 χαίρων
1817 2555 1846 2609 6
1878 2553 1990 2608 Κύ-

340 2659 482 2713 ριος·
515 2643 631 2716 Πῦρ
659 2638 830 2710 ἦλθον
856 2641 1043 2717 βαλεῖν
1085 2642 1175 2698 ἐπὶ
1228 2642 1326 2711 τὴν
1387 2648 1512 2718 γῆν·
1545 2642 1635 2697 καὶ
1664 2642 1717 2697 τί
1744 2640 1911 2713 θέλω,
1944 2643 1990 2698 εί

338 2726 449 2799 ἤδη
484 2730 744 2804 driven;

401 2818 476 2874 6'.
511 2820 683 2874 T0610
728 2819 791 2874 16
820 2823 1046 2893 Πνεῦμα
1098 2820 1162 2875 τὸ
1220 2821 1368 2894 ἅγιον
1427 2816 1669 2889 κατῆλθε
1727 2820 1988 2893 βαπτιζο-

331 2902 496 2979 μένου
523 2910 622 2961 τοῦ
676 2909 905 2981 Κυρίου,
964 2906 1103 2984 πρὸς
1159 2908 1222 2962 τὸ
1277 2908 1355 2981 μὴ
1417 2906 1603 2963 λαθεῖν
1633 2910 1711 2981 (4)
1734 2911 1832 2961 τοῦ
1889 2909 1989 2983 βα-

327 2995 660 3067 πτιζομένου
688 2997 788 3066 τήν
822 2995 993 3068 ἀξίαν,
1048 2997 1227 3058 κατὼς
1279 2997 1538 3066 Ἰωαννης
1594 2995 1776 3073 φησίν·
1832 2993 1986 3052 Ἀλλ’

332 3083 361 3137 6
412 3079 631 3157 πέμψας
689 3105 757 3158 με
811 3085 1090 3159 βαπτίζειν
1150 3083 1201 3139 ἐν
1262 3081 1438 3156 ὕδατι,
1497 3082 1700 3146 ἐκεῖνός
1760 3104 1853 3157 μοι
1904 3086 1984 3139 εῖ-

395 3197 442 3240 “
471 3199 607 3255 Luc.
643 3218 682 3271 ι,
715 3203 804 3257 41.
882 3200 928 3236 ⁴⁸
958 3200 1103 3257 ibid.
1137 3204 1227 3256 4-3.
1306 3201 1350 3237 ⁴⁶
1381 3199 1523 3256 ibid.
1556 3203 1646 3255 45.
1724 3198 1769 3236 ⁸⁷
1796 3200 1938 3257 ibid.
1972 3205 2039 3256 6‘7

911 3272 955 3309 ⁶¹
1016 3274 1218 3329 Matth.
1278 3290 1356 3342 ιιι,
1416 3273 1500 3329 11.
1576 3272 1626 3306 ⁸³
1684 3276 1809 3328 Act.
1867 3289 1928 3342 ιι,
1977 3276 2031 3328 3.

324 3277 433 3327 cat.
493 3273 584 3340 20,
641 3287 701 3327 n.
756 3274 807 3327 6.

325 3342 380 3409 3,
412 3358 471 3397 n.
502 3345 587 3397 M.

2071 3219 2236 3307 sebqq.
2313 3219 2360 3237 ὀ
2406 3219 2541 3259 Luc.
2582 3220 2643 3269 ιι,

2237 3274 2372 3329 Luc.
2429 3291 2523 3346 xu,
2576 3277 2665 3330 49.

2123 523 2291 562 suam
2320 507 2600 579 prodidit-
2635 510 2759 563 Non
2793 508 2952 562 enim
2976 508 3169 563 solum
3200 509 3453 580 virgines
3476 504 3773 575 novit,sed

2121 596 2300 651 etiam
2323 597 2455 667 conj
2467 613 2628 669 uges,
2649 597 2825 652 modo
2848 597 3178 667 legitimum
3205 597 3545 669 conjugium
3567 598 3776 654 sit.«Et

2123 685 2383 756 «repleta
2405 692 2494 741 est
2514 686 2730 758 Spiritu
2758 692 2963 741 sancto
2990 685 3250 740 Elisabet
3267 685 3775 758 “,netpropheta-

2119 774 2235 841 vit;
2283 776 2486 846 aitque
2519 775 2591 829 de
2622 792 2726 830 suo
2759 775 3007 830 Domino
3039 774 3328 846 praeclara
3349 775 3606 829 ancilla:
3650 799 3676 827 «
3703 778 3773 831 Et

2116 863 2309 918 «unde
2323 864 2467 917 mihi
2483 864 2975 927 hoc,utveniatad
2988 879 3080 917 me
3095 863 3524 918 materDomini
3540 863 3766 919 mei‘5‘h

2116 953 2374 1023 seipsam
2403 952 2561 1007 enim
2584 953 2844 1008 Elisabet
2865 953 3097 1008 beatam
3120 953 3462 1023 praedicavit
3481 953 3770 1009 “.Eodem

2114 1041 2335 1112 Spiritu
2356 1042 2621 1113 repletus
2646 1049 2705 1096 et
2723 1042 3033 1098 Zacharias
3056 1042 3301 1097 Joannis
3322 1047 3492 1113 pater
3511 1043 3771 1113 prophe-

2114 1129 2256 1184 tavit
2282 1128 2349 1194 ‘7,
2382 1130 2569 1195 aiens,
2603 1135 2963 1200 quantorum
3011 1129 3246 1185 futurus
3305 1136 3463 1185 esset
3493 1131 3771 1202 Unigeni-

2116 1223 2209 1273 tus
2226 1219 2379 1276 268
2402 1218 2504 1275 ille
2534 1219 2831 1274 bonorum
2861 1236 3041 1275 causa
3066 1246 3080 1286 ς
3111 1219 3457 1289 addensque
3479 1221 3768 1275 Joannem

2114 1308 2244 1379 ejus
2274 1324 2380 1379 per
2410 1308 2772 1379 baptismum
2805 1324 3237 1380 praacursorem
3265 1307 3413 1363 fore.
3448 1309 3533 1363 Ab
3557 1308 3766 1363 eodem

2113 1395 2335 1467 Spiritu
2365 1402 2570 1452 sancto
2603 1412 2887 1468 responso
2916 1397 3258 1452 admonitus
3290 1397 3467 1453 etiam
3486 1398 3765 1469 Symeon,

2104 1485 2305 1557 justus
2336 1486 2458 1552 ille,
2491 1502 2613 1541 non
2647 1486 2913 1541 visurum
2955 1502 3017 1541 se
3077 1490 3331 1540 mortem
3389 1486 3555 1556 prius
3587 1503 3768 1557 quam

2113 1575 2338 1630 videret
2364 1575 2662 1630 Christum
2692 1575 2962 1640 Domini;
2995 1591 3063 1628 eo
3094 1575 3156 1629 in
3188 1574 3362 1629 ulnas
3405 1580 3668 1646 accepto,
3703 1577 3764 1631 in

2114 1664 2327 1736 templo
2358 1680 2489 1735 quas
2521 1662 2597 1718 ad
2619 1679 2755 1719 eum
2785 1662 3137 1732 attinebant,
3170 1664 3369 1734 palam
3413 1664 3764 1719 testiﬁcatus

2029 1791 2078 1857 Β
2113 1760 2202 1828 εει
2229 1752 2297 1857 ii:

2178 1845 2637 1900 VVIIIJoannes
2651 1858 2784 1897 vero
2808 1842 2908 1914 qui
2931 1842 3152 1913 Spiritu
3175 1847 3378 1897 sancto
3401 1842 3662 1913 repletus
3674 1847 3766 1896 est

2106 1948 2176 1987 ex
2196 1938 2365 1988 utero
2396 1933 2603 1988 matris
2636 1948 2758 1986 suae
2788 1930 2854 2000 ‘9,
2877 1930 2952 1987 ad
2984 1931 3094 1985 hoc
3126 1930 3530 1986 sanctificatus
3556 1937 3663 1998 est,
3696 1934 3763 1985 ut

2103 2022 2421 2078 Dominum
2454 2022 2803 2093 baptizaret:
2860 2019 2907 2055 ⁸ο
2938 2036 3056 2075 non
3088 2020 3402 2075 conferens
3452 2020 3760 2091 Spiritum,

2102 2111 2207 2166 sed
2238 2128 2372 2167 eum
2404 2112 2503 2182 qui
2537 2111 2819 2182 Spiritum
2865 2108 3234 2177 conserebat,
3270 2108 3765 2165 annuntians.Ait

2102 2216 2381 2271 namque:
2408 2223 2435 2250 ‹‹
2461 2201 2578 2273 Ego
2597 2215 2696 2253 vos
2714 2199 2941 2269 baptizo
2959 2198 3021 2253 in
3041 2214 3198 2268 aqua
3218 2198 3281 2253 in
3304 2197 3721 2269 paenitentiam
3744 2213 3759 2253 :

2102 2289 2239 2360 «qui
2264 2293 2462 2344 autem
2482 2293 2614 2359 post
2634 2304 2729 2343 me
2751 2287 3209 2358 venit,etc.,ipse
3234 2304 3338 2341 vos
3364 2285 3761 2357 baptizabitin

2102 2377 2359 2449 «Spiritu
2381 2381 2586 2432 sancto
2610 2382 2668 2431 et
2687 2376 2807 2448 igni
2829 2376 2896 2430 ⁸¹.
2918 2398 2947 2425 ››
2979 2375 3102 2447 lgni
3133 2391 3297 2440 vero,
3320 2390 3499 2445 quam
3525 2373 3598 2429 ob
3622 2389 3760 2428 cau-

2098 2482 2225 2522 sam
2250 2465 2278 2520 ?
2305 2466 2596 2531 Quoniam
2636 2465 2698 2519 in
2758 2465 2949 2537 igneis
3006 2464 3226 2537 linguis
3285 2463 3537 2534 Spiritus
3570 2462 3759 2517 sancti

2096 2554 2253 2610 facta
2283 2561 2374 2610 est
2403 2554 2712 2610 descensio
2742 2554 2806 2607 ⁸³.
2840 2555 2966 2619 Qua
2983 2552 3053 2609 de
3086 2570 3150 2608 re
3182 2552 3329 2608 dicit
3354 2552 3621 2625 gaudens
3646 2552 3759 2606 Do-

2097 2644 2331 2700 minus:
2366 2666 2393 2694 ‹‹
2430 2645 2629 2717 Ignem
2687 2643 2819 2698 veni
2852 2644 3088 2698 mittere
3120 2643 3183 2697 in
3240 2647 3481 2707 terram,
3519 2646 3579 2696 et
3605 2639 3753 2711 quid

2095 2756 2123 2783 ς(
2155 2733 2306 2801 volo,
2334 2734 2384 2788 si
2407 2734 2535 2805 jam
2566 2749 2849 2789 accensus
2877 2738 2967 2787 est
2992 2731 3085 2787 5’?
3113 2754 3142 2783 ››

2163 2822 2369 2877 IX.Hic
2384 2822 2638 2894 Spiritus
2660 2827 2903 2878 sanctus
2917 2822 3199 2893 delapsus
3211 2826 3445 2875 estcum
3460 2818 3747 2874 Dominus

2091 2909 2488 2982 baptizaretur
2515 2910 2583 2979 σί,
2616 2928 2690 2967 ne
2750 2911 2913 2966 illius
2943 2911 3044 2981 qui
3101 2909 3507 2981 baptizabatur
3535 2908 3750 2964 lateret

2091 2998 2541 3073 dignitas,juxta
2563 3000 2621 3055 id
2648 3000 3076 3071 quodJoannes
3100 2998 3254 3054 ait:'5
3285 3021 3313 3049 «
3343 2998 3455 3053 Sed
3477 2997 3758 3069 quimisit

2096 3106 2119 3135 ι
2140 3103 2235 3143 me
2255 3092 2323 3142 ut
2343 3086 2704 3159 baptizarem
2733 3087 2794 3143 in
2826 3104 3002 3158 aqua,
3036 3086 3137 3142 ille
3163 3087 3309 3141 mihi
3341 3087 3526 3141 dixit:
3561 3085 3754 3156 Super

2313 3201 2360 3237 ⁴⁸
2406 3204 2541 3259 Luc.
2582 3220 2643 3269 ιι,
2677 3206 2745 3258 26
2774 3219 2942 3274 seqq.
3019 3202 3065 3237 ⁴⁹
3097 3203 3232 3257 Luc.
3286 3219 3326 3269 ι,
3381 3205 3463 3257 15.
3543 3200 3590 3235 ⁸ο
3624 3198 3749 3255 Vid'

2770 3273 2820 3308 ⁵⁴
2870 3273 3079 3329 Matth.
3139 3290 3225 3344 ιιι,
3285 3276 3372 3328 16.
3456 3274 3581 3329 Vid.
3639 3274 3749 3327 cat‘

403 3469 480 3543 (1)
505 3468 758 3543 Ἑαυτῆς.
794 3472 1006 3543 Vocem
1038 3472 1193 3543 hanc
1239 3473 1369 3527 cod.
1419 3473 1605 3543 Coisl.
1642 3472 1817 3528 nobis
1848 3471 1985 3527 sub-
2017 3473 2060 3539 C
2101 3472 2198 3528 bus
2217 3475 2405 3528 anima
2427 3480 2729 3543 purgatur.
2751 3488 2872 3542 quae
2902 3479 3150 3528 sanctum
3198 3488 3310 3527 non
3362 3472 3523 3527 habet
3563 3473 3749 3543 Spiri-

334 3539 695 3616 ministravit
735 3542 907 3616 _Pos_t,
941 3542 1070 3616 loco
1101 3541 1396 3616 ἐμακάριζε
1433 3543 1538 3616 γάρ
1591 3541 1808 3613 ἑαυτήν,
1845 3543 1987 3616 legi-

332 3618 431 3686 tur
460 3612 522 3686 in
555 3612 684 3686 cod.
720 3613 896 3668 Coisl.
948 3611 1288 3686 ἐμακαριζιν
1334 3611 1523 3682 αὐτήν,
1580 3611 1801 3670 beatam
1834 3611 1987 3686 ιιιρω

333 3682 581 3757 (Domini
603 3690 857 3748 matrem)
879 3682 1216 3755 praedicavit
1256 3687 1604 3756 (Elisabetha)
1649 3702 1864 3757 nempe
1893 3685 1987 3740 his

332 3754 533 3829 verbis
561 3755 697 3829 huc.
722 3772 759 3821 ι,
788 3754 1065 3829 45,7juxta
1088 3754 1389 3829 Vulgatam
1415 3775 1428 3813 :
1452 3754 1623 3829 Beata,
1641 3774 1693 3813 es
1722 3754 1850 3829 quise
1865 3773 1987 3829 cre-

330 3824 545 3880 didisti.
561 3824 779 3900 Eodem
801 3823 977 3882 modo
996 3828 1137 3900 legit
1150 3823 1489 3897 Gi'odecius,
1513 3828 1628 3883 nisi
1647 3823 1804 3900 quod
1820 3823 1984 3900 ηὐλό-

327 3913 521 4022 γησεν,
555 3897 854 3979 benedixit,
884 3916 990 3970 pro
1024 3897 1370 3972 ἐμακάριζεν,
1402 3900 1464 3982 in
1486 3972 1497 3982 .
1517 3917 1623 3981 suo
1666 3897 1876 3981 codice
1905 3899 1985 3952 vi-

371 3972 505 4022 etur
534 3967 832 4022 habuisse.
867 3973 949 4022 Ac
989 3987 1195 4022 revera
1224 3970 1529 4022 benednnt
1559 3972 1651 4022 his
1680 3970 1897 4022 verbis.
1932 3988 1985 4022 ν.

371 3972 505 4022 etur
534 3967 832 4024 habuisse.
867 3967 949 4025 Ᾱο
989 3967 1529 4027 revera'benedixit
1558 3971 1651 4026 his
1680 3970 1897 4031 verbis.
1932 3988 1985 4036 ν,

328 4040 421 4111 42.
448 4039 743 4111 Benedicta
777 4047 837 4095 tu
866 4043 925 4096 in
954 4043 1295 4106 mulieribus,
1325 4048 1461 4111 etc.,
1485 4042 1624 4098 Cod.
1655 4042 1847 4098 Ottob.
1883 4041 1987 4096 ha-

329 4108 456 4187 bet,
484 4106 783 4187 ᾖμακάριζε
809 4112 911 4186 γὰρ
968 4111 1157 4182 αὐτήν.
1218 4113 1275 4167 Si
1327 4106 1622 4187 legeretur
1679 4112 1848 4182 αὐτήν
1880 4129 1985 4184 pro

332 4179 552 4256 ἑαυτήν,
587 4182 795 4256 eadem
823 4179 980 4256 esset
1005 4201 1073 4256 ac
1091 4179 1297 4256 textus
1328 4179 1640 4256 scriptura.

406 4253 481 4336 (2)
514 4251 650 4341 ρξν
667 4252 702 4321 ἢ
728 4248 1226 4341 tempoislqug
1252 4248 1464 4341 ,ἓν-ἴδῃὲ
1490 4258 1609 4311 Roe
1631 4261 1690 4311 et
1700 4254 1982 4341 Casaubq

330 4323 460 4404 πρὶν
514 4320 910 4407 ἰδἐςνζΡδζιιιο
962 4333 1115 4399 post,
1145 4320 1267 4381 'ubi
1308 4326 1380 4382 de
1408 4320 1651 4410 "Joanne
1700 4320 1982 4408 Baptista.

330 4393 551 4469 legitur
589 4395 1002 4469 in_codd.Roe
1049 4403 1108 4453 et
1136 4398 1380 4453 Casaub.
1416 4402 1485 4453 ut
1539 4415 1600 4453 in
1649 4396 1983 4469 Evangelia,

326 4462 421 4518 ἔτῖ
436 4464 494 4518 ἐκ
522 4464 755 4529 κοιλίας,
779 4468 961 4523 adhuc
981 4485 1050 4524 ea:
1078 4477 1257 4525 utero.

402 4538 480 4612 (δί
504 4533 822 4612 Ψῦ,διδοὺς.
856 4542 974 4596 Boe
1006 4545 1065 4595 et
1091 4540 1337 4597 Casauh.
1371 4540 1732 4612 expressius,
1765 4535 1865 4592 οὐκ
1892 4536 1981 4612 αὐ-

326 4603 424 4666 τὸς
455 4603 659 4682 διδούς,
690 4627 801 4665 ηοη
831 4614 1112 4680 conferens
1141 4614 1257 4682 ipse
1285 4603 1578 4682 Spiritum.
1637 4612 1855 4666 Tamen
1886 4610 1983 4665 Jo-

329 4679 508 4754 annis
528 4678 823 4751 baptismo
845 4678 1116 4738 attribuit
1134 4678 1249 4738 vim
1272 4678 1607 4739 dimittendi
1638 4688 1900 4754 peccata,
1923 4686 1982 4735 et

327 4748 402 4804 ab
425 4750 560 4822 igne
585 4748 808 4807 interno
833 4754 1144 4818 liberandi,
1169 4761 1281 4810 cat.
1316 4757 1369 4819 3,
1397 4770 1559 4809 num.
1582 4748 1720 4813 τίοι.
1748 4761 1859 4809 cat.
1888 4754 1979 4821 20,

325 4836 493 4876 num.
546 4824 598 4877 6.
655 4827 729 4897 At
757 4825 916 4879 idem
949 4826 1191 4897 Spiritui
1224 4832 1428 4881 sancto
1462 4825 1671 4880 tribuit
1701 4827 1974 4881 eﬂ‘ectum

329 4895 694 4966 expurgandi
728 4895 1003 4966 peccata,
1038 4898 1254 4953 Procat.
1315 4913 1479 4951 num.
1514 4900 1568 4963 9,
1631 4902 1689 4951 et
1739 4904 1852 4952 cat.
1889 4900 1974 4963 t7,

326 4978 497 5017 num.
525 4969 610 5029 15,
639 4965 813 5040 docet
838 4968 1120 5038 Spiritum
1139 4973 1407 5023 sanctum
1438 4968 1634 5040 ignem
1666 4984 1795 5023 esse
1820 4967 1975 5040 salu-

331 5038 676 5109 tarem,‘qui
710 5037 912 5109 spinas
936 5045 1318 5109 peccatorum
1377 5037 1734 5093 exterminet
1760 5046 1819 5094 et
1848 5037 1979 5109 anis

323 5120 487 5160 mam
503 5107 791 5163 nitentem
806 5107 1044 5164 reddat:
1068 5110 1289 5180 quique
1304 5109 1364 5162 in
1385 5109 1686 5164 auditores
1698 5108 1977 5179 baptismi

324 5181 593 5249 tempore
610 5180 1029 5245 descensurus,
1048 5179 1254 5235 eorum
1279 5186 1519 5249 peccata
1533 5180 1842 5234 ablaturus
1866 5179 1971 5233 sit:

321 5247 532 5321 imoin
566 5250 677 5305 hoc
704 5266 954 5305 numero
984 5251 1162 5321 paulo
1190 5247 1363 5314 infra,
1389 5251 1671 5320 Spiritum
1703 5254 1976 5321 sanctum

321 5317 398 5392 ad
422 5322 931 5392 regenerationem
953 5317 1213 5376 filiorum
1256 5326 1315 5376 et
1351 5317 1729 5391 peccatorum
1770 5320 1978 5392 remis-

327 5389 556 5445 sionem
590 5408 946 5447 concurrere
971 5392 1070 5446 ait.
1110 5393 1227 5447 Nec
1278 5389 1479 5445 reirera
1535 5392 1665 5446 sine
1724 5390 1976 5462 Spiritus

324 5462 517 5534 sancti
532 5463 727 5534 gratia
753 5462 971 5534 dimitti
994 5468 1234 5533 peccata
1250 5468 1521 5534 possunt.
1547 5463 1619 5518 Ut
1646 5462 1817 5534 enim
1832 5479 1978 5534 prue-

327 5530 491 5587 clare
522 5530 759 5586 Hieron.
792 5530 1097 5588 Adversum
1133 5530 1545 5602 Luciferianos:
1576 5530 1854 5598 Quomodo
1883 5533 1975 5587 di-

319 5604 400 5677 cis
420 5605 544 5677 _sine
569 5602 813 5677 adventu
841 5602 1083 5675 Spiritus
1109 5606 1289 5660 sancti
1315 5605 1468 5677 apud
1495 5606 1726 5661 Arianos
1746 5610 1977 5677 peccata

319 5674 387 5729 in
418 5673 716 5746 baptismo
737 5673 898 5746 posse
924 5677 1187 5733 dimitti?
1215 5673 1494 5741 Quomodo
1522 5673 1769 5746 antiquii
1796 5674 1971 5731 sordi-

2102 3549 2216 3598 tum
2234 3546 2262 3598 ?
2284 3560 2461 3614 neque
2489 3547 2633 3599 enim
2663 3560 2811 3614 aqua
2840 3543 2990 3598 lavat
3020 3546 3281 3608 animam,
3312 3547 3406 3599 sed
3436 3546 3595 3613 prius
3628 3546 3750 3614 ipsa

2098 3614 2320 3669 lavatur
2349 3632 2384 3669 a
2411 3616 2648 3685 Spiritu,
2674 3621 2736 3669 ut
2765 3615 2903 3669 alios
2936 3615 3122 3669 lavare
3153 3614 3525 3684 spiritualiter
3544 3621 3742 3684 possit.

2096 3685 2435 3759 Eademque
2465 3686 2668 3759 Cyrilli
2697 3686 2967 3741 doctrina
2989 3691 3077 3740 est
3103 3692 3215 3741 cat.
3250 3687 3300 3752 3,
3334 3702 3499 3759 num.
3535 3685 3748 3759 1i._Spi-

2095 3757 2276 3811 ritum
2308 3757 2837 3828 itaque'sanctum,
2870 3773 3047 3828 quem
3076 3772 3198 3828 non
3221 3757 3747 3828 conferebatJoan-

2096 3774 2276 3811 ritum
2308 3774 2389 3812 ita
2434 3774 2507 3813 ue
2540 3774 2837 3825 sanetum,
2870 3774 3047 3828 quem
3076 3774 3198 3810 non
3221 3774 3746 3810 conterenauoan-

2096 3774 2539 3901 nes,gintelciigit
2562 3828 2656 3883 vel
2694 3826 3585 3901 characterem“baptismalem,
3629 3842 3746 3896 quo

2096 3899 2349 3970 Spiritus
2379 3898 2641 3967 sanctus,
2674 3900 2945 3955 doctrina
2973 3898 3197 3970 Cyrilli,
3236 3898 3465 3970 animas
3508 3903 3743 3970 nostras

2096 3916 2131 3953 δ
2176 3916 2349 3955 intus
2379 3916 2641 3967 saueius,
2674 3916 2945 3955 aocmna
2973 3916 3197 3970 uyrun,
3236 3916 3465 3953 animas
3509 3916 3741 3952 nostras

2093 3916 2388 4043 obsignat,
2421 3971 2550 4026 vide
2580 3972 2869 4043 num._35,
2901 3970 2995 4026 vel
3024 3969 3274 4043 gratiam
3304 3968 3589 4043 reliquias
3620 3985 3741 4023 om-

2093 4058 2201 4114 nes
2231 4040 2605 4114 peccatorum
2636 4041 2994 4114 aholentem,
3030 4040 3089 4096 et
3118 4042 3379 4114 animam
3400 4040 3483 4114 de
3513 4040 3742 4114 integro

2092 4110 2495 4181 inno'vantem,
2533 4131 2697 4185 num.
2735 4117 2820 4183 15,
2852 4113 2937 4168 vel
2983 4113 3236 4185 gratiam
3263 4110 3743 4185 Confirmationis

2093 4192 2463 4256 sacramento
2496 4182 2819 4256 propriam,
2842 4182 3020 4256 quam
3042 4183 3379 4255 adoptionis
3401 4182 3621 4237 donum
3640 4198 3742 4256 ap-

2091 4255 2294 4328 pellat,
2329 4262 2387 4311 et
2409 4273 2443 4328 a
2468 4255 2692 4328 Joanne
2735 4256 2933 4312 datam
2982 4260 3160 4328 negat
3215 4261 3324 4310 cat.
3360 4257 3449 4328 2Q,
3480 4255 3736 4328 n_um_._6,

2092 4324 2181 4380 vel
2211 4327 2492 4397 specialia
2514 4327 2765 4398 Spiritus
2798 4328 2985 4383 sancti
3023 4324 3198 4392 déna,
3248 4325 3596 4398 prophetiae,
3621 4324 3744 4398 lin-

2088 4396 2357 4469 gnarum,
2405 4396 2569 4456 etc.._
2603 4414 2734 4468 quas
2785 4399 2847 4453 in
2901 4396 3314 4454 Pentecoste’a
3343 4396 3573 4469 Christo
3603 4396 3759 4469 data.

2093 4466 2248 4535 sunt,
2282 4475 2348 4523 ut
2376 4469 2438 4524 in
2460 4472 2571 4525 hoc
2600 4466 2729 4524 loco
2778 4469 3093 4540 pollicetur
3127 4470 3417 4540 Joannes;
3453 4474 3511 4521 et
3533 4466 3737 4540 Cyrilli

2088 4540 2456 4611 temporibus
2484 4556 2606 4595 non
2636 4538 2907 4611 raro—per
2925 4541 3287 4611 baptismum
3310 4538 3627 4611 dabantur,
3648 4538 3736 4592 in-

2085 4610 2176 4666 fra
2206 4609 2368 4665 num.
2402 4615 2490 4670 37.
2525 4611 2613 4666 vel
2645 4609 2887 4667 tandem
2918 4609 3044 4666 haec
3075 4611 3277 4665 omnia
3306 4609 3507 4665 simul.

2156 4682 2231 4753 (4)
2275 4682 2367 4750 Μὴ
2419 4680 2622 4736 λαθεῖν.
2674 4683 2925 4737 Additur
2949 4683 3013 4736 in
3043 4685 3160 4737 Roe
3221 4686 3283 4736 et
3338 4677 3734 4753 casaub.,_16v

2090 4750 2367 4821 Ἰωάννην,
2400 4762 2458 4808 ut
2485 4771 2554 4808 ne
2585 4755 2779 4809 lateret
2808 4756 3089 4807 Joannem.
3124 4754 3261 4816 Quae
3292 4751 3533 4822 quidem
3563 4750 3729 4806 addi-

2089 4824 2171 4878 tio
2203 4826 2539 4880 necessaria
2569 4841 2689 4879 non
2722 4830 2830 4889 est,
2856 4840 2987 4878 cum
3011 4840 3081 4878 ex
3100 4823 3292 4877 verbis
3314 4822 3736 4892 subsequenti-

2087 4895 2199 4950 bus
2230 4896 2371 4951 satis
2405 4896 2654 4964 intelligi
2681 4895 2965 4955 videatur.
2990 4910 3333 4964 quanquam
3358 4894 3614 4949 dubitari
3638 4910 3737 4964 po-

2086 4971 2221 5031 test,
2257 4983 2398 5022 num
2447 4963 2703 5037 Cyrillus
2751 4963 3104 5020 existimarit
3134 4963 3422 5021 Joannem
3454 4972 3577 5020 tum
3611 4963 3732 5037 pri-

2086 5053 2252 5092 mum
2283 5054 2352 5092 ex
2375 5036 2563 5092 sancti
2586 5038 2838 5108 Spiritus
2869 5037 3121 5109 adventu
3142 5037 3441 5109 Christum
3466 5036 3741 5109 agnovis-

2087 5124 2186 5174 se;
2218 5124 2395 5178 quem
2425 5109 2509 5163 ait
2536 5107 2651 5164 cat’.
2687 5110 2739 5172 3,
2774 5124 2937 5162 num.
2973 5110 3025 5174 6,
3051 5108 3192 5162 dum
3225 5108 3286 5161 in
3318 5114 3486 5163 utero
3512 5107 3730 5163 existe-

2086 5184 2198 5246 ret,
2230 5196 2350 5233 non
2368 5180 2563 5234 carnis
2578 5179 2816 5249 quidem
2832 5179 3040 5245 oculis,
3063 5178 3164 5234 sed
3187 5179 3397 5248 spiritu
3414 5180 3733 5234 Dominum

2086 5252 2572 5322 praecognovisse.
2605 5250 2718 5305 Sed
2749 5250 3017 5322 ejusdem
3058 5250 3383 5306 catechesis
3440 5267 3605 5306 num'
3641 5250 3732 5307 14.

2084 5321 2169 5393 ait
2217 5321 2497 5393 Spiritum
2553 5321 2825 5377 sanctum
2856 5322 3146 5393 corporali
3181 5322 3376 5393 specie
3421 5322 3483 5376 in
3538 5323 3737 5393 Jesum

2085 5389 2486 5455 descendisse,
2517 5398 2583 5447 ut
2612 5409 2746 5448 eum
2778 5410 2897 5448 non
2920 5389 3344 5457 Christusfsed
3363 5394 3620 5449 Joannes
3649 5389 3735 5444 vi-

2083 5463 2269 5541 deret,
2303 5470 2362 5518 et
2384 5481 2454 5541 ex
2485 5464 2879 5541 eo__Christu_m
2919 5470 3282 5541 agnosceret2
3303 5479 3519 5541 nempe
3538 5459 3734 5541 quoad

2083 5533 2345 5608 vultum.
2365 5538 2439 5608 At
2466 5551 2534 5591 ex
2554 5536 2863 5608 Evangelio
2920 5533 3174 5591 Jéannes
3221 5533 3518 5608 Christum
3549 5533 3729 5586 etiam

2083 5610 2220 5661 ante
2251 5606 2503 5678 Spiritus
2533 5606 2735 5663 sancti
2751 5606 3104 5664 descensum
3135 5606 3388 5677 agnovit.
