4150 6278
432 413 555 472 983

1487 409 1553 470 S.
1601 410 1911 472 CYBILLI
1957 407 2365 472 HIEROSOL.
2414 410 2775 473 ARCHIEP.

3725 410 3853 471 986

433 544 530 598 «in
543 544 653 598 hoc
672 542 889 598 saeculo
903 558 1098 614 neque
1113 542 1175 597 in
1187 540 1525 609 futuro”;et
1540 559 1748 598 rursus
1761 544 1861 599 ait:
1889 544 1960 598 Et
1976 559 2070 617 ego

2201 538 2369 617 λόγον
2401 543 2536 597 κατά
2561 546 2659 597 τοῦ
2690 544 2819 597 Υἱοῦ
2873 546 2970 597 τοῦ
3015 542 3326 613 ἀνθρώπου,
3384 542 3708 619 ἀφεθήσεται
3760 541 3852 596 αύ-

432 632 683 704 «rogabo
708 634 1031 699 Patrem,et
1044 632 1229 687 alium
1253 631 1624 687 Paracletum
1644 631 2006 699 dabitvobis,
2026 636 2092 686 ut

429 720 767 776 «vobiscum
788 720 866 776 sit
886 720 948 775 in
972 725 1283 788 aaternum;
1299 719 1582 791 Spiritum
1597 720 1878 785 veritatis,
1911 736 2089 790 quem

436 810 728 867 «mundus
740 826 863 865 non
877 808 1516 881 potestaccipere,quia
1528 825 1647 863 non
1661 808 1965 866 videteum
1977 825 2088 864 nec

429 921 459 951 «
482 900 812 956 noviteum.
846 899 960 953 Vos
990 904 1190 954 autem
1222 898 1580 969 cognoscitis
1594 913 1752 965 eum,
1777 897 2087 969 quiaapud

435 1011 456 1040 ι
484 1006 584 1044 vos
605 993 827 1057 manet,
852 992 912 1043 et
934 988 994 1042 in
1015 986 1181 1042 vobis
1204 987 1318 1042 erit
1336 985 1384 1021 ⁸⁸
1409 1004 1423 1051 ;
1450 993 1508 1041 et
1527 987 1743 1041 iterum
1764 987 1927 1042 dicit:
1954 987 2086 1041 Haec

429 1078 719 1134 «locutus
752 1094 884 1133 sum
931 1076 1097 1132 vobis
1127 1076 1284 1148 apud
1311 1093 1410 1131 vos
1439 1092 1709 1131 manens.
1745 1076 2085 1132 Paracletus

429 1189 458 1218 ‹‹
481 1184 617 1222 vero
639 1167 893 1238 Spiritus
916 1172 1155 1221 sanctus
1189 1181 1367 1237 quem
1398 1166 1594 1219 mittet
1613 1167 1787 1220 Pater
1807 1166 1868 1220 in
1890 1166 2079 1221 nomi-

426 1280 456 1309 ‹‹
479 1273 554 1313 ne
580 1256 843 1321 meo,ille
864 1273 966 1311 vos
989 1255 1229 1312 docebit
1249 1257 1471 1325 omnia,
1497 1261 1552 1311 et
1576 1256 1820 1311 reducet
1840 1255 2003 1311 vobis
2020 1257 2081 1312 in

426 1369 455 1398 ι(
485 1347 837 1403 memoriam
868 1346 1069 1401 omnia
1111 1363 1243 1417 qua)
1272 1344 1390 1400 dixi
1421 1345 1586 1401 vobis
1617 1345 1692 1415 89;
1725 1362 2080 1417 rursumque

427 1454 455 1487 α
477 1435 728 1502 ait;Cum
751 1438 949 1489 autem
973 1433 1201 1488 venerit
1226 1433 1588 1503 Paracletus,
1616 1449 1792 1504 quem
1812 1450 1915 1506 ego
1941 1434 2079 1488 mit-

427 1546 456 1574 ιι
487 1530 607 1580 tam
628 1524 791 1579 vobis
836 1539 871 1578 a
891 1525 1085 1593 Patre,
1119 1523 1372 1594 Spiritus
1403 1523 1669 1593 veritatis
1719 1524 1820 1594 qui
1853 1540 1886 1579 a
1909 1526 2080 1579 Patre

419 1635 448 1663 ι(
473 1611 871 1684 procedit,ille
896 1612 1305 1667 testimonium
1327 1612 1667 1685 perhibebit
1688 1612 1761 1668 de
1781 1611 1947 1680 me”;
1967 1614 2077 1669 ite-

418 1724 447 1752 ‹‹
475 1718 729 1773 rumque
752 1701 1104 1758 Salvator:Si
1128 1703 1288 1757 enim
1310 1719 1416 1775 ego
1442 1719 1563 1757 non
1584 1701 2081 1768 abiero,Paracle-

422 1812 450 1843 «
475 1797 566 1846 tus
589 1808 710 1847 non
741 1797 832 1847 est
857 1796 1138 1846 venturus
1169 1789 1244 1848 ad
1273 1808 1394 1847 vos.
1428 1793 1497 1846 Et
1525 1807 1661 1846 cum
1690 1792 1919 1847 venerit
1948 1791 2074 1860 ille,

425 1902 453 1932 ‹‹
473 1887 681 1954 arguet
700 1882 989 1938 mundum
1012 1882 1084 1937 de
1102 1887 1432 1953 peccato,et
1447 1882 1520 1937 de
1533 1882 1793 1953 justitia,
1817 1887 1875 1938 et
1894 1883 1966 1939 de
1976 1883 2078 1955 ju-

420 1993 449 2021 «
475 1970 1027 2040 dicio";:etiterum
1051 1971 1112 2025 in
1134 1970 1908 2042 consequentibus:«Adhuc
1928 1971 2077 2027 mul-

424 2082 452 2110 ιι
477 2064 538 2115 ta
568 2059 758 2115 habeo
781 2058 943 2114 vobis
975 2059 1255 2126 dicenda;
1290 2059 1392 2115 sed
1420 2076 1539 2114 non
1572 2060 1819 2131 potestis
1841 2066 2075 2131 portare

434 2148 679 2204 «modo.
712 2149 855 2204 Cum
886 2154 1083 2204 autem
1107 2148 1336 2203 venerit
1358 2148 1482 2215 ille,
1514 2148 1762 2220 Spiritus
1791 2149 2074 2221 veritatis,

426 2260 455 2288 «
470 2237 765 2294 'edisseret
784 2235 950 2294 vobis
975 2253 1215 2293 omnem
1235 2238 1564 2294 veritatem.
1598 2238 1724 2292 Non
1744 2238 1904 2293 enim
1926 2254 1961 2294 a
1982 2255 2074 2293 se-

421 2349 452 2377 «
481 2327 735 2400 metipso
765 2327 1063 2399 loquetur:
1100 2326 1204 2382 sed
1234 2342 1608 2399 quascunque
1636 2326 1837 2382 audiet
1864 2326 2074 2399 loque-

423 2440 450 2467 ‹‹
472 2421 653 2485 tur,et
674 2401 805 2488 quae
829 2420 1077 2473 ventura
1099 2421 1239 2470 sunt
1257 2415 1638 2471 annuntiabit
1656 2415 1954 2471 vobis.llle
1976 2433 2071 2473 me

421 2525 450 2558 α
470 2505 847 2574 gloriﬁcabit,
880 2505 1021 2575 quia
1042 2504 1114 2559 de
1138 2520 1270 2559 meo
1298 2504 1570 2576 accipiet,
1603 2509 1662 2559 et
1689 2505 2070 2560 annuntiabit

416 2616 447 2646 «
476 2594 661 2651 vobis.
692 2594 905 2650 Omnia
930 2609 1302 2665 quacunque
1332 2594 1511 2649 habet
1540 2595 1714 2649 Pater
1742 2609 1876 2648 mea
1906 2601 2065 2650 sunt:

419 2688 785 2758 «propterea
823 2683 942 2738 dixi
990 2682 1176 2749 vobis,
1210 2682 1369 2755 quod
1414 2682 1487 2737 de
1535 2698 1668 2738 meo
1707 2682 1977 2754 accipiet,
2010 2690 2069 2739 et

416 2772 833 2830 «annuntiabit
847 2772 1068 2829 vobis".
1088 2772 1311 2844 nlpsius
1324 2789 1484 2827 nunc
1496 2771 1793 2845 Unigeniti
1806 2788 1976 2827 voces
1990 2772 2069 2827 le-

416 2863 495 2936 gi,
523 2866 589 2918 ut
614 2862 891 2918 humanis
913 2861 1043 2933 jam
1071 2860 1443 2916 sermonibus
1474 2877 1596 2915 non
1625 2860 1919 2916 attendas.

2196 636 2294 702 τῷ·
2328 630 2387 693 ὅς
2421 629 2489 685 δι’
2522 628 2580 686 ἄν
2626 632 2747 705 εἴπῃ
2804 629 2971 706 λόγον
3028 632 3167 686 κατὰ
3219 635 3315 686 τοῦ
3376 635 3689 704 Πνεῦματος
3745 634 3847 685 τοῦ

2196 718 2377 793 ἀγίου,
2410 719 2509 774 οὐκ
2537 720 2860 798 ἀφεθήσεται
2894 720 3060 791 αὐτῷ,
3109 718 3234 775 οὕτε
3290 720 3341 775 ἐν
3383 725 3465 791 τῷ
3507 721 3663 774 αἱῶνι
3711 722 3848 774 τού-

2194 829 2274 881 τῳ
2305 806 2434 864 οὔτε
2462 809 2514 865 ἐν
2545 814 2626 883 τῷ
2678 810 2958 884 μέλλοντι·
3008 813 3099 865 καὶ
3147 810 3311 867 πάλιν
3362 810 3514 888 φησί.
3577 809 3681 867 Καὶ
3730 809 3844 884 ἐγὼ

2193 897 2457 973 ἐρωτήσω
2484 900 2575 953 τὸν
2638 902 2868 975 Πατέρα,
2925 900 3014 954 καὶ
3072 897 3244 955 ἄλλον
3307 898 3668 972 Παράκλητον
3730 896 3845 953 δώ-

2195 1006 2272 1041 σει
2309 986 2462 1059 ὑμῖν,
2502 984 2596 1041 ’ἶνα
2656 989 2772 1060 μεθ’
2829 988 2981 1060 ὑμῶν
3119 992 3199 1060 (1)
3255 987 3330 1049 εἰς
3377 988 3470 1042 τὸν
3528 987 3717 1041 αἰῶνα·
3777 986 3843 1041 τὸ

2197 1080 2412 1149 Πνεῦμα
2494 1082 2595 1145 τῆς
2673 1076 2955 1146 ἀληθείας,
3013 1075 3042 1131 ’0'
3100 1078 3128 1132 6
3186 1076 3395 1148 κόσμος
3472 1076 3538 1131 οὐ
3616 1072 3842 1131 δύναται

2194 1159 2402 1233 λαϐεῖν,
2463 1166 2546 1219 ὅτι
2606 1164 2667 1220 ού
2726 1177 2916 1241 θεωρει
2971 1165 3123 1234 αὐτὸ,
3184 1162 3309 1220 ούδὶ
3374 1163 3625 1241 γινώσκει
3683 1164 3837 1219 αὐτό.

2193 1254 2347 1328 ὑμεῖς
2405 1252 2462 1308 δέ
2515 1255 2807 1328 γινώσκετε
2861 1254 3015 1323 αὐτὸ,
3087 1253 3171 1309 ὅτι
3257 1257 3384 1329 παρ’
3459 1254 3585 1327 ὑμῖν
3666 1254 3842 1325 μενει,

2188 1344 2276 1399 καὶ
2306 1341 2357 1398 ἐν
2419 1346 2544 1417 ὑμῖν
2606 1342 2774 1400 ἔσται·
2841 1344 2931 1399 καὶ
2988 1342 3153 1399 πάλιν
3212 1344 3382 1419 λέγει·
3440 1346 3619 1401 Ταῦτα
3671 1342 3841 1398 λελα-

2190 1432 2339 1505 ληκα
2398 1434 2527 1507 ὑμίν
2587 1436 2716 1510 παρ’
2770 1435 2900 1508 ὑμῖν
2984 1433 3182 1506 μένων·
3242 1436 3271 1490 6
3337 1430 3396 1489 δὶ
3452 1430 3839 1509 Παράκλητος,

2186 1523 2249 1577 τὸ
2309 1527 2526 1597 Πνεῦμα
2579 1523 2643 1579 τὸ
2704 1525 2878 1601 ἅγιον,
2941 1526 2971 1578 6'
3025 1522 3229 1597 πέμψει
3287 1525 3316 1578 6
3374 1523 3564 1597 Πατὴρ
3645 1522 3699 1577 ἐν
3757 1527 3840 1595 τῷ

2188 1610 2417 1686 ὀνόματί
2478 1633 2584 1685 μου
2647 1615 2743 1686 (2),
2835 1612 3040 1675 ἐκεῖνος
3124 1610 3327 1683 διδάξει
3414 1612 3554 1684 ὑμᾶς
3635 1612 3836 1681 πάντα,

2186 1700 2276 1756 καὶ
2344 1702 2652 1775 ὑπομνήσει
2718 1703 2857 1775 ὑμᾶς
2943 1703 3116 1757 πάντα
3172 1702 3205 1756 ἂ
3261 1704 3412 1756 εἷπον
3502 1702 3654 1774 ὑμῖν·
3739 1703 3833 1756 καὶ

2185 1787 2352 1845 πάλιν
2425 1811 2610 1868 φησιν·
2664 1792 2830 1849 ’Ὀταν
2911 1789 2969 1846 δὲ
3043 1788 3173 1865 ἔλθῃ
3227 1790 3257 1845 6
3314 1790 3695 1863 Παράκλητος,
3774 1786 3833 1845 ὅν

2188 1877 2293 1955 ἐγὼ
2349 1881 2552 1953 πέμψω
2609 1881 2737 1952 ὑμῖν
2812 1881 2958 1955 παρά
3032 1884 3129 1935 τοῦ
3208 1880 3439 1956 Πατρὸς,
3494 1880 3557 1935 τὸ
3614 1883 3838 1953 Πνεῦμα

2184 1973 2285 2037 τῆς
2336 1966 2618 2043 ἀληθείας,
2679 1968 2711 2023 6'
2786 1969 2932 2044 παρά
3009 1968 3107 2023 τοῦ
3177 1970 3388 2043 Πατρὸς
3461 1967 3833 2045 ἐκπορεύεται·

2189 2056 2394 2121 ἐκεῖνος
2426 2059 2759 2133 μαρτυρήσει
2815 2059 2941 2133 περὶ
2998 2057 3154 2129 ἐμοῦ·
3210 2057 3302 2112 καὶ
3357 2058 3521 2113 πάλιν
3554 2059 3833 2132 ὁΣωτήρ·

2184 2145 2309 2201 Ἐὰν
2391 2148 2496 2221 γὰρ
2578 2146 2681 2223 ἐγὼ
2772 2148 2848 2220 μή
2936 2145 3178 2217 ἀπέλθω,
3242 2149 3270 2202 6
3328 2145 3690 2222 Παράκλητος
3766 2149 3832 2204 οὗ

2188 2236 2264 2308 μὴ
2320 2233 2538 2311 ἔρχεται
2605 2236 2740 2310 πρὸς
2804 2236 2961 2308 ὑμᾶς.
3023 2236 3129 2291 Καὶ
3186 2234 3359 2300 ἐλθὼν
3411 2237 3618 2300 ἐκεῖνος
3675 2236 3835 2315 ἐλεγ-

2183 2324 2259 2395 ξει
2313 2325 2405 2379 τὸν
2459 2320 2667 2396 κόσμον
2724 2325 2847 2400 περὶ
2908 2323 3199 2400 ἁμαρτίας,
3260 2325 3348 2380 καὶ
3421 2326 3547 2401 περὶ
3620 2323 3832 2383 δικαιοο

2182 2412 2367 2483 σύνης,
2426 2413 2515 2468 καὶ
2568 2413 2692 2489 περὶ
2748 2413 2998 2489 κρίσεως·
3058 2415 3149 2469 καὶ
3233 2414 3356 2485 ἑξῆς
3435 2415 3624 2471 πάλιν·
3709 2419 3828 2474 Ἔτι

2180 2500 2366 2558 πολλὰ
2422 2500 2538 2578 ἔχω
2597 2501 2771 2579 λέγειν
2835 2503 2984 2576 ὑμῖν,
3043 2501 3167 2559 ἀλλ’
3219 2503 3281 2558 ού
3347 2502 3574 2569 δύνασθε
3633 2507 3830 2581 βαστά-

2180 2596 2287 2660 ζειν
2320 2588 2460 2666 ἅρτι·
2518 2594 2682 2649 ’Όταν
2744 2589 2801 2647 δὲ
2856 2587 2991 2660 ἔλθη
3052 2591 3281 2665 ἐκεῖνος,
3337 2595 3400 2651 τὸ
3453 2601 3675 2668 Πνεῦμα
3725 2605 3826 2668 τῆς

2176 2682 2455 2753 ἀληθείας,
2516 2679 2836 2758 διηγήσεται
2893 2687 2968 2755 (3)
3028 2684 3156 2756 ὑμῖν
3208 2686 3308 2755 τήν
3405 2686 3664 2757 ἀλήθειαν
3724 2694 3826 2743 πᾶ·

2177 2792 2292 2829 σαν.
2380 2770 2456 2830 Οὐ
2542 2772 2646 2848 γάρ
2723 2773 2812 2842 ἀφ’
2899 2772 3091 2828 ἐαυτοῦ
3177 2771 3430 2845 λαλήσει·
3518 2774 3646 2832 ἀλλ’
3729 2777 3830 2833 ὅσα

2174 2860 2391 2916 ἀκούσει
2424 2858 2676 2931 λαλήσει,
2735 2860 2827 2916 καὶ
2873 2862 2941 2916 τά
2992 2860 3272 2937 ἐρχόμενα
3326 2863 3615 2937 ἀναγγελεῖ
3672 2865 3821 2936 ὗμιν.

416 2949 657 3013 Ἐκεῖνος
686 2948 784 3022 ἐμὲ
813 2945 1050 3019 δοξάσει,
1081 2947 1164 3002 ὅτι
1198 2946 1258 3002 ἐκ
1279 2950 1377 3002 τοῦ
1408 2945 1545 3020 ἐμοῦ
1577 2945 1836 3021 λήψεται,
1865 2948 1955 3002 καὶ
2015 2948 2305 3024 ἀναγγελεῖ
2355 2951 2505 3023 ὑμῖν.
2553 2952 2737 3007 Ηάντα
2788 2952 2886 3005 ὅσα
2933 2948 3050 3026 ἔχει
3081 2955 3110 3005 6
3144 2952 3349 3026 Ηατήρ,
3395 2950 3498 3023 ἐμὲ
3545 2951 3676 3005 ἐστι·
3727 2949 3820 3007 διά

418 3040 582 3092 τοῦτο
613 3038 766 3091 εἷπον
798 3036 951 3109 ὑμῖν,
984 3036 1068 3090 δτι
1101 3034 1161 3090 ἐκ
1180 3038 1277 3090 τοῦ
1308 3034 1444 3108 ἐμοῦ
1475 3035 1733 3110 λήψεται,
1767 3036 1851 3090 καὶ
1886 3035 2175 3113 ἂναγγελεῖ
2229 3038 2377 3110 ὑμῖν.
2430 3037 2606 3096 Αὐτοῦ
2651 3043 2750 3094 τοῦ
2797 3041 3137 3116 Μονογενοῦς
3183 3044 3270 3094 νῦν
3311 3039 3536 3115 ἀνέγνων
3587 3060 3672 3094 σοι
3720 3039 3818 3104 τὰς

420 3127 626 3203 φωνὰς,
655 3126 747 3180 ἳνα
774 3126 852 3198 μή
884 3124 1162 3200 προσέχῃς
1193 3124 1555 3201 ἀνθρωπίνοις
1589 3125 1816 3200 ῥήμασι.

491 3217 615 3270 XII.
674 3215 861 3286 Hujus
920 3214 1109 3271 sancti
1164 3214 1414 3287 Spiritus
1470 3215 2073 3272 communicationem
2106 3218 2149 3283 C

417 3302 704 3375 apostolis
726 3303 1367 3375 impertivit;scriptum
1389 3320 1646 3374 namque
1660 3309 1770 3359 est:
1796 3328 1824 3354 ‹‹
1849 3306 1919 3359 Et
1937 3321 2073 3361 cum

415 3393 565 3448 «hoc
585 3391 851 3462 dixisset,
870 3391 1280 3458 insufﬂavit,et
1296 3391 1440 3447 dicit
1461 3392 1567 3448 eis:
1604 3392 1864 3463 Accipite
1888 3392 2071 3464 Spiri-

412 3488 577 3537 «tum
597 3482 1395 3553 sanctuszuorumcunque
1418 3481 1769 3536 remiseritis
1802 3488 2067 3553 peccata,

414 3570 835 3626 «remittuntur
857 3570 1465 3641 eis;quorumcunque
1481 3570 2068 3637 retinueritis,reten-

414 3683 442 3711 «
467 3664 528 3715 ta
560 3664 700 3714 sunt
728 3657 797 3715 ⁷³.
827 3681 856 3710 ››
891 3658 1094 3715 Altera
1124 3659 1249 3714 haec
1280 3658 1608 3714 insufﬂatio
1641 3664 1749 3726 est,
1784 3662 2066 3731 quoniam

411 3746 979 3821 prior7‘voluntariis
996 3749 1091 3805 21
1103 3750 1141 3803 I
1171 3748 1429 3820 peccatis
1443 3748 1757 3804 obscurata
1769 3749 1979 3816 fuerat;
2001 3755 2071 3806 ut

411 3837 762 3910 impleretur
775 3837 935 3910 quod
949 3844 1040 3893 est
1054 3837 1364 3909 scriptum:
1390 3859 1418 3886 ιι
1440 3837 1724 3892 Ascendit
1736 3838 1984 3894 sufﬂans
2001 3839 2064 3894 in

410 3926 658 3983 «faciem
672 3932 855 3994 tuam,
878 3925 1140 3981 liberans
1154 3930 1211 3979 te
1225 3924 1296 3979 ab
1312 3923 1699 3980 afﬂictione".
1726 3947 1756 3976 »
1776 3925 1932 3982 Illud
1953 3944 2066 3983 au-

412 4014 1133 4083 tem,ascendit,undenam
1148 4012 1404 4069 scilicet?
1420 4015 1499 4068 Ex
1515 4013 1767 4069 inferno.
1792 4015 1882 4070 Sic
1905 4017 2065 4071 enim

410 4111 615 4161 narrat
633 4105 1036 4178 Evangelium,
1060 4103 1218 4174 quod
1250 4109 1385 4175 post
1412 4105 1910 4160 resurrectionem
1927 4110 2067 4162 tunc

407 4193 751 4251 insufﬂavit.
784 4192 831 4229 ⁷⁸
864 4194 1078 4247 Verum
1095 4192 1198 4246 dat
1227 4190 1503 4263 equidem
1518 4192 1629 4247 hoc
1644 4198 1911 4265 tempore
1932 4211 2067 4268 gra-

406 4283 570 4338 tiam:
595 4282 839 4355 adjiciet
858 4297 994 4337 vero
1022 4280 1397 4337 auctuarium
1418 4279 1843 4350 abundantius,
1865 4283 2065 4355 aitque

2259 3217 2363 3275 IB‘.
2390 3218 2594 3273 Τεύτου
2648 3221 2746 3273 τοῦ
2802 3218 2959 3291 ἀγίου
3018 3217 3329 3291 Πνεύματος
3383 3218 3482 3285 τήν
3535 3218 3821 3274 κοινωνίαν

2183 3303 2480 3379 ἐχαρίσατο
2504 3309 2622 3368 τοῖς
2660 3304 3011 3368 ἀποστόλοις·
3043 3308 3341 3382 γέγραπται
3393 3307 3519 3383 γάρ·
3572 3307 3671 3363 Καὶ
3697 3311 3824 3363 τοῦ·

2178 3413 2240 3447 το
2291 3391 2458 3447 εἰπὼν
2516 3392 2829 3471 ἐνεφύσησε,
2914 3394 3004 3450 καὶ
3089 3393 3235 3469 λέγει
3318 3394 3527 3458 αὐτοῖς·
3618 3391 3823 3453 Λάϐετε

2175 3485 2397 3555 Πνεῦμα
2454 3481 2630 3556 ἃγιον·
2695 3488 2790 3539 ’Ἂν
2873 3503 3032 3537 τινων
3106 3484 3281 3560 ἀφῆτε
3360 3483 3455 3546 τάς
3532 3484 3818 3560 ἁμαρτίας,

2175 3569 2417 3647 ἀφίενται
2476 3572 2683 3634 αὐτοῖς·
2742 3572 2802 3627 ἄν
2872 3593 3035 3627 τινων
3110 3579 3367 3647 κρατῆτε,
3438 3574 3817 3649 κεκράτηνται.

2177 3659 2437 3734 Δεύτερον
2460 3658 2758 3738 ἐμφύσημα
2784 3664 2968 3731 τοῦτο,
3028 3657 3217 3729 ἐπειδὴ
3265 3662 3328 3716 τὸ
3379 3664 3596 3737 πρῶτον
3637 3664 3821 3735 ἡμαυ-

2177 3750 2327 3823 ρώθη
2364 3747 2454 3804 διά
2480 3751 2576 3813 τὰς
2605 3747 2884 3812 ἑκουσίους
2935 3749 3203 3824 ἁμαρτίας
3254 3752 3352 3822 )4)·
3401 3748 3491 3805 ’ίνα
3541 3749 3817 3825 πληρωθῇ

2174 3839 2237 3894 τὸ
2312 3839 2715 3914 γεγραμμένον.
2803 3832 2994 3908 Ἀνέϐη
3070 3837 3326 3916 ἐμφυσῶν
3400 3837 3479 3901 εἷς
3529 3839 3590 3893 τὸ
3645 3837 3820 3914 πρόσ-

2177 3927 2324 3982 ωπόν
2356 3948 2474 3997 σου,
2504 3926 2596 3981 καὶ
2628 3926 3010 4003 ἐξαιρούμενός
3069 3946 3127 3981 σε
3178 3926 3238 3982 ἐκ
3294 3925 3555 4000 θλίψεως.
3607 3926 3685 3984 Τὸ
3736 3924 3815 3996 δὲ,

2175 4010 2393 4090 Ἀνὲϐῃ,
2423 4014 2585 4079 πόθεν
2620 4037 2634 4085 ς
2664 4021 2757 4071 Ἐκ
2803 4019 2899 4070 τοῦ
2956 4012 3112 4085 ᾇδου·
3163 4014 3308 4070 οὕτω
3363 4015 3464 4091 γάρ
3516 4012 3817 4090 διηγήσατο

2174 4104 2236 4159 τὸ
2269 4104 2629 4181 Εὐαγγέλιον,
2661 4103 2743 4159 ὅτι
2778 4103 2911 4177 μετά
2958 4111 3058 4172 τήν
3110 4104 3412 4172 ἀνάστασιν,
3464 4103 3588 4159 τότε
3630 4103 3815 4177 ἐνεφύ-

2176 4212 2358 4262 σησεν.
2403 4192 2575 4250 Ἀλλά
2628 4190 2818 4247 δίδωσι
2873 4193 2968 4266 μὶν
3021 4197 3113 4247 νῦν
3165 4194 3266 4262 τὴν
3328 4194 3513 4268 χάριν,
3569 4190 3817 4267 ἐπιδαψι-

2176 4280 2389 4338 λεύεται
2424 4280 2481 4337 δὲ
2509 4282 2595 4337 επὶ
2626 4282 2836 4337 πλεῖον·
2882 4281 2972 4336 καί
3003 4301 3135 4359 φησι
3180 4282 3317 4358 πρὸς
3364 4282 3581 4344 αὐτούς·
3630 4284 3815 4339 ’Ἑτοι-

472 4435 516 4510 ‘j
545 4434 884 4510 Matthxxu,
914 4433 1013 4510 ξε,
1040 4433 1129 4498 31,
1163 4434 1252 4486 32.
1323 4430 1381 4510 ff
1404 4435 1721 4510 ,Ιοιιιιζιιινε
1760 4438 1845 4502 16,
1880 4439 2009 4510 l7.“
2041 4436 2070 4471 θ’

2182 4436 2266 4493 id.
2306 4440 2394 4503 25,
2428 4440 2562 4510 26.”
2594 4436 2641 4471 ⁷ο
2669 4439 2835 4510 Ιίοαιι.
2890 4453 2982 4501 xv,
3031 4437 3122 4492 26.
3198 4435 3245 4470 ⁷1
3291 4438 3457 4494 Joan.
3511 4456 3618 4508 xw,
3669 4443 3721 4510 7,
3754 4441 3807 4496 8.

402 4504 449 4542 π
479 4505 622 4561 ibid.
660 4505 771 4562 124
785 4508 837 4561 ὅ.

914 4503 962 4540 ⁷³
990 4505 1157 4560 Joan.
1193 4520 1288 4569 xx,
1319 4505 1407 4559 22.
1483 4502 1531 4538 “¹⁴
1565 4502 1714 4563 Gen.
1742 4523 1804 4574 ιι,
1836 4511 1889 4563 7.
1965 4506 2014 4541 ⁷⁵
2044 4510 2070 4563 I‘

2181 4525 2272 4563 um
2298 4524 2359 4578 ιι,
2384 4502 2443 4564 1.
2519 4507 2566 4543 ⁷⁸
2602 4509 2727 4564 Vid.
2756 4515 2864 4563 cat.
2904 4510 2990 4575 16,
3022 4524 3080 4563 n.
3109 4511 3199 4564 26.

406 4658 563 4731 apud
592 4658 1260 4731 veteresinterpretatio
1293 4662 1404 4714 est.
1436 4659 1523 4714 Ita
1552 4660 1682 4715 Naz.
1705 4665 2048 4727 orat.xxx1x,

2181 4679 2241 4713 ru
2275 4660 2413 4729 ὑμᾶς
2441 4656 2529 4713 ἐπὶ
2553 4660 2653 4728 τήν
2684 4658 2966 4731 ἀλήθειαν.
3027 4662 3167 4716 Post
3224 4658 3455 4730 λαλήσει
3512 4663 3810 4718 intrusum

410 4729 539 4802 pag.
573 4733 715 4786 63¢:
780 4729 977 4786 Victor
1009 4729 1436 4802 ’Antiocbenus
1488 4732 1547 4784 in
1606 4747 1726 4802 cap.
1782 4747 1801 4785 ι
1857 4734 2051 4797 Marci,

408 4800 556 4858 vers.
590 4805 622 4857 9
648 4820 663 4869 ;
696 4802 948 4873 Severus
968 4800 1381 4873 ,Antiochenus
1408 4803 1469 4873 in
1496 4800 1814 4873 Joanfcap.
1842 4808 2050 4870 x1x,l7,

410 4873 471 4927 in
501 4874 721 4945 Catena
743 4871 1023 4945 Corderii.
1070 4872 1353 4945 Origenes
1408 4872 1571 4931 hom.
1618 4876 1649 4926 2
1700 4871 2054 4945 iniGenesim

408 4944 617 5000 eadem
645 4943 1005 4999 deomnibus
1025 4943 1386 4999 animalibus
1403 4944 1464 4998 in
1490 4960 1626 4999 arca
1647 4945 1765 4999 Noe
1782 4944 2051 5014 inclusis,

407 5015 677 5087 omnium
698 5015 1009 5070 hominum
1036 5015 1443 5087 inchclesiam
1468 5015 1684 5070 Christi
1716 5016 2051 5087 ingredien-

408 5085 555 5140 tium
578 5086 835 5157 _flguram
857 5085 1224 5153 gestantibus
1255 5086 1515 5141 affirmat
1539 5103 1552 5152 ;
1587 5103 1718 5157 qua)
1743 5085 1955 5143 deinde
1978 5088 2051 5142 ab

408 5155 1140 5229 omnibusinterpretibus
1171 5158 1422 5229 repetita
1452 5162 1609 5213 sunt.

415 5296 429 5315 ο
612 5224 953 5315 Μεθ’..ὑμων
1008 5224 1419 5315 ΠῙΙΙ.“;88οΓΟ
1492 5234 1674 5297 textu,
1736 5227 1870 5315 μένῃ
1932 5230 2050 5302 μεθ’

410 5298 583 5371 ὑμῶν,
618 5305 683 5352 ut
708 5298 885 5352 etiam
917 5298 1058 5370 legit
1086 5298 1339 5369 Cyrillus
1372 5316 1525 5370 sup.,
1558 5298 1808 5355 num.'4.
1846 5298 1856 5303 ⁷
1933 5298 1943 5302 ’

477 5370 554 5441 (2)
587 5368 673 5423 Έν
701 5388 794 5441 τῳ,
833 5365 1059 5436 ὂνὸματί
1112 5389 1237 5439 μου.
1274 5369 1376 5441 ,Αά
1429 5370 1555 5425 hanc
1601 5372 1775 5427 verba
1831 5372 2053 5428 notavit

404 5440 754 5519 scholiastos
775 5440 844 5519 ‘in
865 5441 1141 5519 ,φανεῖ-ηε
1166 5440 1311 5519 _cod.
1352 5442 1491 5519 ﬁoe
1518 5459 1529 5496 :
1566 5442 1773 5519 lli.me
1805 5443 1832 5495 6
1865 5444 2049 5519 Πατὴρ

406 5510 495 5566 καὶ
525 5512 553 5565 6
585 5510 707 5571 Υἱὸς
735 5508 798 5563 τὸ
856 5508 1035 5582 ἅγιον“
1056 5514 1292 5576 Πνεῦμα·
1343 5513 1515 5566 Mittit
1572 5508 1738 5569 Pa'ler
1784 5522 1836 5570 et
1875 5508 2052 5571 Filiiis

408 5586 683 5656 Spiritum
710 5588 980 5656 sanctum.
1015 5583 1162 5637 Vera
1193 5583 1318 5637 haec
1350 5583 1612 5654 quidem,
1656 5586 1759 5641 sed
1786 5586 1927 5642 satis
1959 5588 2046 5642 in-

408 5653 556 5714 utite
587 5653 900 5711 scholium.

477 5729 555 5800 (3)
586 5725 939 5801 Διηγήσεται,
973 5730 1085 5781 etc.
1146 5724 1335 5780 Aliter
1389 5724 1520 5780 cod.
1581 5726 1784 5796 Coisl.,
1838 5723 2048 5803 ὁδηγή-

2167 4739 2259 4787 est
2288 4732 2347 4786 in
2381 4732 2576 4797 editis,
2606 4730 2696 4784 καὶ
2757 4729 2945 4799 πάλιν,
3001 4733 3158 4803 quod
3216 4729 3363 4789 cum
3402 4735 3810 4789 continuatam

2164 4803 2481 4875 evangelici
2514 4804 2626 4876 loci
2659 4803 2753 4857 hic
2773 4804 3007 4876 allegati
3034 4804 3249 4876 seriem
3267 4806 3607 4876 importune
3635 4806 3812 4860 inter-

2164 4874 2418 4946 rumpat,
2454 4874 2914 4945 sufl‘ragantibus
2945 4874 3116 4930 codd.
3147 4874 3372 4944 Ottob.,
3390 4877 3591 4944 Coisl.,
3615 4880 3731 4932 Boe
3752 4883 3813 4932 et

2163 4945 2419 5016 Casaub.
2455 4946 2871 5016 expunximus.

2235 5015 2436 5090 (4)‘At&
2470 5015 2576 5090 Δτάς
2628 5015 2905 5090 ἑκουσίους
2964 5015 3251 5090 ἁμαρτίας.
3314 5020 3515 5087 Coisl.,
3571 5017 3660 5073 διά
3712 5019 3809 5079 τάς

2162 5083 2365 5161 ﬁngit;
2376 5105 2430 5145 κς
2459 5086 2751 5161 ἀσθενείας,
2777 5083 3012 5161 propter
3034 5083 3247 5145 nostras
3274 5083 3645 5159 inﬁrmitates.
3662 5093 3808 5146 Nota

2162 5159 2447 5245 Cyrillum
2478 5159 2832 5245 de‘S‘piritus
2865 5162 3068 5245 sancti.
3095 5163 3283 5234 gratia
3310 5162 3809 5245 intelligere__pr.i-

2162 5246 2319 5304 mam
2352 5230 2515 5286 illam
2548 5230 2754 5286 Adami
2786 5230 3275 5297 insufflationem,
3308 5250 3425 5304 qua
3478 5230 3806 5289 similitudo

2162 5302 2263 5356 Dei
2298 5304 2356 5356 in
2389 5304 2589 5357 anima
2618 5304 2908 5374 impressa
2936 5309 3044 5357 est.
3078 5304 3202 5358 Vid.
3245 5302 3354 5359 cat.
3392 5306 3479 5371 14,
3512 5322 3678 5361 num.
3716 5308 3801 5363 10.

2161 5374 2241 5427 Ea
2273 5374 2592 5428 multorum
2626 5376 2866 5429 Patrum
2897 5377 3193 5431 sententia
3211 5376 3342 5442 fuit,
3376 5376 3457 5431 ita
3487 5384 3553 5431 ut
3573 5379 3802 5432 Philas-

2160 5445 2309 5517 trius
2342 5445 2614 5500 haeresim
2663 5462 2695 5500 L
2742 5446 3065 5501 constituat
3113 5464 3182 5502 ex
3230 5447 3303 5501 iis
3352 5449 3452 5517 qui
3504 5449 3805 5504 contraria

2161 5515 2442 5598 sentiunt.
2464 5517 2549 5598 [In
2585 5518 2855 5598 sequenti
2876 5518 3192 5598 .propbetaa
3221 5515 3583 5598 testimonio,
3619 5522 3802 5591 parti-

2159 5587 2352 5663 culam
2374 5585 2475 5663 καί
2504 5594 2641 5663 ante
2670 5585 3061 5663 ἐξαιρούμενος
3119 5588 3394 5663 positam,
3444 5585 3581 5663 qua)»
3617 5585 3734 5647 tam
3769 5609 3805 5648 ο.

2158 5657 2331 5713 codd.
2365 5658 2567 5731 Coisl.,
2601 5661 2741 5726 Roe,
2774 5657 3027 5731 casaub.
3054 5657 3315 5715 et‘Grod.
3351 5657 3530 5731 quam
3566 5678 3600 5718 a
3630 5679 3801 5718 sacro

2160 5733 2322 5784 textu
2353 5729 2537 5799 abest,
2571 5730 2986 5802 expunximus.
