4148 6286
336 324 353 343 ‘
388 337 510 399 985

1252 330 1729 396 CATECHESIS
1769 332 1957 394 XVII.
2003 334 2113 393 DE
2155 333 2470 398 SPIRITU
2514 335 2815 399 SANCTO
2860 340 2940 401 Il.

3681 341 3803 403 986

395 492 499 545 μος
533 470 625 544 μὲν
659 471 774 546 εἰμι
805 475 899 526 τοῦ
930 467 1113 525 δοῦναι
1154 471 1243 524 καὶ
1274 473 1390 538 νῦν,
1418 465 1572 522 οὔπω
1603 465 1660 523 δὲ
1706 466 1768 521 τὸ
1819 466 2035 542 ἀγγεῖον

2154 469 2228 524 ad
2259 469 2394 525 illos
2421 486 2432 525 :
2463 470 2707 527 Paratus
2739 473 2980 544 quidem
3014 490 3146 529 sum
3177 491 3337 531 nunc
3359 491 3595 547 quoque
3638 477 3804 532 vobis

392 566 589 636 χωρεῖ.
622 561 772 623 Τέως
821 561 916 633 μὲν
946 558 1038 614 οῦν
1081 554 1275 614 λάϐετε
1302 560 1401 627 τὴν
1459 557 1619 634 χάριν
1677 555 1810 627 ὅσην
1838 561 2046 632 χωρεῖ-

2153 558 2294 614 dare
2319 576 2331 614 :
2360 559 2463 615 sed
2490 560 2756 617 nondum
2774 580 2872 618 vas
2902 580 3112 634 capere
3144 569 3374 635 potest;
3398 564 3805 639 hactenusigi-

389 652 581 724 τε
634 646 923 724 ἐκδέχεσθε
981 646 1040 703 δὲ
1093 648 1186 703 καὶ
1240 645 1492 703 πλείονα.
1525 647 1706 719 Ὑμεῖς
1737 643 1796 701 δὶ
1824 645 2042 700 καθίσα-

390 760 451 795 τε
508 738 560 794 ἰν
617 741 687 812 τῇ
746 737 907 794 πόλει
981 733 1348 812 Ἰερουσαλὴμ
1380 779 1395 806 ,
1450 733 1556 798 ἕως
1632 733 1692 789 ἃν
1752 731 2045 804 ἐνδύσησθε

394 826 622 901 δύναμιν
694 826 747 897 ἐξ
832 825 1000 901 ὕψους
1034 869 1047 883 .
1108 827 1219 882 Νῦν
1302 819 1498 880 λάϐετε
1582 826 1838 898 μερικῶςο
1921 818 2044 878 τότε

394 916 646 993 φορὲσετε
704 916 1032 976 αὐτοτελῶς.
1088 915 1149 972 Ὀ
1182 914 1277 986 μὶν
1307 912 1407 988 γὰρ
1452 909 1770 987 δεχόμενος,
1827 909 2039 966 πολλά-

389 1027 476 1067 κις
513 1010 749 1079 μερικῶς
784 1002 898 1080 ἔχει
927 1004 990 1059 τὸ
1039 1001 1322 1076 διδόμενον
1376 1005 1468 1075 (2)·
1503 1004 1532 1057 6
1587 999 1645 1057 δὲ
1700 997 2038 1075 ἐνδυόμενος,

394 1095 499 1149 ὑπὸ
550 1100 650 1162 τῆς
706 1092 912 1162 στολῆς
967 1092 1308 1168 πανταχόθεν
1365 1092 1699 1167 περιεχεται.
1735 1091 1827 1158 Μὴ
1857 1083 2038 1167 φοϐη-

388 1186 536 1254 θῆτε,
570 1183 756 1260 φησὶν,
789 1179 935 1238 ὅπλα
980 1177 1241 1238 διαϐόλου
1292 1182 1379 1238 καὶ
1440 1180 1598 1258 βέλη·
1657 1177 1911 1256 φορέσετε
1936 1180 2037 1257 γὰρ

388 1269 618 1345 δύναμιν
666 1271 983 1345 Πνεῦματος
1031 1272 1184 1348 ἁγίου
1235 1270 1629 1346 (μνημονεύετε
1682 1267 1740 1325 δὲ
1784 1273 1892 1325 τῶν
1942 1269 2036 1346 ἆρ-

381 1363 514 1425 τίὼς
547 1361 878 1437 εἰρημένων,
935 1357 1016 1416 ὅτι
1077 1364 1296 1433 Πνεῦμα
1354 1360 1419 1415 οὖ
1454 1360 1795 1435 μεμέρισται,
1852 1356 2034 1428 ἀλλ’ἢ

382 1447 454 1506 δι’
483 1449 649 1506 αὐτοῦ
680 1450 893 1525 χάρις).

458 1630 554 1688 Il".
588 1627 823 1699 Ἀνῆλθε
876 1630 1057 1685 τοίνυν
1091 1630 1120 1684 ὁ
1152 1630 1361 1700 Ἰησοῦς
1392 1628 1466 1690 εἰς
1496 1625 1759 1703 οὐρανοὺς
1813 1627 1903 1682 καὶ
1934 1627 2033 1695 τὴν

381 1717 703 1795 ἐπαγγελίαν
797 1717 1115 1795 ἐπλήρωσεν
1152 1738 1163 1752 ’
1228 1720 1342 1773 εἶπε
1420 1719 1523 1794 γάρ
1601 1717 1736 1791 πρὸς
1794 1714 1986 1778 αὐτούς
2018 1733 2032 1746 ·

382 1808 552 1901 ἘγὼΔ
585 1806 849 1883 ἐρωτήσω
906 1808 996 1863 τὸν
1036 1807 1249 1901 Πατέρα
1282 1850 1296 1875 ,
1348 1808 1444 1901 καὶ
1516 1804 1686 1862 ἄλλον
1746 1804 2036 1901 Παράκλησ
2064 1835 2112 1901 Β

377 1918 469 1954 τον
531 1895 693 1952 δώσει
751 1897 905 1970 ὑμῖν.
937 1892 1286 1966 Ἐκαθέζοντο
1344 1893 1701 1972 ἐκδεχομενοι
1750 1896 1851 1964 τήν
1897 1913 2032 1967 παρ-

383 1986 564 2042 ουσίαν
617 1984 714 2042 τοῦ
771 1985 926 2062 ἁγίου
984 1985 1319 2058 Πνεύματος’
1380 1986 1480 2041 Καὶ
1535 1984 1588 2040 ἐν
1647 1988 1728 2056 τῷ
1775 1981 2033 2056 συμπλη-

385 2075 735 2148 ροῦσθαιτήν
798 2076 1008 2149 ἡμέραν
1066 2080 1166 2143 τῆς
1224 2076 1630 2145 ΙΙεντηκοστῆς,
1684 2072 1904 2127 ἐνταῦθα
1935 2074 2035 2146 (3),

385 2164 439 2220 ἐν
484 2162 651 2240 ταύτῃ
709 2167 778 2237 τῇ
838 2159 998 2219 πόλει
1052 2162 1434 2237 Ἰερουσαλήμ·
1496 2163 1762 2237 ἡμετερον
1814 2161 1912 2237 γὰρ
1944 2160 2032 2216 καὶ

377 2258 541 2310 τοῦτο
587 2253 652 2309 τὸ
699 2252 917 2326 ἀξίωμα
965 2253 1057 2308 καὶ
1113 2250 1415 2326 λαλοῦμεν,
1469 2252 1531 2307 οὗ
1588 2251 1713 2326 περῖ
1772 2254 1879 2305 τῶν
1906 2251 2034 2325 παρ’

379 2342 585 2418 ἕτεροις
615 2344 991 2419 γεγενημένων
1032 2341 1267 2417 ἀγαθῶν,
1303 2340 1449 2397 ἀλλᾶ
1485 2344 1592 2397 τῶν
1622 2340 1749 2413 παρ’
1779 2341 1914 2411 ἡμῖν
1944 2360 2035 2394 κε-

379 2430 751 2509 χαρισμένων.
788 2434 901 2500 Τῆς
941 2436 1317 2500 Πεντηκοστῆς
1347 2431 1438 2485 οὖν
1494 2429 1684 2500 οὔσης,
1716 2427 2033 2497 ἐκαθέζοντο

378 2519 470 2576 καί
498 2521 809 2596 κατήρχετο
840 2521 869 2575 6
899 2520 1298 2595 Ππαράκλητος
1325 2518 1377 2590 ἐξ
1431 2518 1684 2590 οὐρανοῦ.
1708 2524 1766 2573 Ὀ
1796 2517 2031 2596 φρουρὸς

378 2609 473 2665 καὶ
505 2609 792 2684 άγιοποιὸς
821 2611 921 2680 τῆς
951 2609 1296 2680 Ἐκκλησίας,
1318 2610 1346 2664 6
1378 2606 1663 2679 διοικητὴς
1680 2613 1787 2665 τῶν
1816 2612 2031 2683 ψυχῶν,

384 2702 414 2755 6
445 2695 782 2775 κυϐερνήτης
830 2704 937 2755 τῶν
1001 2699 1448 2775 χειμαζομὲνων,
1481 2700 1507 2754 6
1539 2699 1880 2776 φωταγωγὸς
1924 2702 2030 2753 τῶν

379 2788 836 2863 πεπλανημένων,
912 2789 1003 2845 καὶ
1088 2789 1388 2860 ἀθλοθέτης
1427 2793 1536 2844 τῶν
1596 2788 2031 2865 ἀγωνιζομένων,

377 2879 465 2935 καὶ
500 2881 849 2956 πεφανωτής
876 2883 984 2934 τῶν
1008 2876 1401 2955 νενικηκότων.

447 2968 544 3026 ΙΔ’.
614 2970 944 3044 Κατήρχετο
1003 2964 1082 3037 δὶ,
1138 2967 1227 3022 ἳνα
1283 2964 1478 3041 ἐνδύσῃ
1531 2964 1765 3040 δύναμιν
1820 2967 1911 3021 καὶ
1938 2967 2033 3021 ἳνα

382 3056 615 3133 βαπτῖση
670 3061 745 3130 (4)
791 3055 921 3118 τοὺς
976 3055 1340 3119 ἀποστόλους.
1401 3057 1560 3132 Λέγει
1617 3053 2029 3130 γὰρδΚύριος.

374 3145 555 3219 Ὑμεῖς
617 3145 1047 3222 βαπτισθήσεσθε
1095 3144 1146 3199 ἐν
1207 3144 1478 3218 Πνεόματι
1562 3144 1703 3221 ἁγίῳ
1769 3144 1831 3200 οὐ
1891 3145 2025 3217 μετά

371 3196 586 3297 τζέᾖές
617 3196 1137 3308 Γτ”αέςὲὲάζς”’ξᾷέιὲρἐιςξ’
1171 3196 1507 3309 ditias
1565 3196 1824 3309 iam;
1879 3196 2098 3288 initi

368 3320 670 3391 αὐτοτελὴς
698 3325 733 3393 ἠ
767 3321 1019 3394 δύναμις.
1070 3328 1273 3395 ’Ὠσπερ
1306 3322 1411 3396 γὰρ
1472 3324 1500 3378 6
1560 3319 1792 3377 ἐνδύνων
1826 3319 1879 3377 ἓν
1906 3327 2029 3385 τοῖς

372 3408 525 3468 ὕδασι
556 3411 645 3483 καὶ
671 3410 1087 3486 βαπτιζόμενες,
1120 3411 1463 3486 πανταχόθεν
1521 3411 1627 3467 ὑπὸ
1674 3415 1781 3465 τῶν
1819 3408 2027 3466 ὑδάτων

372 3497 785 3576 περιϐάλλεται·
819 3498 964 3555 οὕτω
1011 3500 1102 3554 καὶ
1137 3500 1239 3555 ὑπὸ
1290 3504 1393 3555 τοῦ
1442 3500 1752 3571 Πνεύματος
1809 3494 2027 3555 ἐϐαπτί-

372 3602 575 3661 σθησαν
609 3589 904 3650 ὁλοτελῶς.
945 3588 1130 3645 Ἀλλᾶ
1156 3589 1220 3643 τὸ
1282 3589 1376 3662 μὲν
1427 3586 1574 3664 ὕδωρ
1634 3585 1823 3658 ἔξωθεν
1872 3608 2030 3662 περι-

366 3685 573 3755 χεῖται,
603 3678 667 3733 τὸ
698 3675 756 3733 δὲ
785 3681 1005 3751 Πνεῦμα
1035 3678 1125 3733 καὶ
1165 3678 1264 3745 τήν
1324 3674 1532 3731 ἔνδοθεν
1585 3677 1770 3751 ψυχήν
1834 3676 2030 3752 βαπτί-

370 3774 447 3839 ζει
506 3765 963 3841 ἆπαραλείπτως.
1017 3767 1120 3825 Καὶ
1176 3767 1229 3823 τί
1288 3767 1633 3839 θαυμάζεις;
1694 3760 1837 3820 Λαὸἒ
1892 3765 2024 3821 ὑπό-

367 3855 568 3931 δειγμα
598 3854 936 3928 σωματικὸν,
998 3855 1189 3930 μικρὸν
1254 3854 1349 3926 μὶν
1408 3853 1497 3908 καὶ
1556 3851 1792 3924 εὐτελὲς,
1827 3856 2023 3929 χρήσι-

372 3967 473 4019 μον
507 3944 565 4000 δὲ
591 3951 709 4007 τοῖς
738 3944 1120 4015 ἀφελεστὲροις
1152 3948 1249 4018 (5).
1287 3943 1350 4000 Ei
1377 3943 1440 3999 τὸ
1470 3947 1574 4017 πῦρ
1605 3940 1695 3998 διὰ
1720 3948 1818 4009 τῆς
1844 3945 2026 4019 παχύ-

363 4056 532 4106 τητος
555 4038 652 4090 τοῦ
681 4029 912 4107 σιδήρου
944 4028 1221 4088 διαϐαῖνον
1255 4029 1423 4102 ἕνδεν,
1464 4033 1526 4088 τὸ
1558 4031 1689 4088 ὅλον
1722 4032 2023 4108 ἀπρεγάζε-

363 4146 452 4180 ται
507 4128 636 4198 ⁸νεῦρ’
697 4123 1090 4197 καὶὸψυχρὸς
1148 4121 1353 4197 γίνεται
1410 4122 1612 4190 ζεστὸς,
1671 4123 1760 4177 καὶ
1794 4122 2022 4196 ὸμέλας

365 4216 572 4292 γίνεται
617 4211 939 4286 ἑκλάμπων·
995 4211 1040 4267 εἷ
1102 4216 1262 4283 σῶμα
1314 4209 1373 4265 δν
1423 4212 1486 4266 τὸ
1541 4216 1672 4286 πῦρ,
1721 4212 1773 4266 ἐν
1807 4219 2021 4285 σώματι

363 4303 594 4382 σιδήρου
647 4300 860 4358 ἐνδόνον
922 4300 1097 4365 οὕτως
1153 4298 1653 4377 ἀπαρεμποδὶστως
1713 4301 2016 4377 ἐργάζεται.

363 4396 408 4452 εἰ
440 4393 754 4469 θαυμάζεις,
786 4391 831 4448 εἰ
864 4395 1084 4464 Πνεῦμα
1143 4391 1295 4466 ἅγιον
1339 4388 1390 4444 ἐν
1441 4395 1557 4452 τοῖς
1583 4386 1887 4453 ἐνδοτάτοις
1918 4398 2017 4461 τῆς

361 4489 548 4562 ψυχῆς
581 4482 882 4559 εἷσέρχεται
916 4501 930 4551 ;

439 4664 537 4719 ΙΕ“.
589 4664 704 4718 "lu
763 4657 821 4714 δὲ
875 4658 1144 4728 τοσαύτης
1206 4659 1433 4732 χάριτος
1484 4659 1899 4734 κατερχομένης
1931 4665 2006 4734 μὴ

361 4753 606 4828 ἀγνοηθῇ
636 4751 699 4804 τέ,
735 4748 980 4825 μέγεθος,
1042 4747 1275 4820 σάλπιγξ
1314 4745 1494 4821 ὣσπερ
1527 4746 1843 4822 ἐπουράνιος
1877 4747 2014 4827 ἔχη-

362 4864 472 4899 σεν.
552 4840 791 4914 ’ἷιζγένετο
875 4838 979 4911 γὰρ
1066 4836 1217 4911 ἄφνω
1298 4835 1357 4891 ἐκ
1409 4841 1506 4891 τοῦ
1561 4839 1791 4909 Οὖὲανοῦ
1846 4842 2010 4917 ix“,

2153 652 2249 704 tur
2276 650 2525 722 accipite
2557 652 2807 723 gratiam
2850 659 3131 723 quantam
3176 654 3427 721 capitis;
3449 654 3801 727 ampliorem

2148 755 2284 794 vero
2307 745 2695 812 exspectate,«
2706 743 2817 796 Vos
2831 747 3029 797 autem
3049 742 3247 797 sedete
3263 743 3323 798 in
3345 744 3577 799 civitate
3598 744 3802 800 Hiem-

2157 828 2589 895 csalem,donec
2610 829 2943 890 induamini
2964 832 3238 886 virtutem
3266 848 3337 887 ex
3357 832 3476 888 alto
3497 831 3565 889 ⁷⁷.
3590 853 3619 883 ››
3634 836 3798 889 Nunc

2150 918 2462 989 «accipite»
2485 934 2554 973 ex
2577 924 2762 990 parte;
2789 921 3261 992 tuncintegre,et
3282 921 3342 976 in
3368 926 3554 976 totum
3576 921 3798 977 feretis.

2150 1008 2293 1061 Nam
2316 1007 2365 1062 is
2388 1007 3047 1080 qui-accipitnpersmpe
3068 1008 3247 1065 hebet
3270 1027 3341 1065 ex
3367 1015 3532 1082 parte
3558 1010 3618 1065 id
3640 1010 3799 1082 quod

2148 1093 2359 1162 datur;
2393 1095 2494 1167 qui
2524 1112 2659 1151 vero
2686 1096 2973 1167 induitur,
3007 1115 3041 1153 a
3071 1098 3223 1154 stola
3253 1098 3518 1170 undique
3555 1100 3803 1154 circum-

2149 1185 2383 1257 tegitur.
2415 1186 2494 1239 Ne
2516 1186 3212 1257 metuatis,inquit,arma
3231 1186 3452 1243 diaboli
3485 1192 3544 1243 et
3555 1187 3798 1260 jacula;

2143 1272 2346 1329 feretis
2398 1275 2560 1335 enim
2588 1275 2865 1332 virtutem
2924 1276 3175 1347 Spiritus
3234 1275 3423 1332 sancti
3480 1279 3798 1348 (memores

2144 1379 2279 1419 vero
2311 1368 2498 1419 estote
2530 1380 2736 1420 eorum
2784 1381 2914 1436 quaa
2965 1382 3085 1421 non
3126 1367 3208 1421 ita
3268 1366 3499 1437 pridem
3557 1366 3795 1422 diceba-

2144 1468 2277 1507 mus
2300 1450 2367 1520 ⁷⁸,
2401 1452 2561 1523 quod
2613 1453 2866 1524 Spiritus
2896 1459 3136 1510 sanctus
3177 1471 3297 1510 non
3356 1454 3660 1523 dividitur,
3691 1454 3796 1510 sed

2144 1544 2374 1596 tantum
2403 1541 2591 1613 gratia
2610 1558 2716 1613 per
2745 1559 2881 1601 eum
2902 1543 3159 1615 collata).

2213 1631 2358 1685 XIII.
2392 1630 2675 1686 Ascendit
2720 1631 2898 1702 igitur
2926 1633 3094 1688 Jesus
3126 1633 3187 1687 in
3219 1633 3419 1701 caelos,
3456 1638 3515 1688 et
3543 1633 3803 1705 promis-

2144 1736 2276 1774 sum
2297 1719 2563 1792 implevit
2586 1738 2601 1789 ;
2622 1720 2852 1777 dixerat
2872 1722 3031 1777 enim
3063 1721 3138 1777 ad
3164 1721 3336 1778 illos:
3369 1744 3397 1771 ‹‹
3431 1724 3546 1793 Ego
3574 1721 3791 1794 rogabo

2144 1814 2502 1881 «Patrem,et
2520 1812 2703 1869 alium
2725 1815 3095 1870 Paracletum
3120 1814 3283 1870 dabit
3302 1815 3483 1870 vobis.
3507 1815 3585 1864 7°»
3605 1814 3793 1870 Sede-

2140 1902 2286 1959 bant
2309 1907 2719 1975 exspectantes
2733 1904 2919 1959 sancti
2944 1904 3196 1976 Spiritus
3209 1904 3545 1961 adventum:
3580 1905 3788 1959 «Cum-

2141 2009 2291 2063 «que
2305 1992 2747 2064 complerentur
2757 1991 3541 2062 diesPentecostes‘°»hic,in
3557 1993 3793 2049 civitate

2142 2082 2253 2138 ista
2284 2082 2650 2138 Hierusalem
2673 2084 2698 2153 (
2699 2088 2903 2138 nostra
2923 2084 3081 2138 enim
3105 2088 3195 2139 est
3212 2084 3340 2139 haac
3363 2099 3613 2155 quaeque
3633 2100 3793 2155 prai—

2139 2172 2433 2243 rogativa:
2468 2171 2890 2243 loquimurque
2920 2188 3042 2227 non
3070 2171 3143 2226 de
3170 2172 3263 2228 his
3293 2189 3426 2243 quin
3454 2172 3611 2244 apud
3636 2172 3789 2227 alios

2139 2260 2532 2332 contigerunt,
2569 2260 2670 2316 sed
2701 2260 2774 2314 de
2832 2261 3132 2316 concessis
3190 2261 3347 2333 apud
3405 2277 3521 2323 nos,
3544 2260 3784 2330 bonis);

2137 2350 2181 2388 ’ί
2207 2352 2555 2405 Pentecoste
2578 2349 2756 2422 igitur
2777 2366 2912 2408 cum
2935 2355 3111 2419 esset,
3136 2351 3443 2420 sedebant;
3478 2354 3538 2406 et
3554 2349 3793 2406 advenit

2141 2456 2171 2493 e
2192 2439 2339 2495 caelo
2360 2439 2718 2495 Paracletus:
2749 2445 2947 2496 custos
2972 2445 3030 2494 et
3059 2441 3461 2496 sanctificator
3488 2439 3791 2504 Ecclesiae,

2139 2527 2475 2584 animarum
2511 2526 2869 2592 moderator,
2902 2544 3107 2583 eorum
3133 2529 3233 2599 qui
3259 2527 3536 2584 ﬂuctibus
3559 2531 3617 2582 et
3636 2532 3789 2581 tem-

2137 2622 2365 2690 pestate
2388 2618 2692 2688 jactantur
2720 2617 3099 2690 gubernator;
3126 2618 3453 2673 errantium
3475 2616 3789 2672 collustra-

2138 2713 2251 2775 tor,
2285 2706 2643 2763 certantium
2673 2723 2882 2779 pugnas
2913 2706 3158 2776 arbiter,
3201 2713 3258 2762 et
3290 2705 3655 2763 vincentium
3692 2720 3787 2760 co-

2140 2801 2401 2852 ronator.

2216 2975 2348 3028 νιν.
2382 2973 2699 3030 Descendit
2727 2990 2861 3030 vero
2916 2980 2981 3029 ut
3036 2973 3312 3029 indueret
3366 2973 3580 3028 virtute
3640 2976 3795 3027 etut

2136 3063 2458 3135 baptizaret
2472 3063 2892 3134 apostolosAit
2905 3062 3206 3119 Dominus:
3221 3064 3327 3116 Vos
3348 3060 3789 3133 baptizabimini

2139 3153 2459 3225 «inSpiritu
2482 3152 2986 3224 sancto,postdies
3008 3153 3186 3207 hosce
3199 3150 3787 3207 nonmultoss'..Non

2136 3243 2264 3298 haec
2292 3241 2604 3297 dimidiata
2631 3247 2688 3295 et
2716 3243 2884 3312 quasi
2917 3258 2986 3296 ex
3019 3248 3184 3312 parte
3206 3240 3526 3314 gratia,sed
3556 3240 3789 3311 integra

2137 3336 2197 3386 et
2225 3347 2296 3386 ex
2326 3335 2448 3386 toto
2480 3330 2667 3385 etl‘usa
2716 3336 2997 3402 potestas.
3031 3328 3076 3365 δ”
3126 3329 3287 3385 Sicut
3318 3330 3480 3384 enim
3509 3329 3560 3384 is
3591 3328 3691 3398 qui
3725 3328 3786 3382 in

2135 3421 2305 3491 aquis
2353 3420 2726 3492 immergitur
2766 3425 2823 3474 et
2877 3419 3225 3491 baptizatur,
3281 3418 3681 3489 undequaque
3714 3416 3787 3472 ab

2133 3509 2305 3580 aquis
2336 3509 2627 3578 cingitur;
2662 3508 2744 3564 sic
2776 3514 2834 3563 et
2861 3508 2947 3562 illi
2979 3526 3013 3564 a
3035 3509 3252 3579 Spiritu
3282 3507 3557 3580 baptizati
3590 3512 3651 3562 et
3683 3505 3790 3561 ob-

2131 3598 2312 3652 voluti
2345 3597 2601 3669 perfecte
2633 3603 2793 3653 sunt.
2844 3598 3020 3668 Atqui
3051 3614 3206 3668 aqua
3262 3598 3521 3652 exterius
3553 3594 3786 3667 corpori

2132 3685 2907 3757 circumfunditur;Spiritus
2939 3702 3073 3741 vero
3101 3685 3279 3740 etiam
3314 3686 3478 3739 intus
3499 3685 3785 3740 latentem

2131 3774 2391 3830 animam
2424 3774 2549 3830 sine
2582 3774 2704 3829 ullo
2745 3775 2979 3830 defectu
3013 3774 3315 3846 perfundit
3338 3780 3396 3829 et
3417 3774 3688 3844 baptizat.
3713 3773 3784 3826 Et

2129 3864 2271 3935 quid
2305 3864 2541 3919 miraris
2561 3864 2588 3919 ἱ)
2616 3865 2816 3935 accipe
2848 3880 3197 3935 corporeum
3227 3863 3583 3934 exemplum,
3605 3867 3781 3915 tenue

2128 3953 2369 4024 quidem
2401 3959 2460 4008 et
2495 3953 2742 4019 humile,
2776 3952 3239 4024 simplicioribus
3273 3957 3470 4007 tamen
3501 3967 3623 4005 non
3655 3950 3783 4005 inu-

2128 4041 2252 4097 tile.
2286 4041 2343 4096 Si
2376 4042 2528 4114 ignis
2558 4042 2698 4097 ferri
2730 4042 3188 4096 crassitudinem
3232 4041 3392 4095 intus
3441 4054 3778 4110 permeans,

2128 4137 2317 4187 totum
2350 4132 2411 4186 in
2446 4147 2515 4186 eo
2548 4130 3252 4202 efﬁcitignem,quodque
3285 4129 3595 4184 metallum
3618 4126 3780 4200 frigi-

2126 4219 2267 4275 dum
2302 4225 2444 4285 erat,
2480 4219 2765 4273 fervidum
2818 4219 3094 4286 efﬁcitur,
3146 4226 3206 4273 et
3245 4217 3404 4290 quod
3460 4218 3695 4289 nigrum
3722 4220 3782 4271 et

2124 4309 2469 4374 obscurum,
2501 4308 2804 4363 collucens
2852 4309 3084 4376 evadit;
3126 4308 3174 4363 si
3209 4308 3360 4379 ignis
3399 4323 3532 4362 cum
3564 4323 3780 4378 corpus

2124 4397 2288 4460 sit,in
2301 4396 2441 4451 ferri
2468 4413 2713 4468 corpore
2734 4413 2794 4452 se
2819 4397 3247 4462 insinuans,ita
3277 4397 3502 4468 absque
3523 4394 3778 4468 impedi-

2120 4492 2323 4542 mento
2354 4492 2670 4557 operatur;
2707 4486 2849 4556 quid
2907 4486 3244 4554 admiraris,
3271 4487 3319 4541 si
3350 4486 3602 4557 Spiritus
3635 4500 3776 4540 san-

2040 4552 2089 4617 Β
2120 4584 2251 4633 ctus
2282 4577 2341 4631 in
2371 4576 2586 4631 animas
2622 4575 2908 4631 interiora
2937 4576 3290 4648 ingreditur.

2192 4668 2307 4722 XV.
2340 4666 2414 4721 Ut
2442 4672 2641 4720 autem
2668 4670 2867 4732 tantm,
2925 4681 3057 4736 quae
3114 4664 3539 4733 descendebat,
3573 4664 3777 4736 gratia)

2126 4774 2244 4811 non
2303 4757 2674 4827 ignoraretur
2732 4754 3100 4825 magnitudo,
3154 4754 3295 4808 tuba
3325 4754 3483 4809 velut
3523 4753 3778 4809 caelestis

2124 4845 2410 4901 insonuit.
2425 4869 2443 4890 ν
2456 4845 2664 4897 Factus
2684 4848 2773 4896 est
2790 4842 2947 4896 enim
2963 4844 3304 4912 repente27
3317 4844 3441 4899 2de
3460 4842 3607 4898 cmlo
3623 4843 3781 4897 soni-

436 4955 479 4991 ⁷⁷
514 4957 647 5031 Luc.
680 4971 836 5031 ιιιινΣ
868 4957 957 5008 49.
1067 4955 1189 5031 Cut.
1346 4969 1406 5009 ιι.
1443 4957 1514 5031 i2
1559 4960 1748 5031 et25;
1780 4966 1889 5013 cat.
1935 4978 2046 5031 prae

2142 4979 2190 5017 [ι.
2240 4962 2292 5015 2.
2370 4958 2417 4994 ⁷⁹
2444 4960 2750 5031 Joanqnv,
2791 4959 2871 5011 l6.
2948 4956 2994 4991 3°
3024 4959 3149 5011 Act.
3185 4975 3243 5021 ll,
3277 4959 3330 5012 2.
3407 4957 3448 4991 δ’
3492 4960 3615 5013 Vid.
3667 4966 3775 5014 cat.

364 5032 451 5093 16,
484 5045 542 5084 η.
575 5029 609 5081 4
635 5044 649 5093 ;
672 5032 778 5081 cat.
812 5028 864 5090 3,
896 5041 954 5079 η.
990 5029 1054 5090 7;
1088 5030 1193 5078 cat.
1230 5026 1317 5078 18.
1349 5040 1404 5078 n.
1440 5026 1529 5080 33.
1605 5028 1651 5062 ⁸³
1686 5036 1809 5083 Act.
1854 5048 1891 5098 ι,
1925 5026 1977 5087 3.
2010 5033 2046 5068 δε

2142 5035 2210 5089 id.
2236 5039 2345 5088 cat.
2374 5033 2457 5088 16,
2491 5046 2547 5083 n.
2581 5030 2829 5097 26;sup.
2855 5043 2916 5081 n.
2956 5031 3049 5095 12;
3083 5032 3189 5083 cat.
3223 5032 3400 5096 20,12.
3435 5033 3486 5083 li.

438 5153 510 5224 (1)
537 5151 675 5219 "Om
735 5147 1353 5224 prsita.__M_ilI:iImu5
1383 5149 1475 5224 ita,
1495 5149 1688 5222 legere
1719 5171 1853 5208 cum
1881 5156 2010 5212 cod.

363 5217 542 5281 Coisl.
578 5217 921 5294 quam'cum
955 5218 1129 5273 editis
1159 5217 1276 5271 ὅσοι
1299 5217 2013 5296 ’χιυρεῖτεξᾳιιὶοαηᾳῑιϐρὼ

361 5299 515 5352 testis
544 5310 754 5364 capere,

432 5370 506 5437 (2)
532 5359 956 5437 Τρᾮῖιδόμιενονἶ
985 5359 1130 5437 Male
1162 5360 1221 5414 in
1274 5360 1579 5437 impressis
1615 5363 1918 5435 legebatur
1944 5367 2008 5421 τὸ

358 5430 956 5504 ὂὶόασκόμενονέίριιοιι
998 5430 1245 5504 daretur.
1309 5430 1587 5504 Mendum
1643 5430 2009 5494 correximus

357 5527 428 5566 ex
455 5500 627 5562 codd.
659 5500 860 5569 Coisli,
894 5500 1086 5557 Ottob.
1119 5505 1175 5562 2.
1209 5502 1350 5566 Roe,
1384 5502 1631 5558 Casaub.

431 5581 507 5652 (3)
541 5575 822 5652 Ἐνταῦθα,
882 5574 1114 5652 Vocem_
1138 5573 1292 5629 hanc
1336 5574 1399 5629 in
1430 5579 1592 5630 textu
1622 5577 2007 5649 ascripsimus

352 5643 630 5708 ex'c'odd.
663 5643 840 5702 Coisl.
877 5651 935 5700 et
965 5643 1137 5699 Grod.

2196 5160 2267 5227 (4)
2302 5153 2396 5227 καὶ
2424 5149 2511 5206 Ἕνα
2547 5150 2835 5227 βαπλτῖστῃ,
2896 5153 3254 5227 Pai'liculam
3305 5153 3393 5227 καὶ
3442 5155 3773 5226 adjecimus

2124 5223 2424 5284 ex'Coisl”
2463 5223 2596 5290 lioe,
2631 5223 2900 5284 Casaub..
2936 5225 3108 5279 Grod.
3145 5232 3202 5279 et
3232 5226 3422 5281 Ottob.

2194 5302 2268 5371 (5)
2293 5293 2727 5372 Ἀφελεστὲροις.
2756 5294 2953 5372 ΑΕάἱιί,
3002 5294 3440 5372 ἀσφαλεστέροις,
3481 5298 3773 5372 «intimi-

2123 5368 2498 5427 «busan'ullo
2523 5384 2722 5422 sensu.
2747 5368 2943 5423 Secuti
2969 5368 3173 5422 sumus
3197 5368 3763 5433 codd.0ttob.2,Roe

2121 5448 2178 5495 ct
2199 5440 2444 5496 Casaub.
2476 5439 2677 5493 Habet.
2713 5437 2913 5509 Coisl.,
2949 5436 3365 5506 εὐτελεστέροις.
3399 5441 3557 5494 Solet
3579 5438 3768 5509 Cyril-

2120 5512 2230 5579 lus,
2266 5528 2402 5568 cum
2452 5509 2739 5580 exemplis
2779 5509 2840 5563 in
2873 5508 3084 5565 divinis
3115 5511 3290 5566 rebus
3322 5512 3527 5571 utitur,
3558 5508 3768 5580 adimo—

2118 5578 2260 5639 nere
2290 5583 2350 5637 id
2383 5578 2747 5636 inﬁrmitatis
2806 5587 3025 5636 nostra:
3066 5598 3246 5637 causa
3295 5583 3443 5636 fieri.
3481 5578 3619 5631 Vide
3650 5582 3763 5629 cat.

2120 5658 2204 5726 Η,
2238 5671 2403 5710 num.
2436 5657 2545 5722 22;
2581 5658 2692 5709 cat.
2728 5654 2813 5721 18,
2841 5668 3007 5707 num.
3038 5656 3092 5706 7.
