4150 6278
1265 319 1743 385 CATECHESIS
1785 318 1970 397 XVII.
2015 315 2122 384 DE
2162 314 2481 385 SPIRITU
2522 317 2827 381 SANCTO
2872 318 2945 378 ΙΙ.

3684 317 3805 383 990

396 485 526 532 νων,
578 462 718 539 πρὸς
773 461 873 528 τὴν
929 457 1152 531 ἁθρόαν,
1200 456 1284 513 καὶ
1348 451 1630 528 διάφορον,
1716 450 1807 508 καὶ
1864 449 2040 524 ξένην,

2163 453 2474 505 noverunt.
2510 450 2627 506 Hoc
2655 467 2789 506 vere
2819 450 3111 527 sapientia
3140 466 3354 525 magna
3384 454 3493 518 est,
3526 450 3638 505 hoc
3686 450 3804 504 vir-

398 552 652 630 ἒεαίφνης
682 554 788 605 τῶν
822 547 1055 623 γλωσῶν
1088 540 1360 619 ἐνέργειαν
1392 561 1407 613 ς

2160 542 2252 591 tus
2283 536 2498 594 divina.
2534 540 2670 604 Quae
2702 540 2931 596 institui
2965 541 3324 612 comparatio
3380 543 3591 615 potest.
3644 539 3802 594 inter

396 627 565 700 illam
597 657 801 698 eorum
833 643 968 711 post
998 635 1252 693 multum
1286 640 1517 707 tempus
1548 630 1908 704 imperitiam
1936 644 1950 695 ;
1982 628 2255 701 hancque
2289 632 2619 700 repentem,
2652 628 3041 702 multiplicem
3073 645 3140 685 ac
3188 627 3516 684 inauditam
3566 628 3797 707 lingua-

397 751 534 789 rum
566 749 628 789 se
659 734 1029 787 exserentem
1059 726 1176 781 vim
1205 724 1233 780 ?

473 822 567 878 IZ'.
603 820 845 894 Ἐγένετο
876 816 1136 892 σύγχυσις
1181 817 1278 871 τοῦ
1335 811 1582 885 πλήθους
1632 813 1740 864 τῶν
1783 804 2047 863 ἀκουσάν-

397 930 530 967 των’
564 907 786 985 δευτέρα
815 907 1107 981 σύγχυσις,
1139 903 1254 963 ἀντὶ
1303 909 1403 972 τῆς
1451 900 1502 956 ἐν
1553 894 1843 957 Βαϐυλῶνι
1894 893 2048 966 πρώ-

396 1020 498 1069 της
525 983 725 1067 κακῆς.
753 997 880 1053 Ἐπὶ
916 995 1010 1068 μὶν
1037 994 1140 1070 γὰρ
1195 998 1294 1061 τῆς
1346 988 1663 1065 συγχύσεως
1710 991 1813 1041 τῶν
1864 983 2045 1059 γλωσ-

398 1094 529 1160 σῶν,
564 1086 829 1160 διαίρεσις
873 1085 942 1154 ἧν
992 1088 1095 1150 τῆς
1152 1083 1508 1159 πραιρίσιως,
1563 1076 1751 1148 ἐπειδή
1807 1074 2044 1140 ἀντίθεον

395 1180 465 1248 ἦν
496 1179 558 1233 τὸ
610 1176 887 1255 φρόνημα*
949 1173 1056 1233 ὧδε
1108 1170 1164 1229 δί
1222 1170 1655 1230 ἀποκατάστασις
1710 1166 1801 1222 καὶ
1855 1161 2045 1227 ἕνωσις

395 1270 506 1324 τῶν
528 1251 788 1339 γνωμῶν,
835 1259 1022 1331 ἐπειδή
1085 1254 1296 1321 εὐσεόὶς
1353 1256 1423 1327 ἦν
1479 1256 1541 1312 τὸ
1584 1251 2044 1326 σπουδαζόμενον.

404 1356 482 1413 Δι’
542 1356 614 1409 ὧν
648 1355 684 1423 ἡ
718 1351 1061 1421 ἀπόπτωσις,
1111 1346 1201 1404 διὰ
1245 1347 1452 1402 τούτων
1483 1348 1518 1416 ἡ
1552 1340 1834 1406 ἐπάνοδος.
1886 1342 2044 1400 Ὅθεν

402 1443 708 1517 ἰοαύμαζον
760 1441 1024 1517 λέγοντες·
1078 1442 1206 1500 Ηῶς
1263 1440 1429 1509 ἡμεῖς
1486 1434 1751 1507 ἀκούομεν
1813 1428 2047 1489 λαλούν-

400 1555 511 1590 των
574 1534 796 1601 αὐτῶνς
855 1527 1023 1589 Οὐδὲν
1078 1527 1385 1600 θαυμαστὸν
1444 1525 1490 1580 εἰ
1550 1525 1702 1597 ὑμεῖς
1781 1523 2047 1598 ἀγνοεῖτε’

402 1623 493 1679 καὶ
526 1621 632 1697 γὰρ
659 1623 753 1677 καὶ
786 1617 1101 1692 Νικόδημος
1154 1617 1397 1692 ἠγνόησε
1434 1618 1530 1673 τοὺ
1584 1611 1898 1688 Πνεὺματος
1951 1610 2048 1679 τὴν

403 1712 724 1789 παρουσίαν·
784 1710 877 1766 καὶ
932 1710 1069 1785 πρὸς
1127 1706 1330 1765 ἐκεῖνον
1417 1703 1631 1783 ἐρῥὲθη·
1705 1704 1775 1759 Τὸ
1833 1706 2052 1777 Ηνεῦμα

405 1801 544 1857 ὅπου
604 1799 749 1865 θέλει
804 1804 949 1865 πνεῖ,
1003 1797 1093 1853 καὶ
1148 1797 1250 1865 τήν
1304 1796 1489 1872 φωνὴν
1562 1793 1730 1848 αὐτοῦ
1802 1790 2042 1848 ἀκούεις’

2226 806 2394 862 XVII.
2424 809 2597 864 Facta
2620 813 2708 864 est
2726 808 2787 863 in
2813 824 3017 865 eorum
3042 808 3142 880 qui
3169 806 3483 863 audierant
3528 806 3794 862 multitu-

2156 895 2293 952 dine
2325 897 2594 957 confusio
2626 895 2695 966 9‘,
2729 897 2995 953 confusio
3028 897 3237 966 altera,
3296 897 3569 969 opposita
3614 896 3797 967 priori

2155 985 2467 1058 illipravaa
2500 987 2561 1042 in
2596 986 2892 1061 Babylone
2923 986 3254 1042 confusioni
3287 986 3369 1040 πε
3403 986 3465 1039 in
3495 984 3598 1041 illa
3619 983 3802 1057 siqui-

2158 1073 2290 1133 dem
2345 1076 2684 1150 linguarum
2735 1076 3103 1145 confusione,
3154 1076 3488 1131 animorum
3538 1074 3689 1130 273
3735 1089 3802 1127 ac

2156 1165 2524 1227 voluntatum
2542 1166 2747 1223 divisio
2774 1167 2903 1233 fuit,
2924 1164 3405 1243 quandoquidem
3422 1163 3662 1219 inimica
3684 1163 3801 1217 Deo

2155 1255 2350 1313 fuerat
2366 1264 2651 1329 concepta
2672 1258 2979 1333 cogitatio;
3003 1258 3099 1315 hic
3122 1274 3257 1315 vero
3276 1256 3563 1315 restitutae
3590 1260 3647 1309 et
3664 1252 3805 1308 adu-

2157 1353 2311 1407 natae
2343 1349 2633 1407 mentium
2655 1349 2987 1416 sententiae,
3016 1348 3295 1421 quoniam
3314 1346 3480 1421 pium
3508 1342 3803 1416 eratquod

2157 1436 2587 1517 properabatur
2616 1438 2898 1497 studium.
2932 1440 3043 1497 Per
3071 1454 3203 1510 qua:
3235 1436 3480 1508 contigit
3500 1450 3804 1509 casus,pcr

2160 1527 2367 1585 eadem
2397 1528 2676 1586 reversio.
2710 1528 2857 1587 Hinc
2887 1526 3338 1585 admirabantur
3354 1525 3617 1581 dicentes
3636 1541 3647 1578 :
3666 1525 3805 1590 Quo-

2160 1617 2317 1675 modo
2348 1633 2444 1674 nos
2473 1617 2726 1674 audimus
2753 1618 3030 1688 loquentes
3060 1617 3183 1674 illos
3203 1614 3290 1672 93?
3308 1614 3436 1675 Miri
3462 1614 3613 1669 nihil
3639 1613 3684 1667 si
3701 1630 3801 1668 vos

2162 1706 2464 1781 ignoratis.
2496 1709 2638 1767 Nam
2688 1712 2747 1767 et
2804 1707 3155 1763 Nicodemus
3203 1705 3453 1779 Spiritus
3496 1718 3802 1760 accessum

2163 1795 2470 1869 ignoravit,
2502 1800 2680 1867 atque
2712 1796 2824 1868 ipsi
2856 1794 3079 1854 dictum
3114 1800 3238 1851 est:
3272 1795 3512 1866 Spiritus
3542 1795 3637 1851 ubi
3684 1795 3803 1850 vult

405 1889 532 1946 ἀλλ’
564 1888 662 1945 οὐκ
691 1884 841 1950 οἶδας
894 1886 1058 1951 πόθεν
1125 1880 1350 1961 ἔρχεται
1404 1883 1495 1940 καὶ
1544 1884 1648 1939 ποῦ
1706 1882 1896 1958 ὑπάγει
1953 1883 2044 1953 (4)-

2162 1886 2355 1957 spirat,
2382 1891 2434 1941 et
2482 1901 2664 1941 uocem
2693 1885 2812 1957 ejus
2841 1885 2999 1943 audis
3017 1902 3041 1950 ;
3068 1884 3160 1939 sed
3188 1885 3359 1939 nescis
3389 1883 3533 1941 unde
3578 1885 3723 1939 venit
3749 1891 3802 1938 et

409 1978 458 2034 si
489 1975 548 2035 δὶ
576 1977 668 2033 καὶ
694 1978 795 2045 τήν
826 1976 1012 2054 φωνὴν
1045 1973 1211 2033 αὐτοῦ
1244 1974 1330 2029 ea»
1363 1970 1600 2042 ἀκούσω,
1654 1970 1753 2027 οὑκ
1798 1966 1917 2027 οἶδα
1946 1968 2050 2025 πό-

411 2069 497 2123 θεν
521 2066 757 2142 ἔρχεταν
790 2066 920 2122 αὐτὸ
948 2064 1001 2121 τί
1040 2058 1174 2119 ποτε
1229 2062 1341 2121 ἰστι
1397 2063 1496 2133 τήν
1557 2059 1872 2131 ὑπόστασιν,
1933 2064 2050 2122 πῶς

411 2154 641 2230 δύναμαι
676 2153 1040 2230 διηγήσασθαι
1066 2173 1082 2225 ;

478 2246 581 2303 IH'.
666 2243 871 2302 ’Ἄλλοι
950 2241 1006 2299 δὲ
1092 2239 1538 2316 διαχλενάζοντες
1645 2235 1857 2313 ἔλεγον,
1966 2240 2049 2297 ὅτι

405 2332 681 2396 Γλεύκους
736 2335 816 2407 (2i
904 2330 1316 2406 μεμεστωμένοι
1398 2328 1547 2389 εἰσίν·
1625 2326 1870 2402 λέγοντες
1952 2326 2048 2401 μὶν

406 2422 651 2492 ἀληθῶς,
684 2420 828 2477 ἀλλά
856 2420 1253 2497 χλευαστικῶς’
1314 2418 1435 2481 νὲος
1492 2418 1594 2493 γὰρ
1652 2416 1717 2487 ἧν
1766 2415 1986 2488 ἀληθῶς
2019 2417 2048 2472 ὁ

410 2513 581 2575 οἶνος,
639 2518 839 2580 Καινῆς
894 2511 1226 2581 Διαθήκηςὴ
1258 2507 1443 2584 χάρις·
1503 2505 1630 2567 ἀλλ’
1662 2508 1689 2565 ὁ
1718 2507 1836 2570 νὲος
1893 2506 2049 2567 οὗτος

408 2599 576 2668 οἶνος,
608 2599 714 2654 ἀπὸ
744 2605 945 2670 νοητῆς
973 2600 1247 2672 ἀμπέλου,
1282 2593 1553 2658 πολλάκις
1602 2593 1709 2666 ἤδη
1768 2614 2046 2671 καρποφο-

412 2691 655 2763 ρησάσης
673 2686 726 2743 ἓν
755 2691 1077 2766 προφήταις,
1111 2687 1202 2744 καὶ
1232 2687 1284 2743 ἐν
1316 2689 1494 2759 Καινῇ
1527 2686 1764 2758 Διαθήκῃ
1805 2682 2045 2759 βλαστηο

406 2776 600 2847 σάσης.
629 2779 829 2853 Ὠσπερ
852 2779 953 2853 γὰρ
986 2777 1283 2847 αἷσθητῶς,
1313 2779 1348 2846 ἦ
1385 2777 1481 2851 μὶν
1513 2773 1761 2847 ἄμπελος
1789 2774 1867 2832 ἀεὶ
1902 2772 2045 2846 μένει

404 2868 440 2935 ἡ
468 2865 627 2936 αὖτῆ⁸
660 2866 797 2921 κατά
828 2863 884 2921 δὲ
910 2867 1133 2941 καιροὺς
1166 2870 1264 2939 (3),
1287 2866 1632 2941 καινοτέρους
1666 2862 1873 2940 ἐκφέρει
1913 2882 2047 2937 καρ-

404 2953 567 3016 ποὺςο
602 2953 860 3010 οὕτωκαὶ
909 2957 974 3010 τὸ
1030 2956 1162 3010 αὑτό
1227 2959 1447 3027 Ηνιῦμα
1507 2952 1661 3027 μένον
1719 2951 1850 3026 ὅπερ
1910 2950 2044 3021 ἐστὶ,

397 3042 789 3105 καὶπολλᾶκις
825 3041 877 3098 ἐν
931 3046 1241 3121 προφήταις
1297 3042 1612 3118 ἐνεργῆσαν,
1668 3046 1758 3097 νῦν
1816 3040 1935 3099 νέον
1990 3060 2044 3097 τι

398 3130 488 3187 καὶ
543 3133 842 3205 θαυμάσιον
931 3129 1253 3204 ἐνεδείξατο.
1327 3139 1565 3209 ’Έφθασε
1651 3131 1746 3205 μὶν
1799 3131 1901 3206 γὰρ
1952 3130 2041 3187 καὶ

2158 1990 2264 2051 quo
2292 1975 2442 2031 radit
2469 1972 2583 2030 9‘.“
2610 1974 2666 2031 Si
2689 1979 2886 2033 autem
2901 1973 3212 2046 etquando
3244 1989 3445 2028 vocem
3470 1973 3598 2047 ejus
3622 1988 3800 2028 exau-

2159 2063 2275 2130 dio,
2305 2062 2462 2120 unde
2496 2064 2691 2121 veniat
2719 2063 2964 2135 ignoro;
2998 2061 3140 2135 quid
3161 2061 3286 2133 ipse
3308 2060 3636 2117 secundum
3670 2060 3805 2116 sub~

2158 2153 2438 2213 stantiam
2471 2154 2567 2222 sit,
2601 2151 2899 2231 quomodo
2933 2151 3249 2224 explanare
3280 2149 3554 2223 possim?

2227 2242 2417 2301 XVIII.
2452 2243 2571 2299 Alii
2598 2249 2783 2303 autem
2814 2242 3105 2298 irridentes
3133 2239 3387 2296 dicebant
3408 2256 3420 2294 :
3444 2241 3621 2293 Musio
3644 2238 3803 2309 pleni

2154 2340 2278 2391 sunt
2306 2331 2372 2386 οδ.
2411 2334 2557 2388 Vera
2586 2331 2829 2402 quidem
2860 2330 3159 2396 dicebant,
3193 2327 3802 2401 sedjoculariter.No-

2157 2438 2288 2477 vum
2323 2421 2482 2477 enim
2504 2435 2635 2475 vere
2658 2420 2857 2477 vinum
2887 2419 3175 2477 erat.Novi
3201 2418 3763 2493 Testamentigratia
3799 2435 3811 2471 :

2154 2526 2359 2569 verum
2388 2526 2605 2568 novum
2636 2507 2680 2544 ’⁷
2712 2508 2870 2565 istud
2900 2509 3103 2565 vinum
3134 2526 3205 2565 ex
3234 2508 3594 2581 intelligibili
3625 2508 3797 2563 vinea

2156 2601 2300 2667 erat,
2325 2614 2457 2671 quae
2488 2614 2642 2669 saepe
2667 2598 2728 2657 in
2752 2598 3055 2672 prophetis
3068 2599 3192 2673 jam
3217 2598 3475 2655 fructum
3498 2597 3800 2664 tulerat,et

2156 2686 2216 2745 in
2248 2689 2401 2743 Novo
2432 2688 2803 2743 Testamento
2834 2687 3203 2760 germinavit.
3232 2689 3375 2745 Nam
3425 2686 3596 2754 sicut,
3649 2700 3793 2740 sen-

2156 2776 2312 2831 sibili
2344 2776 2613 2847 exemplo
2671 2776 3037 2844 inbaarendo,
3088 2776 3258 2837 vinea
3314 2775 3520 2832 eadem
3562 2792 3798 2847 semper

2154 2870 2378 2931 manet,
2413 2870 2471 2919 et
2501 2865 2828 2920 secundum
2859 2871 3195 2937 temporum
3230 2865 3587 2921 mutationes
3618 2882 3803 2921 novos

2156 2968 2390 3027 semper
2410 2954 2664 3027 parturit
2683 2954 2942 3013 fructus:
2971 2954 3077 3018 sic.
3102 2954 3257 3011 idem
3282 2954 3531 3025 Spiritus
3550 2970 3798 3011 manens

2153 3043 2215 3103 id
2237 3042 2395 3117 quod
2416 3048 2524 3111 est,
2549 3060 2684 3103 cum
2710 3049 2768 3103 et
2789 3045 2847 3102 in
2870 3044 3176 3119 prophetis
3198 3061 3351 3121 saepe
3375 3044 3491 3103 vim
3523 3060 3802 3101 exserue-

2151 3133 2248 3201 rit,
2290 3149 2449 3189 nunc
2479 3133 2612 3193 novi
2646 3134 2950 3206 quidpiam
2985 3140 3039 3189 et
3070 3133 3405 3193 admirandi
3447 3132 3795 3206 designavit.

398 3218 487 3276 ἐπὶ
511 3221 639 3284 τοὺς
701 3223 1006 3294 Ηστὲραςὴ
1048 3222 1230 3297 χάρις,
1289 3220 1416 3281 ἀλλ’
1470 3219 1578 3277 ὦδε
1639 3215 2042 3297 ὑπερϐολικῶς.

2162 3220 2205 3257 ³⁸
2233 3224 2424 3281 Antea
2452 3222 2693 3297 quidem
2725 3223 2859 3285 etin
2886 3225 3092 3283 Patres
3111 3223 3297 3297 gratia
3319 3223 3621 3301 pervenit;
3644 3239 3803 3277 nunc

398 3312 545 3366 Ἐκεῖ
587 3311 682 3385 μὶν
728 3313 832 3387 γὰρ
894 3311 1157 3385 μετέσχον
1216 3308 1369 3385 ἁγίου
1425 3309 1767 3383 ΙΙνεύματος,
1824 3307 1933 3367 ὦδε
1989 3306 2048 3365 δὲ

396 3399 706 3462 αότοτελῶς
734 3395 1155 3470 ἰόάπτίσθησαν.

468 3581 570 3635 18'.
599 3577 779 3652 ιἈλλ’
820 3581 848 3635 ὁ
908 3577 1109 3654 Πέτρος
1159 3580 1189 3635 ὁ
1247 3577 1390 3653 ἔχων
1454 3581 1671 3651 Πνεῦμα
1725 3578 1900 3653 ἅγιον,
1956 3579 2044 3637 καὶ

394 3665 554 3730 εἰδὼς
605 3670 635 3723 8
689 3666 833 3744 ἔχει,
891 3667 1078 3746 φησίν·
1140 3665 1369 3742 ’Ἄνδρες
1429 3666 1790 3740 Ἰσραηλῖται,
1851 3668 1903 3727 οἱ
1952 3668 2042 3725 τὸν

396 3758 495 3830 μὶν
534 3756 699 3827 Ἰωήλ
731 3756 1198 3832 ἀπαγγέλλοντες,
1243 3757 1321 3830 μὴ
1378 3753 1579 3819 εἰδότες
1610 3754 1668 3813 δὲ
1694 3756 1762 3813 τὲ
1804 3776 2043 3833 γεγραμο

398 3848 554 3919 μέγα,
588 3846 699 3922 οὐχ
726 3847 802 3911 ὡς
859 3848 1023 3921 ὑμρῖς
1082 3840 1491 3919 ὑπελαμϐάνετε
1547 3846 1696 3905 οὗτοι
1763 3847 2043 3920 μεθύουσι.

399 3936 678 3993 Μεθύουσι
705 3936 833 4012 γὰρ,
894 3935 1001 4011 οὐχ
1057 3936 1132 3998 ὡς
1190 3936 1345 4008 ὑμεῖς
1406 3930 1840 4009 ὑπολαμϐάνετε,
1900 3934 2044 3997 ἀλλὰ

392 4026 573 4090 καθὼς
661 4025 985 4100 γέγραπται·
1067 4026 1509 4097 Μεθυσθήσονται
1593 4026 1700 4083 ἀπὸ
1780 4026 2044 4095 πιότητος

394 4111 548 4169 οἷ’χου
600 4134 697 4169 σου
752 4115 855 4187 (4),
911 4114 1006 4169 καὶ
1065 4112 1125 4168 ἐκ
1176 4118 1285 4171 τῶν
1344 4113 1662 4193 χειμάρρων
1732 4122 1833 4185 τῆς
1914 4135 2042 4191 τρυ-

399 4209 505 4273 φῆς
557 4224 653 4258 σου
708 4208 919 4265 ποτιεῖς
998 4202 1216 4267 αὑτούς.
1301 4202 1572 4267 Μεθύουσι
1635 4202 1803 4278 μέθην
1866 4205 2041 4284 vivaci-

396 4291 543 4365 λιον,
574 4293 907 4367 νεκρωτικὴν
960 4290 1224 4367 ἁμαρτίας
1274 4292 1363 4346 καὶ
1421 4289 1642 4367 καρδίας
1708 4297 2043 4365 ζωοποιητι-

390 4382 513 4453 κῆν,
573 4383 742 4454 μέθην
800 4378 1036 4437 ἐναντίαν
1092 4385 1195 4449 τῆς
1249 4384 1591 4451 σωματικῆς.
1650 4381 1715 4438 Ἡ
1794 4382 1888 4456 μὲν
1937 4384 2038 4458 γὰρ

388 4470 481 4526 καὶ
509 4474 617 4526 τῶν
650 4469 1007 4546 ἐγνωσμένων
1036 4468 1257 4542 ἐμποιεῖ
1309 4466 1513 4539 λήθην,
1545 4468 1678 4540 αὕτη
1712 4467 1769 4525 δὲ
1814 4471 1904 4525 καὶ
1933 4477 2039 4529 τῶν

460 4624 505 4661 ’δι
539 4625 663 4679 Act.
698 4640 754 4689 ιι,
787 4626 839 4678 6.

941 4622 987 4657 θ’
1016 4623 1158 4693 ϐοοκ.
1191 4639 1269 4686 ιι,
1302 4625 1355 4693 7,
1388 4624 1440 4675 9'
1544 4621 1589 4657 ’³
1616 4625 1743 4681 Act.
1778 4641 1837 4689 ιι,
1873 4627 1926 4683 8.

463 4849 536 4921 (1)
568 4848 804 4921 Καίποῦ
860 4846 1072 4919 ὑπάγει,
1126 4851 1238 4905 etc.
1292 4848 1426 4921 Haec
1483 4847 1660 4921 verba
1717 4865 1904 4921 usque
1964 4852 2037 4909 ad

387 4912 600 5002 ᾳρἑτί
631 4912 1308 5002 ειοικριορῐοιξνοοιιιῐι,
1340 4917 1500 4981 πόθεν
1532 4912 1773 5002 ἔρχεται,
1808 4912 2037 5002 ἰθρθιζ-

389 4994 613 5048 tionem
637 4993 697 5048 in
722 4992 900 5047 editis
920 4990 1756 5061 printermissa,reparavimus
1783 5010 1852 5049 ex
1868 4990 2039 5055 codd.

388 5065 527 5132 Roe,
553 5062 826 5128 Casaub.,
852 5060 1042 5117 Ottob.
1073 5068 1130 5116 et
1157 5061 1329 5115 Coisl.
1355 5060 1566 5133 Agnita
1588 5069 1727 5118 sunt
1754 5080 1788 5119 a
1819 5066 2040 5123 Grode-

386 5136 501 5198 cio,
534 5151 669 5190 cum
704 5133 999 5207 nonnulla
1029 5138 1236 5207 tamen
1259 5133 1558 5207 varietate.
1586 5136 1653 5207 In
1683 5135 1859 5190 Coisl.
1893 5154 2038 5207 quo-

387 5223 501 5277 que
523 5207 724 5277 codice
749 5204 1044 5277 habentur
1070 5204 1159 5259 Ιιεο
1182 5203 1573 5277 diversitates.
1604 5206 1827 5263 Desunt
1847 5203 2039 5277 voces,

383 5273 549 5348 αὑτοῦ
582 5276 692 5333 ἐάνσ
728 5277 857 5332 loco
904 5273 1139 5348 ἀκούσω,
1198 5279 1291 5348 est
1337 5274 1568 5348 ἀκούεις,
1622 5283 1682 5333 et
1727 5295 1831 5348 pro
1891 5273 2036 5346 οἰδα,

384 5344 553 5411 οἶδας.
587 5348 768 5420 Paulo
805 5353 957 5419 post,
992 5347 1120 5420 loco
1153 5344 1218 5401 οὐ
1245 5352 1388 5420 ante
1421 5342 1654 5420 δύναμαι
1689 5342 2038 5420 scripsimus

382 5423 503 5477 πῶς
537 5437 604 5473 ex
636 5417 820 5475 coddf
849 5420 988 5483 Roe,
1049 5417 1322 5482 Casaub,
1373 5417 1568 5488 Qttob.
1622 5426 1680 5488 et
1730 5417 1902 5477 Grod.
1932 5440 1946 5488 ;
1980 5429 2040 5477 at

385 5490 620 5565 iisdem,
650 5489 917 5565 siAOttob.
954 5486 1625 5565 excip‘iasxproﬁﬁvuput
1652 5486 2034 5565 διηγήσασθαι,

388 5561 676 5630 scriptum
707 5560 924 5630 ferunt,
959 5556 1321 5630 διἠγῖιςσασοίαι
1355 5556 1600 5617 δυνατόν.

456 5629 537 5703 (‘2)
566 5630 687 5685 Ὅτι
720 5629 1003 5705 γλεύκοκς.
1039 5629 1395 5687 Particulam
1439 5631 1523 5687 ὅτι
1573 5634 1921 5704 εινὶρεὶιῃιιε
1963 5652 2034 5692 ex

460 4628 505 4661 ’δι
539 4628 663 4679 Act.
698 4640 754 4689 ιι,
787 4628 839 4678 6.
941 4628 987 4657 "
1016 4628 1158 4681 Gen.
1191 4639 1269 4686 ιι,
1302 4628 1355 4693 7,
1388 4628 1440 4675 9'
1544 4628 1589 4657 νδ
1616 4628 1743 4681 Act.
1778 4641 1837 4689 ιι,
1873 4628 1926 4683 8.
2026 4628 2061 4663 ⁹⁴

394 4698 479 4751 13.
554 4692 600 4728 ⁹⁷
626 4695 823 4753 Matth.
859 4712 933 4759 ix,
969 4698 1053 4749 17.
1130 4692 1176 4728 9⁸
1212 4690 1339 4750 Vid.
1372 4699 1480 4749 cat.
1516 4696 1601 4761 16,
1635 4711 1691 4749 n.
1726 4697 1832 4763 26;
1863 4712 1986 4771 sup.
2018 4716 2055 4754 η

2162 4644 2264 4687 an.
2300 4645 2385 4695 ιιι,
2418 4630 2469 4683 8.
2572 4628 2619 4662 9‘
2655 4628 2782 4684 Vid.
2816 4633 2922 4685 cat.
2960 4631 3024 4683 16
3076 4644 3133 4683 n.
3166 4630 3196 4685 5
3228 4634 3279 4682 et
3311 4628 3363 4682 24

2162 4704 2200 4757 ζ.
2276 4699 2322 4736 θ’
2354 4703 2479 4759 Act.
2512 4717 2548 4756 ιι
2584 4701 2670 4770 14,
2707 4702 2791 4754 15.
2871 4702 2887 4738 ¹
2921 4673 3077 4755 Ρεθῖ.
3112 4715 3278 4771 xxxv,
3312 4701 3363 4759 9.

2157 3329 2293 3371 vero
2326 3329 2461 3373 cum
2493 3314 2950 3389 exsuperantia:
2985 3313 3062 3369 ibi
3097 3312 3392 3387 siquidem
3454 3312 3642 3367 sancti
3671 3310 3801 3384 Spi~

2154 3405 2305 3465 ritus
2336 3406 2852 3480 participationem
2874 3405 3270 3480 recipiebant:
3298 3405 3394 3465 hic
3416 3392 3801 3479 vero'integre

2156 3510 2224 3552 ac
2248 3494 2423 3566 plene
2453 3495 2729 3567 baptizati
2759 3495 2944 3554 fuere.

2227 3586 2372 3641 XIX.
2405 3584 2519 3643 Sed
2551 3586 2758 3641 Petrus
2790 3584 2891 3657 qui
2914 3584 3197 3657 Spiritum
3224 3590 3494 3642 sanctum
3522 3582 3799 3651 habebat,

2156 3674 2285 3745 ejus
2317 3672 2474 3744 quod
2506 3671 2762 3729 habebat
2808 3671 2985 3743 plane
3015 3688 3234 3745 gnarus
3281 3672 3399 3729 ait:
3460 3675 3583 3729 Viri
3622 3675 3803 3728 Israe-

2157 3763 2289 3831 litse,
2322 3763 2423 3833 qui
2452 3762 2669 3821 Joelem
2700 3761 3036 3833 praedicatis
3066 3767 3125 3816 et
3181 3778 3312 3831 quas
3363 3762 3800 3832 Scripturarum

2156 3858 2296 3908 sunt
2323 3852 2587 3919 nescitis,
2620 3869 2719 3908 nos
2770 3854 2912 3908 sicut
2966 3867 3059 3906 vos
3116 3852 3465 3920 existimatis,
3516 3852 3608 3906 isti
3663 3851 3803 3905 ebrii

2153 3948 2279 3998 sunt
2307 3942 2372 4000 9°.
2405 3942 2564 3999 Ebrii
2588 3947 2729 4001 sunt
2751 3942 2932 4007 enim,
2956 3957 3076 3997 non
3100 3941 3363 4001 sicutvos
3389 3942 3796 4012 suspicamini,

2156 4032 2261 4091 sed
2292 4031 2447 4091 sicut
2475 4032 2762 4103 scriptum
2793 4035 2884 4089 est
2910 4049 2922 4085 :
2953 4031 3437 4089 Inebriabuntura
3457 4032 3801 4103 pinguedine

2153 4123 2343 4179 domus
2374 4127 2501 4189 tum,
2531 4125 2583 4176 et
2612 4137 2681 4177 ea:
2712 4121 3042 4179 torrentibus
3070 4119 3391 4176 delician
3424 4126 3645 4175 tuarum
3694 4135 3799 4190 po-

2153 4212 2292 4265 tabis
2321 4226 2407 4265 eos
2440 4212 2479 4263 ¹.
2513 4208 2673 4263 Ebrii
2705 4213 2843 4263 sunt
2873 4208 3073 4264 sobria
3102 4208 3404 4277 ebrietate,
3441 4226 3572 4279 quae
3588 4224 3792 4280 pecca-

2152 4306 2276 4357 tum
2308 4297 2599 4353 interimit
2628 4303 2686 4352 et
2715 4314 2818 4353 cor
2856 4298 3127 4363 vivificat,
3174 4297 3445 4353 ebrietati
3495 4315 3793 4370 corporea:

2149 4386 2325 4461 plane
2355 4385 2671 4442 contraria.
2704 4387 2849 4442 Nam
2877 4386 3005 4442 haac
3035 4386 3215 4442 etiam
3237 4401 3438 4442 rerum
3470 4403 3616 4456 quas
3639 4386 3799 4443 novi-

2150 4492 2283 4531 mus
2313 4474 2672 4529 oblivionem
2698 4474 2964 4543 inducit;
2997 4475 3112 4530 ista
3166 4492 3300 4530 vero
3360 4474 3795 4547 incognitarum

2572 4625 2619 4662 9‘
2655 4628 2782 4684 Vid.
2816 4633 2922 4685 cat.
2960 4631 3044 4695 16,
3076 4644 3133 4683 n.
3166 4630 3196 4685 5
3228 4634 3279 4682 et
3311 4628 3399 4683 24.
3503 4626 3548 4661 ⁸⁸
3576 4629 3702 4683 Act.
3735 4646 3794 4695 ιι,

2073 4865 2118 4929 D
2154 4853 2554 4929 codd._Coisl.,
2588 4851 2764 4929 Grod.
2798 4857 2855 4929 et
2886 4868 3051 4929 sacro
3084 4855 3264 4929 textu.

2230 4928 2303 4996 (3)
2337 4924 2481 4980 Κατὰ
2518 4922 2762 4996 καιρούς.
2824 4926 2940 4978 Roe
2984 4928 3042 4978 et
3081 4923 3367 4997 _Casaub..
3419 4921 3555 4977 κατὰ
3612 4923 3798 4997 καιρὸν

2151 4992 2373 5052 ἕκαστον
2407 4992 2883 5066 ᾳιιουὶεἰεηιρονε.
2921 4992 3121 5059 Καιρός
3153 4994 3249 5050 hic
3282 5013 3385 5066 pro
3439 5012 3595 5051 anno
3646 4992 3801 5053 sumi

2151 5070 2496 5140 videtur,__ut
2522 5065 2843 5140 aliquando
2874 5066 2936 5122 in
2967 5065 3580 5140 Scriptura’usurpari
3634 5069 3800 5125 testis

2148 5147 2240 5198 est
2268 5137 2521 5210 Cyrillus
2552 5137 2677 5208 ipse
2700 5142 2817 5210 cat.
2856 5140 2939 5199 l5.
2972 5137 3137 5193 num.
3172 5140 3259 5210 16.

2220 5206 2494 5281 (4)Ὀῖ’κου
2525 5206 2642 5277 σου,
2675 5209 2863 5281 ἀοιηιιε
2923 5216 3047 5281 tuaz.
3098 5208 3421 5281 Legebatur
3468 5211 3530 5265 in
3584 5211 3794 5269 editio-

2150 5278 2324 5341 nibus
2348 5286 2486 5336 ante
2519 5280 2938 5345 Oxoniensem,
2968 5278 3120 5334 οἷ’νου
3148 5278 3263 5346 σου,
3297 5284 3415 5337 υἱηὶ
3452 5284 3552 5337 tui.
3607 5287 3794 5346 Atque

2149 5355 2229 5409 ita
2252 5354 2402 5425 forte
2428 5350 2733 5407 memorias
2751 5351 2926 5425 lapsu
2947 5352 3177 5425 dixerat
3195 5354 3473 5425 Cyrillus.
3507 5356 3589 5408 Ex
3619 5350 3789 5409 codd.

2147 5423 2390 5498 Casaub.
2419 5430 2477 5478 et
2500 5425 2639 5487 Roe,
2663 5423 2878 5498 quibus
2896 5424 3068 5498 Coisl.
3098 5430 3155 5479 et
3175 5423 3349 5498 Grod.
3374 5426 3794 5498 suffragantur,

2147 5495 2426 5552 Millesius
2461 5490 2957 5569 reposuit._oi'xpu.
2990 5497 3140 5551 Loco
3169 5493 3233 5569 in
3282 5498 3404 5569 τῷν-
3449 5490 3791 5569 χειμάρῥων,

2145 5585 2214 5624 ea:
2245 5565 2594 5631 torrentibus,
2626 5565 2828 5631 Coisl.,
2860 5568 3001 5634 Roe,
3034 5567 3278 5623 Casaub.
3312 5565 3555 5622 habent
3580 5565 3667 5622 ut‘
3691 5584 3789 5620 sa—

2146 5656 2248 5695 cer
2279 5644 2491 5706 textus,
2523 5638 2615 5691 τὸν
2644 5635 3001 5711 χεεμάῥρουν,
3036 5645 3353 5694 torrentem.
