  <div class='ocr_page' id='page_1' title='image "/cluster/home/n/w/nwhite01/storage/ocr_20150623/33/mdp.39015078384412/503.png"; bbox 0 0 4148 6286; ppageno 0'>
   <div class='ocr_carea' id='block_1_1' title="bbox 395 341 511 402">
    <p class='ocr_par' dir='ltr' id='par_1_1' title="bbox 395 341 511 402">
     <span class='ocr_line' id='line_1_1' title="bbox 395 341 511 402; baseline 0.009 -1"><span class='ocrx_word' id='word_1_1' title='bbox 395 341 511 402; x_wconf 83' lang='grc'>991</span> 
     </span>
    </p>
   </div>
   <div class='ocr_carea' id='block_1_2' title="bbox 1443 331 2737 406">
    <p class='ocr_par' dir='ltr' id='par_1_2' title="bbox 1443 331 2737 406">
     <span class='ocr_line' id='line_1_2' title="bbox 1443 331 2737 406; baseline -0.008 -1"><span class='ocrx_word' id='word_1_2' title='bbox 1443 345 1508 405; x_wconf 90' lang='lat' dir='ltr'>S.</span> <span class='ocrx_word' id='word_1_3' title='bbox 1553 339 1866 406; x_wconf 82' lang='lat' dir='ltr'>CYRILLI</span> <span class='ocrx_word' id='word_1_4' title='bbox 1909 331 2326 397; x_wconf 76' lang='lat' dir='ltr'>HIEBOSOL.</span> <span class='ocrx_word' id='word_1_5' title='bbox 2370 336 2737 398; x_wconf 76' lang='lat' dir='ltr'>ARCHIEP.</span> 
     </span>
    </p>
   </div>
   <div class='ocr_carea' id='block_1_3' title="bbox 3685 334 3814 397">
    <p class='ocr_par' dir='ltr' id='par_1_3' title="bbox 3685 334 3814 397">
     <span class='ocr_line' id='line_1_3' title="bbox 3685 334 3814 397; baseline -0.031 0"><span class='ocrx_word' id='word_1_6' title='bbox 3685 334 3814 397; x_wconf 67' lang='lat'>992</span> 
     </span>
    </p>
   </div>
   <div class='ocr_carea' id='block_1_4' title="bbox 399 464 2041 548">
    <p class='ocr_par' dir='ltr' id='par_1_4' title="bbox 399 470 2041 548">
     <span class='ocr_line' id='line_1_4' title="bbox 399 470 2041 548; baseline -0.001 -23"><span class='ocrx_word' id='word_1_7' title='bbox 399 472 575 526; x_wconf 88' lang='lat' dir='ltr'>etiam</span> <span class='ocrx_word' id='word_1_8' title='bbox 599 470 911 526; x_wconf 76' lang='lat' dir='ltr'>scientiam</span> <span class='ocrx_word' id='word_1_9' title='bbox 926 472 1209 544; x_wconf 81' lang='lat' dir='ltr'>impertit.</span> <span class='ocrx_word' id='word_1_10' title='bbox 1234 474 1394 530; x_wconf 86' lang='lat' dir='ltr'>Ebrii</span> <span class='ocrx_word' id='word_1_11' title='bbox 1410 482 1550 531; x_wconf 89' lang='lat' dir='ltr'>sunt</span> <span class='ocrx_word' id='word_1_12' title='bbox 1568 482 1738 548; x_wconf 89' lang='lat' dir='ltr'>epoto</span> <span class='ocrx_word' id='word_1_13' title='bbox 1762 470 2041 544; x_wconf 88' lang='lat' dir='ltr'>intelligi-</span> 
     </span>
    </p>
   </div>
   <div class='ocr_carea' id='block_1_5' title="bbox 2153 464 3805 548">
    <p class='ocr_par' dir='ltr' id='par_1_5' title="bbox 2164 464 3805 541">
     <span class='ocr_line' id='line_1_5' title="bbox 2164 464 3805 541; baseline 0 -22"><span class='ocrx_word' id='word_1_14' title='bbox 2164 465 2238 537; x_wconf 83' lang='grc' dir='ltr'>μή</span> <span class='ocrx_word' id='word_1_15' title='bbox 2298 465 2652 541; x_wconf 79' lang='grc' dir='ltr'>ἐγνωσμένων</span> <span class='ocrx_word' id='word_1_16' title='bbox 2708 467 2809 536; x_wconf 77' lang='grc' dir='ltr'>τὴν</span> <span class='ocrx_word' id='word_1_17' title='bbox 2863 469 3062 541; x_wconf 82' lang='grc' dir='ltr'>γνῶσιν</span> <span class='ocrx_word' id='word_1_18' title='bbox 3122 464 3427 541; x_wconf 81' lang='grc' dir='ltr'>χαρίζεται.</span> <span class='ocrx_word' id='word_1_19' title='bbox 3503 465 3805 537; x_wconf 78' lang='grc' dir='ltr'>Μεθύουσι,</span> 
     </span>
    </p>
   </div>
   <div class='ocr_carea' id='block_1_6' title="bbox 399 560 2050 634">
    <p class='ocr_par' dir='ltr' id='par_1_6' title="bbox 399 560 2050 634">
     <span class='ocr_line' id='line_1_6' title="bbox 399 560 2050 634; baseline 0.001 -19"><span class='ocrx_word' id='word_1_20' title='bbox 399 560 539 615; x_wconf 84' lang='lat' dir='ltr'>bilis</span> <span class='ocrx_word' id='word_1_21' title='bbox 571 560 704 615; x_wconf 82' lang='lat' dir='ltr'>vitis</span> <span class='ocrx_word' id='word_1_22' title='bbox 733 561 868 616; x_wconf 82' lang='lat' dir='ltr'>vino</span> <span class='ocrx_word' id='word_1_23' title='bbox 901 562 996 633; x_wconf 89' lang='grc'>(1),</span> <span class='ocrx_word' id='word_1_24' title='bbox 1032 580 1164 634; x_wconf 63' lang='lat' dir='ltr'>quas</span> <span class='ocrx_word' id='word_1_25' title='bbox 1198 565 1313 619; x_wconf 90' lang='lat' dir='ltr'>ait:</span> <span class='ocrx_word' id='word_1_26' title='bbox 1348 567 1464 633; x_wconf 90' lang='lat' dir='ltr'>Ego</span> <span class='ocrx_word' id='word_1_27' title='bbox 1487 582 1606 620; x_wconf 86' lang='lat' dir='ltr'>sum</span> <span class='ocrx_word' id='word_1_28' title='bbox 1661 566 1810 625; x_wconf 76' lang='lat' dir='ltr'>vitis,</span> <span class='ocrx_word' id='word_1_29' title='bbox 1866 567 1915 617; x_wconf 80' lang='lat' dir='ltr'>et</span> <span class='ocrx_word' id='word_1_30' title='bbox 1960 576 2050 617; x_wconf 76' lang='lat' dir='ltr'>vos</span> 
     </span>
    </p>
   </div>
   <div class='ocr_carea' id='block_1_7' title="bbox 390 648 2050 719">
    <p class='ocr_par' dir='ltr' id='par_1_7' title="bbox 390 648 2050 719">
     <span class='ocr_line' id='line_1_7' title="bbox 390 648 2050 719; baseline 0.001 -16"><span class='ocrx_word' id='word_1_31' title='bbox 390 648 652 719; x_wconf 81' lang='lat' dir='ltr'>palmites</span> <span class='ocrx_word' id='word_1_32' title='bbox 677 649 721 703; x_wconf 79' lang='grc'>³.</span> <span class='ocrx_word' id='word_1_33' title='bbox 755 650 921 715; x_wconf 89' lang='lat' dir='ltr'>Quod</span> <span class='ocrx_word' id='word_1_34' title='bbox 954 651 1002 705; x_wconf 91' lang='lat' dir='ltr'>si</span> <span class='ocrx_word' id='word_1_35' title='bbox 1035 652 1180 706; x_wconf 89' lang='lat' dir='ltr'>mihi</span> <span class='ocrx_word' id='word_1_36' title='bbox 1216 652 1438 708; x_wconf 77' lang='lat' dir='ltr'>dicenti</span> <span class='ocrx_word' id='word_1_37' title='bbox 1497 671 1619 709; x_wconf 94' lang='lat' dir='ltr'>non</span> <span class='ocrx_word' id='word_1_38' title='bbox 1648 652 1928 718; x_wconf 80' lang='lat' dir='ltr'>&#39;creditis,</span> <span class='ocrx_word' id='word_1_39' title='bbox 1979 667 2050 705; x_wconf 83' lang='lat' dir='ltr'>ex</span> 
     </span>
    </p>
   </div>
   <div class='ocr_carea' id='block_1_8' title="bbox 400 738 2047 814">
    <p class='ocr_par' dir='ltr' id='par_1_8' title="bbox 400 738 2047 814">
     <span class='ocr_line' id='line_1_8' title="bbox 400 738 2047 814; baseline 0.001 -21"><span class='ocrx_word' id='word_1_40' title='bbox 400 738 531 810; x_wconf 91' lang='lat' dir='ltr'>ipsa</span> <span class='ocrx_word' id='word_1_41' title='bbox 561 740 848 811; x_wconf 91' lang='lat' dir='ltr'>temporis</span> <span class='ocrx_word' id='word_1_42' title='bbox 880 740 1331 797; x_wconf 78' lang='lat' dir='ltr'>circumstantia</span> <span class='ocrx_word' id='word_1_43' title='bbox 1361 742 1519 814; x_wconf 89' lang='lat' dir='ltr'>quod</span> <span class='ocrx_word' id='word_1_44' title='bbox 1550 743 1681 798; x_wconf 90' lang='lat' dir='ltr'>dico</span> <span class='ocrx_word' id='word_1_45' title='bbox 1714 740 2047 812; x_wconf 85' lang='lat' dir='ltr'>intelligite.</span> 
     </span>
    </p>
   </div>
   <div class='ocr_carea' id='block_1_9' title="bbox 398 828 2051 897">
    <p class='ocr_par' dir='ltr' id='par_1_9' title="bbox 398 828 2051 897">
     <span class='ocr_line' id='line_1_9' title="bbox 398 828 2051 897; baseline 0.001 -15"><span class='ocrx_word' id='word_1_46' title='bbox 398 829 491 884; x_wconf 85' lang='lat' dir='ltr'>Est</span> <span class='ocrx_word' id='word_1_47' title='bbox 512 828 672 883; x_wconf 91' lang='lat' dir='ltr'>enim</span> <span class='ocrx_word' id='word_1_48' title='bbox 694 829 829 884; x_wconf 86' lang='lat' dir='ltr'>hora</span> <span class='ocrx_word' id='word_1_49' title='bbox 850 830 963 885; x_wconf 74' lang='lat' dir='ltr'>diei</span> <span class='ocrx_word' id='word_1_50' title='bbox 985 831 1149 885; x_wconf 75' lang='lat' dir='ltr'>tertia</span> <span class='ocrx_word' id='word_1_51' title='bbox 1174 831 1215 884; x_wconf 80' lang='grc'>³.</span> <span class='ocrx_word' id='word_1_52' title='bbox 1234 832 1340 897; x_wconf 90' lang='lat' dir='ltr'>Qui</span> <span class='ocrx_word' id='word_1_53' title='bbox 1369 832 1526 886; x_wconf 88' lang='lat' dir='ltr'>enim</span> <span class='ocrx_word' id='word_1_54' title='bbox 1549 832 1695 887; x_wconf 87' lang='lat' dir='ltr'>hora</span> <span class='ocrx_word' id='word_1_55' title='bbox 1717 830 1891 886; x_wconf 86' lang='lat' dir='ltr'>tertia</span> <span class='ocrx_word' id='word_1_56' title='bbox 1915 846 2051 884; x_wconf 90' lang='lat' dir='ltr'>cru-</span> 
     </span>
    </p>
   </div>
   <div class='ocr_carea' id='block_1_10' title="bbox 396 915 2047 991">
    <p class='ocr_par' dir='ltr' id='par_1_10' title="bbox 396 915 2047 991">
     <span class='ocr_line' id='line_1_10' title="bbox 396 915 2047 991; baseline 0.001 -20"><span class='ocrx_word' id='word_1_57' title='bbox 396 917 606 973; x_wconf 80' lang='lat' dir='ltr'>ciﬁxus</span> <span class='ocrx_word' id='word_1_58' title='bbox 621 922 711 972; x_wconf 90' lang='lat' dir='ltr'>est</span> <span class='ocrx_word' id='word_1_59' title='bbox 726 915 845 985; x_wconf 74' lang='lat' dir='ltr'>‘,ut</span> <span class='ocrx_word' id='word_1_60' title='bbox 866 920 1091 974; x_wconf 90' lang='lat' dir='ltr'>Marcus</span> <span class='ocrx_word' id='word_1_61' title='bbox 1105 920 1207 987; x_wconf 85' lang='lat' dir='ltr'>ait,</span> <span class='ocrx_word' id='word_1_62' title='bbox 1224 919 1248 953; x_wconf 82' lang='grc'>⁵</span> <span class='ocrx_word' id='word_1_63' title='bbox 1272 921 1445 975; x_wconf 88' lang='lat' dir='ltr'>tertia</span> <span class='ocrx_word' id='word_1_64' title='bbox 1466 937 1627 975; x_wconf 91' lang='lat' dir='ltr'>nunc</span> <span class='ocrx_word' id='word_1_65' title='bbox 1643 920 1788 975; x_wconf 89' lang='lat' dir='ltr'>hora</span> <span class='ocrx_word' id='word_1_66' title='bbox 1799 920 2047 991; x_wconf 79' lang='lat' dir='ltr'>gratiam</span> 
     </span>
    </p>
   </div>
   <div class='ocr_carea' id='block_1_11' title="bbox 397 1005 2049 1082">
    <p class='ocr_par' dir='ltr' id='par_1_11' title="bbox 397 1005 2049 1082">
     <span class='ocr_line' id='line_1_11' title="bbox 397 1005 2049 1082; baseline 0.002 -22"><span class='ocrx_word' id='word_1_67' title='bbox 397 1007 596 1073; x_wconf 81' lang='lat' dir='ltr'>misit;</span> <span class='ocrx_word' id='word_1_68' title='bbox 622 1005 777 1062; x_wconf 63' lang='lat' dir='ltr'>esnon</span> <span class='ocrx_word' id='word_1_69' title='bbox 800 1008 960 1062; x_wconf 89' lang='lat' dir='ltr'>enim</span> <span class='ocrx_word' id='word_1_70' title='bbox 985 1007 1365 1074; x_wconf 89' lang='lat' dir='ltr'>aliaillius,et</span> <span class='ocrx_word' id='word_1_71' title='bbox 1385 1009 1502 1063; x_wconf 92' lang='lat' dir='ltr'>alia</span> <span class='ocrx_word' id='word_1_72' title='bbox 1519 1007 2049 1082; x_wconf 83' lang='lat' dir='ltr'>hujusgratia;sed</span> 
     </span>
    </p>
   </div>
   <div class='ocr_carea' id='block_1_12' title="bbox 397 1096 2049 1169">
    <p class='ocr_par' dir='ltr' id='par_1_12' title="bbox 397 1096 2049 1169">
     <span class='ocr_line' id='line_1_12' title="bbox 397 1096 2049 1169; baseline 0.001 -18"><span class='ocrx_word' id='word_1_73' title='bbox 397 1096 499 1167; x_wconf 86' lang='lat' dir='ltr'>qui</span> <span class='ocrx_word' id='word_1_74' title='bbox 528 1101 666 1151; x_wconf 92' lang='lat' dir='ltr'>tunc</span> <span class='ocrx_word' id='word_1_75' title='bbox 695 1096 1011 1151; x_wconf 77' lang='lat' dir='ltr'>crucifixus</span> <span class='ocrx_word' id='word_1_76' title='bbox 1034 1102 1143 1166; x_wconf 91' lang='lat' dir='ltr'>est,</span> <span class='ocrx_word' id='word_1_77' title='bbox 1169 1103 1227 1152; x_wconf 91' lang='lat' dir='ltr'>et</span> <span class='ocrx_word' id='word_1_78' title='bbox 1246 1098 1622 1169; x_wconf 82' lang='lat' dir='ltr'>promiserat,</span> <span class='ocrx_word' id='word_1_79' title='bbox 1656 1097 1716 1153; x_wconf 90' lang='lat' dir='ltr'>id</span> <span class='ocrx_word' id='word_1_80' title='bbox 1744 1098 1901 1169; x_wconf 92' lang='lat' dir='ltr'>quod</span> <span class='ocrx_word' id='word_1_81' title='bbox 1922 1097 2049 1152; x_wconf 83' lang='lat' dir='ltr'>fue-</span> 
     </span>
    </p>
   </div>
   <div class='ocr_carea' id='block_1_13' title="bbox 395 1185 2046 1258">
    <p class='ocr_par' dir='ltr' id='par_1_13' title="bbox 395 1185 2046 1258">
     <span class='ocr_line' id='line_1_13' title="bbox 395 1185 2046 1258; baseline 0.001 -19"><span class='ocrx_word' id='word_1_82' title='bbox 395 1189 489 1239; x_wconf 85' lang='lat' dir='ltr'><strong>rat</strong></span> <span class='ocrx_word' id='word_1_83' title='bbox 515 1185 821 1256; x_wconf 81' lang='lat' dir='ltr'>pollicitus</span> <span class='ocrx_word' id='word_1_84' title='bbox 852 1186 1201 1258; x_wconf 86' lang='lat' dir='ltr'>implevit.Si</span> <span class='ocrx_word' id='word_1_85' title='bbox 1233 1204 1367 1241; x_wconf 87' lang='lat' dir='ltr'>vero</span> <span class='ocrx_word' id='word_1_86' title='bbox 1391 1192 1450 1243; x_wconf 90' lang='lat' dir='ltr'>et</span> <span class='ocrx_word' id='word_1_87' title='bbox 1474 1188 1881 1244; x_wconf 90' lang='lat' dir='ltr'>testimonium</span> <span class='ocrx_word' id='word_1_88' title='bbox 1894 1187 2046 1243; x_wconf 88' lang='lat' dir='ltr'>acci-</span> 
     </span>
    </p>
   </div>
   <div class='ocr_carea' id='block_1_14' title="bbox 392 1275 2050 1348">
    <p class='ocr_par' dir='ltr' id='par_1_14' title="bbox 392 1275 2050 1348">
     <span class='ocr_line' id='line_1_14' title="bbox 392 1275 2050 1348; baseline 0.001 -19"><span class='ocrx_word' id='word_1_89' title='bbox 392 1290 533 1345; x_wconf 90' lang='lat' dir='ltr'>pere</span> <span class='ocrx_word' id='word_1_90' title='bbox 558 1275 794 1346; x_wconf 88' lang='lat' dir='ltr'>optatis,</span> <span class='ocrx_word' id='word_1_91' title='bbox 823 1276 978 1331; x_wconf 69' lang='lat'>21-!</span> <span class='ocrx_word' id='word_1_92' title='bbox 1011 1276 1257 1344; x_wconf 81' lang='lat' dir='ltr'>&#39;audite,</span> <span class='ocrx_word' id='word_1_93' title='bbox 1299 1277 1531 1348; x_wconf 85' lang='lat' dir='ltr'>inquit:</span> <span class='ocrx_word' id='word_1_94' title='bbox 1579 1299 1607 1328; x_wconf 86' lang='lat'>«</span> <span class='ocrx_word' id='word_1_95' title='bbox 1641 1276 1753 1333; x_wconf 85' lang='lat' dir='ltr'>Sed</span> <span class='ocrx_word' id='word_1_96' title='bbox 1800 1277 1912 1332; x_wconf 90' lang='lat' dir='ltr'>hoc</span> <span class='ocrx_word' id='word_1_97' title='bbox 1962 1280 2050 1331; x_wconf 87' lang='lat' dir='ltr'>est</span> 
     </span>
    </p>
   </div>
   <div class='ocr_carea' id='block_1_15' title="bbox 396 1363 2050 1437">
    <p class='ocr_par' dir='ltr' id='par_1_15' title="bbox 396 1363 2050 1437">
     <span class='ocr_line' id='line_1_15' title="bbox 396 1363 2050 1437; baseline 0.004 -24"><span class='ocrx_word' id='word_1_98' title='bbox 396 1385 423 1413; x_wconf 85' lang='grc'>‹‹</span> <span class='ocrx_word' id='word_1_99' title='bbox 459 1363 618 1435; x_wconf 90' lang='lat' dir='ltr'>quod</span> <span class='ocrx_word' id='word_1_100' title='bbox 650 1364 874 1419; x_wconf 92' lang='lat' dir='ltr'>dictum</span> <span class='ocrx_word' id='word_1_101' title='bbox 908 1370 1000 1419; x_wconf 88' lang='lat' dir='ltr'>est</span> <span class='ocrx_word' id='word_1_102' title='bbox 1018 1381 1125 1435; x_wconf 89' lang='lat' dir='ltr'>per</span> <span class='ocrx_word' id='word_1_103' title='bbox 1148 1365 1498 1437; x_wconf 84' lang='lat' dir='ltr'>prophetam</span> <span class='ocrx_word' id='word_1_104' title='bbox 1520 1365 1644 1421; x_wconf 87' lang='lat' dir='ltr'>Joel</span> <span class='ocrx_word' id='word_1_105' title='bbox 1676 1365 2050 1435; x_wconf 87' lang='lat' dir='ltr'>:Eteritpost</span> 
     </span>
    </p>
   </div>
   <div class='ocr_carea' id='block_1_16' title="bbox 399 1452 2049 1525">
    <p class='ocr_par' dir='ltr' id='par_1_16' title="bbox 399 1452 2049 1525">
     <span class='ocr_line' id='line_1_16' title="bbox 399 1452 2049 1525; baseline 0.002 -23"><span class='ocrx_word' id='word_1_106' title='bbox 399 1473 426 1502; x_wconf 87' lang='grc'>‹‹</span> <span class='ocrx_word' id='word_1_107' title='bbox 456 1452 603 1519; x_wconf 74' lang='grc' dir='ltr'>ιιεοο,</span> <span class='ocrx_word' id='word_1_108' title='bbox 631 1452 775 1508; x_wconf 89' lang='lat' dir='ltr'>dicit</span> <span class='ocrx_word' id='word_1_109' title='bbox 801 1453 973 1517; x_wconf 89' lang='lat' dir='ltr'>Deus,</span> <span class='ocrx_word' id='word_1_110' title='bbox 1004 1452 1305 1507; x_wconf 77' lang='lat' dir='ltr'>etfundam</span> <span class='ocrx_word' id='word_1_111' title='bbox 1329 1453 1399 1508; x_wconf 91' lang='lat' dir='ltr'>de</span> <span class='ocrx_word' id='word_1_112' title='bbox 1432 1454 1653 1525; x_wconf 87' lang='lat' dir='ltr'>Spiritu</span> <span class='ocrx_word' id='word_1_113' title='bbox 1683 1454 1867 1510; x_wconf 76' lang='lat' dir='ltr'>meo&quot;.</span> <span class='ocrx_word' id='word_1_114' title='bbox 1900 1452 2049 1507; x_wconf 82' lang='lat' dir='ltr'>Illud</span> 
     </span>
    </p>
   </div>
   <div class='ocr_carea' id='block_1_17' title="bbox 393 1540 2045 1615">
    <p class='ocr_par' dir='ltr' id='par_1_17' title="bbox 393 1540 2045 1615">
     <span class='ocr_line' id='line_1_17' title="bbox 393 1540 2045 1615; baseline 0.002 -20"><span class='ocrx_word' id='word_1_115' title='bbox 393 1558 545 1609; x_wconf 86' lang='lat' dir='ltr'>vero,</span> <span class='ocrx_word' id='word_1_116' title='bbox 581 1540 881 1597; x_wconf 80' lang='lat' dir='ltr'>eﬂ‘undam</span> <span class='ocrx_word' id='word_1_117' title='bbox 916 1562 967 1609; x_wconf 85' lang='lat'>»,</span> <span class='ocrx_word' id='word_1_118' title='bbox 1000 1541 1302 1614; x_wconf 87' lang='lat' dir='ltr'>c0piosam</span> <span class='ocrx_word' id='word_1_119' title='bbox 1335 1542 1606 1615; x_wconf 81' lang='lat' dir='ltr'>designat</span> <span class='ocrx_word' id='word_1_120' title='bbox 1633 1541 2045 1599; x_wconf 88' lang='lat' dir='ltr'>donationem:</span> 
     </span>
    </p>
   </div>
   <div class='ocr_carea' id='block_1_18' title="bbox 398 1629 2049 1703">
    <p class='ocr_par' dir='ltr' id='par_1_18' title="bbox 398 1629 2049 1703">
     <span class='ocr_line' id='line_1_18' title="bbox 398 1629 2049 1703; baseline 0.002 -21"><span class='ocrx_word' id='word_1_121' title='bbox 398 1651 426 1681; x_wconf 75' lang='grc' dir='ltr'>ι(</span> <span class='ocrx_word' id='word_1_122' title='bbox 461 1632 584 1685; x_wconf 85' lang='grc' dir='ltr'>Νοιι</span> <span class='ocrx_word' id='word_1_123' title='bbox 608 1631 770 1685; x_wconf 90' lang='lat' dir='ltr'>enim</span> <span class='ocrx_word' id='word_1_124' title='bbox 794 1629 869 1685; x_wconf 89' lang='lat' dir='ltr'>ad</span> <span class='ocrx_word' id='word_1_125' title='bbox 889 1646 1229 1686; x_wconf 87' lang='lat' dir='ltr'>mensuram</span> <span class='ocrx_word' id='word_1_126' title='bbox 1258 1629 1359 1685; x_wconf 92' lang='lat' dir='ltr'>dat</span> <span class='ocrx_word' id='word_1_127' title='bbox 1379 1633 1533 1687; x_wconf 88' lang='lat' dir='ltr'>Deus</span> <span class='ocrx_word' id='word_1_128' title='bbox 1556 1632 2049 1703; x_wconf 88' lang='lat' dir='ltr'>Spiritum.Pater</span> 
     </span>
    </p>
   </div>
   <div class='ocr_carea' id='block_1_19' title="bbox 393 1718 2041 1793">
    <p class='ocr_par' dir='ltr' id='par_1_19' title="bbox 393 1718 2041 1793">
     <span class='ocr_line' id='line_1_19' title="bbox 393 1718 2041 1793; baseline 0.002 -22"><span class='ocrx_word' id='word_1_129' title='bbox 393 1739 422 1771; x_wconf 77' lang='grc' dir='ltr'>α</span> <span class='ocrx_word' id='word_1_130' title='bbox 456 1718 649 1791; x_wconf 83' lang='lat' dir='ltr'>diligit</span> <span class='ocrx_word' id='word_1_131' title='bbox 663 1719 967 1785; x_wconf 86' lang='lat' dir='ltr'>Filium,et</span> <span class='ocrx_word' id='word_1_132' title='bbox 987 1721 1189 1775; x_wconf 92' lang='lat' dir='ltr'>omnia</span> <span class='ocrx_word' id='word_1_133' title='bbox 1209 1720 1373 1776; x_wconf 89' lang='lat' dir='ltr'>dedit</span> <span class='ocrx_word' id='word_1_134' title='bbox 1392 1721 1455 1775; x_wconf 89' lang='lat' dir='ltr'>in</span> <span class='ocrx_word' id='word_1_135' title='bbox 1477 1736 1657 1776; x_wconf 92' lang='lat' dir='ltr'>manu</span> <span class='ocrx_word' id='word_1_136' title='bbox 1680 1722 1810 1793; x_wconf 88' lang='lat' dir='ltr'>ejus</span> <span class='ocrx_word' id='word_1_137' title='bbox 1830 1721 1850 1756; x_wconf 83' lang='grc'>⁸</span> <span class='ocrx_word' id='word_1_138' title='bbox 1875 1721 2041 1775; x_wconf 87' lang='lat' dir='ltr'>».De-</span> 
     </span>
    </p>
   </div>
   <div class='ocr_carea' id='block_1_20' title="bbox 392 1808 2119 1898">
    <p class='ocr_par' dir='ltr' id='par_1_20' title="bbox 392 1808 2119 1898">
     <span class='ocr_line' id='line_1_20' title="bbox 392 1808 2119 1898; baseline 0.001 -36"><span class='ocrx_word' id='word_1_139' title='bbox 392 1808 479 1862; x_wconf 91' lang='lat' dir='ltr'>dit</span> <span class='ocrx_word' id='word_1_140' title='bbox 506 1813 706 1863; x_wconf 87' lang='lat' dir='ltr'>autem</span> <span class='ocrx_word' id='word_1_141' title='bbox 737 1808 825 1862; x_wconf 92' lang='lat' dir='ltr'>illi</span> <span class='ocrx_word' id='word_1_142' title='bbox 848 1813 1203 1879; x_wconf 87' lang='lat' dir='ltr'>potestatem</span> <span class='ocrx_word' id='word_1_143' title='bbox 1230 1809 1410 1864; x_wconf 90' lang='lat' dir='ltr'>etiam</span> <span class='ocrx_word' id='word_1_144' title='bbox 1430 1808 1774 1864; x_wconf 83' lang='lat' dir='ltr'>conferendi</span> <span class='ocrx_word' id='word_1_145' title='bbox 1794 1809 2043 1864; x_wconf 90' lang='lat' dir='ltr'>sanctis-</span> <span class='ocrx_word' id='word_1_146' title='bbox 2073 1832 2119 1898; x_wconf 76' lang='grc' dir='ltr'><strong>Β</strong></span> 
     </span>
    </p>
   </div>
   <div class='ocr_carea' id='block_1_21' title="bbox 389 1896 2041 1969">
    <p class='ocr_par' dir='ltr' id='par_1_21' title="bbox 389 1896 2041 1969">
     <span class='ocr_line' id='line_1_21' title="bbox 389 1896 2041 1969; baseline 0.001 -19"><span class='ocrx_word' id='word_1_147' title='bbox 389 1897 525 1951; x_wconf 88' lang='lat' dir='ltr'>simi</span> <span class='ocrx_word' id='word_1_148' title='bbox 548 1896 801 1968; x_wconf 82' lang='lat' dir='ltr'>Spiritus</span> <span class='ocrx_word' id='word_1_149' title='bbox 826 1897 1333 1969; x_wconf 82' lang='lat' dir='ltr'>gratiam,quibus</span> <span class='ocrx_word' id='word_1_150' title='bbox 1360 1898 1632 1953; x_wconf 90' lang='lat' dir='ltr'>voluerit.</span> <span class='ocrx_word' id='word_1_151' title='bbox 1669 1920 1697 1947; x_wconf 90' lang='grc'>‹‹</span> <span class='ocrx_word' id='word_1_152' title='bbox 1729 1896 2041 1953; x_wconf 74' lang='lat' dir='ltr'>Effundam</span> 
     </span>
    </p>
   </div>
   <div class='ocr_carea' id='block_1_22' title="bbox 393 1984 2043 2058">
    <p class='ocr_par' dir='ltr' id='par_1_22' title="bbox 393 1984 2043 2058">
     <span class='ocr_line' id='line_1_22' title="bbox 393 1984 2043 2058; baseline 0.003 -22"><span class='ocrx_word' id='word_1_153' title='bbox 393 2007 416 2036; x_wconf 75' lang='grc' dir='ltr'>ι</span> <span class='ocrx_word' id='word_1_154' title='bbox 440 1984 511 2041; x_wconf 91' lang='lat' dir='ltr'>de</span> <span class='ocrx_word' id='word_1_155' title='bbox 533 1985 755 2057; x_wconf 90' lang='lat' dir='ltr'>Spiritu</span> <span class='ocrx_word' id='word_1_156' title='bbox 776 2001 908 2040; x_wconf 91' lang='lat' dir='ltr'>meo</span> <span class='ocrx_word' id='word_1_157' title='bbox 922 2003 1101 2058; x_wconf 89' lang='lat' dir='ltr'>super</span> <span class='ocrx_word' id='word_1_158' title='bbox 1116 2003 1353 2042; x_wconf 90' lang='lat' dir='ltr'>omnem</span> <span class='ocrx_word' id='word_1_159' title='bbox 1378 1993 1711 2047; x_wconf 87' lang='lat' dir='ltr'>carnem.et</span> <span class='ocrx_word' id='word_1_160' title='bbox 1732 1987 2043 2058; x_wconf 88' lang='lat' dir='ltr'>propheta-</span> 
     </span>
    </p>
   </div>
   <div class='ocr_carea' id='block_1_23' title="bbox 390 2073 2042 2146">
    <p class='ocr_par' dir='ltr' id='par_1_23' title="bbox 390 2073 2042 2146">
     <span class='ocr_line' id='line_1_23' title="bbox 390 2073 2042 2146; baseline 0.003 -21"><span class='ocrx_word' id='word_1_161' title='bbox 390 2096 419 2125; x_wconf 84' lang='lat'><strong>«</strong></span> <span class='ocrx_word' id='word_1_162' title='bbox 452 2073 726 2129; x_wconf 79' lang='lat' dir='ltr'>buntﬂlii</span> <span class='ocrx_word' id='word_1_163' title='bbox 762 2075 936 2130; x_wconf 87' lang='lat' dir='ltr'>vestri</span> <span class='ocrx_word' id='word_1_164' title='bbox 965 2080 1023 2130; x_wconf 90' lang='lat' dir='ltr'>et</span> <span class='ocrx_word' id='word_1_165' title='bbox 1054 2075 1192 2130; x_wconf 72' lang='lat' dir='ltr'>filim</span> <span class='ocrx_word' id='word_1_166' title='bbox 1220 2081 1424 2131; x_wconf 76' lang='lat' dir='ltr'>vestrm</span> <span class='ocrx_word' id='word_1_167' title='bbox 1451 2082 1536 2145; x_wconf 85' lang='lat' dir='ltr'>;et</span> <span class='ocrx_word' id='word_1_168' title='bbox 1564 2078 1621 2130; x_wconf 76' lang='lat' dir='ltr'>in</span> <span class='ocrx_word' id='word_1_169' title='bbox 1652 2076 2003 2146; x_wconf 79' lang='lat' dir='ltr'>sequentibus</span> <span class='ocrx_word' id='word_1_170' title='bbox 2023 2092 2042 2130; x_wconf 92' lang='lat'><strong><em>:</em></strong></span> 
     </span>
    </p>
   </div>
   <div class='ocr_carea' id='block_1_24' title="bbox 392 2161 2044 2237">
    <p class='ocr_par' dir='ltr' id='par_1_24' title="bbox 392 2161 2044 2237">
     <span class='ocr_line' id='line_1_24' title="bbox 392 2161 2044 2237; baseline 0.004 -25"><span class='ocrx_word' id='word_1_171' title='bbox 392 2182 421 2212; x_wconf 77' lang='grc' dir='ltr'>α</span> <span class='ocrx_word' id='word_1_172' title='bbox 452 2162 522 2216; x_wconf 86' lang='grc' dir='ltr'>Ει</span> <span class='ocrx_word' id='word_1_173' title='bbox 550 2161 791 2232; x_wconf 88' lang='lat' dir='ltr'>quidem</span> <span class='ocrx_word' id='word_1_174' title='bbox 819 2179 997 2234; x_wconf 87' lang='lat' dir='ltr'>super</span> <span class='ocrx_word' id='word_1_175' title='bbox 1026 2180 1225 2220; x_wconf 90' lang='lat' dir='ltr'>servos</span> <span class='ocrx_word' id='word_1_176' title='bbox 1255 2180 1420 2220; x_wconf 91' lang='lat' dir='ltr'>meos</span> <span class='ocrx_word' id='word_1_177' title='bbox 1451 2169 1510 2219; x_wconf 89' lang='lat' dir='ltr'>et</span> <span class='ocrx_word' id='word_1_178' title='bbox 1558 2181 1737 2237; x_wconf 89' lang='lat' dir='ltr'>super</span> <span class='ocrx_word' id='word_1_179' title='bbox 1793 2164 2044 2219; x_wconf 82' lang='lat' dir='ltr'>ancillas</span> 
     </span>
    </p>
   </div>
   <div class='ocr_carea' id='block_1_25' title="bbox 391 2251 2045 2326">
    <p class='ocr_par' dir='ltr' id='par_1_25' title="bbox 391 2251 2045 2326">
     <span class='ocr_line' id='line_1_25' title="bbox 391 2251 2045 2326; baseline 0.003 -22"><span class='ocrx_word' id='word_1_180' title='bbox 391 2269 422 2302; x_wconf 73' lang='grc' dir='ltr'>κ</span> <span class='ocrx_word' id='word_1_181' title='bbox 448 2266 632 2319; x_wconf 88' lang='lat' dir='ltr'>meas,</span> <span class='ocrx_word' id='word_1_182' title='bbox 664 2251 724 2307; x_wconf 91' lang='lat' dir='ltr'>in</span> <span class='ocrx_word' id='word_1_183' title='bbox 752 2251 961 2307; x_wconf 90' lang='lat' dir='ltr'>diebus</span> <span class='ocrx_word' id='word_1_184' title='bbox 993 2252 1112 2308; x_wconf 89' lang='lat' dir='ltr'>illis</span> <span class='ocrx_word' id='word_1_185' title='bbox 1144 2254 1445 2309; x_wconf 66' lang='lat' dir='ltr'>effundam</span> <span class='ocrx_word' id='word_1_186' title='bbox 1477 2254 1551 2309; x_wconf 91' lang='lat' dir='ltr'>de</span> <span class='ocrx_word' id='word_1_187' title='bbox 1580 2254 1802 2326; x_wconf 91' lang='lat' dir='ltr'>Spiritu</span> <span class='ocrx_word' id='word_1_188' title='bbox 1824 2259 2045 2322; x_wconf 91' lang='lat' dir='ltr'>meo,et</span> 
     </span>
    </p>
   </div>
   <div class='ocr_carea' id='block_1_26' title="bbox 393 2338 2041 2414">
    <p class='ocr_par' dir='ltr' id='par_1_26' title="bbox 393 2338 2041 2414">
     <span class='ocr_line' id='line_1_26' title="bbox 393 2338 2041 2414; baseline 0.004 -23"><span class='ocrx_word' id='word_1_189' title='bbox 393 2360 423 2390; x_wconf 79' lang='grc' dir='ltr'>ιι</span> <span class='ocrx_word' id='word_1_190' title='bbox 449 2338 889 2411; x_wconf 83' lang='lat' dir='ltr'>prapbetabunt</span> <span class='ocrx_word' id='word_1_191' title='bbox 917 2341 939 2376; x_wconf 77' lang='lat'>&#39;</span> <span class='ocrx_word' id='word_1_192' title='bbox 973 2363 1021 2395; x_wconf 86' lang='lat'>».</span> <span class='ocrx_word' id='word_1_193' title='bbox 1055 2342 1307 2413; x_wconf 89' lang='lat' dir='ltr'>Spiritus</span> <span class='ocrx_word' id='word_1_194' title='bbox 1339 2349 1580 2398; x_wconf 90' lang='lat' dir='ltr'>sanctus</span> <span class='ocrx_word' id='word_1_195' title='bbox 1608 2359 1893 2414; x_wconf 88' lang='lat' dir='ltr'>personas</span> <span class='ocrx_word' id='word_1_196' title='bbox 1920 2359 2041 2398; x_wconf 91' lang='lat' dir='ltr'>non</span> 
     </span>
    </p>
   </div>
   <div class='ocr_carea' id='block_1_27' title="bbox 386 2430 2041 2504">
    <p class='ocr_par' dir='ltr' id='par_1_27' title="bbox 386 2430 2041 2504">
     <span class='ocr_line' id='line_1_27' title="bbox 386 2430 2041 2504; baseline 0.002 -20"><span class='ocrx_word' id='word_1_197' title='bbox 386 2430 668 2502; x_wconf 85' lang='lat' dir='ltr'>respicit;</span> <span class='ocrx_word' id='word_1_198' title='bbox 700 2447 821 2486; x_wconf 91' lang='lat' dir='ltr'>non</span> <span class='ocrx_word' id='word_1_199' title='bbox 854 2432 1013 2486; x_wconf 90' lang='lat' dir='ltr'>enim</span> <span class='ocrx_word' id='word_1_200' title='bbox 1039 2431 1355 2504; x_wconf 80' lang='lat' dir='ltr'>dignitates</span> <span class='ocrx_word' id='word_1_201' title='bbox 1391 2434 1621 2503; x_wconf 68' lang='lat' dir='ltr'>quaerit,</span> <span class='ocrx_word' id='word_1_202' title='bbox 1672 2433 1776 2488; x_wconf 89' lang='lat' dir='ltr'>sed</span> <span class='ocrx_word' id='word_1_203' title='bbox 1824 2433 2041 2488; x_wconf 72' lang='lat' dir='ltr'>animm</span> 
     </span>
    </p>
   </div>
   <div class='ocr_carea' id='block_1_28' title="bbox 385 2521 2043 2595">
    <p class='ocr_par' dir='ltr' id='par_1_28' title="bbox 385 2521 2043 2595">
     <span class='ocr_line' id='line_1_28' title="bbox 385 2521 2043 2595; baseline 0.002 -21"><span class='ocrx_word' id='word_1_204' title='bbox 385 2521 687 2592; x_wconf 87' lang='lat' dir='ltr'>pietatem.</span> <span class='ocrx_word' id='word_1_205' title='bbox 723 2522 768 2556; x_wconf 83' lang='grc'>¹⁰</span> <span class='ocrx_word' id='word_1_206' title='bbox 789 2523 989 2592; x_wconf 88' lang='lat' dir='ltr'>Neque</span> <span class='ocrx_word' id='word_1_207' title='bbox 1012 2521 1221 2577; x_wconf 83' lang='lat' dir='ltr'>divites</span> <span class='ocrx_word' id='word_1_208' title='bbox 1243 2522 1667 2588; x_wconf 84' lang='lat' dir='ltr'>intumescant,</span> <span class='ocrx_word' id='word_1_209' title='bbox 1693 2540 1887 2595; x_wconf 90' lang='lat' dir='ltr'>neque</span> <span class='ocrx_word' id='word_1_210' title='bbox 1905 2540 2043 2595; x_wconf 85' lang='lat' dir='ltr'>pau-</span> 
     </span>
    </p>
   </div>
   <div class='ocr_carea' id='block_1_29' title="bbox 384 2609 2042 2684">
    <p class='ocr_par' dir='ltr' id='par_1_29' title="bbox 384 2609 2042 2684">
     <span class='ocr_line' id='line_1_29' title="bbox 384 2609 2042 2684; baseline 0.002 -19"><span class='ocrx_word' id='word_1_211' title='bbox 384 2625 559 2682; x_wconf 90' lang='lat' dir='ltr'>peres</span> <span class='ocrx_word' id='word_1_212' title='bbox 618 2611 817 2664; x_wconf 90' lang='lat' dir='ltr'>animo</span> <span class='ocrx_word' id='word_1_213' title='bbox 877 2609 1286 2683; x_wconf 89' lang='lat' dir='ltr'>dejiciantur;</span> <span class='ocrx_word' id='word_1_214' title='bbox 1348 2616 1579 2667; x_wconf 86' lang='lat' dir='ltr'>tantum</span> <span class='ocrx_word' id='word_1_215' title='bbox 1629 2612 2042 2684; x_wconf 87' lang='lat' dir='ltr'>unusquisque</span> 
     </span>
    </p>
   </div>
   <div class='ocr_carea' id='block_1_30' title="bbox 383 2699 2039 2774">
    <p class='ocr_par' dir='ltr' id='par_1_30' title="bbox 383 2699 2039 2774">
     <span class='ocr_line' id='line_1_30' title="bbox 383 2699 2039 2774; baseline 0.002 -20"><span class='ocrx_word' id='word_1_216' title='bbox 383 2699 646 2771; x_wconf 89' lang='lat' dir='ltr'>seipsum</span> <span class='ocrx_word' id='word_1_217' title='bbox 661 2699 998 2771; x_wconf 89' lang='lat' dir='ltr'>apparetad</span> <span class='ocrx_word' id='word_1_218' title='bbox 1013 2699 1454 2771; x_wconf 87' lang='lat' dir='ltr'>suscipiendam</span> <span class='ocrx_word' id='word_1_219' title='bbox 1471 2700 1767 2757; x_wconf 69' lang='lat' dir='ltr'>caelestem</span> <span class='ocrx_word' id='word_1_220' title='bbox 1783 2702 2039 2774; x_wconf 83' lang='lat' dir='ltr'>gratiam.</span> 
     </span>
    </p>
   </div>
   <div class='ocr_carea' id='block_1_31' title="bbox 2156 550 3808 628">
    <p class='ocr_par' dir='ltr' id='par_1_31' title="bbox 2156 550 3808 628">
     <span class='ocr_line' id='line_1_31' title="bbox 2156 550 3808 628; baseline 0 -20"><span class='ocrx_word' id='word_1_221' title='bbox 2156 553 2371 617; x_wconf 77' lang='grc' dir='ltr'>πιόντες</span> <span class='ocrx_word' id='word_1_222' title='bbox 2402 554 2495 609; x_wconf 76' lang='grc' dir='ltr'>τὸν</span> <span class='ocrx_word' id='word_1_223' title='bbox 2525 558 2670 609; x_wconf 77' lang='grc' dir='ltr'>οἶνον</span> <span class='ocrx_word' id='word_1_224' title='bbox 2713 561 2814 623; x_wconf 72' lang='grc' dir='ltr'>τῆς</span> <span class='ocrx_word' id='word_1_225' title='bbox 2871 560 3077 623; x_wconf 82' lang='grc' dir='ltr'>νοητῆς</span> <span class='ocrx_word' id='word_1_226' title='bbox 3133 551 3406 625; x_wconf 75' lang='grc' dir='ltr'>ἀμπέλου,</span> <span class='ocrx_word' id='word_1_227' title='bbox 3454 560 3557 623; x_wconf 84' lang='grc' dir='ltr'>τῆς</span> <span class='ocrx_word' id='word_1_228' title='bbox 3608 550 3808 628; x_wconf 81' lang='grc' dir='ltr'>λεγού·</span> 
     </span>
    </p>
   </div>
   <div class='ocr_carea' id='block_1_32' title="bbox 2158 640 3804 718">
    <p class='ocr_par' dir='ltr' id='par_1_32' title="bbox 2158 640 3804 718">
     <span class='ocr_line' id='line_1_32' title="bbox 2158 640 3804 718; baseline 0.001 -20"><span class='ocrx_word' id='word_1_229' title='bbox 2158 658 2277 712; x_wconf 86' lang='grc' dir='ltr'>σης·</span> <span class='ocrx_word' id='word_1_230' title='bbox 2313 643 2452 718; x_wconf 80' lang='grc' dir='ltr'>Ἐγώ</span> <span class='ocrx_word' id='word_1_231' title='bbox 2484 642 2599 715; x_wconf 75' lang='grc' dir='ltr'>εἰμι</span> <span class='ocrx_word' id='word_1_232' title='bbox 2647 646 2682 712; x_wconf 75' lang='grc' dir='ltr'><strong>ἡ</strong></span> <span class='ocrx_word' id='word_1_233' title='bbox 2737 642 3009 716; x_wconf 79' lang='grc' dir='ltr'>ἄμπελος,</span> <span class='ocrx_word' id='word_1_234' title='bbox 3061 643 3150 697; x_wconf 83' lang='grc' dir='ltr'>καὶ</span> <span class='ocrx_word' id='word_1_235' title='bbox 3201 643 3359 715; x_wconf 79' lang='grc' dir='ltr'>ὑμεῖς</span> <span class='ocrx_word' id='word_1_236' title='bbox 3405 642 3474 697; x_wconf 70' lang='grc' dir='ltr'>τά</span> <span class='ocrx_word' id='word_1_237' title='bbox 3516 640 3804 715; x_wconf 87' lang='grc' dir='ltr'>κλήματα.</span> 
     </span>
    </p>
   </div>
   <div class='ocr_carea' id='block_1_33' title="bbox 2157 728 3801 804">
    <p class='ocr_par' dir='ltr' id='par_1_33' title="bbox 2157 728 3801 804">
     <span class='ocr_line' id='line_1_33' title="bbox 2157 728 3801 804; baseline -0.001 -16"><span class='ocrx_word' id='word_1_238' title='bbox 2157 730 2222 788; x_wconf 79' lang='lat' dir='ltr'>El</span> <span class='ocrx_word' id='word_1_239' title='bbox 2266 728 2324 785; x_wconf 73' lang='grc' dir='ltr'>δὲ</span> <span class='ocrx_word' id='word_1_240' title='bbox 2384 733 2460 804; x_wconf 76' lang='grc' dir='ltr'>μὴ</span> <span class='ocrx_word' id='word_1_241' title='bbox 2511 733 2755 795; x_wconf 79' lang='grc' dir='ltr'>πείθεσθὲ</span> <span class='ocrx_word' id='word_1_242' title='bbox 2813 752 2930 803; x_wconf 92' lang='grc' dir='ltr'>μοι,</span> <span class='ocrx_word' id='word_1_243' title='bbox 2989 729 3047 785; x_wconf 79' lang='grc' dir='ltr'>ἐκ</span> <span class='ocrx_word' id='word_1_244' title='bbox 3100 731 3198 785; x_wconf 86' lang='grc' dir='ltr'>τοῦ</span> <span class='ocrx_word' id='word_1_245' title='bbox 3254 734 3447 803; x_wconf 92' lang='grc' dir='ltr'>καιροῦ</span> <span class='ocrx_word' id='word_1_246' title='bbox 3500 730 3684 786; x_wconf 81' lang='grc' dir='ltr'>σύνετε</span> <span class='ocrx_word' id='word_1_247' title='bbox 3736 731 3801 787; x_wconf 85' lang='grc' dir='ltr'>τὸ</span> 
     </span>
    </p>
   </div>
   <div class='ocr_carea' id='block_1_34' title="bbox 2157 814 3801 896">
    <p class='ocr_par' dir='ltr' id='par_1_34' title="bbox 2157 814 3801 896">
     <span class='ocr_line' id='line_1_34' title="bbox 2157 814 3801 896; baseline 0.002 -21"><span class='ocrx_word' id='word_1_248' title='bbox 2157 814 2472 895; x_wconf 86' lang='grc' dir='ltr'>λεγόμενον·</span> <span class='ocrx_word' id='word_1_249' title='bbox 2528 821 2680 877; x_wconf 86' lang='grc' dir='ltr'>Ἔστι.</span> <span class='ocrx_word' id='word_1_250' title='bbox 2735 820 2839 896; x_wconf 82' lang='grc' dir='ltr'>γὰρ</span> <span class='ocrx_word' id='word_1_251' title='bbox 2897 816 3013 893; x_wconf 80' lang='grc' dir='ltr'>ὣρα</span> <span class='ocrx_word' id='word_1_252' title='bbox 3069 820 3227 894; x_wconf 79' lang='grc' dir='ltr'>τρίτη</span> <span class='ocrx_word' id='word_1_253' title='bbox 3285 826 3385 889; x_wconf 77' lang='grc' dir='ltr'>τῆς</span> <span class='ocrx_word' id='word_1_254' title='bbox 3453 821 3688 896; x_wconf 71' lang='grc' dir='ltr'>ἡμέρας.</span> <span class='ocrx_word' id='word_1_255' title='bbox 3744 822 3801 878; x_wconf 81' lang='grc' dir='ltr'><strong>Ὀ</strong></span> 
     </span>
    </p>
   </div>
   <div class='ocr_carea' id='block_1_35' title="bbox 2154 905 3801 985">
    <p class='ocr_par' dir='ltr' id='par_1_35' title="bbox 2154 905 3801 985">
     <span class='ocr_line' id='line_1_35' title="bbox 2154 905 3801 985; baseline 0 -22"><span class='ocrx_word' id='word_1_256' title='bbox 2154 908 2255 984; x_wconf 76' lang='grc' dir='ltr'>γάρ</span> <span class='ocrx_word' id='word_1_257' title='bbox 2317 906 2369 963; x_wconf 85' lang='grc' dir='ltr'>ἐν</span> <span class='ocrx_word' id='word_1_258' title='bbox 2421 908 2580 984; x_wconf 72' lang='grc' dir='ltr'>τρίτη</span> <span class='ocrx_word' id='word_1_259' title='bbox 2640 905 2756 984; x_wconf 79' lang='grc' dir='ltr'>ὣρᾳ</span> <span class='ocrx_word' id='word_1_260' title='bbox 2808 909 3156 983; x_wconf 81' lang='grc' dir='ltr'>σταυρωθεὶς,</span> <span class='ocrx_word' id='word_1_261' title='bbox 3214 908 3289 971; x_wconf 84' lang='grc' dir='ltr'>ὡς</span> <span class='ocrx_word' id='word_1_262' title='bbox 3354 910 3573 985; x_wconf 74' lang='grc' dir='ltr'>Μάρκος</span> <span class='ocrx_word' id='word_1_263' title='bbox 3650 908 3801 979; x_wconf 64' lang='grc' dir='ltr'>φησὶ,</span> 
     </span>
    </p>
   </div>
   <div class='ocr_carea' id='block_1_36' title="bbox 2154 995 3801 1073">
    <p class='ocr_par' dir='ltr' id='par_1_36' title="bbox 2154 995 3801 1073">
     <span class='ocr_line' id='line_1_36' title="bbox 2154 995 3801 1073; baseline 0.002 -23"><span class='ocrx_word' id='word_1_264' title='bbox 2154 996 2311 1071; x_wconf 76' lang='grc' dir='ltr'>τρίτῃ</span> <span class='ocrx_word' id='word_1_265' title='bbox 2346 996 2461 1071; x_wconf 81' lang='grc' dir='ltr'>ὥρᾳ</span> <span class='ocrx_word' id='word_1_266' title='bbox 2486 1002 2578 1051; x_wconf 85' lang='grc' dir='ltr'>νῦν</span> <span class='ocrx_word' id='word_1_267' title='bbox 2627 997 2940 1070; x_wconf 66' lang='grc' dir='ltr'>κατέπεμψε</span> <span class='ocrx_word' id='word_1_268' title='bbox 2975 998 3074 1066; x_wconf 81' lang='grc' dir='ltr'>τήν</span> <span class='ocrx_word' id='word_1_269' title='bbox 3132 997 3317 1072; x_wconf 83' lang='grc' dir='ltr'>χάριν.</span> <span class='ocrx_word' id='word_1_270' title='bbox 3374 996 3452 1054; x_wconf 80' lang='grc' dir='ltr'>Ού</span> <span class='ocrx_word' id='word_1_271' title='bbox 3498 998 3599 1073; x_wconf 71' lang='grc' dir='ltr'>γὰρ</span> <span class='ocrx_word' id='word_1_272' title='bbox 3652 995 3801 1069; x_wconf 77' lang='grc' dir='ltr'>ἄλλη</span> 
     </span>
    </p>
   </div>
   <div class='ocr_carea' id='block_1_37' title="bbox 2157 1084 3807 1162">
    <p class='ocr_par' dir='ltr' id='par_1_37' title="bbox 2157 1084 3807 1162">
     <span class='ocr_line' id='line_1_37' title="bbox 2157 1084 3807 1162; baseline 0.001 -22"><span class='ocrx_word' id='word_1_273' title='bbox 2157 1087 2321 1161; x_wconf 81' lang='grc' dir='ltr'>χάρις</span> <span class='ocrx_word' id='word_1_274' title='bbox 2348 1084 2575 1156; x_wconf 83' lang='grc' dir='ltr'>ἐκείνου,</span> <span class='ocrx_word' id='word_1_275' title='bbox 2628 1086 2717 1141; x_wconf 80' lang='grc' dir='ltr'>καὶ</span> <span class='ocrx_word' id='word_1_276' title='bbox 2778 1085 2925 1157; x_wconf 75' lang='grc' dir='ltr'>άλλη</span> <span class='ocrx_word' id='word_1_277' title='bbox 2983 1088 3149 1162; x_wconf 80' lang='grc' dir='ltr'>χάρις</span> <span class='ocrx_word' id='word_1_278' title='bbox 3198 1090 3414 1140; x_wconf 71' lang='grc' dir='ltr'>τοῦτοιν</span> <span class='ocrx_word' id='word_1_279' title='bbox 3470 1085 3807 1142; x_wconf 83' lang='grc' dir='ltr'>ἀλλ’ὁτὸτε</span> 
     </span>
    </p>
   </div>
   <div class='ocr_carea' id='block_1_38' title="bbox 2157 1173 3807 1253">
    <p class='ocr_par' dir='ltr' id='par_1_38' title="bbox 2157 1173 3807 1253">
     <span class='ocr_line' id='line_1_38' title="bbox 2157 1173 3807 1253; baseline 0.002 -24"><span class='ocrx_word' id='word_1_280' title='bbox 2157 1178 2510 1249; x_wconf 71' lang='grc' dir='ltr'>παυρωθείς,</span> <span class='ocrx_word' id='word_1_281' title='bbox 2558 1177 2647 1230; x_wconf 77' lang='grc' dir='ltr'>καὶ</span> <span class='ocrx_word' id='word_1_282' title='bbox 2696 1173 3182 1251; x_wconf 71' lang='grc' dir='ltr'>ἐπαγγειλάμενος,</span> <span class='ocrx_word' id='word_1_283' title='bbox 3228 1173 3545 1248; x_wconf 79' lang='grc' dir='ltr'>ἐπλήρωσεν</span> <span class='ocrx_word' id='word_1_284' title='bbox 3573 1177 3602 1231; x_wconf 82' lang='grc' dir='ltr'>δ</span> <span class='ocrx_word' id='word_1_285' title='bbox 3635 1176 3807 1253; x_wconf 84' lang='grc' dir='ltr'>ἐπηγ-</span> 
     </span>
    </p>
   </div>
   <div class='ocr_carea' id='block_1_39' title="bbox 2153 1260 3801 1340">
    <p class='ocr_par' dir='ltr' id='par_1_39' title="bbox 2153 1260 3801 1340">
     <span class='ocr_line' id='line_1_39' title="bbox 2153 1260 3801 1340; baseline 0.003 -24"><span class='ocrx_word' id='word_1_286' title='bbox 2153 1262 2376 1338; x_wconf 88' lang='grc' dir='ltr'>γείλατο</span> <span class='ocrx_word' id='word_1_287' title='bbox 2425 1267 2521 1337; x_wconf 85' lang='grc'>(2).</span> <span class='ocrx_word' id='word_1_288' title='bbox 2579 1263 2643 1321; x_wconf 80' lang='lat' dir='ltr'>El</span> <span class='ocrx_word' id='word_1_289' title='bbox 2706 1261 2762 1318; x_wconf 76' lang='grc' dir='ltr'>δὲ</span> <span class='ocrx_word' id='word_1_290' title='bbox 2822 1262 3083 1336; x_wconf 82' lang='grc' dir='ltr'>βούλεσθε</span> <span class='ocrx_word' id='word_1_291' title='bbox 3148 1260 3392 1334; x_wconf 77' lang='grc' dir='ltr'>δέξασθαι</span> <span class='ocrx_word' id='word_1_292' title='bbox 3444 1264 3533 1319; x_wconf 80' lang='grc' dir='ltr'>καὶ</span> <span class='ocrx_word' id='word_1_293' title='bbox 3594 1286 3801 1340; x_wconf 85' lang='grc' dir='ltr'>μαρτυ-</span> 
     </span>
    </p>
   </div>
   <div class='ocr_carea' id='block_1_40' title="bbox 2155 1350 3800 1430">
    <p class='ocr_par' dir='ltr' id='par_1_40' title="bbox 2155 1350 3800 1430">
     <span class='ocr_line' id='line_1_40' title="bbox 2155 1350 3800 1430; baseline 0.002 -25"><span class='ocrx_word' id='word_1_294' title='bbox 2155 1351 2296 1427; x_wconf 83' lang='grc' dir='ltr'>ρίαν,</span> <span class='ocrx_word' id='word_1_295' title='bbox 2329 1352 2612 1425; x_wconf 80' lang='grc' dir='ltr'>ἀκούσατε,</span> <span class='ocrx_word' id='word_1_296' title='bbox 2671 1352 2854 1430; x_wconf 76' lang='grc' dir='ltr'>φησίν·</span> <span class='ocrx_word' id='word_1_297' title='bbox 2915 1350 3094 1409; x_wconf 79' lang='grc' dir='ltr'>Ἀλλά</span> <span class='ocrx_word' id='word_1_298' title='bbox 3147 1353 3309 1409; x_wconf 85' lang='grc' dir='ltr'>τοῦτό</span> <span class='ocrx_word' id='word_1_299' title='bbox 3366 1350 3478 1408; x_wconf 88' lang='grc' dir='ltr'>ἐστι</span> <span class='ocrx_word' id='word_1_300' title='bbox 3527 1354 3591 1408; x_wconf 87' lang='grc' dir='ltr'>τὸ</span> <span class='ocrx_word' id='word_1_301' title='bbox 3648 1354 3800 1430; x_wconf 73' lang='grc' dir='ltr'>εἰρη-</span> 
     </span>
    </p>
   </div>
   <div class='ocr_carea' id='block_1_41' title="bbox 2158 1436 3800 1521">
    <p class='ocr_par' dir='ltr' id='par_1_41' title="bbox 2158 1436 3800 1521">
     <span class='ocr_line' id='line_1_41' title="bbox 2158 1436 3800 1521; baseline 0.001 -24"><span class='ocrx_word' id='word_1_302' title='bbox 2158 1444 2320 1521; x_wconf 70' lang='grc' dir='ltr'>μένον</span> <span class='ocrx_word' id='word_1_303' title='bbox 2376 1439 2466 1497; x_wconf 75' lang='grc' dir='ltr'>διὰ</span> <span class='ocrx_word' id='word_1_304' title='bbox 2518 1445 2617 1498; x_wconf 88' lang='grc' dir='ltr'>τοῦ</span> <span class='ocrx_word' id='word_1_305' title='bbox 2669 1443 2959 1519; x_wconf 77' lang='grc' dir='ltr'>προφήτου</span> <span class='ocrx_word' id='word_1_306' title='bbox 3016 1440 3207 1512; x_wconf 84' lang='grc' dir='ltr'>Ἰωήλ·</span> <span class='ocrx_word' id='word_1_307' title='bbox 3299 1442 3396 1498; x_wconf 80' lang='grc' dir='ltr'>Καὶ</span> <span class='ocrx_word' id='word_1_308' title='bbox 3454 1436 3600 1498; x_wconf 76' lang='grc' dir='ltr'>ἔσται</span> <span class='ocrx_word' id='word_1_309' title='bbox 3664 1445 3800 1516; x_wconf 83' lang='grc' dir='ltr'>μετᾶ</span> 
     </span>
    </p>
   </div>
   <div class='ocr_carea' id='block_1_42' title="bbox 2150 1533 3800 1612">
    <p class='ocr_par' dir='ltr' id='par_1_42' title="bbox 2150 1533 3800 1612">
     <span class='ocr_line' id='line_1_42' title="bbox 2150 1533 3800 1612; baseline -0.002 -17"><span class='ocrx_word' id='word_1_310' title='bbox 2150 1544 2321 1598; x_wconf 80' lang='grc' dir='ltr'>ταῦτα</span> <span class='ocrx_word' id='word_1_311' title='bbox 2352 1540 2449 1612; x_wconf 86' lang='grc'>(3),</span> <span class='ocrx_word' id='word_1_312' title='bbox 2491 1534 2638 1611; x_wconf 84' lang='grc' dir='ltr'>λέγει</span> <span class='ocrx_word' id='word_1_313' title='bbox 2698 1536 2725 1590; x_wconf 91' lang='grc' dir='ltr'>ὁ</span> <span class='ocrx_word' id='word_1_314' title='bbox 2783 1534 2934 1605; x_wconf 86' lang='grc' dir='ltr'>Θεὸς,</span> <span class='ocrx_word' id='word_1_315' title='bbox 2991 1533 3170 1610; x_wconf 82' lang='grc' dir='ltr'>ἐκχεῶ</span> <span class='ocrx_word' id='word_1_316' title='bbox 3223 1535 3331 1590; x_wconf 83' lang='grc' dir='ltr'>ἀπὸ</span> <span class='ocrx_word' id='word_1_317' title='bbox 3382 1540 3481 1591; x_wconf 89' lang='grc' dir='ltr'>τοῦ</span> <span class='ocrx_word' id='word_1_318' title='bbox 3538 1536 3800 1610; x_wconf 82' lang='grc' dir='ltr'>Πνεύμα-</span> 
     </span>
    </p>
   </div>
   <div class='ocr_carea' id='block_1_43' title="bbox 2150 1621 3800 1702">
    <p class='ocr_par' dir='ltr' id='par_1_43' title="bbox 2150 1621 3800 1702">
     <span class='ocr_line' id='line_1_43' title="bbox 2150 1621 3800 1702; baseline -0.01 -9"><span class='ocrx_word' id='word_1_319' title='bbox 2150 1631 2244 1692; x_wconf 76' lang='grc' dir='ltr'>τός</span> <span class='ocrx_word' id='word_1_320' title='bbox 2274 1648 2400 1702; x_wconf 80' lang='grc' dir='ltr'>μου.</span> <span class='ocrx_word' id='word_1_321' title='bbox 2431 1625 2508 1683; x_wconf 80' lang='grc' dir='ltr'>Τὸ</span> <span class='ocrx_word' id='word_1_322' title='bbox 2540 1621 2618 1690; x_wconf 67' lang='grc' dir='ltr'>δὲ,</span> <span class='ocrx_word' id='word_1_323' title='bbox 2676 1623 2876 1698; x_wconf 76' lang='grc' dir='ltr'>ἐκχεῶ,</span> <span class='ocrx_word' id='word_1_324' title='bbox 2927 1621 3190 1679; x_wconf 80' lang='grc' dir='ltr'>πλουσίαν</span> <span class='ocrx_word' id='word_1_325' title='bbox 3240 1622 3460 1698; x_wconf 71' lang='grc' dir='ltr'>ᾐνίξατο</span> <span class='ocrx_word' id='word_1_326' title='bbox 3517 1621 3690 1679; x_wconf 86' lang='grc' dir='ltr'>δόσιν·</span> <span class='ocrx_word' id='word_1_327' title='bbox 3720 1625 3800 1684; x_wconf 79' lang='grc' dir='ltr'>Οὐ</span> 
     </span>
    </p>
   </div>
   <div class='ocr_carea' id='block_1_44' title="bbox 2152 1709 3800 1793">
    <p class='ocr_par' dir='ltr' id='par_1_44' title="bbox 2152 1709 3800 1793">
     <span class='ocr_line' id='line_1_44' title="bbox 2152 1709 3800 1793; baseline 0.005 -31"><span class='ocrx_word' id='word_1_328' title='bbox 2152 1719 2257 1793; x_wconf 66' lang='grc' dir='ltr'>γὰρ</span> <span class='ocrx_word' id='word_1_329' title='bbox 2315 1715 2376 1772; x_wconf 71' lang='grc' dir='ltr'>ἐκ</span> <span class='ocrx_word' id='word_1_330' title='bbox 2462 1715 2661 1789; x_wconf 81' lang='grc' dir='ltr'>μέτρου</span> <span class='ocrx_word' id='word_1_331' title='bbox 2739 1709 2958 1767; x_wconf 84' lang='grc' dir='ltr'>δίδωσιν</span> <span class='ocrx_word' id='word_1_332' title='bbox 3012 1713 3041 1767; x_wconf 82' lang='grc' dir='ltr'>ὁ</span> <span class='ocrx_word' id='word_1_333' title='bbox 3100 1711 3231 1773; x_wconf 83' lang='grc' dir='ltr'>Θεὸς</span> <span class='ocrx_word' id='word_1_334' title='bbox 3304 1713 3368 1768; x_wconf 88' lang='grc' dir='ltr'>τὸ</span> <span class='ocrx_word' id='word_1_335' title='bbox 3446 1715 3684 1786; x_wconf 87' lang='grc' dir='ltr'>Πνεῦμα.</span> <span class='ocrx_word' id='word_1_336' title='bbox 3739 1719 3800 1770; x_wconf 79' lang='grc'>⁸0</span> 
     </span>
    </p>
   </div>
   <div class='ocr_carea' id='block_1_45' title="bbox 2155 1798 3799 1882">
    <p class='ocr_par' dir='ltr' id='par_1_45' title="bbox 2155 1798 3799 1882">
     <span class='ocr_line' id='line_1_45' title="bbox 2155 1798 3799 1882; baseline -0.004 -19"><span class='ocrx_word' id='word_1_337' title='bbox 2155 1807 2341 1882; x_wconf 82' lang='grc' dir='ltr'>Πατὴρ</span> <span class='ocrx_word' id='word_1_338' title='bbox 2400 1803 2581 1879; x_wconf 79' lang='grc' dir='ltr'>ἀγαπᾷ</span> <span class='ocrx_word' id='word_1_339' title='bbox 2639 1801 2731 1857; x_wconf 85' lang='grc' dir='ltr'>τὸν</span> <span class='ocrx_word' id='word_1_340' title='bbox 2816 1800 2963 1868; x_wconf 72' lang='grc' dir='ltr'>Υἱὸν,</span> <span class='ocrx_word' id='word_1_341' title='bbox 3040 1801 3131 1856; x_wconf 78' lang='grc' dir='ltr'>καὶ</span> <span class='ocrx_word' id='word_1_342' title='bbox 3211 1801 3386 1856; x_wconf 84' lang='grc' dir='ltr'>πάντα</span> <span class='ocrx_word' id='word_1_343' title='bbox 3461 1798 3690 1857; x_wconf 71' lang='grc' dir='ltr'>δέδωκεν</span> <span class='ocrx_word' id='word_1_344' title='bbox 3747 1802 3799 1857; x_wconf 77' lang='grc' dir='ltr'>ἐν</span> 
     </span>
    </p>
   </div>
   <div class='ocr_carea' id='block_1_46' title="bbox 2148 1886 3801 1971">
    <p class='ocr_par' dir='ltr' id='par_1_46' title="bbox 2148 1886 3801 1971">
     <span class='ocr_line' id='line_1_46' title="bbox 2148 1886 3801 1971; baseline -0.005 -19"><span class='ocrx_word' id='word_1_345' title='bbox 2148 1900 2218 1971; x_wconf 77' lang='grc' dir='ltr'>τῇ</span> <span class='ocrx_word' id='word_1_346' title='bbox 2250 1893 2399 1970; x_wconf 87' lang='grc' dir='ltr'>χειρὶ</span> <span class='ocrx_word' id='word_1_347' title='bbox 2447 1891 2634 1947; x_wconf 81' lang='grc' dir='ltr'>αὐτοῦ.</span> <span class='ocrx_word' id='word_1_348' title='bbox 2694 1887 2907 1945; x_wconf 76' lang='grc' dir='ltr'>Δὲδωκε</span> <span class='ocrx_word' id='word_1_349' title='bbox 2956 1886 3015 1944; x_wconf 71' lang='grc' dir='ltr'>δὲ</span> <span class='ocrx_word' id='word_1_350' title='bbox 3072 1888 3219 1962; x_wconf 85' lang='grc' dir='ltr'>αύτῷ</span> <span class='ocrx_word' id='word_1_351' title='bbox 3262 1890 3360 1958; x_wconf 76' lang='grc' dir='ltr'>τὴν</span> <span class='ocrx_word' id='word_1_352' title='bbox 3414 1889 3652 1963; x_wconf 78' lang='grc' dir='ltr'>ἐξουσίαν</span> <span class='ocrx_word' id='word_1_353' title='bbox 3710 1892 3801 1945; x_wconf 83' lang='grc' dir='ltr'>καὶ</span> 
     </span>
    </p>
   </div>
   <div class='ocr_carea' id='block_1_47' title="bbox 2148 1976 3799 2059">
    <p class='ocr_par' dir='ltr' id='par_1_47' title="bbox 2148 1976 3799 2059">
     <span class='ocr_line' id='line_1_47' title="bbox 2148 1976 3799 2059; baseline -0.004 -19"><span class='ocrx_word' id='word_1_354' title='bbox 2148 1985 2244 2040; x_wconf 79' lang='grc' dir='ltr'>τοῦ</span> <span class='ocrx_word' id='word_1_355' title='bbox 2275 1981 2592 2059; x_wconf 85' lang='grc' dir='ltr'>χαρίζεσθαι</span> <span class='ocrx_word' id='word_1_356' title='bbox 2636 1983 2735 2035; x_wconf 88' lang='grc' dir='ltr'>τοῦ</span> <span class='ocrx_word' id='word_1_357' title='bbox 2787 1977 3059 2053; x_wconf 86' lang='grc' dir='ltr'>παναγίου</span> <span class='ocrx_word' id='word_1_358' title='bbox 3116 1976 3430 2051; x_wconf 81' lang='grc' dir='ltr'>Ηνεύματος</span> <span class='ocrx_word' id='word_1_359' title='bbox 3486 1980 3589 2047; x_wconf 75' lang='grc' dir='ltr'>τὴν</span> <span class='ocrx_word' id='word_1_360' title='bbox 3638 1977 3799 2054; x_wconf 82' lang='grc' dir='ltr'>χάριν</span> 
     </span>
    </p>
   </div>
   <div class='ocr_carea' id='block_1_48' title="bbox 2152 2064 3799 2148">
    <p class='ocr_par' dir='ltr' id='par_1_48' title="bbox 2152 2064 3799 2148">
     <span class='ocr_line' id='line_1_48' title="bbox 2152 2064 3799 2148; baseline -0.004 -20"><span class='ocrx_word' id='word_1_361' title='bbox 2152 2076 2234 2136; x_wconf 83' lang='grc' dir='ltr'>οἷς</span> <span class='ocrx_word' id='word_1_362' title='bbox 2292 2070 2570 2148; x_wconf 85' lang='grc' dir='ltr'>βούλεται.</span> <span class='ocrx_word' id='word_1_363' title='bbox 2637 2068 2850 2142; x_wconf 80' lang='grc' dir='ltr'>Ἐκχεῶ</span> <span class='ocrx_word' id='word_1_364' title='bbox 2935 2064 3041 2121; x_wconf 79' lang='grc' dir='ltr'>άπὸ</span> <span class='ocrx_word' id='word_1_365' title='bbox 3117 2069 3214 2121; x_wconf 87' lang='grc' dir='ltr'>τοῦ</span> <span class='ocrx_word' id='word_1_366' title='bbox 3292 2066 3609 2139; x_wconf 85' lang='grc' dir='ltr'>Πνεύματός</span> <span class='ocrx_word' id='word_1_367' title='bbox 3696 2088 3799 2141; x_wconf 92' lang='grc' dir='ltr'>μου</span> 
     </span>
    </p>
   </div>
   <div class='ocr_carea' id='block_1_49' title="bbox 2152 2154 3799 2233">
    <p class='ocr_par' dir='ltr' id='par_1_49' title="bbox 2152 2154 3799 2233">
     <span class='ocr_line' id='line_1_49' title="bbox 2152 2154 3799 2233; baseline -0.005 -15"><span class='ocrx_word' id='word_1_368' title='bbox 2152 2161 2239 2218; x_wconf 78' lang='grc' dir='ltr'>ἐπὶ</span> <span class='ocrx_word' id='word_1_369' title='bbox 2316 2164 2489 2215; x_wconf 80' lang='grc' dir='ltr'>πᾶσαν</span> <span class='ocrx_word' id='word_1_370' title='bbox 2576 2158 2769 2231; x_wconf 82' lang='grc' dir='ltr'>σάρκα,</span> <span class='ocrx_word' id='word_1_371' title='bbox 2844 2156 2936 2211; x_wconf 82' lang='grc' dir='ltr'>καὶ</span> <span class='ocrx_word' id='word_1_372' title='bbox 3020 2154 3491 2233; x_wconf 77' lang='grc' dir='ltr'>προφητεύσουσιν</span> <span class='ocrx_word' id='word_1_373' title='bbox 3577 2158 3630 2211; x_wconf 76' lang='grc' dir='ltr'>οἱ</span> <span class='ocrx_word' id='word_1_374' title='bbox 3689 2157 3799 2211; x_wconf 71' lang='grc' dir='ltr'>υἱοὶ</span> 
     </span>
    </p>
   </div>
   <div class='ocr_carea' id='block_1_50' title="bbox 2152 2243 3799 2325">
    <p class='ocr_par' dir='ltr' id='par_1_50' title="bbox 2152 2243 3799 2325">
     <span class='ocr_line' id='line_1_50' title="bbox 2152 2243 3799 2325; baseline -0.005 -18"><span class='ocrx_word' id='word_1_375' title='bbox 2152 2252 2329 2325; x_wconf 80' lang='grc' dir='ltr'>ὑμῶν,</span> <span class='ocrx_word' id='word_1_376' title='bbox 2359 2247 2450 2303; x_wconf 82' lang='grc' dir='ltr'>καὶ</span> <span class='ocrx_word' id='word_1_377' title='bbox 2508 2247 2563 2301; x_wconf 71' lang='grc' dir='ltr'>αἱ</span> <span class='ocrx_word' id='word_1_378' title='bbox 2622 2244 2908 2321; x_wconf 77' lang='grc' dir='ltr'>θυγατέρες</span> <span class='ocrx_word' id='word_1_379' title='bbox 2966 2245 3143 2318; x_wconf 81' lang='grc' dir='ltr'>ὑμῶν·</span> <span class='ocrx_word' id='word_1_380' title='bbox 3194 2244 3285 2299; x_wconf 82' lang='grc' dir='ltr'>καὶ</span> <span class='ocrx_word' id='word_1_381' title='bbox 3341 2243 3491 2315; x_wconf 74' lang='grc' dir='ltr'>ἱξῆς.</span> <span class='ocrx_word' id='word_1_382' title='bbox 3552 2245 3657 2302; x_wconf 79' lang='grc' dir='ltr'>Καὶ</span> <span class='ocrx_word' id='word_1_383' title='bbox 3715 2265 3799 2320; x_wconf 82' lang='grc' dir='ltr'>γε,</span> 
     </span>
    </p>
   </div>
   <div class='ocr_carea' id='block_1_51' title="bbox 2149 2330 3801 2406">
    <p class='ocr_par' dir='ltr' id='par_1_51' title="bbox 2149 2330 3801 2406">
     <span class='ocr_line' id='line_1_51' title="bbox 2149 2330 3801 2406; baseline -0.004 -11"><span class='ocrx_word' id='word_1_384' title='bbox 2149 2339 2237 2396; x_wconf 87' lang='grc' dir='ltr'>ἐπὶ</span> <span class='ocrx_word' id='word_1_385' title='bbox 2267 2336 2395 2399; x_wconf 79' lang='grc' dir='ltr'>τοῦς</span> <span class='ocrx_word' id='word_1_386' title='bbox 2427 2332 2665 2395; x_wconf 86' lang='grc' dir='ltr'>δούλους</span> <span class='ocrx_word' id='word_1_387' title='bbox 2699 2353 2803 2406; x_wconf 88' lang='grc' dir='ltr'>μου</span> <span class='ocrx_word' id='word_1_388' title='bbox 2850 2332 2943 2387; x_wconf 76' lang='grc' dir='ltr'>καὶ</span> <span class='ocrx_word' id='word_1_389' title='bbox 2997 2330 3085 2387; x_wconf 77' lang='grc' dir='ltr'>ἐπὶ</span> <span class='ocrx_word' id='word_1_390' title='bbox 3135 2333 3233 2395; x_wconf 82' lang='grc' dir='ltr'>τὰς</span> <span class='ocrx_word' id='word_1_391' title='bbox 3295 2331 3496 2395; x_wconf 80' lang='grc' dir='ltr'>δούλας</span> <span class='ocrx_word' id='word_1_392' title='bbox 3558 2354 3663 2405; x_wconf 89' lang='grc' dir='ltr'>μου</span> <span class='ocrx_word' id='word_1_393' title='bbox 3722 2335 3801 2406; x_wconf 72' lang='grc'>(4)</span> 
     </span>
    </p>
   </div>
   <div class='ocr_carea' id='block_1_52' title="bbox 2150 2420 3798 2499">
    <p class='ocr_par' dir='ltr' id='par_1_52' title="bbox 2150 2420 3798 2499">
     <span class='ocr_line' id='line_1_52' title="bbox 2150 2420 3798 2499; baseline -0.005 -15"><span class='ocrx_word' id='word_1_394' title='bbox 2150 2428 2203 2485; x_wconf 80' lang='grc' dir='ltr'>ἐν</span> <span class='ocrx_word' id='word_1_395' title='bbox 2252 2432 2371 2488; x_wconf 86' lang='grc' dir='ltr'>ταῖς</span> <span class='ocrx_word' id='word_1_396' title='bbox 2429 2424 2665 2499; x_wconf 70' lang='grc' dir='ltr'>ἡμέραις</span> <span class='ocrx_word' id='word_1_397' title='bbox 2717 2420 2947 2485; x_wconf 76' lang='grc' dir='ltr'>ἐκείναις</span> <span class='ocrx_word' id='word_1_398' title='bbox 2997 2422 3173 2496; x_wconf 83' lang='grc' dir='ltr'>ἐκχεῶ</span> <span class='ocrx_word' id='word_1_399' title='bbox 3231 2421 3338 2476; x_wconf 85' lang='grc' dir='ltr'>ἀπὸ</span> <span class='ocrx_word' id='word_1_400' title='bbox 3392 2425 3491 2477; x_wconf 88' lang='grc' dir='ltr'>τοῦ</span> <span class='ocrx_word' id='word_1_401' title='bbox 3546 2428 3798 2495; x_wconf 84' lang='grc' dir='ltr'>Πνευμα-</span> 
     </span>
    </p>
   </div>
   <div class='ocr_carea' id='block_1_53' title="bbox 2147 2508 3796 2589">
    <p class='ocr_par' dir='ltr' id='par_1_53' title="bbox 2147 2508 3796 2589">
     <span class='ocr_line' id='line_1_53' title="bbox 2147 2508 3796 2589; baseline -0.005 -16"><span class='ocrx_word' id='word_1_402' title='bbox 2147 2517 2241 2580; x_wconf 85' lang='grc' dir='ltr'>τός</span> <span class='ocrx_word' id='word_1_403' title='bbox 2277 2535 2404 2589; x_wconf 91' lang='grc' dir='ltr'>μου,</span> <span class='ocrx_word' id='word_1_404' title='bbox 2444 2512 2534 2568; x_wconf 79' lang='grc' dir='ltr'>καὶ</span> <span class='ocrx_word' id='word_1_405' title='bbox 2592 2508 3057 2588; x_wconf 77' lang='grc' dir='ltr'>προφητεύσουσι.</span> <span class='ocrx_word' id='word_1_406' title='bbox 3111 2511 3190 2567; x_wconf 88' lang='grc' dir='ltr'>Τὸ</span> <span class='ocrx_word' id='word_1_407' title='bbox 3249 2514 3471 2584; x_wconf 81' lang='grc' dir='ltr'>Πνεῦμα</span> <span class='ocrx_word' id='word_1_408' title='bbox 3522 2511 3587 2566; x_wconf 84' lang='grc' dir='ltr'>τὸ</span> <span class='ocrx_word' id='word_1_409' title='bbox 3643 2512 3796 2585; x_wconf 81' lang='grc' dir='ltr'>ἅγιον</span> 
     </span>
    </p>
   </div>
   <div class='ocr_carea' id='block_1_54' title="bbox 2151 2598 3795 2681">
    <p class='ocr_par' dir='ltr' id='par_1_54' title="bbox 2151 2598 3795 2681">
     <span class='ocr_line' id='line_1_54' title="bbox 2151 2598 3795 2681; baseline -0.004 -19"><span class='ocrx_word' id='word_1_410' title='bbox 2151 2599 2667 2681; x_wconf 80' lang='grc' dir='ltr'>ἀπροσωπὸληπτόν</span> <span class='ocrx_word' id='word_1_411' title='bbox 2721 2598 2886 2655; x_wconf 84' lang='grc' dir='ltr'>ἐστιν·</span> <span class='ocrx_word' id='word_1_412' title='bbox 2942 2599 3008 2654; x_wconf 84' lang='grc' dir='ltr'>ού</span> <span class='ocrx_word' id='word_1_413' title='bbox 3066 2598 3169 2674; x_wconf 83' lang='grc' dir='ltr'>γὰρ</span> <span class='ocrx_word' id='word_1_414' title='bbox 3260 2604 3413 2668; x_wconf 83' lang='grc' dir='ltr'>ζητεῖ</span> <span class='ocrx_word' id='word_1_415' title='bbox 3494 2599 3795 2673; x_wconf 77' lang='grc' dir='ltr'>ἀξιώματα,</span> 
     </span>
    </p>
   </div>
   <div class='ocr_carea' id='block_1_55' title="bbox 2151 2684 3796 2769">
    <p class='ocr_par' dir='ltr' id='par_1_55' title="bbox 2151 2684 3796 2769">
     <span class='ocr_line' id='line_1_55' title="bbox 2151 2684 3796 2769; baseline -0.006 -16"><span class='ocrx_word' id='word_1_416' title='bbox 2151 2695 2297 2753; x_wconf 78' lang='grc' dir='ltr'>ἀλλὰ</span> <span class='ocrx_word' id='word_1_417' title='bbox 2324 2698 2511 2769; x_wconf 83' lang='grc' dir='ltr'>ψυχῆς</span> <span class='ocrx_word' id='word_1_418' title='bbox 2541 2684 2852 2749; x_wconf 76' lang='grc' dir='ltr'>εὐλάϐειαν.</span> <span class='ocrx_word' id='word_1_419' title='bbox 2887 2690 3042 2760; x_wconf 77' lang='grc' dir='ltr'>Μήτι</span> <span class='ocrx_word' id='word_1_420' title='bbox 3071 2690 3123 2743; x_wconf 73' lang='grc' dir='ltr'>οἱ</span> <span class='ocrx_word' id='word_1_421' title='bbox 3168 2687 3429 2744; x_wconf 84' lang='grc' dir='ltr'>πλούσιοι</span> <span class='ocrx_word' id='word_1_422' title='bbox 3475 2689 3796 2751; x_wconf 71' lang='grc' dir='ltr'>τυφούσθω-</span> 
     </span>
    </p>
   </div>
   <div class='ocr_carea' id='block_1_56' title="bbox 381 2774 3795 2862">
    <p class='ocr_par' dir='ltr' id='par_1_56' title="bbox 381 2774 3795 2862">
     <span class='ocr_line' id='line_1_56' title="bbox 381 2774 3795 2862; baseline -0.001 -21"><span class='ocrx_word' id='word_1_423' title='bbox 381 2806 496 2856; x_wconf 89' lang='grc' dir='ltr'>σαν,</span> <span class='ocrx_word' id='word_1_424' title='bbox 566 2789 706 2860; x_wconf 84' lang='grc' dir='ltr'>μήτε</span> <span class='ocrx_word' id='word_1_425' title='bbox 763 2788 816 2841; x_wconf 72' lang='grc' dir='ltr'>οἱ</span> <span class='ocrx_word' id='word_1_426' title='bbox 872 2787 1096 2857; x_wconf 78' lang='grc' dir='ltr'>πένητες</span> <span class='ocrx_word' id='word_1_427' title='bbox 1155 2787 1646 2843; x_wconf 66' lang='grc' dir='ltr'>ταπεινούσθωσανο</span> <span class='ocrx_word' id='word_1_428' title='bbox 1711 2790 1873 2862; x_wconf 80' lang='grc' dir='ltr'>μόνον</span> <span class='ocrx_word' id='word_1_429' title='bbox 1932 2786 1989 2844; x_wconf 72' lang='grc' dir='ltr'>δὲ</span> <span class='ocrx_word' id='word_1_430' title='bbox 2043 2787 2266 2849; x_wconf 81' lang='grc' dir='ltr'>ἕκαστος</span> <span class='ocrx_word' id='word_1_431' title='bbox 2320 2782 2508 2839; x_wconf 66' lang='grc' dir='ltr'>ἑαυτὸν</span> <span class='ocrx_word' id='word_1_432' title='bbox 2568 2778 2904 2852; x_wconf 70' lang='grc' dir='ltr'>ἐτοιμαζὲτω</span> <span class='ocrx_word' id='word_1_433' title='bbox 2966 2780 3038 2850; x_wconf 85' lang='lat'>(5)</span> <span class='ocrx_word' id='word_1_434' title='bbox 3114 2777 3253 2853; x_wconf 84' lang='grc' dir='ltr'>πρὸς</span> <span class='ocrx_word' id='word_1_435' title='bbox 3331 2774 3613 2852; x_wconf 76' lang='grc' dir='ltr'>ὑποδοχήν</span> <span class='ocrx_word' id='word_1_436' title='bbox 3690 2783 3795 2846; x_wconf 81' lang='grc' dir='ltr'>τῆς</span> 
     </span>
    </p>
   </div>
   <div class='ocr_carea' id='block_1_57' title="bbox 385 2873 991 2950">
    <p class='ocr_par' dir='ltr' id='par_1_57' title="bbox 385 2873 991 2950">
     <span class='ocr_line' id='line_1_57' title="bbox 385 2873 991 2950; baseline 0.002 -22"><span class='ocrx_word' id='word_1_437' title='bbox 385 2873 710 2950; x_wconf 77' lang='grc' dir='ltr'>ἐπουρανίου</span> <span class='ocrx_word' id='word_1_438' title='bbox 745 2876 991 2950; x_wconf 83' lang='grc' dir='ltr'>χάριτος.</span> 
     </span>
    </p>
   </div>
   <div class='ocr_carea' id='block_1_58' title="bbox 454 2951 2041 3040">
    <p class='ocr_par' dir='ltr' id='par_1_58' title="bbox 454 2966 2033 3040">
     <span class='ocr_line' id='line_1_58' title="bbox 454 2966 2033 3040; baseline 0.001 -19"><span class='ocrx_word' id='word_1_439' title='bbox 454 2967 569 3022; x_wconf 81' lang='lat' dir='ltr'>XX.</span> <span class='ocrx_word' id='word_1_440' title='bbox 605 2966 784 3022; x_wconf 79' lang='lat' dir='ltr'>Multa</span> <span class='ocrx_word' id='word_1_441' title='bbox 812 2967 1053 3038; x_wconf 90' lang='lat' dir='ltr'>quidem</span> <span class='ocrx_word' id='word_1_442' title='bbox 1092 2972 1232 3022; x_wconf 92' lang='lat' dir='ltr'>sunt</span> <span class='ocrx_word' id='word_1_443' title='bbox 1262 2967 1437 3023; x_wconf 89' lang='lat' dir='ltr'>hodie</span> <span class='ocrx_word' id='word_1_444' title='bbox 1468 2984 1503 3023; x_wconf 92' lang='lat' dir='ltr'>a</span> <span class='ocrx_word' id='word_1_445' title='bbox 1523 2967 1695 3023; x_wconf 85' lang='lat' dir='ltr'>nobis</span> <span class='ocrx_word' id='word_1_446' title='bbox 1716 2968 2033 3040; x_wconf 85' lang='lat' dir='ltr'>disputata.</span> 
     </span>
    </p>
   </div>
   <div class='ocr_carea' id='block_1_59' title="bbox 2153 2951 3782 3040">
    <p class='ocr_par' dir='ltr' id='par_1_59' title="bbox 2220 2951 3782 3031">
     <span class='ocr_line' id='line_1_59' title="bbox 2220 2951 3782 3031; baseline -0.009 -11"><span class='ocrx_word' id='word_1_447' title='bbox 2220 2966 2298 3020; x_wconf 84' lang='lat' dir='ltr'>K‘.</span> <span class='ocrx_word' id='word_1_448' title='bbox 2334 2958 2524 3016; x_wconf 81' lang='grc' dir='ltr'>Πολλᾶ</span> <span class='ocrx_word' id='word_1_449' title='bbox 2558 2958 2654 3031; x_wconf 70' lang='grc' dir='ltr'>μὲν</span> <span class='ocrx_word' id='word_1_450' title='bbox 2687 2954 2781 3011; x_wconf 82' lang='grc' dir='ltr'>οῦν</span> <span class='ocrx_word' id='word_1_451' title='bbox 2812 2957 2948 3028; x_wconf 71' lang='grc' dir='ltr'>ἡμῖν</span> <span class='ocrx_word' id='word_1_452' title='bbox 2979 2953 3184 3027; x_wconf 78' lang='grc' dir='ltr'>εῗρύται</span> <span class='ocrx_word' id='word_1_453' title='bbox 3217 2956 3475 3030; x_wconf 80' lang='grc' dir='ltr'>σήμερον,</span> <span class='ocrx_word' id='word_1_454' title='bbox 3505 2953 3593 3009; x_wconf 83' lang='grc' dir='ltr'>καὶ</span> <span class='ocrx_word' id='word_1_455' title='bbox 3654 2951 3782 3015; x_wconf 80' lang='grc' dir='ltr'>ἴσως</span> 
     </span>
    </p>
   </div>
   <div class='ocr_carea' id='block_1_60' title="bbox 387 3055 2039 3129">
    <p class='ocr_par' dir='ltr' id='par_1_60' title="bbox 387 3055 2039 3129">
     <span class='ocr_line' id='line_1_60' title="bbox 387 3055 2039 3129; baseline 0 -18"><span class='ocrx_word' id='word_1_456' title='bbox 387 3062 447 3111; x_wconf 87' lang='lat' dir='ltr'>et</span> <span class='ocrx_word' id='word_1_457' title='bbox 473 3072 646 3111; x_wconf 89' lang='lat' dir='ltr'>aures</span> <span class='ocrx_word' id='word_1_458' title='bbox 676 3056 827 3111; x_wconf 84' lang='lat' dir='ltr'>forte</span> <span class='ocrx_word' id='word_1_459' title='bbox 857 3055 1116 3129; x_wconf 63' lang='lat' dir='ltr'>fatigatas</span> <span class='ocrx_word' id='word_1_460' title='bbox 1163 3063 1301 3111; x_wconf 89' lang='lat' dir='ltr'>sunt</span> <span class='ocrx_word' id='word_1_461' title='bbox 1335 3074 1348 3111; x_wconf 88' lang='lat'><strong>:</strong></span> <span class='ocrx_word' id='word_1_462' title='bbox 1411 3058 1584 3129; x_wconf 91' lang='lat' dir='ltr'>plura</span> <span class='ocrx_word' id='word_1_463' title='bbox 1636 3073 1771 3112; x_wconf 89' lang='lat' dir='ltr'>vero</span> <span class='ocrx_word' id='word_1_464' title='bbox 1831 3074 2039 3128; x_wconf 90' lang='lat' dir='ltr'>super-</span> 
     </span>
    </p>
   </div>
   <div class='ocr_carea' id='block_1_61' title="bbox 384 3144 2035 3217">
    <p class='ocr_par' dir='ltr' id='par_1_61' title="bbox 384 3144 2035 3217">
     <span class='ocr_line' id='line_1_61' title="bbox 384 3144 2035 3217; baseline -0.001 -16"><span class='ocrx_word' id='word_1_465' title='bbox 384 3150 524 3201; x_wconf 88' lang='lat' dir='ltr'>sunt</span> <span class='ocrx_word' id='word_1_466' title='bbox 553 3145 790 3210; x_wconf 88' lang='lat' dir='ltr'>adhuc;</span> <span class='ocrx_word' id='word_1_467' title='bbox 831 3150 1008 3217; x_wconf 91' lang='lat' dir='ltr'>atque</span> <span class='ocrx_word' id='word_1_468' title='bbox 1067 3144 1139 3200; x_wconf 91' lang='lat' dir='ltr'>ad</span> <span class='ocrx_word' id='word_1_469' title='bbox 1201 3145 1623 3202; x_wconf 88' lang='lat' dir='ltr'>absolvendam</span> <span class='ocrx_word' id='word_1_470' title='bbox 1680 3145 1753 3200; x_wconf 90' lang='lat' dir='ltr'>de</span> <span class='ocrx_word' id='word_1_471' title='bbox 1814 3145 2035 3217; x_wconf 89' lang='lat' dir='ltr'>Spiritu</span> 
     </span>
    </p>
   </div>
   <div class='ocr_carea' id='block_1_62' title="bbox 383 3235 2031 3307">
    <p class='ocr_par' dir='ltr' id='par_1_62' title="bbox 383 3235 2031 3307">
     <span class='ocr_line' id='line_1_62' title="bbox 383 3235 2031 3307; baseline -0.001 -17"><span class='ocrx_word' id='word_1_472' title='bbox 383 3240 590 3290; x_wconf 89' lang='lat' dir='ltr'>sancto</span> <span class='ocrx_word' id='word_1_473' title='bbox 612 3235 943 3290; x_wconf 89' lang='lat' dir='ltr'>doctrinam</span> <span class='ocrx_word' id='word_1_474' title='bbox 968 3235 1142 3290; x_wconf 90' lang='lat' dir='ltr'>tertia</span> <span class='ocrx_word' id='word_1_475' title='bbox 1160 3236 1337 3291; x_wconf 88' lang='lat' dir='ltr'>etiam</span> <span class='ocrx_word' id='word_1_476' title='bbox 1363 3235 2031 3307; x_wconf 84' lang='lat' dir='ltr'>etpluribuscatecbesi-</span> 
     </span>
    </p>
   </div>
   <div class='ocr_carea' id='block_1_63' title="bbox 381 3322 2037 3394">
    <p class='ocr_par' dir='ltr' id='par_1_63' title="bbox 381 3322 2037 3394">
     <span class='ocr_line' id='line_1_63' title="bbox 381 3322 2037 3394; baseline 0.001 -16"><span class='ocrx_word' id='word_1_477' title='bbox 381 3322 493 3378; x_wconf 89' lang='lat' dir='ltr'>bus</span> <span class='ocrx_word' id='word_1_478' title='bbox 515 3339 648 3378; x_wconf 89' lang='lat' dir='ltr'>vere</span> <span class='ocrx_word' id='word_1_479' title='bbox 680 3328 837 3378; x_wconf 90' lang='lat' dir='ltr'>esset</span> <span class='ocrx_word' id='word_1_480' title='bbox 866 3339 1037 3394; x_wconf 91' lang='lat' dir='ltr'>opus.</span> <span class='ocrx_word' id='word_1_481' title='bbox 1074 3327 1147 3378; x_wconf 82' lang='lat' dir='ltr'>At</span> <span class='ocrx_word' id='word_1_482' title='bbox 1174 3323 1349 3379; x_wconf 88' lang='lat' dir='ltr'>detur</span> <span class='ocrx_word' id='word_1_483' title='bbox 1377 3324 1547 3379; x_wconf 91' lang='lat' dir='ltr'>nobis</span> <span class='ocrx_word' id='word_1_484' title='bbox 1576 3326 1749 3380; x_wconf 85' lang='lat' dir='ltr'>venia</span> <span class='ocrx_word' id='word_1_485' title='bbox 1779 3325 1851 3380; x_wconf 89' lang='lat' dir='ltr'>de</span> <span class='ocrx_word' id='word_1_486' title='bbox 1872 3330 2037 3380; x_wconf 88' lang='lat' dir='ltr'>utro-</span> 
     </span>
    </p>
   </div>
   <div class='ocr_carea' id='block_1_64' title="bbox 386 3414 2036 3487">
    <p class='ocr_par' dir='ltr' id='par_1_64' title="bbox 386 3414 2036 3487">
     <span class='ocr_line' id='line_1_64' title="bbox 386 3414 2036 3487; baseline 0 -17"><span class='ocrx_word' id='word_1_487' title='bbox 386 3431 543 3487; x_wconf 87' lang='lat' dir='ltr'>que;</span> <span class='ocrx_word' id='word_1_488' title='bbox 577 3430 716 3469; x_wconf 90' lang='lat' dir='ltr'>nam</span> <span class='ocrx_word' id='word_1_489' title='bbox 748 3430 882 3468; x_wconf 92' lang='lat' dir='ltr'>cum</span> <span class='ocrx_word' id='word_1_490' title='bbox 916 3414 1186 3485; x_wconf 84' lang='lat' dir='ltr'>proxime</span> <span class='ocrx_word' id='word_1_491' title='bbox 1217 3416 1400 3470; x_wconf 88' lang='lat' dir='ltr'>instet</span> <span class='ocrx_word' id='word_1_492' title='bbox 1430 3420 1699 3470; x_wconf 89' lang='lat' dir='ltr'>sanctum</span> <span class='ocrx_word' id='word_1_493' title='bbox 1733 3415 2036 3472; x_wconf 88' lang='lat' dir='ltr'>Paschatis</span> 
     </span>
    </p>
   </div>
   <div class='ocr_carea' id='block_1_65' title="bbox 383 3502 2040 3577">
    <p class='ocr_par' dir='ltr' id='par_1_65' title="bbox 383 3502 2040 3577">
     <span class='ocr_line' id='line_1_65' title="bbox 383 3502 2040 3577; baseline 0.001 -18"><span class='ocrx_word' id='word_1_494' title='bbox 383 3504 629 3571; x_wconf 88' lang='lat' dir='ltr'>festum,</span> <span class='ocrx_word' id='word_1_495' title='bbox 646 3502 866 3558; x_wconf 91' lang='lat' dir='ltr'>idcirco</span> <span class='ocrx_word' id='word_1_496' title='bbox 891 3508 948 3558; x_wconf 87' lang='lat' dir='ltr'>et</span> <span class='ocrx_word' id='word_1_497' title='bbox 970 3502 1147 3559; x_wconf 85' lang='lat' dir='ltr'>hodie</span> <span class='ocrx_word' id='word_1_498' title='bbox 1174 3521 1509 3559; x_wconf 87' lang='lat' dir='ltr'>sermonem</span> <span class='ocrx_word' id='word_1_499' title='bbox 1528 3505 1946 3577; x_wconf 85' lang='lat' dir='ltr'>produximus;</span> <span class='ocrx_word' id='word_1_500' title='bbox 1979 3511 2040 3559; x_wconf 89' lang='lat' dir='ltr'>et</span> 
     </span>
    </p>
   </div>
   <div class='ocr_carea' id='block_1_66' title="bbox 388 3592 2040 3664">
    <p class='ocr_par' dir='ltr' id='par_1_66' title="bbox 388 3592 2040 3664">
     <span class='ocr_line' id='line_1_66' title="bbox 388 3592 2040 3664; baseline -0.001 -14"><span class='ocrx_word' id='word_1_501' title='bbox 388 3593 609 3661; x_wconf 85' lang='lat' dir='ltr'>omnia,</span> <span class='ocrx_word' id='word_1_502' title='bbox 630 3598 922 3664; x_wconf 91' lang='lat' dir='ltr'>quotquot</span> <span class='ocrx_word' id='word_1_503' title='bbox 934 3592 1246 3664; x_wconf 90' lang='lat' dir='ltr'>oportebat</span> <span class='ocrx_word' id='word_1_504' title='bbox 1258 3610 1287 3649; x_wconf 92' lang='lat' dir='ltr'>e</span> <span class='ocrx_word' id='word_1_505' title='bbox 1302 3611 1453 3649; x_wconf 90' lang='lat' dir='ltr'>novo</span> <span class='ocrx_word' id='word_1_506' title='bbox 1466 3594 1685 3650; x_wconf 71' lang='lat' dir='ltr'>foedere</span> <span class='ocrx_word' id='word_1_507' title='bbox 1700 3594 2040 3650; x_wconf 88' lang='lat' dir='ltr'>testimonia</span> 
     </span>
    </p>
   </div>
   <div class='ocr_carea' id='block_1_67' title="bbox 387 3681 2038 3739">
    <p class='ocr_par' dir='ltr' id='par_1_67' title="bbox 387 3681 2038 3739">
     <span class='ocr_line' id='line_1_67' title="bbox 387 3681 2038 3739; baseline 0 0"><span class='ocrx_word' id='word_1_508' title='bbox 387 3684 448 3739; x_wconf 93' lang='lat' dir='ltr'>in</span> <span class='ocrx_word' id='word_1_509' title='bbox 470 3682 734 3738; x_wconf 90' lang='lat' dir='ltr'>medium</span> <span class='ocrx_word' id='word_1_510' title='bbox 752 3681 1046 3737; x_wconf 90' lang='lat' dir='ltr'>adducere</span> <span class='ocrx_word' id='word_1_511' title='bbox 1070 3698 1191 3736; x_wconf 92' lang='lat' dir='ltr'>non</span> <span class='ocrx_word' id='word_1_512' title='bbox 1216 3682 1399 3738; x_wconf 88' lang='lat' dir='ltr'>licuit.</span> <span class='ocrx_word' id='word_1_513' title='bbox 1418 3685 1663 3739; x_wconf 84' lang='lat' dir='ltr'>Restant</span> <span class='ocrx_word' id='word_1_514' title='bbox 1682 3684 1840 3739; x_wconf 90' lang='lat' dir='ltr'>enim</span> <span class='ocrx_word' id='word_1_515' title='bbox 1865 3683 2038 3739; x_wconf 87' lang='lat' dir='ltr'>nobis</span> 
     </span>
    </p>
   </div>
   <div class='ocr_carea' id='block_1_68' title="bbox 386 3771 2040 3845">
    <p class='ocr_par' dir='ltr' id='par_1_68' title="bbox 386 3771 2040 3845">
     <span class='ocr_line' id='line_1_68' title="bbox 386 3771 2040 3845; baseline -0.001 -16"><span class='ocrx_word' id='word_1_516' title='bbox 386 3771 575 3829; x_wconf 86' lang='lat' dir='ltr'>multa</span> <span class='ocrx_word' id='word_1_517' title='bbox 606 3788 676 3827; x_wconf 82' lang='lat' dir='ltr'>ex</span> <span class='ocrx_word' id='word_1_518' title='bbox 704 3771 948 3826; x_wconf 81' lang='lat' dir='ltr'>Actibus</span> <span class='ocrx_word' id='word_1_519' title='bbox 1006 3772 1432 3842; x_wconf 90' lang='lat' dir='ltr'>apostolorum,</span> <span class='ocrx_word' id='word_1_520' title='bbox 1479 3773 1538 3827; x_wconf 91' lang='lat' dir='ltr'>in</span> <span class='ocrx_word' id='word_1_521' title='bbox 1589 3772 1801 3844; x_wconf 91' lang='lat' dir='ltr'>quibus</span> <span class='ocrx_word' id='word_1_522' title='bbox 1851 3772 2040 3845; x_wconf 83' lang='lat' dir='ltr'>gratia</span> 
     </span>
    </p>
   </div>
   <div class='ocr_carea' id='block_1_69' title="bbox 385 3860 2039 3934">
    <p class='ocr_par' dir='ltr' id='par_1_69' title="bbox 385 3860 2039 3934">
     <span class='ocr_line' id='line_1_69' title="bbox 385 3860 2039 3934; baseline -0.002 -16"><span class='ocrx_word' id='word_1_523' title='bbox 385 3862 636 3934; x_wconf 88' lang='lat' dir='ltr'>Spiritus</span> <span class='ocrx_word' id='word_1_524' title='bbox 667 3861 855 3916; x_wconf 89' lang='lat' dir='ltr'>sancti</span> <span class='ocrx_word' id='word_1_525' title='bbox 884 3861 943 3915; x_wconf 93' lang='lat' dir='ltr'>in</span> <span class='ocrx_word' id='word_1_526' title='bbox 978 3862 1178 3932; x_wconf 84' lang='lat' dir='ltr'>Petro,</span> <span class='ocrx_word' id='word_1_527' title='bbox 1210 3865 1268 3914; x_wconf 89' lang='lat' dir='ltr'>et</span> <span class='ocrx_word' id='word_1_528' title='bbox 1298 3860 1359 3914; x_wconf 91' lang='lat' dir='ltr'>in</span> <span class='ocrx_word' id='word_1_529' title='bbox 1392 3860 1670 3915; x_wconf 90' lang='lat' dir='ltr'>omnibus</span> <span class='ocrx_word' id='word_1_530' title='bbox 1694 3861 1873 3915; x_wconf 90' lang='lat' dir='ltr'>simul</span> <span class='ocrx_word' id='word_1_531' title='bbox 1896 3877 2039 3932; x_wconf 89' lang='lat' dir='ltr'>apo-</span> 
     </span>
    </p>
   </div>
   <div class='ocr_carea' id='block_1_70' title="bbox 390 3949 2041 4020">
    <p class='ocr_par' dir='ltr' id='par_1_70' title="bbox 390 3949 2041 4020">
     <span class='ocr_line' id='line_1_70' title="bbox 390 3949 2041 4020; baseline -0.002 -14"><span class='ocrx_word' id='word_1_532' title='bbox 390 3950 579 4017; x_wconf 84' lang='lat' dir='ltr'>stolis,</span> <span class='ocrx_word' id='word_1_533' title='bbox 612 3949 934 4005; x_wconf 82' lang='lat' dir='ltr'>efﬂcaciter</span> <span class='ocrx_word' id='word_1_534' title='bbox 963 3955 1206 4020; x_wconf 85' lang='lat' dir='ltr'>Operata</span> <span class='ocrx_word' id='word_1_535' title='bbox 1236 3954 1343 4003; x_wconf 90' lang='lat' dir='ltr'>est.</span> <span class='ocrx_word' id='word_1_536' title='bbox 1379 3949 1709 4020; x_wconf 88' lang='lat' dir='ltr'>Supersunt</span> <span class='ocrx_word' id='word_1_537' title='bbox 1756 3949 1944 4004; x_wconf 88' lang='lat' dir='ltr'>multa</span> <span class='ocrx_word' id='word_1_538' title='bbox 1984 3954 2041 4003; x_wconf 86' lang='lat' dir='ltr'>et</span> 
     </span>
    </p>
   </div>
   <div class='ocr_carea' id='block_1_71' title="bbox 387 4036 2036 4108">
    <p class='ocr_par' dir='ltr' id='par_1_71' title="bbox 387 4036 2036 4108">
     <span class='ocr_line' id='line_1_71' title="bbox 387 4036 2036 4108; baseline -0.002 -12"><span class='ocrx_word' id='word_1_539' title='bbox 387 4040 458 4096; x_wconf 91' lang='lat' dir='ltr'>de</span> <span class='ocrx_word' id='word_1_540' title='bbox 490 4038 827 4101; x_wconf 87' lang='lat' dir='ltr'>Catholicis,</span> <span class='ocrx_word' id='word_1_541' title='bbox 857 4044 916 4093; x_wconf 89' lang='lat' dir='ltr'>et</span> <span class='ocrx_word' id='word_1_542' title='bbox 944 4038 1015 4093; x_wconf 90' lang='lat' dir='ltr'>de</span> <span class='ocrx_word' id='word_1_543' title='bbox 1047 4038 1499 4108; x_wconf 88' lang='lat' dir='ltr'>quatuordecim</span> <span class='ocrx_word' id='word_1_544' title='bbox 1528 4037 1696 4093; x_wconf 88' lang='lat' dir='ltr'>Pauli</span> <span class='ocrx_word' id='word_1_545' title='bbox 1718 4036 1998 4108; x_wconf 88' lang='lat' dir='ltr'>Epistolis</span> <span class='ocrx_word' id='word_1_546' title='bbox 2023 4053 2036 4091; x_wconf 93' lang='lat'><strong>:</strong></span> 
     </span>
    </p>
   </div>
   <div class='ocr_carea' id='block_1_72' title="bbox 386 4128 2037 4202">
    <p class='ocr_par' dir='ltr' id='par_1_72' title="bbox 386 4128 2037 4202">
     <span class='ocr_line' id='line_1_72' title="bbox 386 4128 2037 4202; baseline -0.003 -16"><span class='ocrx_word' id='word_1_547' title='bbox 386 4130 459 4186; x_wconf 87' lang='lat' dir='ltr'>de</span> <span class='ocrx_word' id='word_1_548' title='bbox 489 4129 704 4202; x_wconf 90' lang='lat' dir='ltr'>quibus</span> <span class='ocrx_word' id='word_1_549' title='bbox 736 4145 895 4184; x_wconf 91' lang='lat' dir='ltr'>nunc</span> <span class='ocrx_word' id='word_1_550' title='bbox 927 4144 1136 4200; x_wconf 90' lang='lat' dir='ltr'>pauca,</span> <span class='ocrx_word' id='word_1_551' title='bbox 1167 4132 1453 4198; x_wconf 90' lang='lat' dir='ltr'>tanquam</span> <span class='ocrx_word' id='word_1_552' title='bbox 1488 4144 1557 4183; x_wconf 84' lang='lat' dir='ltr'>ex</span> <span class='ocrx_word' id='word_1_553' title='bbox 1588 4128 1811 4197; x_wconf 83' lang='lat' dir='ltr'>ingenti</span> <span class='ocrx_word' id='word_1_554' title='bbox 1846 4132 2037 4199; x_wconf 91' lang='lat' dir='ltr'>prato,</span> 
     </span>
    </p>
   </div>
   <div class='ocr_carea' id='block_1_73' title="bbox 457 4332 1989 4403">
    <p class='ocr_par' dir='ltr' id='par_1_73' title="bbox 457 4332 1989 4403">
     <span class='ocr_line' id='line_1_73' title="bbox 457 4332 1989 4403; baseline -0.003 -11"><span class='ocrx_word' id='word_1_555' title='bbox 457 4338 478 4372; x_wconf 76' lang='grc'><em>³</em></span> <span class='ocrx_word' id='word_1_556' title='bbox 507 4338 673 4392; x_wconf 83' lang='lat' dir='ltr'>Joan.</span> <span class='ocrx_word' id='word_1_557' title='bbox 702 4352 793 4401; x_wconf 84' lang='lat' dir='ltr'>xv,</span> <span class='ocrx_word' id='word_1_558' title='bbox 832 4335 915 4389; x_wconf 87' lang='grc'>15.</span> <span class='ocrx_word' id='word_1_559' title='bbox 1020 4332 1044 4367; x_wconf 82' lang='grc'><strong>³</strong></span> <span class='ocrx_word' id='word_1_560' title='bbox 1073 4334 1201 4390; x_wconf 80' lang='lat' dir='ltr'>Act.</span> <span class='ocrx_word' id='word_1_561' title='bbox 1237 4351 1295 4397; x_wconf 92' lang='grc' dir='ltr'>ιι,</span> <span class='ocrx_word' id='word_1_562' title='bbox 1332 4337 1418 4389; x_wconf 78' lang='grc'>15.</span> <span class='ocrx_word' id='word_1_563' title='bbox 1522 4332 1545 4367; x_wconf 85' lang='grc'><strong>⁴</strong></span> <span class='ocrx_word' id='word_1_564' title='bbox 1575 4336 1747 4390; x_wconf 85' lang='lat' dir='ltr'>Marc.</span> <span class='ocrx_word' id='word_1_565' title='bbox 1782 4352 1871 4403; x_wconf 83' lang='lat' dir='ltr'>xv,</span> <span class='ocrx_word' id='word_1_566' title='bbox 1903 4337 1989 4388; x_wconf 75' lang='lat'>25.</span> 
     </span>
    </p>
   </div>
   <div class='ocr_carea' id='block_1_74' title="bbox 2089 4334 2743 4399">
    <p class='ocr_par' dir='ltr' id='par_1_74' title="bbox 2089 4334 2743 4399">
     <span class='ocr_line' id='line_1_74' title="bbox 2089 4334 2743 4399; baseline 0 -11"><span class='ocrx_word' id='word_1_567' title='bbox 2089 4334 2111 4369; x_wconf 80' lang='grc'>⁸</span> <span class='ocrx_word' id='word_1_568' title='bbox 2144 4334 2266 4388; x_wconf 83' lang='lat' dir='ltr'>Vid.</span> <span class='ocrx_word' id='word_1_569' title='bbox 2300 4340 2409 4390; x_wconf 75' lang='lat' dir='ltr'>cat.</span> <span class='ocrx_word' id='word_1_570' title='bbox 2445 4336 2529 4399; x_wconf 80' lang='grc'>13,</span> <span class='ocrx_word' id='word_1_571' title='bbox 2560 4349 2619 4388; x_wconf 81' lang='grc' dir='ltr'>η.</span> <span class='ocrx_word' id='word_1_572' title='bbox 2654 4335 2743 4388; x_wconf 75' lang='grc'>24.</span> 
     </span>
    </p>
   </div>
   <div class='ocr_carea' id='block_1_75' title="bbox 2146 3040 3781 3126">
    <p class='ocr_par' dir='ltr' id='par_1_75' title="bbox 2146 3040 3781 3126">
     <span class='ocr_line' id='line_1_75' title="bbox 2146 3040 3781 3126; baseline -0.008 -18"><span class='ocrx_word' id='word_1_573' title='bbox 2146 3054 2420 3126; x_wconf 66' lang='grc' dir='ltr'>κέκμηκεν</span> <span class='ocrx_word' id='word_1_574' title='bbox 2450 3051 2485 3118; x_wconf 80' lang='grc' dir='ltr'>ἡ</span> <span class='ocrx_word' id='word_1_575' title='bbox 2517 3045 2793 3121; x_wconf 74' lang='grc' dir='ltr'>ἀκρόασιςο</span> <span class='ocrx_word' id='word_1_576' title='bbox 2826 3042 3055 3099; x_wconf 81' lang='grc' dir='ltr'>πλείονα</span> <span class='ocrx_word' id='word_1_577' title='bbox 3107 3042 3165 3099; x_wconf 77' lang='grc' dir='ltr'>δὲ</span> <span class='ocrx_word' id='word_1_578' title='bbox 3211 3041 3322 3099; x_wconf 78' lang='grc' dir='ltr'>ἐστι</span> <span class='ocrx_word' id='word_1_579' title='bbox 3372 3044 3438 3098; x_wconf 72' lang='grc' dir='ltr'>τὰ</span> <span class='ocrx_word' id='word_1_580' title='bbox 3474 3040 3781 3117; x_wconf 68' lang='grc' dir='ltr'>λειφθάντα·</span> 
     </span>
    </p>
   </div>
   <div class='ocr_carea' id='block_1_76' title="bbox 2141 3132 3793 3218">
    <p class='ocr_par' dir='ltr' id='par_1_76' title="bbox 2141 3132 3793 3218">
     <span class='ocr_line' id='line_1_76' title="bbox 2141 3132 3793 3218; baseline -0.008 -18"><span class='ocrx_word' id='word_1_581' title='bbox 2141 3143 2232 3200; x_wconf 82' lang='grc' dir='ltr'>καὶ</span> <span class='ocrx_word' id='word_1_582' title='bbox 2262 3140 2422 3218; x_wconf 89' lang='grc' dir='ltr'>χρεία</span> <span class='ocrx_word' id='word_1_583' title='bbox 2452 3139 2521 3209; x_wconf 78' lang='grc' dir='ltr'>ἦν</span> <span class='ocrx_word' id='word_1_584' title='bbox 2554 3139 2628 3201; x_wconf 86' lang='grc' dir='ltr'>ὡς</span> <span class='ocrx_word' id='word_1_585' title='bbox 2686 3136 2929 3206; x_wconf 80' lang='grc' dir='ltr'>ἀληθῶς,</span> <span class='ocrx_word' id='word_1_586' title='bbox 2989 3141 3108 3198; x_wconf 85' lang='grc' dir='ltr'>τοῖς</span> <span class='ocrx_word' id='word_1_587' title='bbox 3165 3135 3289 3211; x_wconf 83' lang='grc' dir='ltr'>περὶ</span> <span class='ocrx_word' id='word_1_588' title='bbox 3338 3135 3496 3211; x_wconf 86' lang='grc' dir='ltr'>άγίου</span> <span class='ocrx_word' id='word_1_589' title='bbox 3548 3132 3793 3206; x_wconf 82' lang='grc' dir='ltr'>Ηνεύμα-</span> 
     </span>
    </p>
   </div>
   <div class='ocr_carea' id='block_1_77' title="bbox 2139 3221 3792 3306">
    <p class='ocr_par' dir='ltr' id='par_1_77' title="bbox 2139 3221 3792 3306">
     <span class='ocr_line' id='line_1_77' title="bbox 2139 3221 3792 3306; baseline -0.007 -17"><span class='ocrx_word' id='word_1_590' title='bbox 2139 3253 2234 3295; x_wconf 87' lang='grc' dir='ltr'>τος</span> <span class='ocrx_word' id='word_1_591' title='bbox 2268 3228 2581 3306; x_wconf 75' lang='grc' dir='ltr'>διδάγμασι,</span> <span class='ocrx_word' id='word_1_592' title='bbox 2612 3226 2704 3282; x_wconf 80' lang='grc' dir='ltr'>καὶ</span> <span class='ocrx_word' id='word_1_593' title='bbox 2733 3224 2921 3301; x_wconf 87' lang='grc' dir='ltr'>τρίτης</span> <span class='ocrx_word' id='word_1_594' title='bbox 2942 3221 3124 3295; x_wconf 77' lang='grc' dir='ltr'>ἄλλης</span> <span class='ocrx_word' id='word_1_595' title='bbox 3143 3225 3232 3280; x_wconf 87' lang='grc' dir='ltr'>καὶ</span> <span class='ocrx_word' id='word_1_596' title='bbox 3254 3221 3527 3279; x_wconf 87' lang='grc' dir='ltr'>πλειόνων</span> <span class='ocrx_word' id='word_1_597' title='bbox 3549 3222 3792 3293; x_wconf 73' lang='grc' dir='ltr'>κατηχή-</span> 
     </span>
    </p>
   </div>
   <div class='ocr_carea' id='block_1_78' title="bbox 2143 3313 3792 3395">
    <p class='ocr_par' dir='ltr' id='par_1_78' title="bbox 2143 3313 3792 3395">
     <span class='ocr_line' id='line_1_78' title="bbox 2143 3313 3792 3395; baseline -0.006 -17"><span class='ocrx_word' id='word_1_598' title='bbox 2143 3343 2302 3379; x_wconf 88' lang='grc' dir='ltr'>σεων.</span> <span class='ocrx_word' id='word_1_599' title='bbox 2330 3319 2633 3395; x_wconf 54' lang='grc' dir='ltr'>Συγγνώμη</span> <span class='ocrx_word' id='word_1_600' title='bbox 2659 3314 2716 3372; x_wconf 66' lang='grc' dir='ltr'>δὲ</span> <span class='ocrx_word' id='word_1_601' title='bbox 2735 3318 2872 3389; x_wconf 78' lang='grc' dir='ltr'>ἡμῖν</span> <span class='ocrx_word' id='word_1_602' title='bbox 2901 3314 2976 3376; x_wconf 84' lang='grc' dir='ltr'>είς</span> <span class='ocrx_word' id='word_1_603' title='bbox 3007 3315 3281 3388; x_wconf 72' lang='grc' dir='ltr'>ἑκάτερον,</span> <span class='ocrx_word' id='word_1_604' title='bbox 3337 3316 3455 3383; x_wconf 80' lang='grc' dir='ltr'>Τῆς</span> <span class='ocrx_word' id='word_1_605' title='bbox 3500 3315 3605 3390; x_wconf 80' lang='grc' dir='ltr'>γὰρ</span> <span class='ocrx_word' id='word_1_606' title='bbox 3638 3313 3792 3388; x_wconf 82' lang='grc' dir='ltr'>ἁγίας</span> 
     </span>
    </p>
   </div>
   <div class='ocr_carea' id='block_1_79' title="bbox 2144 3403 3788 3489">
    <p class='ocr_par' dir='ltr' id='par_1_79' title="bbox 2144 3403 3788 3489">
     <span class='ocr_line' id='line_1_79' title="bbox 2144 3403 3788 3489; baseline -0.007 -20"><span class='ocrx_word' id='word_1_607' title='bbox 2144 3412 2338 3489; x_wconf 87' lang='grc' dir='ltr'>ἐορτῆς</span> <span class='ocrx_word' id='word_1_608' title='bbox 2366 3414 2465 3467; x_wconf 89' lang='grc' dir='ltr'>τοῦ</span> <span class='ocrx_word' id='word_1_609' title='bbox 2492 3410 2690 3482; x_wconf 80' lang='grc' dir='ltr'>Πάσχα</span> <span class='ocrx_word' id='word_1_610' title='bbox 2728 3405 2924 3463; x_wconf 86' lang='grc' dir='ltr'>λοιπὸν</span> <span class='ocrx_word' id='word_1_611' title='bbox 2980 3405 3289 3483; x_wconf 75' lang='grc' dir='ltr'>ἐφεστώσης</span> <span class='ocrx_word' id='word_1_612' title='bbox 3355 3408 3459 3475; x_wconf 78' lang='lat'>(6),</span> <span class='ocrx_word' id='word_1_613' title='bbox 3506 3403 3788 3477; x_wconf 78' lang='grc' dir='ltr'>ἐμηκύνθη</span> 
     </span>
    </p>
   </div>
   <div class='ocr_carea' id='block_1_80' title="bbox 2141 3491 3791 3573">
    <p class='ocr_par' dir='ltr' id='par_1_80' title="bbox 2141 3491 3791 3573">
     <span class='ocr_line' id='line_1_80' title="bbox 2141 3491 3791 3573; baseline -0.006 -17"><span class='ocrx_word' id='word_1_614' title='bbox 2141 3520 2201 3556; x_wconf 86' lang='grc' dir='ltr'>τε</span> <span class='ocrx_word' id='word_1_615' title='bbox 2230 3502 2367 3573; x_wconf 78' lang='grc' dir='ltr'>ἡμῖν</span> <span class='ocrx_word' id='word_1_616' title='bbox 2421 3496 2719 3572; x_wconf 88' lang='grc' dir='ltr'>σήμερονὸ</span> <span class='ocrx_word' id='word_1_617' title='bbox 2752 3493 2943 3569; x_wconf 83' lang='grc' dir='ltr'>λόγος·</span> <span class='ocrx_word' id='word_1_618' title='bbox 3004 3494 3094 3548; x_wconf 76' lang='grc' dir='ltr'>καὶ</span> <span class='ocrx_word' id='word_1_619' title='bbox 3152 3492 3348 3561; x_wconf 87' lang='grc' dir='ltr'>πάσας,</span> <span class='ocrx_word' id='word_1_620' title='bbox 3406 3492 3539 3555; x_wconf 75' lang='grc' dir='ltr'>ὅσας</span> <span class='ocrx_word' id='word_1_621' title='bbox 3597 3491 3791 3567; x_wconf 77' lang='grc' dir='ltr'>ἐχρῆν,</span> 
     </span>
    </p>
   </div>
   <div class='ocr_carea' id='block_1_81' title="bbox 2147 3580 3791 3665">
    <p class='ocr_par' dir='ltr' id='par_1_81' title="bbox 2147 3580 3791 3665">
     <span class='ocr_line' id='line_1_81' title="bbox 2147 3580 3791 3665; baseline -0.007 -19"><span class='ocrx_word' id='word_1_622' title='bbox 2147 3589 2446 3665; x_wconf 88' lang='grc' dir='ltr'>μαρτυρίας</span> <span class='ocrx_word' id='word_1_623' title='bbox 2506 3586 2612 3642; x_wconf 82' lang='grc' dir='ltr'>ἀπὸ</span> <span class='ocrx_word' id='word_1_624' title='bbox 2667 3592 2766 3654; x_wconf 76' lang='grc' dir='ltr'>τῆς</span> <span class='ocrx_word' id='word_1_625' title='bbox 2821 3590 3022 3649; x_wconf 76' lang='grc' dir='ltr'>Καινῆς</span> <span class='ocrx_word' id='word_1_626' title='bbox 3081 3584 3353 3653; x_wconf 76' lang='grc' dir='ltr'>Διαθήκης</span> <span class='ocrx_word' id='word_1_627' title='bbox 3438 3583 3658 3658; x_wconf 77' lang='grc' dir='ltr'>ἀγαγεῖν</span> <span class='ocrx_word' id='word_1_628' title='bbox 3716 3580 3791 3643; x_wconf 75' lang='grc' dir='ltr'>εἷς</span> 
     </span>
    </p>
   </div>
   <div class='ocr_carea' id='block_1_82' title="bbox 2147 3669 3792 3752">
    <p class='ocr_par' dir='ltr' id='par_1_82' title="bbox 2147 3669 3792 3752">
     <span class='ocr_line' id='line_1_82' title="bbox 2147 3669 3792 3752; baseline -0.006 -18"><span class='ocrx_word' id='word_1_629' title='bbox 2147 3681 2309 3752; x_wconf 70' lang='grc' dir='ltr'>μέσον</span> <span class='ocrx_word' id='word_1_630' title='bbox 2342 3680 2444 3735; x_wconf 68' lang='grc' dir='ltr'>οὐκ</span> <span class='ocrx_word' id='word_1_631' title='bbox 2499 3677 2828 3752; x_wconf 83' lang='grc' dir='ltr'>ἐνεχώρησε.</span> <span class='ocrx_word' id='word_1_632' title='bbox 2891 3673 3057 3728; x_wconf 84' lang='grc' dir='ltr'>Λείπε</span> <span class='ocrx_word' id='word_1_633' title='bbox 3112 3673 3217 3747; x_wconf 78' lang='grc' dir='ltr'>γὰρ</span> <span class='ocrx_word' id='word_1_634' title='bbox 3274 3674 3412 3744; x_wconf 69' lang='grc' dir='ltr'>ἡμῖν</span> <span class='ocrx_word' id='word_1_635' title='bbox 3469 3669 3655 3726; x_wconf 77' lang='grc' dir='ltr'>πολλᾶ</span> <span class='ocrx_word' id='word_1_636' title='bbox 3699 3670 3792 3743; x_wconf 71' lang='grc' dir='ltr'>μὶν</span> 
     </span>
    </p>
   </div>
   <div class='ocr_carea' id='block_1_83' title="bbox 2144 3761 3788 3844">
    <p class='ocr_par' dir='ltr' id='par_1_83' title="bbox 2144 3761 3788 3844">
     <span class='ocr_line' id='line_1_83' title="bbox 2144 3761 3788 3844; baseline -0.007 -18"><span class='ocrx_word' id='word_1_637' title='bbox 2144 3770 2253 3826; x_wconf 80' lang='grc' dir='ltr'>ἀπὸ</span> <span class='ocrx_word' id='word_1_638' title='bbox 2279 3773 2389 3825; x_wconf 82' lang='grc' dir='ltr'>τῶν</span> <span class='ocrx_word' id='word_1_639' title='bbox 2423 3768 2669 3844; x_wconf 79' lang='grc' dir='ltr'>Ιιράξεων</span> <span class='ocrx_word' id='word_1_640' title='bbox 2701 3770 2808 3820; x_wconf 80' lang='grc' dir='ltr'>τῶν</span> <span class='ocrx_word' id='word_1_641' title='bbox 2840 3762 3186 3831; x_wconf 81' lang='grc' dir='ltr'>ἀποστόλῶν,</span> <span class='ocrx_word' id='word_1_642' title='bbox 3219 3762 3265 3817; x_wconf 68' lang='grc' dir='ltr'>ἐν</span> <span class='ocrx_word' id='word_1_643' title='bbox 3309 3765 3394 3824; x_wconf 81' lang='grc' dir='ltr'>οἷς</span> <span class='ocrx_word' id='word_1_644' title='bbox 3423 3764 3459 3832; x_wconf 77' lang='grc' dir='ltr'>ἡ</span> <span class='ocrx_word' id='word_1_645' title='bbox 3488 3766 3587 3817; x_wconf 89' lang='grc' dir='ltr'>τοῦ</span> <span class='ocrx_word' id='word_1_646' title='bbox 3635 3761 3788 3836; x_wconf 82' lang='grc' dir='ltr'>άγίοϋ</span> 
     </span>
    </p>
   </div>
   <div class='ocr_carea' id='block_1_84' title="bbox 2143 3852 3787 3933">
    <p class='ocr_par' dir='ltr' id='par_1_84' title="bbox 2143 3852 3787 3933">
     <span class='ocr_line' id='line_1_84' title="bbox 2143 3852 3787 3933; baseline -0.006 -18"><span class='ocrx_word' id='word_1_647' title='bbox 2143 3858 2460 3931; x_wconf 76' lang='grc' dir='ltr'>Ιινεύματος</span> <span class='ocrx_word' id='word_1_648' title='bbox 2491 3858 2656 3933; x_wconf 87' lang='grc' dir='ltr'>χάρις</span> <span class='ocrx_word' id='word_1_649' title='bbox 2689 3854 2743 3909; x_wconf 83' lang='grc' dir='ltr'>ἐν</span> <span class='ocrx_word' id='word_1_650' title='bbox 2775 3853 2963 3927; x_wconf 70' lang='grc' dir='ltr'>Πέτρῳ</span> <span class='ocrx_word' id='word_1_651' title='bbox 2992 3854 3082 3908; x_wconf 78' lang='grc' dir='ltr'>καὶ</span> <span class='ocrx_word' id='word_1_652' title='bbox 3112 3852 3455 3924; x_wconf 76' lang='grc' dir='ltr'>πᾶσιν·ὁμοῦ</span> <span class='ocrx_word' id='word_1_653' title='bbox 3482 3856 3599 3913; x_wconf 84' lang='grc' dir='ltr'>τοῖς</span> <span class='ocrx_word' id='word_1_654' title='bbox 3656 3852 3787 3906; x_wconf 83' lang='grc' dir='ltr'>ἀπο-</span> 
     </span>
    </p>
   </div>
   <div class='ocr_carea' id='block_1_85' title="bbox 2145 3939 3787 4020">
    <p class='ocr_par' dir='ltr' id='par_1_85' title="bbox 2145 3939 3787 4020">
     <span class='ocr_line' id='line_1_85' title="bbox 2145 3939 3787 4020; baseline -0.006 -16"><span class='ocrx_word' id='word_1_655' title='bbox 2145 3946 2365 4009; x_wconf 83' lang='grc' dir='ltr'>στόλοις</span> <span class='ocrx_word' id='word_1_656' title='bbox 2397 3947 2684 4020; x_wconf 70' lang='grc' dir='ltr'>ἓνήργησε.</span> <span class='ocrx_word' id='word_1_657' title='bbox 2722 3942 2906 3998; x_wconf 81' lang='grc' dir='ltr'>Λείπει</span> <span class='ocrx_word' id='word_1_658' title='bbox 2941 3940 2997 3997; x_wconf 78' lang='grc' dir='ltr'>δὶ</span> <span class='ocrx_word' id='word_1_659' title='bbox 3057 3941 3243 3997; x_wconf 79' lang='grc' dir='ltr'>πολλὰ</span> <span class='ocrx_word' id='word_1_660' title='bbox 3290 3941 3386 3995; x_wconf 76' lang='grc' dir='ltr'>καὶ</span> <span class='ocrx_word' id='word_1_661' title='bbox 3432 3939 3493 3994; x_wconf 85' lang='grc' dir='ltr'>ἐκ</span> <span class='ocrx_word' id='word_1_662' title='bbox 3530 3945 3639 3996; x_wconf 82' lang='grc' dir='ltr'>τῶν</span> <span class='ocrx_word' id='word_1_663' title='bbox 3681 3943 3787 3997; x_wconf 81' lang='grc' dir='ltr'>Κα-</span> 
     </span>
    </p>
   </div>
   <div class='ocr_carea' id='block_1_86' title="bbox 2146 4027 3786 4103">
    <p class='ocr_par' dir='ltr' id='par_1_86' title="bbox 2146 4027 3786 4103">
     <span class='ocr_line' id='line_1_86' title="bbox 2146 4027 3786 4103; baseline -0.005 -12"><span class='ocrx_word' id='word_1_664' title='bbox 2146 4035 2410 4101; x_wconf 82' lang='grc' dir='ltr'>θολικῶν,</span> <span class='ocrx_word' id='word_1_665' title='bbox 2439 4034 2526 4089; x_wconf 75' lang='grc' dir='ltr'>καὶ</span> <span class='ocrx_word' id='word_1_666' title='bbox 2556 4032 2616 4088; x_wconf 78' lang='grc' dir='ltr'>ἐκ</span> <span class='ocrx_word' id='word_1_667' title='bbox 2668 4036 2778 4087; x_wconf 81' lang='grc' dir='ltr'>τῶν</span> <span class='ocrx_word' id='word_1_668' title='bbox 2834 4029 3052 4086; x_wconf 85' lang='grc' dir='ltr'>Παῦλου</span> <span class='ocrx_word' id='word_1_669' title='bbox 3110 4028 3513 4103; x_wconf 81' lang='grc' dir='ltr'>δεκατεσσάρων</span> <span class='ocrx_word' id='word_1_670' title='bbox 3571 4027 3786 4084; x_wconf 82' lang='grc' dir='ltr'>ἐπιστο-</span> 
     </span>
    </p>
   </div>
   <div class='ocr_carea' id='block_1_87' title="bbox 2149 4114 3787 4197">
    <p class='ocr_par' dir='ltr' id='par_1_87' title="bbox 2149 4114 3787 4197">
     <span class='ocr_line' id='line_1_87' title="bbox 2149 4114 3787 4197; baseline -0.005 -16"><span class='ocrx_word' id='word_1_671' title='bbox 2149 4123 2283 4181; x_wconf 83' lang='grc' dir='ltr'>λῶν·</span> <span class='ocrx_word' id='word_1_672' title='bbox 2316 4122 2368 4194; x_wconf 78' lang='grc' dir='ltr'>ἐξ</span> <span class='ocrx_word' id='word_1_673' title='bbox 2395 4124 2470 4177; x_wconf 84' lang='grc' dir='ltr'>ὧν</span> <span class='ocrx_word' id='word_1_674' title='bbox 2499 4122 2664 4197; x_wconf 86' lang='grc' dir='ltr'>ὀλίγα</span> <span class='ocrx_word' id='word_1_675' title='bbox 2688 4126 2804 4189; x_wconf 90' lang='grc' dir='ltr'>νῦν,</span> <span class='ocrx_word' id='word_1_676' title='bbox 2861 4118 3042 4195; x_wconf 82' lang='grc' dir='ltr'>ὥσπερ</span> <span class='ocrx_word' id='word_1_677' title='bbox 3100 4118 3160 4173; x_wconf 86' lang='grc' dir='ltr'>ἐκ</span> <span class='ocrx_word' id='word_1_678' title='bbox 3221 4114 3463 4194; x_wconf 66' lang='grc' dir='ltr'>μεγάλου</span> <span class='ocrx_word' id='word_1_679' title='bbox 3518 4116 3787 4191; x_wconf 80' lang='grc' dir='ltr'>λειμῶνος</span> 
     </span>
    </p>
   </div>
   <div class='ocr_carea' id='block_1_88' title="bbox 2846 4331 3779 4397">
    <p class='ocr_par' dir='ltr' id='par_1_88' title="bbox 2846 4331 3779 4397">
     <span class='ocr_line' id='line_1_88' title="bbox 2846 4331 3779 4397; baseline -0.004 -10"><span class='ocrx_word' id='word_1_680' title='bbox 2846 4331 2870 4366; x_wconf 76' lang='grc'>⁸</span> <span class='ocrx_word' id='word_1_681' title='bbox 2906 4333 3031 4388; x_wconf 83' lang='lat' dir='ltr'>Vid.</span> <span class='ocrx_word' id='word_1_682' title='bbox 3065 4339 3171 4387; x_wconf 81' lang='lat' dir='ltr'>cat.</span> <span class='ocrx_word' id='word_1_683' title='bbox 3208 4334 3294 4397; x_wconf 84' lang='grc'>16,</span> <span class='ocrx_word' id='word_1_684' title='bbox 3322 4348 3379 4386; x_wconf 84' lang='grc' dir='ltr'>η.</span> <span class='ocrx_word' id='word_1_685' title='bbox 3414 4333 3503 4385; x_wconf 75' lang='grc'>24.</span> <span class='ocrx_word' id='word_1_686' title='bbox 3607 4332 3628 4366; x_wconf 76' lang='grc'>⁷</span> <span class='ocrx_word' id='word_1_687' title='bbox 3660 4336 3779 4385; x_wconf 76' lang='lat' dir='ltr'>Act-</span> 
     </span>
    </p>
   </div>
   <div class='ocr_carea' id='block_1_89' title="bbox 384 4402 2041 4481">
    <p class='ocr_par' dir='ltr' id='par_1_89' title="bbox 384 4402 2037 4481">
     <span class='ocr_line' id='line_1_89' title="bbox 384 4402 2037 4481; baseline -0.003 -16"><span class='ocrx_word' id='word_1_688' title='bbox 384 4427 444 4481; x_wconf 86' lang='grc' dir='ltr'>ιι,</span> <span class='ocrx_word' id='word_1_689' title='bbox 479 4412 567 4477; x_wconf 88' lang='grc'>16,</span> <span class='ocrx_word' id='word_1_690' title='bbox 596 4411 659 4461; x_wconf 85' lang='grc'>17</span> <span class='ocrx_word' id='word_1_691' title='bbox 687 4424 701 4474; x_wconf 90' lang='lat'>;</span> <span class='ocrx_word' id='word_1_692' title='bbox 729 4406 854 4461; x_wconf 89' lang='lat' dir='ltr'>Joel</span> <span class='ocrx_word' id='word_1_693' title='bbox 882 4423 937 4471; x_wconf 89' lang='grc' dir='ltr'>ιι,</span> <span class='ocrx_word' id='word_1_694' title='bbox 970 4407 1056 4459; x_wconf 89' lang='grc'>28.</span> <span class='ocrx_word' id='word_1_695' title='bbox 1134 4405 1156 4439; x_wconf 81' lang='grc'>⁸</span> <span class='ocrx_word' id='word_1_696' title='bbox 1187 4407 1352 4460; x_wconf 85' lang='lat' dir='ltr'>Joan.</span> <span class='ocrx_word' id='word_1_697' title='bbox 1389 4422 1469 4462; x_wconf 88' lang='grc' dir='ltr'>ιιι.</span> <span class='ocrx_word' id='word_1_698' title='bbox 1502 4405 1592 4473; x_wconf 82' lang='grc'>34,</span> <span class='ocrx_word' id='word_1_699' title='bbox 1626 4408 1713 4461; x_wconf 86' lang='grc'>35.</span> <span class='ocrx_word' id='word_1_700' title='bbox 1790 4406 1811 4440; x_wconf 86' lang='grc'><strong>⁹</strong></span> <span class='ocrx_word' id='word_1_701' title='bbox 1841 4402 1965 4461; x_wconf 77' lang='lat' dir='ltr'>Act.</span> <span class='ocrx_word' id='word_1_702' title='bbox 2000 4423 2037 4460; x_wconf 89' lang='grc' dir='ltr'>ιι</span> 
     </span>
    </p>
   </div>
   <div class='ocr_carea' id='block_1_90' title="bbox 2153 4402 3574 4481">
    <p class='ocr_par' dir='ltr' id='par_1_90' title="bbox 2153 4402 3574 4473">
     <span class='ocr_line' id='line_1_90' title="bbox 2153 4402 3574 4473; baseline -0.001 -15"><span class='ocrx_word' id='word_1_703' title='bbox 2153 4411 2181 4473; x_wconf 91' lang='lat'>’,</span> <span class='ocrx_word' id='word_1_704' title='bbox 2216 4406 2281 4459; x_wconf 90' lang='grc'>18</span> <span class='ocrx_word' id='word_1_705' title='bbox 2307 4422 2322 4472; x_wconf 94' lang='lat'>;</span> <span class='ocrx_word' id='word_1_706' title='bbox 2348 4404 2472 4460; x_wconf 83' lang='lat' dir='ltr'>Joel</span> <span class='ocrx_word' id='word_1_707' title='bbox 2505 4422 2561 4472; x_wconf 90' lang='grc' dir='ltr'>ιι,</span> <span class='ocrx_word' id='word_1_708' title='bbox 2596 4403 2686 4472; x_wconf 88' lang='lat'>28,</span> <span class='ocrx_word' id='word_1_709' title='bbox 2718 4406 2806 4459; x_wconf 81' lang='lat'>29.</span> <span class='ocrx_word' id='word_1_710' title='bbox 2886 4402 2931 4438; x_wconf 78' lang='lat'><strong>“</strong></span> <span class='ocrx_word' id='word_1_711' title='bbox 2969 4404 3095 4459; x_wconf 82' lang='lat' dir='ltr'>Vid.</span> <span class='ocrx_word' id='word_1_712' title='bbox 3129 4409 3236 4458; x_wconf 81' lang='lat' dir='ltr'>cat.</span> <span class='ocrx_word' id='word_1_713' title='bbox 3273 4405 3359 4469; x_wconf 83' lang='grc'>16,</span> <span class='ocrx_word' id='word_1_714' title='bbox 3391 4420 3449 4457; x_wconf 86' lang='lat' dir='ltr'>n.</span> <span class='ocrx_word' id='word_1_715' title='bbox 3488 4406 3574 4457; x_wconf 76' lang='lat' dir='ltr'>l9.</span> 
     </span>
    </p>
   </div>
   <div class='ocr_carea' id='block_1_91' title="bbox 408 4617 2041 4725">
    <p class='ocr_par' dir='ltr' id='par_1_91' title="bbox 408 4617 2037 4725">
     <span class='ocr_line' id='line_1_91' title="bbox 408 4617 2037 4725; baseline -0.001 -26"><span class='ocrx_word' id='word_1_716' title='bbox 408 4617 421 4631; x_wconf 47' lang='lat'><em>.</em></span> <span class='ocrx_word' id='word_1_717' title='bbox 464 4645 539 4716; x_wconf 91' lang='grc'>(1)</span> <span class='ocrx_word' id='word_1_718' title='bbox 568 4646 747 4725; x_wconf 63' lang='lat' dir='ltr'>Epoto</span> <span class='ocrx_word' id='word_1_719' title='bbox 777 4641 1146 4725; x_wconf 63' lang='lat' dir='ltr'>intelligioilis</span> <span class='ocrx_word' id='word_1_720' title='bbox 1350 4643 1535 4725; x_wconf 44' lang='lat' dir='ltr'>pilio.&quot;</span> <span class='ocrx_word' id='word_1_721' title='bbox 1565 4643 1878 4725; x_wconf 74' lang='lat' dir='ltr'>Superiore</span> <span class='ocrx_word' id='word_1_722' title='bbox 1918 4659 2037 4697; x_wconf 89' lang='lat' dir='ltr'>nu-</span> 
     </span>
    </p>
   </div>
   <div class='ocr_carea' id='block_1_92' title="bbox 2153 4617 3787 4725">
    <p class='ocr_par' dir='ltr' id='par_1_92' title="bbox 2157 4641 3787 4725">
     <span class='ocr_line' id='line_1_92' title="bbox 2157 4641 3787 4725; baseline -0.001 -29"><span class='ocrx_word' id='word_1_723' title='bbox 2157 4715 2173 4725; x_wconf 85' lang='lat'>_</span> <span class='ocrx_word' id='word_1_724' title='bbox 2331 4641 2480 4725; x_wconf 59' lang='grc' dir='ltr'>ῌετᾲ</span> <span class='ocrx_word' id='word_1_725' title='bbox 2502 4644 2690 4699; x_wconf 85' lang='grc' dir='ltr'>ταῦτα.</span> <span class='ocrx_word' id='word_1_726' title='bbox 2723 4641 3068 4725; x_wconf 55' lang='lat' dir='ltr'>Verba_hm:c</span> <span class='ocrx_word' id='word_1_727' title='bbox 3100 4648 3337 4725; x_wconf 69' lang='lat' dir='ltr'>sumpta</span> <span class='ocrx_word' id='word_1_728' title='bbox 3368 4648 3635 4725; x_wconf 35' lang='lat' dir='ltr'>suntne:</span> <span class='ocrx_word' id='word_1_729' title='bbox 3666 4642 3787 4725; x_wconf 79' lang='lat' dir='ltr'>ipso</span> 
     </span>
    </p>
   </div>
   <div class='ocr_carea' id='block_1_93' title="bbox 386 4711 2034 4785">
    <p class='ocr_par' dir='ltr' id='par_1_93' title="bbox 386 4711 2034 4785">
     <span class='ocr_line' id='line_1_93' title="bbox 386 4711 2034 4785; baseline -0.002 -13"><span class='ocrx_word' id='word_1_730' title='bbox 386 4711 552 4772; x_wconf 87' lang='lat' dir='ltr'>mero</span> <span class='ocrx_word' id='word_1_731' title='bbox 571 4711 855 4785; x_wconf 82' lang='lat' dir='ltr'>Spiritum</span> <span class='ocrx_word' id='word_1_732' title='bbox 879 4719 1149 4767; x_wconf 86' lang='lat' dir='ltr'>sanctum</span> <span class='ocrx_word' id='word_1_733' title='bbox 1164 4711 1326 4785; x_wconf 79' lang='lat' dir='ltr'>dixit</span> <span class='ocrx_word' id='word_1_734' title='bbox 1349 4711 1781 4780; x_wconf 79' lang='lat' dir='ltr'>intelligibilem</span> <span class='ocrx_word' id='word_1_735' title='bbox 1802 4714 2034 4768; x_wconf 89' lang='lat' dir='ltr'>vineam</span> 
     </span>
    </p>
   </div>
   <div class='ocr_carea' id='block_1_94' title="bbox 387 4784 2030 4859">
    <p class='ocr_par' dir='ltr' id='par_1_94' title="bbox 387 4784 2030 4859">
     <span class='ocr_line' id='line_1_94' title="bbox 387 4784 2030 4859; baseline -0.003 -16"><span class='ocrx_word' id='word_1_736' title='bbox 387 4805 417 4843; x_wconf 90' lang='lat' dir='ltr'>e</span> <span class='ocrx_word' id='word_1_737' title='bbox 449 4803 565 4859; x_wconf 93' lang='lat' dir='ltr'>qua</span> <span class='ocrx_word' id='word_1_738' title='bbox 595 4784 784 4859; x_wconf 84' lang='lat' dir='ltr'>ipsius</span> <span class='ocrx_word' id='word_1_739' title='bbox 814 4784 1249 4859; x_wconf 70' lang='lat' dir='ltr'>gratiapljodit.</span> <span class='ocrx_word' id='word_1_740' title='bbox 1285 4785 1441 4859; x_wconf 81' lang='lat' dir='ltr'>Hanc</span> <span class='ocrx_word' id='word_1_741' title='bbox 1473 4785 1651 4859; x_wconf 67' lang='lat' dir='ltr'>vitem</span> <span class='ocrx_word' id='word_1_742' title='bbox 1682 4802 1838 4859; x_wconf 86' lang='lat' dir='ltr'>nunc</span> <span class='ocrx_word' id='word_1_743' title='bbox 1868 4786 2030 4859; x_wconf 81' lang='lat' dir='ltr'>Chri-</span> 
     </span>
    </p>
   </div>
   <div class='ocr_carea' id='block_1_95' title="bbox 388 4855 2034 4927">
    <p class='ocr_par' dir='ltr' id='par_1_95' title="bbox 388 4855 2034 4927">
     <span class='ocr_line' id='line_1_95' title="bbox 388 4855 2034 4927; baseline -0.003 -13"><span class='ocrx_word' id='word_1_744' title='bbox 388 4855 543 4914; x_wconf 81' lang='lat' dir='ltr'>stum</span> <span class='ocrx_word' id='word_1_745' title='bbox 569 4855 696 4912; x_wconf 80' lang='lat' dir='ltr'>esse</span> <span class='ocrx_word' id='word_1_746' title='bbox 725 4857 896 4912; x_wconf 89' lang='lat' dir='ltr'>dicit:</span> <span class='ocrx_word' id='word_1_747' title='bbox 922 4863 979 4911; x_wconf 89' lang='lat' dir='ltr'>et</span> <span class='ocrx_word' id='word_1_748' title='bbox 1011 4856 1185 4915; x_wconf 82' lang='lat' dir='ltr'>infra.</span> <span class='ocrx_word' id='word_1_749' title='bbox 1210 4872 1328 4909; x_wconf 92' lang='lat' dir='ltr'>non</span> <span class='ocrx_word' id='word_1_750' title='bbox 1350 4855 1531 4927; x_wconf 89' lang='lat' dir='ltr'>aliam</span> <span class='ocrx_word' id='word_1_751' title='bbox 1558 4856 1809 4927; x_wconf 87' lang='lat' dir='ltr'>Spiritus</span> <span class='ocrx_word' id='word_1_752' title='bbox 1823 4857 2034 4921; x_wconf 88' lang='lat' dir='ltr'>sancti,</span> 
     </span>
    </p>
   </div>
   <div class='ocr_carea' id='block_1_96' title="bbox 387 4926 2041 5001">
    <p class='ocr_par' dir='ltr' id='par_1_96' title="bbox 387 4926 2041 5001">
     <span class='ocr_line' id='line_1_96' title="bbox 387 4926 2041 5001; baseline -0.001 -17"><span class='ocrx_word' id='word_1_753' title='bbox 387 4931 686 4998; x_wconf 86' lang='lat' dir='ltr'>aliamque</span> <span class='ocrx_word' id='word_1_754' title='bbox 713 4929 841 4982; x_wconf 88' lang='lat' dir='ltr'>Filii</span> <span class='ocrx_word' id='word_1_755' title='bbox 866 4927 1110 5001; x_wconf 86' lang='lat' dir='ltr'>gratiam</span> <span class='ocrx_word' id='word_1_756' title='bbox 1132 4942 1272 5001; x_wconf 69' lang='lat' dir='ltr'>esse</span> <span class='ocrx_word' id='word_1_757' title='bbox 1299 4926 1913 5001; x_wconf 28' lang='lat' dir='ltr'>affirmatJChristum</span> <span class='ocrx_word' id='word_1_758' title='bbox 1938 4929 2041 5001; x_wconf 87' lang='lat' dir='ltr'>igi-</span> 
     </span>
    </p>
   </div>
   <div class='ocr_carea' id='block_1_97' title="bbox 390 4998 2039 5071">
    <p class='ocr_par' dir='ltr' id='par_1_97' title="bbox 390 4998 2039 5071">
     <span class='ocr_line' id='line_1_97' title="bbox 390 4998 2039 5071; baseline -0.002 -15"><span class='ocrx_word' id='word_1_759' title='bbox 390 5008 486 5056; x_wconf 89' lang='lat' dir='ltr'>tur</span> <span class='ocrx_word' id='word_1_760' title='bbox 514 5006 627 5054; x_wconf 89' lang='lat' dir='ltr'>tam</span> <span class='ocrx_word' id='word_1_761' title='bbox 658 4998 1091 5071; x_wconf 14' lang='lat' dir='ltr'>verumfgratize</span> <span class='ocrx_word' id='word_1_762' title='bbox 1125 4998 1377 5071; x_wconf 81' lang='lat' dir='ltr'>Spiritus</span> <span class='ocrx_word' id='word_1_763' title='bbox 1409 4999 1595 5053; x_wconf 89' lang='lat' dir='ltr'>sancti</span> <span class='ocrx_word' id='word_1_764' title='bbox 1646 5005 1948 5054; x_wconf 91' lang='lat' dir='ltr'>auctorem</span> <span class='ocrx_word' id='word_1_765' title='bbox 1962 4998 2039 5071; x_wconf 15' lang='lat' dir='ltr'>iet</span> 
     </span>
    </p>
   </div>
   <div class='ocr_carea' id='block_1_98' title="bbox 387 5069 2039 5142">
    <p class='ocr_par' dir='ltr' id='par_1_98' title="bbox 387 5069 2039 5142">
     <span class='ocr_line' id='line_1_98' title="bbox 387 5069 2039 5142; baseline 0 -17"><span class='ocrx_word' id='word_1_766' title='bbox 387 5071 697 5142; x_wconf 84' lang='lat' dir='ltr'>originem,</span> <span class='ocrx_word' id='word_1_767' title='bbox 733 5069 911 5140; x_wconf 86' lang='lat' dir='ltr'>quam</span> <span class='ocrx_word' id='word_1_768' title='bbox 942 5071 1133 5141; x_wconf 89' lang='lat' dir='ltr'>ipsum</span> <span class='ocrx_word' id='word_1_769' title='bbox 1169 5069 1452 5140; x_wconf 89' lang='lat' dir='ltr'>Spiritum</span> <span class='ocrx_word' id='word_1_770' title='bbox 1487 5077 1757 5125; x_wconf 90' lang='lat' dir='ltr'>sanctum</span> <span class='ocrx_word' id='word_1_771' title='bbox 1780 5087 1910 5125; x_wconf 88' lang='lat' dir='ltr'>esse</span> <span class='ocrx_word' id='word_1_772' title='bbox 1942 5070 2039 5125; x_wconf 89' lang='lat' dir='ltr'>do-</span> 
     </span>
    </p>
   </div>
   <div class='ocr_carea' id='block_1_99' title="bbox 390 5141 2036 5212">
    <p class='ocr_par' dir='ltr' id='par_1_99' title="bbox 390 5141 2036 5212">
     <span class='ocr_line' id='line_1_99' title="bbox 390 5141 2036 5212; baseline 0 -15"><span class='ocrx_word' id='word_1_773' title='bbox 390 5148 500 5197; x_wconf 92' lang='lat' dir='ltr'>cet.</span> <span class='ocrx_word' id='word_1_774' title='bbox 538 5145 611 5195; x_wconf 83' lang='lat' dir='ltr'><strong>At</strong></span> <span class='ocrx_word' id='word_1_775' title='bbox 639 5142 824 5212; x_wconf 76' lang='lat' dir='ltr'>gratia</span> <span class='ocrx_word' id='word_1_776' title='bbox 859 5141 918 5195; x_wconf 92' lang='lat' dir='ltr'>in</span> <span class='ocrx_word' id='word_1_777' title='bbox 977 5142 1323 5195; x_wconf 89' lang='lat' dir='ltr'>Pentecoste</span> <span class='ocrx_word' id='word_1_778' title='bbox 1373 5142 1659 5209; x_wconf 89' lang='lat' dir='ltr'>apostolis</span> <span class='ocrx_word' id='word_1_779' title='bbox 1709 5142 1863 5205; x_wconf 85' lang='lat' dir='ltr'>data,</span> <span class='ocrx_word' id='word_1_780' title='bbox 1917 5158 2036 5197; x_wconf 92' lang='lat' dir='ltr'>non</span> 
     </span>
    </p>
   </div>
   <div class='ocr_carea' id='block_1_100' title="bbox 388 5212 2037 5284">
    <p class='ocr_par' dir='ltr' id='par_1_100' title="bbox 388 5212 2037 5284">
     <span class='ocr_line' id='line_1_100' title="bbox 388 5212 2037 5284; baseline 0.001 -16"><span class='ocrx_word' id='word_1_781' title='bbox 388 5213 549 5269; x_wconf 88' lang='lat' dir='ltr'>aliud</span> <span class='ocrx_word' id='word_1_782' title='bbox 579 5219 670 5267; x_wconf 91' lang='lat' dir='ltr'>est</span> <span class='ocrx_word' id='word_1_783' title='bbox 699 5229 875 5284; x_wconf 89' lang='lat' dir='ltr'>quam</span> <span class='ocrx_word' id='word_1_784' title='bbox 909 5212 1033 5282; x_wconf 83' lang='lat' dir='ltr'>ipse</span> <span class='ocrx_word' id='word_1_785' title='bbox 1066 5217 1306 5266; x_wconf 89' lang='lat' dir='ltr'>sanctus</span> <span class='ocrx_word' id='word_1_786' title='bbox 1335 5213 1588 5284; x_wconf 90' lang='lat' dir='ltr'>Spiritus</span> <span class='ocrx_word' id='word_1_787' title='bbox 1619 5214 1831 5269; x_wconf 69' lang='lat' dir='ltr'>animas</span> <span class='ocrx_word' id='word_1_788' title='bbox 1882 5213 2037 5269; x_wconf 90' lang='lat' dir='ltr'>inte-</span> 
     </span>
    </p>
   </div>
   <div class='ocr_carea' id='block_1_101' title="bbox 386 5283 2041 5356">
    <p class='ocr_par' dir='ltr' id='par_1_101' title="bbox 386 5283 2041 5356">
     <span class='ocr_line' id='line_1_101' title="bbox 386 5283 2041 5356; baseline 0 -17"><span class='ocrx_word' id='word_1_789' title='bbox 386 5285 545 5339; x_wconf 89' lang='lat' dir='ltr'>riora</span> <span class='ocrx_word' id='word_1_790' title='bbox 574 5300 770 5356; x_wconf 76' lang='lat' dir='ltr'>perse</span> <span class='ocrx_word' id='word_1_791' title='bbox 802 5283 1124 5356; x_wconf 73' lang='lat' dir='ltr'>ingressus,</span> <span class='ocrx_word' id='word_1_792' title='bbox 1159 5299 1314 5353; x_wconf 87' lang='lat' dir='ltr'>sup..</span> <span class='ocrx_word' id='word_1_793' title='bbox 1357 5283 1415 5338; x_wconf 77' lang='grc' dir='ltr'>ιι.</span> <span class='ocrx_word' id='word_1_794' title='bbox 1446 5287 1535 5356; x_wconf 74' lang='grc'>14.</span> <span class='ocrx_word' id='word_1_795' title='bbox 1572 5287 1775 5340; x_wconf 79' lang='lat' dir='ltr'>Restat</span> <span class='ocrx_word' id='word_1_796' title='bbox 1804 5301 1941 5356; x_wconf 86' lang='lat' dir='ltr'>ergo</span> <span class='ocrx_word' id='word_1_797' title='bbox 1975 5290 2041 5339; x_wconf 87' lang='lat' dir='ltr'>ut</span> 
     </span>
    </p>
   </div>
   <div class='ocr_carea' id='block_1_102' title="bbox 386 5354 1905 5428">
    <p class='ocr_par' dir='ltr' id='par_1_102' title="bbox 386 5354 1905 5428">
     <span class='ocr_line' id='line_1_102' title="bbox 386 5354 1905 5428; baseline 0 -17"><span class='ocrx_word' id='word_1_798' title='bbox 386 5357 577 5428; x_wconf 82' lang='lat' dir='ltr'>ipsius</span> <span class='ocrx_word' id='word_1_799' title='bbox 607 5354 857 5428; x_wconf 69' lang='lat' dir='ltr'>Spiritus</span> <span class='ocrx_word' id='word_1_800' title='bbox 887 5354 1074 5428; x_wconf 77' lang='lat' dir='ltr'>sancti</span> <span class='ocrx_word' id='word_1_801' title='bbox 1105 5361 1314 5428; x_wconf 74' lang='lat' dir='ltr'>auctor</span> <span class='ocrx_word' id='word_1_802' title='bbox 1344 5362 1403 5409; x_wconf 91' lang='lat' dir='ltr'>et</span> <span class='ocrx_word' id='word_1_803' title='bbox 1432 5355 1779 5428; x_wconf 10' lang='lat' dir='ltr'>fonerilius</span> <span class='ocrx_word' id='word_1_804' title='bbox 1811 5354 1905 5411; x_wconf 69' lang='lat' dir='ltr'>sit.</span> 
     </span>
    </p>
   </div>
   <div class='ocr_carea' id='block_1_103' title="bbox 461 5421 2042 5497">
    <p class='ocr_par' dir='ltr' id='par_1_103' title="bbox 461 5421 2042 5497">
     <span class='ocr_line' id='line_1_103' title="bbox 461 5421 2042 5497; baseline 0.001 -16"><span class='ocrx_word' id='word_1_805' title='bbox 461 5431 531 5493; x_wconf 75' lang='grc'>(2)</span> <span class='ocrx_word' id='word_1_806' title='bbox 567 5421 982 5497; x_wconf 65' lang='grc' dir='ltr'>Ἐπλήρωσενδ</span> <span class='ocrx_word' id='word_1_807' title='bbox 1010 5421 1407 5497; x_wconf 70' lang='grc' dir='ltr'>ἐπηγγείλατο.</span> <span class='ocrx_word' id='word_1_808' title='bbox 1441 5426 1680 5481; x_wconf 80' lang='lat' dir='ltr'>Addidit</span> <span class='ocrx_word' id='word_1_809' title='bbox 1710 5428 1833 5482; x_wconf 67' lang='lat' dir='ltr'>haec</span> <span class='ocrx_word' id='word_1_810' title='bbox 1866 5426 2042 5482; x_wconf 90' lang='lat' dir='ltr'>verba</span> 
     </span>
    </p>
   </div>
   <div class='ocr_carea' id='block_1_104' title="bbox 391 5495 2041 5563">
    <p class='ocr_par' dir='ltr' id='par_1_104' title="bbox 391 5495 2041 5563">
     <span class='ocr_line' id='line_1_104' title="bbox 391 5495 2041 5563; baseline 0 -10"><span class='ocrx_word' id='word_1_811' title='bbox 391 5498 677 5554; x_wconf 86' lang='lat' dir='ltr'>Millesius</span> <span class='ocrx_word' id='word_1_812' title='bbox 707 5513 777 5552; x_wconf 83' lang='lat' dir='ltr'>ex</span> <span class='ocrx_word' id='word_1_813' title='bbox 807 5495 977 5551; x_wconf 91' lang='lat' dir='ltr'>codd.</span> <span class='ocrx_word' id='word_1_814' title='bbox 1008 5497 1149 5554; x_wconf 85' lang='lat' dir='ltr'>Roe.</span> <span class='ocrx_word' id='word_1_815' title='bbox 1171 5495 1430 5551; x_wconf 44' lang='lat' dir='ltr'>&#39;Casaub.</span> <span class='ocrx_word' id='word_1_816' title='bbox 1465 5502 1523 5550; x_wconf 92' lang='lat' dir='ltr'>et</span> <span class='ocrx_word' id='word_1_817' title='bbox 1554 5498 1706 5552; x_wconf 86' lang='lat' dir='ltr'>Grod</span> <span class='ocrx_word' id='word_1_818' title='bbox 1761 5515 1774 5563; x_wconf 93' lang='lat'>;</span> <span class='ocrx_word' id='word_1_819' title='bbox 1818 5497 2041 5553; x_wconf 88' lang='lat' dir='ltr'>haben-</span> 
     </span>
    </p>
   </div>
   <div class='ocr_carea' id='block_1_105' title="bbox 393 5564 2041 5639">
    <p class='ocr_par' dir='ltr' id='par_1_105' title="bbox 393 5564 2041 5639">
     <span class='ocr_line' id='line_1_105' title="bbox 393 5564 2041 5639; baseline -0.001 -13"><span class='ocrx_word' id='word_1_820' title='bbox 393 5578 488 5626; x_wconf 89' lang='lat' dir='ltr'>tur</span> <span class='ocrx_word' id='word_1_821' title='bbox 518 5585 754 5639; x_wconf 90' lang='lat' dir='ltr'>quoque</span> <span class='ocrx_word' id='word_1_822' title='bbox 782 5567 844 5622; x_wconf 89' lang='lat' dir='ltr'>in</span> <span class='ocrx_word' id='word_1_823' title='bbox 876 5566 1051 5621; x_wconf 92' lang='lat' dir='ltr'>codd.</span> <span class='ocrx_word' id='word_1_824' title='bbox 1095 5564 1271 5618; x_wconf 87' lang='lat' dir='ltr'>Coisl.</span> <span class='ocrx_word' id='word_1_825' title='bbox 1303 5573 1359 5621; x_wconf 90' lang='lat' dir='ltr'>et</span> <span class='ocrx_word' id='word_1_826' title='bbox 1388 5568 1585 5625; x_wconf 93' lang='lat' dir='ltr'>Ottob.</span> <span class='ocrx_word' id='word_1_827' title='bbox 1621 5586 1636 5622; x_wconf 88' lang='lat'><strong>:</strong></span> <span class='ocrx_word' id='word_1_828' title='bbox 1668 5569 1741 5624; x_wconf 89' lang='lat' dir='ltr'>iis</span> <span class='ocrx_word' id='word_1_829' title='bbox 1760 5568 2041 5624; x_wconf 88' lang='lat' dir='ltr'>detractis</span> 
     </span>
    </p>
   </div>
   <div class='ocr_carea' id='block_1_106' title="bbox 390 5638 961 5699">
    <p class='ocr_par' dir='ltr' id='par_1_106' title="bbox 390 5638 961 5699">
     <span class='ocr_line' id='line_1_106' title="bbox 390 5638 961 5699; baseline -0.007 -2"><span class='ocrx_word' id='word_1_830' title='bbox 390 5638 601 5699; x_wconf 82' lang='lat' dir='ltr'>mutila</span> <span class='ocrx_word' id='word_1_831' title='bbox 633 5638 723 5695; x_wconf 82' lang='lat' dir='ltr'>est</span> <span class='ocrx_word' id='word_1_832' title='bbox 750 5638 961 5696; x_wconf 87' lang='lat' dir='ltr'>oratio.</span> 
     </span>
    </p>
   </div>
   <div class='ocr_carea' id='block_1_107' title="bbox 2147 4713 3784 4769">
    <p class='ocr_par' dir='ltr' id='par_1_107' title="bbox 2147 4713 3784 4769">
     <span class='ocr_line' id='line_1_107' title="bbox 2147 4713 3784 4769; baseline -0.002 -1"><span class='ocrx_word' id='word_1_833' title='bbox 2147 4713 2327 4768; x_wconf 81' lang='lat' dir='ltr'>Joelis</span> <span class='ocrx_word' id='word_1_834' title='bbox 2357 4720 2519 4769; x_wconf 83' lang='lat' dir='ltr'>textu</span> <span class='ocrx_word' id='word_1_835' title='bbox 2545 4730 2558 4767; x_wconf 87' lang='lat'><strong>:</strong></span> <span class='ocrx_word' id='word_1_836' title='bbox 2591 4730 2795 4769; x_wconf 88' lang='lat' dir='ltr'>eorum</span> <span class='ocrx_word' id='word_1_837' title='bbox 2831 4713 2991 4767; x_wconf 90' lang='lat' dir='ltr'>enim</span> <span class='ocrx_word' id='word_1_838' title='bbox 3022 4713 3153 4768; x_wconf 91' lang='lat' dir='ltr'>loco</span> <span class='ocrx_word' id='word_1_839' title='bbox 3180 4716 3387 4768; x_wconf 89' lang='lat' dir='ltr'>Petrus</span> <span class='ocrx_word' id='word_1_840' title='bbox 3408 4714 3557 4769; x_wconf 81' lang='lat' dir='ltr'>dixit</span> <span class='ocrx_word' id='word_1_841' title='bbox 3578 4715 3638 4768; x_wconf 89' lang='lat' dir='ltr'>in</span> <span class='ocrx_word' id='word_1_842' title='bbox 3664 4718 3784 4767; x_wconf 79' lang='lat' dir='ltr'>Act.</span> 
     </span>
    </p>
   </div>
   <div class='ocr_carea' id='block_1_108' title="bbox 2146 4782 3782 4858">
    <p class='ocr_par' dir='ltr' id='par_1_108' title="bbox 2146 4782 3782 4858">
     <span class='ocr_line' id='line_1_108' title="bbox 2146 4782 3782 4858; baseline -0.002 -19"><span class='ocrx_word' id='word_1_843' title='bbox 2146 4786 2549 4856; x_wconf 84' lang='lat' dir='ltr'>apostolorum</span> <span class='ocrx_word' id='word_1_844' title='bbox 2581 4802 2707 4858; x_wconf 82' lang='lat' dir='ltr'>cap.</span> <span class='ocrx_word' id='word_1_845' title='bbox 2745 4802 2802 4843; x_wconf 85' lang='grc'>11.</span> <span class='ocrx_word' id='word_1_846' title='bbox 2835 4782 3008 4858; x_wconf 34' lang='grc' dir='ltr'>Πηέν</span> <span class='ocrx_word' id='word_1_847' title='bbox 3057 4789 3177 4845; x_wconf 83' lang='grc' dir='ltr'>ταῖς</span> <span class='ocrx_word' id='word_1_848' title='bbox 3210 4783 3483 4858; x_wconf 65' lang='grc' dir='ltr'>ἐσχάταις</span> <span class='ocrx_word' id='word_1_849' title='bbox 3529 4786 3782 4858; x_wconf 64' lang='grc' dir='ltr'>ἡμέραις,</span> 
     </span>
    </p>
   </div>
   <div class='ocr_carea' id='block_1_109' title="bbox 2144 4844 3787 4938">
    <p class='ocr_par' dir='ltr' id='par_1_109' title="bbox 2144 4844 3787 4938">
     <span class='ocr_line' id='line_1_109' title="bbox 2144 4844 3787 4938; baseline -0.001 -29"><span class='ocrx_word' id='word_1_850' title='bbox 2144 4844 2204 4909; x_wconf 64' lang='lat' dir='ltr'>in</span> <span class='ocrx_word' id='word_1_851' title='bbox 2234 4858 2542 4938; x_wconf 63' lang='lat' dir='ltr'>novissimis</span> <span class='ocrx_word' id='word_1_852' title='bbox 2570 4844 2777 4938; x_wconf 44' lang='lat' dir='ltr'>die-bus.</span> <span class='ocrx_word' id='word_1_853' title='bbox 2810 4844 2991 4938; x_wconf 47' lang='lat' dir='ltr'>Pﬂaulo</span> <span class='ocrx_word' id='word_1_854' title='bbox 3024 4863 3177 4938; x_wconf 68' lang='lat' dir='ltr'>post.</span> <span class='ocrx_word' id='word_1_855' title='bbox 3205 4844 3599 4938; x_wconf 55' lang='grc' dir='ltr'>ξοέό-μέτρου,</span> <span class='ocrx_word' id='word_1_856' title='bbox 3632 4844 3787 4938; x_wconf 65' lang='lat' dir='ltr'>quod</span> 
     </span>
    </p>
   </div>
   <div class='ocr_carea' id='block_1_110' title="bbox 2146 4927 3788 5071">
    <p class='ocr_par' dir='ltr' id='par_1_110' title="bbox 2146 4927 3788 5071">
     <span class='ocr_line' id='line_1_110' title="bbox 2146 4927 3785 4997; baseline 0.001 -14"><span class='ocrx_word' id='word_1_857' title='bbox 2146 4927 2496 4997; x_wconf 87' lang='lat' dir='ltr'>scripsimus</span> <span class='ocrx_word' id='word_1_858' title='bbox 2527 4942 2597 4981; x_wconf 79' lang='lat' dir='ltr'>ex</span> <span class='ocrx_word' id='word_1_859' title='bbox 2627 4927 2798 4983; x_wconf 91' lang='lat' dir='ltr'>codd.</span> <span class='ocrx_word' id='word_1_860' title='bbox 2831 4927 3034 4988; x_wconf 86' lang='lat' dir='ltr'>Coisl.,</span> <span class='ocrx_word' id='word_1_861' title='bbox 3067 4927 3286 4994; x_wconf 91' lang='lat' dir='ltr'>Ottob.,</span> <span class='ocrx_word' id='word_1_862' title='bbox 3330 4931 3470 4987; x_wconf 81' lang='lat' dir='ltr'>Boe.</span> <span class='ocrx_word' id='word_1_863' title='bbox 3515 4927 3785 4986; x_wconf 82' lang='lat' dir='ltr'>Casaub..</span> 
     </span>
     <span class='ocr_line' id='line_1_111' title="bbox 2146 4997 3788 5071; baseline -0.002 -17"><span class='ocrx_word' id='word_1_864' title='bbox 2146 4997 2322 5071; x_wconf 68' lang='lat' dir='ltr'>Grod.</span> <span class='ocrx_word' id='word_1_865' title='bbox 2357 5006 2417 5053; x_wconf 90' lang='lat' dir='ltr'>et</span> <span class='ocrx_word' id='word_1_866' title='bbox 2445 5014 2611 5071; x_wconf 86' lang='lat' dir='ltr'>sacro</span> <span class='ocrx_word' id='word_1_867' title='bbox 2644 5005 2826 5066; x_wconf 86' lang='lat' dir='ltr'>textu,</span> <span class='ocrx_word' id='word_1_868' title='bbox 2860 4998 3075 5071; x_wconf 88' lang='lat' dir='ltr'>legitur</span> <span class='ocrx_word' id='word_1_869' title='bbox 3113 5000 3173 5054; x_wconf 91' lang='lat' dir='ltr'>in</span> <span class='ocrx_word' id='word_1_870' title='bbox 3205 5000 3512 5071; x_wconf 88' lang='lat' dir='ltr'>impressis</span> <span class='ocrx_word' id='word_1_871' title='bbox 3541 4997 3788 5055; x_wconf 88' lang='lat' dir='ltr'>deformi</span> 
     </span>
    </p>
   </div>
   <div class='ocr_carea' id='block_1_111' title="bbox 2145 5069 2627 5142">
    <p class='ocr_par' dir='ltr' id='par_1_111' title="bbox 2145 5069 2627 5142">
     <span class='ocr_line' id='line_1_112' title="bbox 2145 5069 2627 5142; baseline -0.008 -18"><span class='ocrx_word' id='word_1_872' title='bbox 2145 5069 2386 5136; x_wconf 89' lang='lat' dir='ltr'>mendo,</span> <span class='ocrx_word' id='word_1_873' title='bbox 2423 5069 2627 5142; x_wconf 72' lang='grc' dir='ltr'>ῌέτρου</span> 
     </span>
    </p>
   </div>
   <div class='ocr_carea' id='block_1_112' title="bbox 2219 5136 3786 5211">
    <p class='ocr_par' dir='ltr' id='par_1_112' title="bbox 2219 5136 3786 5211">
     <span class='ocr_line' id='line_1_113' title="bbox 2219 5136 3786 5211; baseline -0.001 -16"><span class='ocrx_word' id='word_1_874' title='bbox 2219 5142 2296 5208; x_wconf 75' lang='lat' dir='ltr'>(li)</span> <span class='ocrx_word' id='word_1_875' title='bbox 2319 5136 2675 5211; x_wconf 76' lang='grc' dir='ltr'>Δουλαςμου.</span> <span class='ocrx_word' id='word_1_876' title='bbox 2705 5143 3039 5195; x_wconf 88' lang='lat' dir='ltr'>Pronomen</span> <span class='ocrx_word' id='word_1_877' title='bbox 3064 5141 3520 5211; x_wconf 61' lang='lat' dir='ltr'>nouaddidimus</span> <span class='ocrx_word' id='word_1_878' title='bbox 3537 5159 3606 5197; x_wconf 82' lang='lat' dir='ltr'>ex</span> <span class='ocrx_word' id='word_1_879' title='bbox 3619 5139 3786 5196; x_wconf 91' lang='lat' dir='ltr'>codd.</span> 
     </span>
    </p>
   </div>
   <div class='ocr_carea' id='block_1_113' title="bbox 2146 5211 3790 5279">
    <p class='ocr_par' dir='ltr' id='par_1_113' title="bbox 2146 5211 3790 5279">
     <span class='ocr_line' id='line_1_114' title="bbox 2146 5211 3790 5279; baseline -0.001 -13"><span class='ocrx_word' id='word_1_880' title='bbox 2146 5212 2347 5277; x_wconf 89' lang='lat' dir='ltr'>Coisl.,</span> <span class='ocrx_word' id='word_1_881' title='bbox 2382 5215 2522 5279; x_wconf 82' lang='lat' dir='ltr'>Roe,</span> <span class='ocrx_word' id='word_1_882' title='bbox 2553 5211 2822 5274; x_wconf 85' lang='lat' dir='ltr'>Casaub..</span> <span class='ocrx_word' id='word_1_883' title='bbox 2848 5212 3021 5266; x_wconf 82' lang='lat' dir='ltr'>Grod.</span> <span class='ocrx_word' id='word_1_884' title='bbox 3052 5219 3110 5267; x_wconf 91' lang='lat' dir='ltr'>et</span> <span class='ocrx_word' id='word_1_885' title='bbox 3131 5230 3298 5267; x_wconf 88' lang='lat' dir='ltr'>sacro</span> <span class='ocrx_word' id='word_1_886' title='bbox 3321 5219 3484 5267; x_wconf 84' lang='lat' dir='ltr'>textu</span> <span class='ocrx_word' id='word_1_887' title='bbox 3511 5218 3790 5277; x_wconf 85' lang='lat' dir='ltr'>Actuum;</span> 
     </span>
    </p>
   </div>
   <div class='ocr_carea' id='block_1_114' title="bbox 2148 5283 3792 5355">
    <p class='ocr_par' dir='ltr' id='par_1_114' title="bbox 2148 5283 3792 5355">
     <span class='ocr_line' id='line_1_115' title="bbox 2148 5283 3792 5355; baseline -0.001 -18"><span class='ocrx_word' id='word_1_888' title='bbox 2148 5283 2317 5339; x_wconf 89' lang='lat' dir='ltr'>deest</span> <span class='ocrx_word' id='word_1_889' title='bbox 2345 5290 2544 5339; x_wconf 87' lang='lat' dir='ltr'>tamen</span> <span class='ocrx_word' id='word_1_890' title='bbox 2575 5283 2732 5355; x_wconf 89' lang='lat' dir='ltr'>apud</span> <span class='ocrx_word' id='word_1_891' title='bbox 2762 5284 2989 5338; x_wconf 87' lang='lat' dir='ltr'>Joelem</span> <span class='ocrx_word' id='word_1_892' title='bbox 3023 5284 3359 5339; x_wconf 89' lang='lat' dir='ltr'>editionum</span> <span class='ocrx_word' id='word_1_893' title='bbox 3398 5283 3539 5339; x_wconf 83' lang='lat' dir='ltr'>LXX</span> <span class='ocrx_word' id='word_1_894' title='bbox 3568 5283 3792 5355; x_wconf 84' lang='lat' dir='ltr'>Compl.</span> 
     </span>
    </p>
   </div>
   <div class='ocr_carea' id='block_1_115' title="bbox 2150 5302 3771 5435">
    <p class='ocr_par' dir='ltr' id='par_1_115' title="bbox 2150 5302 3771 5435">
     <span class='ocr_line' id='line_1_116' title="bbox 2150 5302 3771 5355; baseline -0.001 -18"><span class='ocrx_word' id='word_1_895' title='bbox 2150 5302 2317 5339; x_wconf 77' lang='lat' dir='ltr'>aeest</span> <span class='ocrx_word' id='word_1_896' title='bbox 2345 5302 2544 5339; x_wconf 77' lang='lat' dir='ltr'>tamen</span> <span class='ocrx_word' id='word_1_897' title='bbox 2575 5302 2609 5339; x_wconf 88' lang='lat' dir='ltr'>a</span> <span class='ocrx_word' id='word_1_898' title='bbox 2652 5302 2732 5339; x_wconf 87' lang='lat' dir='ltr'>ua</span> <span class='ocrx_word' id='word_1_899' title='bbox 2762 5302 2989 5338; x_wconf 78' lang='lat' dir='ltr'>Joelem</span> <span class='ocrx_word' id='word_1_900' title='bbox 3023 5302 3359 5339; x_wconf 78' lang='lat' dir='ltr'>editionum</span> <span class='ocrx_word' id='word_1_901' title='bbox 3398 5302 3539 5339; x_wconf 68' lang='lat' dir='ltr'>1.2m</span> <span class='ocrx_word' id='word_1_902' title='bbox 3568 5302 3771 5355; x_wconf 68' lang='lat' dir='ltr'>uompi</span> 
     </span>
     <span class='ocr_line' id='line_1_117' title="bbox 2150 5302 3771 5435; baseline 0.001 -26"><span class='ocrx_word' id='word_1_903' title='bbox 2150 5361 2209 5409; x_wconf 86' lang='lat' dir='ltr'>et</span> <span class='ocrx_word' id='word_1_904' title='bbox 2227 5358 2421 5435; x_wconf 44' lang='lat' dir='ltr'>Bonl”</span> <span class='ocrx_word' id='word_1_905' title='bbox 2454 5362 2516 5411; x_wconf 90' lang='lat' dir='ltr'>at</span> <span class='ocrx_word' id='word_1_906' title='bbox 2544 5302 2796 5435; x_wconf 47' lang='lat' dir='ltr'>bagetur</span> <span class='ocrx_word' id='word_1_907' title='bbox 2823 5355 2885 5409; x_wconf 90' lang='lat' dir='ltr'>in</span> <span class='ocrx_word' id='word_1_908' title='bbox 2918 5354 3141 5435; x_wconf 77' lang='lat' dir='ltr'>A_ld._et</span> <span class='ocrx_word' id='word_1_909' title='bbox 3171 5355 3519 5435; x_wconf 46' lang='lat' dir='ltr'>cod.§lex._</span> <span class='ocrx_word' id='word_1_910' title='bbox 3621 5427 3663 5435; x_wconf 85' lang='lat'>__</span> 
     </span>
    </p>
   </div>
   <div class='ocr_carea' id='block_1_116' title="bbox 2219 5425 3800 5497">
    <p class='ocr_par' dir='ltr' id='par_1_116' title="bbox 2219 5425 3800 5497">
     <span class='ocr_line' id='line_1_118' title="bbox 2219 5425 3800 5497; baseline -0.001 -18"><span class='ocrx_word' id='word_1_911' title='bbox 2219 5428 2294 5497; x_wconf 67' lang='grc' dir='ltr'>(ὅ)</span> <span class='ocrx_word' id='word_1_912' title='bbox 2326 5428 2716 5497; x_wconf 80' lang='grc' dir='ltr'>Ἐτοιμαζέτω.</span> <span class='ocrx_word' id='word_1_913' title='bbox 2754 5428 2834 5480; x_wconf 86' lang='lat' dir='ltr'>Ita</span> <span class='ocrx_word' id='word_1_914' title='bbox 2865 5425 3035 5497; x_wconf 80' lang='lat' dir='ltr'>codd.</span> <span class='ocrx_word' id='word_1_915' title='bbox 3069 5428 3188 5483; x_wconf 82' lang='lat' dir='ltr'>Roe</span> <span class='ocrx_word' id='word_1_916' title='bbox 3230 5433 3288 5481; x_wconf 90' lang='lat' dir='ltr'>et</span> <span class='ocrx_word' id='word_1_917' title='bbox 3313 5426 3560 5497; x_wconf 85' lang='lat' dir='ltr'>Casaub.</span> <span class='ocrx_word' id='word_1_918' title='bbox 3621 5425 3800 5491; x_wconf 89' lang='lat' dir='ltr'>Editi,</span> 
     </span>
    </p>
   </div>
   <div class='ocr_carea' id='block_1_117' title="bbox 2150 5495 3584 5568">
    <p class='ocr_par' dir='ltr' id='par_1_117' title="bbox 2150 5495 3584 5568">
     <span class='ocr_line' id='line_1_119' title="bbox 2150 5495 3584 5568; baseline 0.003 -18"><span class='ocrx_word' id='word_1_919' title='bbox 2150 5495 2548 5566; x_wconf 72' lang='grc' dir='ltr'>ἑτοιμαζὲσθοι.</span> <span class='ocrx_word' id='word_1_920' title='bbox 2576 5500 2697 5553; x_wconf 80' lang='lat' dir='ltr'>Vox</span> <span class='ocrx_word' id='word_1_921' title='bbox 2723 5495 2909 5550; x_wconf 66' lang='grc' dir='ltr'>ἔαυτόν</span> <span class='ocrx_word' id='word_1_922' title='bbox 2940 5498 3203 5563; x_wconf 83' lang='lat' dir='ltr'>postulat</span> <span class='ocrx_word' id='word_1_923' title='bbox 3231 5495 3584 5568; x_wconf 72' lang='grc' dir='ltr'>ἐτοιμαζέτω.</span> 
     </span>
    </p>
   </div>
   <div class='ocr_carea' id='block_1_118' title="bbox 2224 5568 3797 5642">
    <p class='ocr_par' dir='ltr' id='par_1_118' title="bbox 2224 5568 3797 5642">
     <span class='ocr_line' id='line_1_120' title="bbox 2224 5568 3797 5642; baseline 0 -19"><span class='ocrx_word' id='word_1_924' title='bbox 2224 5568 2698 5642; x_wconf 56' lang='grc' dir='ltr'>(ϐλἘφεστώσης.</span> <span class='ocrx_word' id='word_1_925' title='bbox 2731 5569 3049 5642; x_wconf 84' lang='lat' dir='ltr'>Emendavi</span> <span class='ocrx_word' id='word_1_926' title='bbox 3109 5585 3180 5625; x_wconf 82' lang='lat' dir='ltr'>ex</span> <span class='ocrx_word' id='word_1_927' title='bbox 3238 5568 3371 5626; x_wconf 90' lang='lat' dir='ltr'>cod.</span> <span class='ocrx_word' id='word_1_928' title='bbox 3425 5568 3604 5624; x_wconf 88' lang='lat' dir='ltr'>Coisl.</span> <span class='ocrx_word' id='word_1_929' title='bbox 3663 5583 3797 5640; x_wconf 75' lang='lat' dir='ltr'>pra-</span> 
     </span>
    </p>
   </div>
   <div class='ocr_carea' id='block_1_119' title="bbox 2148 5638 2996 5716">
    <p class='ocr_par' dir='ltr' id='par_1_119' title="bbox 2148 5638 2996 5716">
     <span class='ocr_line' id='line_1_121' title="bbox 2148 5638 2996 5716; baseline -0.001 -23"><span class='ocrx_word' id='word_1_930' title='bbox 2148 5638 2292 5696; x_wconf 59' lang='lat' dir='ltr'>vam&#39;</span> <span class='ocrx_word' id='word_1_931' title='bbox 2309 5640 2628 5697; x_wconf 89' lang='lat' dir='ltr'>lectionem</span> <span class='ocrx_word' id='word_1_932' title='bbox 2656 5638 2996 5716; x_wconf 76' lang='grc' dir='ltr'>ἀφεστώσης.</span> 
     </span>
    </p>
   </div>
  </div>
