4148 6286
424 432 546 492 993

475 663 590 716 εθα.

430 674 590 727 μεθα.

498 742 629 798 KA‘.
662 741 752 796 Ἐν
809 737 913 814 γὰρ
971 740 1039 810 τῇ
1100 733 1329 808 δυνάμει
1382 738 1480 791 τοῦ
1538 736 1694 810 ἁγίου
1747 734 2085 814 Πνεύματος⁹

429 828 666 906 βολήσει
701 828 909 902 Ηατρὸς
939 826 1025 880 καὶ
1063 825 1214 894 1":0'3,
1245 825 1455 887 σταθεὶς
1503 825 1531 879 ὁ
1590 826 1791 902 Πέτρος
1847 824 1941 880 σὺν
1970 829 2086 887 τοῖς

421 917 639 989 ἕνδεκα,
672 918 763 973 καὶ
794 917 994 990 ἐπάρας
1022 916 1121 985 τήν
1169 915 1353 986 φωνὴν
1403 915 1573 970 αὐτοῦ
1623 915 1782 988 (κατά
1822 915 1884 969 τὸ
1934 914 2087 990 sign-

427 1011 611 1083 μένον·
672 1009 919 1080 Ὓψωσον
987 1003 1038 1059 ἐν
1103 1002 1263 1077 ίσχύϊ
1320 1004 1505 1080 φωνήν
1568 1024 1686 1072 σου,
1738 1004 1767 1058 ὁ
1797 1003 2088 1080 εὐαγγελι-

427 1100 656 1173 ζόμενος
685 1094 1099 1173 Ἰερουσαλὴμ),
1134 1099 1213 1167 τῷ
1243 1098 1435 1168 νοητῷ
1483 1092 1685 1168 δικτύῳ
1719 1100 1828 1151 τῶν
1879 1094 2086 1170 λόγων,

423 1188 607 1264 ψυχὰς
659 1186 783 1241 ὡσεὶ
841 1182 1162 1260 τρισχιλίας
1219 1182 1474 1256 )ξώρησε·
1530 1185 1838 1256 ταυσαύτης
1871 1182 1923 1240 ἐν
1955 1189 2087 1239 πᾶσι

418 1282 537 1339 τοῖς
590 1271 927 1335 ἀποστόλοις
974 1273 1119 1345 ὁμοῦ
1175 1279 1278 1341 τῆς
1334 1271 1560 1348 χάριτος
1618 1270 1967 1347 ἐνεργούσης,
2009 1273 2086 1335 ὡς

416 1364 476 1423 ἐκ
517 1370 624 1419 τῶν
681 1360 990 1431 Ἰουδαίων,
1046 1365 1152 1417 τῶν
1212 1361 1305 1417 τὸν
1365 1362 1600 1437 Χριστὸν
1662 1361 2083 1438 ἐσταῦρωκότων

411 1453 658 1525 ἐκείνων,
688 1456 972 1507 πιστεῦσαι
1017 1449 1338 1513 τοσούτους·
1396 1450 1488 1505 καὶ
1546 1449 1600 1506 ἰν
1651 1449 1879 1523 ὀνόματι
1937 1452 2081 1527 Χρι-

412 1548 542 1599 στοῦ
579 1543 972 1619 βαπτισθῆναι,
1021 1540 1114 1595 καὶ
1160 1545 1582 1616 προσκαρτερεῖν
1612 1543 1681 1613 τῇ
1730 1537 1935 1614 διδαχῇ
1976 1544 2085 1595 τῶν

417 1632 768 1699 ἀποστόλων,
800 1630 887 1685 καὶ
916 1634 1037 1692 ταῖς
1068 1634 1428 1706 προσευχαῖς.
1456 1630 1546 1686 Ἐν
1571 1633 1640 1703 τῇ
1663 1628 1799 1703 αὐτῇ
1823 1625 1881 1683 δὲ
1909 1627 2079 1685 πάλιν

416 1719 644 1793 δυνάμει
671 1723 770 1775 τοῦ
809 1719 965 1794 ἁγίου
1019 1717 1352 1792 ΙΙνεύματος.
1418 1719 1618 1794 Πέτρος
1676 1717 1767 1772 καὶ
1822 1718 2085 1789 Ἰωάννης

412 1805 703 1871 ἀναϐάντες
735 1807 814 1873 εἷς
862 1808 925 1863 τὸ
976 1808 1143 1882 ἱερὸν,
1190 1806 1279 1862 ἐπὶ
1318 1809 1418 1877 τήν
1480 1807 1624 1881 ὥραν
1684 1813 1785 1876 τῆς
1843 1826 2079 1882 προσευ-

1297 422 1777 486 CATECHESIS
1820 425 2007 487 XVII.
2054 425 2158 485 DE
2201 425 2516 488 SPIIIITU
2562 427 2866 489 SANG'I‘O
2911 429 2991 489 ΙΙ.

421 562 789 637 ὑπομνήσεως
842 558 1011 633 μόνης
1070 554 1244 614 ἕνεκεν
1303 556 1693 622 ἀπανθίσασθαι
1724 556 2079 631 (1)·ιτειρασό-

2188 560 2250 615 in
2280 562 2629 619 memoriam
2688 562 3061 618 solummodo
3121 562 3493 631 reducentes,
3546 561 3839 620 deflorare

3721 430 3844 495 994

2194 650 2565 707 conabimur.

2266 740 2409 798 XXI.
2465 744 2607 797 Nam
2640 743 2699 797 in
2750 742 2962 798 virtute
2996 742 3249 815 Spiritus
3306 743 3521 812 sancti,
3562 745 3753 800 Patris
3787 752 3847 801 et

2195 829 2325 884 Filii
2337 831 2655 899 voluntate,
2669 837 2863 887 «stans
2878 833 3086 886 Petrus
3102 847 3236 886 cum
3261 829 3539 887 undecim
3552 837 3629 898 ,et
3643 850 3845 890 vocem

2195 941 2221 968 ιι
2248 936 2415 975 suam
2440 920 2777 975 extollens”
2803 919 3153 992 (secundum
3182 919 3329 974 illud
3353 937 3365 973 :
3390 921 3669 976 Exaltain
3686 923 3849 978 forti-

2197 1006 2434 1063 utudine
2452 1025 2652 1064 vocem
2668 1008 2958 1079 tuam,qui
2973 1008 3333 1081 evangelizas
3352 1009 3849 1083 Hierusalemu»),

2195 1097 2446 1167 spiritali
2475 1113 2818 1153 sermonum
2868 1097 2978 1152 reti
3011 1098 3241 1152 animas
3278 1097 3515 1153 circiter
3568 1103 3657 1154 ter
3684 1100 3848 1155 mille

2192 1187 2366 1258 cepit.
2401 1186 2443 1221 ⁸³
2468 1188 2613 1242 Cum
2631 1193 2796 1243 tanta
2816 1188 2878 1241 in
2912 1186 3190 1242 omnibus
3214 1186 3392 1241 simul
3415 1187 3700 1258 apostolis
3716 1205 3851 1261 gra-

2191 1275 2273 1330 tia
2298 1282 2644 1347 operaretur
2676 1282 2742 1331 ut
2770 1293 2838 1331 ex
2868 1273 3235 1342 Judaeis,illis
3264 1274 3539 1330 videlicet
3559 1276 3658 1346 qui
3681 1276 3848 1332 Chri-

2190 1369 2347 1419 stum
2377 1365 2817 1432 cruciﬁxerant,
2852 1370 2971 1419 tam
3006 1364 3175 1419 multi
3208 1363 3616 1432 crederent,et
3642 1365 3705 1420 in
3736 1382 3848 1422 no-

2188 1454 2352 1507 mine
2384 1452 2597 1509 Christi
2621 1454 3084 1526 baptizarentur,
3111 1458 3170 1507 et
3194 1454 3714 1524 perseverarentin
3729 1454 3843 1512 do-

2187 1541 2377 1598 ctrina
2404 1543 2810 1614 apostolorum
2845 1548 2904 1599 et
2932 1542 3447 1599 orationibus".ln
3483 1542 3689 1597 eadem
3715 1562 3845 1600 rur-

2186 1648 2286 1687 sus
2319 1633 2507 1687 sancti
2538 1632 2790 1704 Spiritus
2823 1632 3037 1687 virtute
3068 1634 3278 1686 Petrus
3313 1637 3371 1686 et
3417 1632 3676 1687 Joannes
3707 1650 3844 1690 cum

2183 1721 2596 1777 ascendissent
2625 1721 2685 1777 in
2719 1720 3008 1793 templum
3047 1720 3121 1776 ad
3166 1720 3375 1776 horam
3420 1722 3707 1778 orationis
3735 1740 3848 1779 no-

2182 1827 2343 1879 nam,
2379 1827 2633 1882 eumque
2683 1810 2785 1882 qui
2842 1811 2906 1865 in
2955 1809 3231 1882 Speciosa
3282 1814 3471 1881 porta,
3533 1826 3604 1865 ex
3631 1813 3842 1867 matris

411 1908 521 1977 χῆς
547 1902 650 1972 τήν
681 1899 930 1970 ἐννάτην,
959 1899 1047 1954 καὶ
1079 1899 1174 1954 τὸν
1235 1897 1287 1952 ἐν
1333 1901 1402 1972 τῇ
1457 1897 1643 1972 Ὡραίᾳ
1694 1895 1845 1973 πύλῃ
1880 1896 2068 1973 χωλὸν

2184 1905 2378 1965 utero,
2409 1900 2482 1955 ab
2514 1900 2696 1956 annis
2727 1898 3120 1972 quadraginta
3150 1898 3398 1954 claudus
3426 1900 3843 1966 erat,sanavis-

413 1991 474 2048 ἔκ
510 1990 729 2053 λοιλίας
767 1990 977 2064 μητρὸς
1011 1989 1117 2044 ἀπὸ
1146 1986 1278 2044 ἐτῶν
1310 1989 1708 2064 τεσσαράκοντα
1732 1989 2066 2064 ὑπάρχοντα,

410 2079 463 2136 ὲν
522 2081 752 2154 ὀνόματι
812 2081 993 2150 Ἰησοῦ
1053 2077 1473 2152 θεραπεύσαντες
1531 2074 1635 2150 (ίνα
1690 2075 1962 2153 πληρωθῇ
2005 2078 2068 2132 τὸ

415 2168 709 2243 εἰρημένον
746 2209 760 2224 .
824 2166 965 2224 Τότε
1023 2164 1237 2221 ἀλεῖται
1324 2166 1398 2229 ὡς
1457 2160 1664 2244 ἔλαφος
1718 2167 1746 2221 ὁ
1806 2164 2069 2241 χωλὸς),

405 2262 474 2324 τῆ
509 2260 846 2331 πνευματικῇ
899 2257 995 2329 μὶν
1044 2262 1143 2326 τῆς
1203 2253 1555 2317 διδασκαλίας
1610 2258 1846 2331 ἂαγηνῃ,
1877 2276 2068 2312 πεντα.

415 2346 709 2424 κισχλίους
760 2347 903 2419 ὁμοῦ
961 2344 1349 2406 πιστεύσαντας
1415 2343 1752 2420 ἐζώγρησαν·
1828 2345 1956 2407 τοὺς
2011 2343 2069 2401 δὲ

420 2435 874 2508 πεπλανημένους
907 2435 1178 2509 ἄρχοντας
1217 2437 1315 2489 τοῦ
1369 2433 1504 2490 λαοῦ
1555 2434 1645 2489 καὶ
1675 2433 1953 2510 ἀρχιερεῖς
1985 2432 2065 2490 δι-

411 2525 668 2600 ήλεγξαν·
702 2523 792 2578 καὶ
822 2522 883 2578 ού
916 2520 985 2576 δι’
1035 2521 1237 2577 οῗκείαν
1302 2521 1492 2600 σοφίαν
1552 2522 1928 2597 (ἀγράμματοι
1962 2523 2065 2599 γάρ

412 2616 507 2669 καὶ
535 2610 749 2667 ἰδιῶται
781 2611 936 2681 ἦσαν,
976 2608 1124 2667 ἀλλά
1180 2608 1270 2665 διὰ
1316 2610 1416 2679 τήν
1449 2614 1548 2665 τοῦ
1580 2610 1894 2685 Ηνεύματος
1923 2611 2066 2688 ἐνέρ-

413 2722 563 2779 γειαν
601 2719 615 2733 ·
685 2702 986 2775 γέγραπται
1070 2700 1216 2775 γάρ·
1302 2700 1434 2754 Τότε
1518 2698 1719 2777 Πέτρος
1800 2699 2065 2772 πλησθεὶς

417 2790 733 2863 Πνεύματος
792 2790 965 2864 ἁγίου,
1011 2791 1129 2844 εἶπε
1185 2790 1322 2861 πρὸς
1373 2788 1592 2850 αύτούς.
1656 2789 1751 2844 Καὶ
1799 2790 2064 2861 τοσαύτη,

414 2875 503 2933 διά
555 2886 662 2936 τῶν
717 2875 924 2934 δώδεκα
997 2876 1320 2933 ἀποστόλων
1353 2918 1369 2944 ,
1428 2879 1464 2947 ἡ
1521 2881 1619 2932 τοῦ
1677 2878 1839 2953 ἁγίου
1900 2878 2067 2933 Ilvati-

410 2989 580 3042 ματος
627 2967 822 3031 ἐντοῖς
881 2966 1225 3022 πιστεύσασιν
1277 2966 1551 3042 ἐνήργησε
1606 2968 1793 3043 χάρις,
1825 2968 1898 3030 ὡς
1927 2970 2062 3023 εἶναι

409 3058 503 3131 μὲν
535 3056 713 3113 αὐτῶν
747 3059 847 3127 τήν
879 3053 1107 3132 καρδίαν
1138 3056 1230 3111 καὶ
1285 3056 1385 3124 τὴν
1438 3056 1623 3130 ψυχὴν
1652 3061 1730 3130 (2)
1764 3056 1915 3130 μίαν,
1945 3054 2064 3112 ἐπί-

402 3166 588 3202 κοινον
624 3144 681 3202 δὲ
706 3147 808 3216 τήν
834 3150 943 3201 τῶν
978 3140 1150 3201 ὄντων
1215 3144 1542 3201 ἀπόλαυσιν·
1593 3149 1700 3200 τῶν
1739 3147 1832 3219 μὶν
1865 3145 2061 3217 κτητό·

405 3255 514 3308 ρων
544 3236 645 3297 τὰς
671 3234 836 3308 τιμτὶς
864 3238 972 3289 τῶν
1001 3235 1296 3307 κτημάτων
1328 3234 1746 3311 προσφερόντων
1782 3229 2052 3306 εὐλαϐῶς,

405 3319 616 3386 ἐνδεοῦς
649 3320 707 3379 δὶ
739 3320 975 3395 μηδενὸς
1004 3317 1162 3385 ὄντος
1210 3321 1262 3376 ἐν
1322 3323 1532 3385 αὐτοῖς·
1595 3323 1844 3379 ’Δνανίου
1875 3320 1933 3379 δὲ
1960 3324 2050 3380 καὶ

408 3411 745 3489 Σαπφείρης,
793 3415 901 3466 τῶν
960 3407 1246 3485 ψεύδεσθαι
1276 3411 1339 3466 τὸ
1371 3414 1592 3485 Πνεῦμα
1634 3412 1698 3467 τὸ
1754 3413 1905 3487 ἅγιον
1936 3410 2055 3468 ἔπι-

405 3500 821 3575 χειρησάντων,
870 3501 971 3569 τήν
1018 3498 1325 3573 πρέπουσαν
1412 3497 1538 3570 δίκη
1618 3501 2053 3574 ὑπομεινάντων.

480 3590 600 3645 ΚΒ’.
658 3589 758 3644 Διὰ
814 3586 872 3645 δὲ
926 3593 1035 3644 τῶν
1067 3592 1270 3664 χειρῶν
1312 3592 1420 3644 τῶν
1480 3585 1825 3662 ἀποστόλων,
1882 3589 2059 3667 ἐγένε-

406 3698 469 3733 το
546 3682 749 3752 σημεῖα
817 3678 909 3733 καὶ
981 3679 1180 3753 τέρατα
1233 3676 1423 3733 πολλά
1491 3676 1544 3733 ἰν
1630 3683 1709 3751 τῷ
1768 3677 1905 3752 λαῷ·
1963 3679 2054 3735 καὶ

398 3769 635 3837 τοσαύτη
683 3766 1041 3843 περιεκέχυτο
1088 3771 1205 3828 τοῖς
1254 3763 1586 3831 ἂποστὸλοις
1630 3769 1666 3837 ἡ
1716 3769 2053 3842 πνευματικῆ

400 3856 587 3932 χάρις,
649 3858 725 3919 ὡς
783 3852 1051 3935 φοϐεροὺς
1113 3856 1209 3929 μὲν
1274 3855 1473 3920 αὐτοὺς
1528 3858 1687 3922 εἶναι,
1743 3856 1835 3912 καὶ
1889 3862 2055 3913 ταῦτα

396 3948 605 4019 πράους
640 3941 796 4009 ὄντας
826 3948 955 4019 (τῶν
1006 3946 1109 4019 γὰρ
1142 3942 1352 4000 λοιπῶν
1385 3942 1567 4006 οὐδεὶς
1597 3942 1807 4019 ἐτόλμα
1836 3945 2054 4002 πολλᾶ-

397 4037 521 4090 σθαι
552 4036 764 4100 αὐτοῖς,
813 4033 942 4090 ἀλλ’
999 4033 1324 4109 ἐμεγάλυνεν
1381 4033 1578 4097 αὐτοὺς
1610 4035 1638 4090 ὁ
1670 4031 1844 4109 λαὸς)·
1879 4056 2052 4112 προσ-

395 4124 637 4189 τίθεσθαι
668 4122 723 4179 3‘s
756 4124 947 4194 πλήθη
995 4127 1104 4178 τῶν
1157 4128 1238 4194 τῷ
1295 4122 1479 4199 Κυρίῳ
1535 4125 1919 4196 πιστευόντων,
1952 4127 2050 4181 ἀν-

398 4212 543 4290 δρῶν
571 4236 629 4270 τε
666 4214 757 4269 καὶ
787 4217 1078 4290 γυναικῶν·
1138 4211 1533 4287 πεπληρῶσθαι
1588 4211 1645 4268 δὲ
1671 4215 1769 4279 τὰς
1794 4214 2049 4278 πλατείας

395 4325 505 4358 των
537 4302 625 4359 ἐπὶ
653 4304 769 4366 τοῖς
816 4301 1125 4378 κλιναρίοις
1153 4301 1245 4356 καὶ
1303 4296 1631 4376 κραὸϐἀτοις
1682 4302 1937 4374 ἀσθενῶν,
1962 4304 2051 4359 ἳνα

398 4392 705 4469 ἐρχομένου
736 4394 965 4468 Πέτρου,
1009 4390 1105 4446 κᾶν
1139 4393 1173 4460 ἡ
1209 4390 1333 4445 σκιά
1358 4389 1639 4466 ἐπισκιάσῃ
1690 4393 1793 4447 τινὶ
1849 4393 2047 4448 αὐτῶν·

398 4484 751 4558 συνερχεσθαι
784 4480 842 4537 δὲ
869 4481 960 4536 καὶ
1010 4481 1073 4536 τὸ
1096 4477 1312 4550 πλῆθος
1356 4483 1465 4535 τῶν
1515 4479 1669 4554 πέριξ
1724 4480 1939 4537 πόλεων
1972 4482 2048 4547 εἰς

396 4574 498 4640 τήν
553 4571 707 4646 ἁγίαν
765 4570 968 4642 ταύτην
1052 4569 1420 4645 Ἰερουσαλὴμ
1474 4568 1747 4646 φερόντων
1806 4572 2046 4635 ἀσθενεῖς

2086 3285 2129 3354 C

2176 1991 2359 2044 sent"
2380 1990 2468 2061 (ut
2492 1989 2847 2061 impleretur
2887 1988 3045 2060 quod
3084 1987 3309 2044 dictum
3342 1992 3462 2044 est:
3498 2010 3526 2040 «
3558 1990 3719 2044 Tunc
3747 2006 3840 2045 sa-

2179 2078 2316 2133 «liet
2336 2078 2489 2134 sicut
2505 2094 2711 2134 cervus
2729 2077 3409 2149 claudus“»):spirituali
3431 2077 3718 2134 doctrinas
3740 2096 3838 2136 sa-

2174 2184 2325 2241 gena
2341 2168 2762 2239 275quinque
2785 2166 3350 2222 simulcredentium
3368 2167 3559 2223 millia
3570 2183 3841 2241 compre-

2176 2256 2714 2327 benderunt;atque
2729 2255 3030 2328 principes
3051 2255 3255 2327 populi
3281 2261 3340 2310 et
3357 2272 3623 2312 summos
3641 2257 3846 2313 Sacer-

2174 2344 2344 2401 dotes
2374 2362 2572 2401 errore
2611 2345 2896 2401 abductos
2949 2344 3372 2410 convicerunt;
3419 2361 3541 2399 non
3570 2346 3827 2417 propriis

2175 2435 2484 2506 sapientia)
2504 2433 2876 2503 vi,illitterati
2900 2434 3059 2488 enim
3083 2439 3140 2488 et
3161 2433 3359 2489 idiota:
3383 2438 3571 2502 erant,
3594 2433 3698 2489 sed
3723 2452 3831 2507 per

2174 2524 2427 2596 Spiritus
2450 2524 2796 2579 efﬁcaciam:
2824 2523 3111 2595 scriptum
3142 2528 3234 2578 est
3263 2522 3444 2579 enim:
3469 2544 3498 2573 «
3522 2524 3685 2578 Tunc
3714 2525 3827 2579 Pe-

2177 2618 2336 2668 «trus
2350 2611 2835 2685 repletusSpiritu
2858 2618 3062 2667 sancto
3079 2610 3315 2667 dixitad
3330 2628 3430 2667 eos
3458 2612 3522 2666 ‘7.
3553 2633 3581 2660 »
3603 2613 3825 2668 Tanta-

2174 2719 2291 2774 que
2321 2719 2428 2775 per
2457 2701 2770 2757 duodecim
2797 2701 3123 2772 apostolos,
3156 2700 3408 2772 Spiritus
3439 2701 3628 2757 sancti
3659 2701 3723 2757 in
3755 2701 3829 2756 iis

2174 2793 2274 2863 qui
2307 2790 2683 2848 crediderant
2729 2797 2972 2863 operata
3016 2795 3106 2846 est
3145 2791 3353 2862 gratia,
3388 2794 3455 2845 ut
3503 2795 3662 2846 esset
3691 2807 3828 2846 cum

2172 2882 2414 2938 illorum
2441 2899 2543 2937 cor
2572 2887 2630 2938 et
2667 2881 2868 2936 anima
2897 2896 3038 2946 una,
3099 2885 3224 2934 tum
3259 2895 3392 2934 vero
3455 2879 3829 2951 promiscuus

2173 2971 2466 3027 bonorum
2494 2987 2675 3027 usus:
2716 2987 2851 3026 cum
2905 2969 3180 3024 videlicet
3226 2984 3604 3040 possessores
3633 2970 3825 3041 pretia

2172 3061 2616 3133 possessionum
2646 3059 2917 3131 religiose
2949 3058 3251 3125 oﬂerrent,
3286 3057 3608 3129 nullusque
3639 3059 3701 3114 in
3731 3060 3820 3132 ip-

2172 3150 2254 3204 sis
2286 3155 2443 3205 esset
2475 3165 2692 3222 egens;
2724 3153 2900 3219 atque
2932 3147 3195 3203 Ananias
3228 3151 3286 3202 et
3314 3145 3823 3220 Sapphira,Spiri-

2174 3247 2294 3295 tum
2318 3244 2589 3295 sanctum
2619 3237 2825 3294 fallere
2869 3237 3114 3310 agressi,
3142 3240 3613 3292 consentaneam
3645 3237 3827 3293 susti-

2165 3329 2438 3385 nuissent
2465 3327 2779 3384 ultionem.

2237 3597 2389 3652 XXII
2436 3619 2463 3647 ‹‹
2487 3597 2821 3651 Permanus
2842 3597 3041 3649 autem
3064 3593 3477 3664 apostolorum
3503 3593 3819 3650 ﬁebantsi-

2166 3682 2859 3759 «gnaetprodigiamulta
2872 3682 2933 3737 in
2951 3679 3570 3753 populo'3:»tantaque
3583 3685 3817 3754 aposto-

2166 3774 2238 3829 lis
2251 3772 2613 3829 circumfusa
2623 3778 2749 3828 erat
2768 3769 3021 3843 Spiritus
3035 3769 3315 3843 gratia,ut
3337 3770 3605 3840 quamvis
3619 3770 3818 3836 mites,

2164 3862 2378 3919 terrori
2409 3867 2611 3918 essent
2639 3866 2838 3916 tamen
2859 3864 3022 3929 (nam
3053 3864 3403 3915 czeterorum
3435 3876 3612 3914 nemo
3636 3858 3818 3913 aude-

2165 3952 2265 4007 bat
2293 3969 2355 4007 se
2381 3951 2740 4025 conjungere
2772 3947 3024 4014 illis,sed
3057 3946 3479 4020 magnificabat
3499 3963 3599 4001 eos
3629 3962 3819 4018 popu-

2166 4040 2784 4113 lus);adjungerentur
2803 4054 2938 4093 vero
2969 4034 3344 4091 credentium
3374 4034 3624 4089 Domino
3656 4033 3818 4088 viro-

2163 4148 2298 4186 rum
2313 4135 2371 4186 et
2385 4130 2703 4185 mulierum
2726 4127 2931 4183 turbae:
2959 4126 3472 4199 implerenturque
3484 4122 3580 4195 pla
3589 4126 3696 4178 tea
3722 4122 3816 4177 in-

2165 4219 2490 4292 ﬁrmis,qui
2523 4219 2583 4274 in
2615 4217 2849 4272 lectulis
2883 4221 2942 4271 et
2960 4214 3260 4288 grabbatis
3274 4212 3816 4284 exponebantur,ut

2165 4308 2459 4364 venientis
2493 4306 2642 4362 Petri
2684 4306 2771 4361 vel
2802 4304 3016 4360 umbra
3037 4302 3421 4359 obumbraret
3449 4316 3814 4372 quemquam

2163 4398 2402 4453 illorum
2430 4415 2443 4462 ;
2477 4397 2548 4452 ad
2580 4397 2723 4461 haec,
2784 4394 3128 4451 conveniret
3156 4398 3216 4449 et
3242 4389 3563 4447 multitudo
3595 4389 3819 4445 vicina-

2163 4505 2295 4543 rum
2328 4487 2629 4544 civitatum
2660 4486 2722 4540 in
2753 4485 2910 4541 hanc
2942 4489 3208 4540 sanctam
3234 4480 3626 4546 Hierusalem,
3659 4478 3821 4535 defe-

2161 4577 2424 4634 rentium
2442 4577 2713 4631 infirmos
2726 4579 3081 4645 vexatosque
3100 4570 3454 4644 aspiritibus
3469 4567 3816 4636 immundis,

396 4659 490 4715 καὶ
522 4658 902 4735 ὀχλουμένους
958 4660 1061 4714 ὑπὸ
1114 4658 1439 4731 πνευμάτων
1492 4657 1826 4729 ἀκαθαρτων,
1860 4658 2054 4731 οἵτινες

2181 4668 2263 4739 [ui
2289 4666 2654 4722 sanabantur
2674 4680 2883 4719 omnes
2905 4662 2965 4717 in
2992 4662 3102 4717 hac
3122 4660 3373 4732 Spiritus
3392 4658 3583 4714 sancti
3607 4657 3818 4712 virtute

406 4746 797 4825 ἐθεραπεύοντο
829 4750 1059 4812 ἅπαντες
1086 4746 1137 4803 ἐν
1168 4750 1237 4823 τῇ
1270 4745 1497 4821 δυνάμει
1527 4747 1695 4823 ταύτῃ
1750 4753 1847 4803 τοῦ
1905 4749 2059 4828 ἁγίου

409 4839 547 4894 Πνεύ
556 4860 747 4913 ματος.

473 4934 588 4986 Kl".
620 4930 690 4987 Οἱ
721 4928 931 4985 δώδεκα
960 4929 1124 4987 πάλιν
1184 4927 1505 4997 ἀπόστολοι,
1560 4925 1650 4986 διὰ
1675 4933 1739 4986 τὸ
1766 4931 2054 5007 κηρύσσειν

399 5016 494 5072 τὸν
531 5019 788 5093 Χριστὸν,
821 5018 926 5074 ὑπὸ
952 5021 1062 5073 τῶν
1103 5017 1403 5094 ἀρχιερέων
1454 5017 1531 5081 εἷς
1563 5017 1813 5095 φυλακὴν
1841 5016 2056 5095 ἐμϐλη-

400 5107 602 5177 θέντες,
634 5108 725 5164 καῖ
759 5107 864 5164 ὑπὸ
892 5107 1125 5184 ἀγγέλου
1185 5104 1275 5161 διὰ
1327 5108 1522 5170 νυκτὸς
1578 5107 1899 5184 παραδόξως
1926 5111 2058 5167 ταύ-

398 5217 501 5268 της
533 5195 964 5274 ἀπαλλαγέντες,
1019 5194 1107 5251 καὶ
1162 5194 1238 5258 εἷς
1298 5192 1649 5270 δικαστήριον
1684 5196 1744 5253 ἐκ
1770 5203 1872 5254 τοῦ
1905 5200 2055 5276 ἱεροῦ

475 5340 519 5376 ¹¹
552 5343 679 5399 Act.
724 5358 786 5406 ιι,
839 5342 904 5395 44
954 5355 1085 5410 sqq.
1166 5338 1210 5374 ¹²
1240 5338 1352 5410 ΙειιΣ
1384 5352 1476 5401 1L,
1503 5338 1556 5390 9.

400 5429 568 5481 xxxv,
603 5416 655 5467 6.
736 5405 778 5447 ίτ
815 5414 938 5466 Act.
971 5405 1113 5475 ιῦξὸ
1140 5425 1270 5479 sqq.
1306 5405 1354 5440 ⁸⁸
1375 5409 1504 5462 Act.
1526 5424 1579 5476 ν,
1614 5411 1637 5461 1
1676 5425 1804 5481 sqq.

473 5540 545 5612 (ι)
578 5538 1017 5612 Ἀπανθίγσᾳσθαι.
1053 5534 1325 5612 Quamvis
1342 5551 1567 5612 omnes
1597 5535 1779 5591 Graeci
1812 5539 2047 5612 codices

401 5606 619 5677 ferant,
650 5608 1082 5679 ἂπανθήσασθαι,
1111 5623 1233 5679 non
1262 5606 1603 5662 dubitamus
1633 5609 1950 5667 emendare
1981 5615 2057 5669 vi-

401 5683 619 5740 tiosam
649 5678 989 5746 lectionem,
1022 5696 1057 5735 a
1085 5678 1344 5751 librariis
1372 5698 1406 5748 η
1433 5683 1509 5751 _ut
1556 5698 1577 5751 ι
1611 5683 2057 5751 pronuntianti-

402 5755 515 5814 bus
556 5753 907 5831 profectam.
969 5756 1110 5808 Post
1155 5748 1388 5820 σταθείς,
1433 5748 1740 5823 legebatur
1792 5752 1855 5811 in
1885 5754 2059 5814 editis

2238 4935 2433 4990 XXIII.
2459 4935 2714 4989 Rursum
2744 4928 3059 4985 duodecim
3081 4926 3357 4999 apostoli,
3384 4929 3626 4999 propter
3650 4922 3819 4978 Chri-

2167 5024 2242 5081 sti
2269 5021 2754 5095 praedicationem
2766 5035 2802 5074 a
2827 5015 3196 5091 principibus
3208 5015 3583 5072 sacerdotum
3605 5014 3667 5068 in
3688 5029 3816 5069 car-

2167 5130 2362 5170 cerem
2396 5110 2672 5182 conjecti,
2707 5113 2766 5163 et
2793 5108 2866 5163 ab
2896 5106 3105 5180 angelo
3137 5112 3317 5163 noctu
3346 5109 3562 5178 praeter
3582 5103 3820 5176 opinio-

2167 5221 2305 5262 nem
2324 5201 2463 5257 inde
2496 5198 2898 5272 educti;atque
2928 5196 3002 5252 ad
3034 5195 3349 5252 tribunale
3380 5196 3601 5269 templo
3623 5193 3697 5250 ad
3719 5209 3819 5248 eos

1638 5338 1681 5373 ¹³
1716 5340 1845 5396 Vid.
1877 5351 1984 5401 cat.
2034 5349 2081 5401 1ἒ

2181 5362 2223 5401 ι.
2276 5347 2362 5399 15.
2440 5340 2487 5375 ¹⁴
2516 5342 2641 5395 Act.
2694 5356 2755 5408 ιι,
2788 5342 2880 5394 42.
2958 5337 3332 5408 '5Act.1n,I
3387 5354 3518 5409 sqq.
3598 5333 3644 5372 ¹⁶
3698 5336 3810 5389 Isa.

2156 5541 2452 5621 particula
2486 5539 2580 5621 μέν
2624 5538 2877 5621 inutilis,
2931 5554 3111 5621 quam
3159 5544 3385 5594 auctor.
3448 5535 3620 5593 codd.
3670 5535 3811 5602 Roe,

2166 5611 2412 5672 Casaub.
2445 5611 2505 5683 et
2533 5611 2706 5683 Grod.
2737 5611 3148 5683 expunximus.

2238 5686 2314 5759 (ί)
2369 5682 2469 5759 Καὶ
2500 5682 2629 5759 ,τῆξ
2686 5676 2890 5759 ψυχῇν.
2950 5684 3060 5759 Eas
3111 5697 3282 5759 v_oce_s
3334 5676 3813 5759 restituimus‘ex

2168 5745 2341 5817 codd.
2365 5755 2564 5826 CoisL,
2584 5745 2736 5825 Roé,
2765 5745 3064 5821 'Uasaub.,
3112 5751 3284 5809 Grod.
3319 5757 3380 5806 et
3429 5760 3594 5805 sacro
3623 5745 3808 5795 textu.

3790 6054 3931 6133 Α..
