4148 6286
313 361 465 424 1ΟΟ1

1171 357 1650 420 GA'l‘ECHESIS
1694 361 1884 420 XVII.
1935 359 2033 419 DE
2077 359 2398 421 SPIRITU
2442 359 2744 423 SANCTO
2791 360 2868 421 II.

3570 364 3726 426 1002

331 496 660 570 Αντιοχείας
696 493 946 563 ζήτησιν,
985 495 1094 546 τῶν
1153 489 1422 568 λεγόντων
1482 489 1592 546 δεῖν
1650 494 1964 567 περιτέμνε-

2075 495 2316 549 citatam
2349 495 2674 551 Antiochiae
2707 494 3122 566 quaestionem,
3155 495 3228 551 ab
3267 496 3340 551 iis
3366 496 3465 568 qui
3488 498 3731 554 aiebant

311 596 439 650 σθαι
468 585 558 639 καὶ
590 588 776 658 τηρεῖν
816 581 884 636 τὰ
938 579 1032 652 ἔθη
1086 582 1377 650 Μωῦσέως,
1429 580 1648 636 Παόλου
1695 581 1784 636 xui
1826 588 1968 658 Βαρ-

309 671 452 730 νάϐα
481 673 862 752 πεμφθέντωψ
908 672 959 726 oi
1019 671 1246 735 ἐνταῦθα
1297 670 1348 725 ἐν
1408 671 1819 748 Ἱεροσολύμοις
1877 668 1970 726 ὅν-

307 786 397 827 τες
431 762 756 833 ἀπόστολοι,
788 762 1003 815 πάντων
1071 760 1167 832 μὶν
1217 764 1324 814 τῶν
1375 765 1621 833 νομικῶν
1673 761 1764 816 καὶ
1807 781 1970 816 τυπι-

309 859 423 910 κῶν
507 852 868 928 πραγμάτων,
957 847 1026 904 δι’
1109 848 1404 917 ἐπιπολῆς
1491 847 1782 927 ἐγγράφου,
1839 851 1966 919 ’τήν

314 943 647 1014 οἰκουμένην
681 940 892 994 ἅπασαν
921 937 1325 1011 ήλευθὲρωταν.
1359 937 1436 994 Οὐ
1489 939 1597 1010 μὴν
1649 939 1859 1002 ἑαυτοῖς
1889 940 1965 1011 (1)

311 1030 521 1088 ἔδωκαν
582 1030 682 1098 τὴν
739 1026 1021 1091 αὐθεντίαν
1108 1031 1205 1080 τοῦ
1282 1025 1534 1081 τοιούτου
1616 1029 1962 1102 πράγματος

309 1119 442 1176 ἀλλ’
499 1117 865 1192 ὁμολογοῦσιν
921 1115 1224 1193 ἐγγράφως,
1285 1114 1716 1179 ἐπιστέλλοντεςο
1775 1114 1964 1189 Ἔδοξε

311 1211 413 1286 γὰρ
470 1214 550 1281 τῷ
599 1207 739 1283 ἁγίῳ
797 1207 1070 1280 Πνεύματι
1137 1207 1224 1262 καὶ
1304 1208 1464 1280 ἡμῖν,
1550 1205 1716 1280 μηδὲν
1793 1206 1960 1264 πλέον

310 1299 642 1354 ἐπιτίθεσθαι
732 1297 859 1370 ὑμῖν
954 1297 1142 1373 βάρος,
1239 1297 1388 1365 πλήν
1479 1301 1586 1351 τῶν
1672 1295 1962 1374 ἐπάναγκες

308 1388 536 1444 τούτων·
599 1387 897 1461 ἀπέχεσθαι
958 1382 1358 1454 εἶδωλοθυτων,
1417 1385 1506 1440 καὶ
1563 1386 1814 1460 αἳματος,
1871 1387 1958 1442 καὶ

307 1482 538 1533 πνικτοῦ
600 1481 694 1550 (2),
753 1476 843 1530 καὶ
901 1474 1176 1550 πορνείας·
1237 1471 1307 1529 δι’
1366 1476 1440 1528 ὧν
1499 1474 1731 1553 ἔργαφον
1799 1480 1959 1531 τοῦτο

310 1566 610 1638 δηλοῦντες
640 1569 849 1640 σαφῶς,
881 1565 964 1619 ὅτι
997 1563 1045 1618 εἷ’
1073 1564 1164 1618 καὶ
1197 1562 1268 1618 δι’
1295 1563 1616 1619 ἀποστόλων
1665 1564 1961 1640 ἀνθρώπων

307 1656 375 1725 ἦν
405 1656 468 1710 τὸ
500 1654 726 1732 γραφὲν,
762 1653 888 1709 ἀλλ’
918 1652 970 1724 ἐξ
1001 1651 1162 1726 ἁγίου
1219 1653 1534 1725 Πνεῦματος
1581 1653 1956 1725 οἶκουμενικόν

304 1745 510 1801 ἔστιτὸ
555 1741 851 1816 διάταγμα·
912 1743 1046 1817 ὅπερ
1105 1744 1157 1797 oi
1215 1744 1338 1817 περὶ
1391 1742 1482 1797 τὸν
1542 1738 1818 1819 Βαρνάϐαν
1868 1743 1958 1798 καὶ

303 1834 519 1890 Παῦλον
550 1827 834 1901 λαϐόντες,
869 1831 945 1894 εἰς
975 1837 1146 1904 πᾷσαν
1180 1833 1280 1900 της
1342 1831 1668 1904 οἰκουμένην
1719 1832 1956 1908 ὠχύρω-
1993 1857 2039 1921 Β

309 1946 425 1981 σαν.

384 2016 464 2072 A‘.
497 2013 759 2068 Ἐνταῦθα
789 2010 847 2067 δὲ
874 2015 974 2066 τοῦ
1029 2008 1202 2085 λόγου
1258 2010 1576 2088 γενόμενος,
1635 2012 1965 2087 συγγνώμην

310 2104 450 2158 αἰτῶ
482 2102 626 2177 παρὰ
653 2108 752 2171 τῆς
785 2100 1046 2175 ὑμετέρας
1185 2100 1419 2176 ἀγάπης,
1465 2100 1678 2172 μᾶλλον
1723 2098 1779 2154 δὲ
1817 2101 1965 2174 παρὰ

309 2199 410 2249 τοῦ
441 2193 777 2254 ἐνοικοῦντος
807 2191 858 2247 ἐν
892 2190 1102 2263 Παύλῳ
1160 2191 1499 2263 ΙΙνεύματος,
1549 2189 1598 2246 ei
1648 2193 1723 2265 μή
1778 2188 1960 2245 δυναί-

315 2304 425 2356 μην
454 2281 520 2337 τὰ
548 2283 724 2335 πάντα
773 2277 1029 2349 διελθεῖν,
1082 2278 1352 2341 ἀσθενείας
1399 2301 1456 2334 τε
1501 2286 1600 2349 τῆς
1648 2278 1787 2353 ἐμῆς
1837 2277 1959 2334 ἔνε-

308 2393 424 2443 κεν,
456 2372 543 2427 καὶ
576 2375 673 2425 τοῦ
705 2371 880 2424 κόπου
925 2372 1023 2423 τοῦ
1075 2367 1382 2423 ἀκουόντων
1437 2370 1614 2442 ὑμῶν.
1670 2369 1808 2424 Ηὸτε
1856 2369 1958 2444 γὰρ

304 2461 474 2516 αὐτοῦ
503 2461 620 2514 κατ’
666 2459 813 2530 ἀξίαν
869 2455 1208 2532 διηγήσομαι
1265 2458 1363 2520 τὰς
1420 2457 1480 2512 ἐκ
1533 2465 1634 2527 τῆς
1694 2458 1958 2533 ἐνεργείας

301 2554 402 2604 τοῦ
433 2549 592 2624 ἁγίου
625 2548 938 2621 Πνεῦματος
985 2547 1039 2602 ἐν
1086 2546 1313 2618 ὀνόματι
1359 2550 1602 2622 Χριστοῦ
1656 2547 1954 2619 θαυμασίας

294 2639 562 2713 πράξεις,
594 2639 691 2698 τὰς
721 2637 773 2690 ἐν
805 2636 1010 2709 Κύπρῳ
1047 2635 1134 2691 ἐπὶ
1199 2632 1411 2709 Ἐλύμα
1457 2639 1557 2690 τοῦ
1619 2639 1815 2712 μάγου,
1865 2637 1955 2691 καὶ

291 2727 394 2788 τὰς
428 2731 503 2799 (4)
530 2725 582 2781 ἐν
613 2725 880 2802 Λύστροις
938 2726 1023 2781 ἐπὶ
1083 2732 1183 2794 τῆς
1239 2729 1338 2780 τοῦ
1399 2723 1592 2800 χωλοῦ
1649 2725 1951 2802 θεραπείας’

301 2816 390 2870 xui
425 2813 475 2869 ἐν
510 2814 754 2886 Κιλικίᾳ,
783 2816 872 2869 καὶ
907 2813 1144 2889 Φρυγίᾳ,
1174 2815 1264 2869 καὶ
1297 2813 1553 2886 Γαλατίᾳ,
1611 2813 1702 2869 καὶ
1752 2815 1952 2888 Μυσίᾳ,

302 2903 394 2958 καὶ
449 2901 779 2976 Μακεδονίᾳο
843 2901 879 2974 ἤ
935 2903 1001 2957 τὰ
1050 2903 1104 2958 ἐν
1158 2903 1482 2966 Φιλίπποις*
1563 2905 1626 2958 τὸ
1700 2907 1956 2981 κηρυγμα

303 2991 480 3068 λέγω,
511 2994 601 3047 καὶ
629 2999 728 3048 τοῦ
760 2993 1018 3058 Ηύθωνος
1051 2993 1103 3048 ἐν
1136 2992 1363 3066 ὀνόματι
1414 2995 1644 3067 Χριστοῦ
1691 2996 1790 3064 τὴν
1841 2994 1954 3048 άπ-

301 3081 540 3137 ελασίαν·
581 3083 673 3136 xui
729 3084 828 3150 τὴν
889 3081 940 3135 ἐν
995 3081 1169 3149 νυκτὶ,
1233 3083 1368 3154 μετὰ
1424 3083 1645 3154 σεισμὸν
1701 3084 1801 3156 (5),
1857 3087 1956 3137 τοῦ

301 3171 721 3250 δεσμοφύλακος
782 3169 871 3226 διὰ
933 3171 1304 3247 βαπτίσματος
1354 3171 1578 3227 πανοικὶ
1661 3170 1952 3248 σωτηρίαν·

2080 585 2486 640 necessarium
2514 601 2646 642 esse
2663 583 3008 641 circumcidi
3034 590 3093 640 et
3109 586 3327 658 Moysis
3348 604 3569 643 consue
3579 589 3732 644 tudi-

2078 690 2186 729 nes
2217 675 2552 742 observare,
2586 676 2754 730 missi
2786 680 2988 730 essent
3020 674 3238 729 Paulus
3271 679 3330 730 et
3383 677 3684 734 Barnabas
3715 695 3731 746 ;

2077 763 2331 834 apostoli
2364 765 2464 835 qui
2497 765 2674 820 isthic
2705 765 2766 818 in
2798 763 3227 834 Hierosolymis
3259 771 3450 833 erant,
3486 766 3558 820 ab
3588 768 3730 821 uni-

2077 867 2241 907 verso
2265 853 2409 924 legis
2433 859 2491 908 et
2511 851 2832 925 ﬁgurarum
2855 853 3170 919 instructu,
3197 868 3305 922 per
3329 856 3727 926 conscriptam

2076 942 2388 1012 epistolam
2420 943 2625 998 orbem
2657 948 2846 997 totum
2876 942 3297 997 liberaverunt.
3356 945 3556 1014 Neque
3589 961 3725 1000 vero

2076 1031 2185 1085 sibi
2219 1032 2364 1102 ipsis
2388 1035 2564 1086 tantm
2587 1031 2762 1086 molis
2791 1031 2876 1086 rei
2901 1030 3315 1086 auctoritatem
3335 1031 3728 1099 tribuere,sed

2074 1120 2326 1191 epistola
2356 1121 2572 1191 scripto
2600 1120 2737 1176 data
2787 1121 2870 1175 ita
2917 1121 3314 1176 conﬁtentur:
3346 1141 3374 1168 ‹‹
3403 1121 3607 1176 Visum
3638 1127 3728 1178 est

2076 1230 2100 1262 α
2117 1212 2261 1265 enim
2281 1210 2522 1280 Spiritui
2547 1215 2750 1266 sancto
2771 1215 2829 1265 et
2847 1209 3121 1279 nobis,ne
3135 1209 3277 1280 quid
3291 1210 3548 1281 amplius
3561 1211 3724 1267 vobis

2072 1321 2099 1348 ‹‹
2120 1299 2566 1370 imponeremus
2587 1299 2995 1370 oneris,quam
3025 1300 3147 1355 hac
3168 1301 3535 1367 necessaria;
3564 1301 3726 1356 vide-

2072 1410 2098 1438 ‹‹
2119 1387 2258 1442 licet
2278 1387 2702 1444 utabstineatis
2715 1388 2878 1443 abiis
2892 1405 3023 1458 quae
3047 1393 3184 1442 sunt
3201 1388 3377 1444 idolis
3394 1389 3724 1456 immolata,

2070 1499 2098 1527 «
2133 1481 2192 1532 et
2216 1493 2248 1531 a
2281 1478 2589 1549 sanguine,
2622 1482 2680 1532 et
2710 1479 2996 1532 sut‘focato
3037 1482 3098 1531 et
3152 1477 3546 1533 fornicatione
3576 1479 3620 1514 ³⁸
3652 1501 3680 1528 ››
3707 1481 3724 1530 ἱ

2069 1582 2175 1638 per
2195 1583 2264 1620 ea
2284 1584 2414 1637 quas
2440 1567 2825 1636 scripserunt,
2847 1567 2959 1621 hoc
2982 1572 3180 1637 aperte
3201 1566 3724 1638 indicantes,quod

2068 1656 2302 1709 tametsi
2331 1672 2436 1726 per
2467 1656 2738 1710 homines
2760 1655 3060 1726 apostolos
3085 1653 3236 1709 illud
3259 1655 3549 1726 scriptum
3575 1661 3722 1726 erat,

2068 1750 2268 1800 tamen
2301 1762 2372 1800 ex
2401 1745 2622 1817 Spiritu
2655 1749 2860 1800 sancto
2890 1750 3254 1816 praeceptum
3289 1750 3446 1801 esset
3500 1745 3574 1800 ad
3628 1750 3724 1800 to-

2069 1838 2194 1888 tum
2225 1834 2431 1890 orbem
2462 1835 2807 1906 pertinens;
2837 1833 2994 1905 quod
3039 1834 3259 1890 Paulus
3309 1839 3369 1889 et
3421 1835 3722 1890 Barnabas

2076 1930 2380 1979 sumentes
2412 1925 2473 1979 in
2505 1925 2847 1979 universum
2870 1924 3077 1979 orbem
3105 1923 3369 1979 delatum
3390 1925 3722 1980 ﬁrmavere.

2146 2013 2313 2068 XXX.
2338 2012 2385 2047 37
2408 2015 2529 2068 Huc
2551 2013 2792 2068 devecto
2825 2029 3124 2080 sermone,
3157 2012 3282 2068 dari
3313 2014 3460 2068 mihi
3489 2015 3726 2070 veniam

2072 2119 2107 2158 a
2134 2108 2329 2158 vestra
2361 2102 2678 2158 dilectione
2712 2119 2940 2174 precor,
2974 2103 3093 2157 imo
3124 2119 3260 2157 vero
3293 2104 3491 2174 potius
3522 2104 3594 2159 ab
3626 2104 3726 2158 in-

2071 2192 2374 2247 habitante
2403 2193 2463 2247 in
2494 2193 2676 2247 Paulo
2708 2192 2928 2264 Spiritu
2963 2197 3188 2260 sancto,
3222 2192 3271 2246 si
3320 2209 3440 2247 non
3496 2193 3720 2264 possim

2070 2281 2272 2336 omnia
2301 2280 2600 2352 persequi,
2635 2287 2761 2334 tum
2793 2297 2865 2334 ex
2895 2281 3178 2336 tenuitate
3198 2295 3350 2347 mea,
3378 2285 3502 2334 tum
3528 2286 3722 2335 vestra.

2067 2371 2169 2441 qui
2199 2369 2418 2424 auditis
2449 2369 2871 2441 defatigatione
2902 2369 3257 2440 prohibitus.
3291 2370 3534 2434 Quando
3560 2370 3721 2425 enim

2067 2476 2172 2531 pro
2205 2458 2490 2530 dignitate
2524 2457 2939 2530 explicaverim
2970 2458 3322 2514 admiranda
3352 2458 3480 2530 ejus
3514 2459 3575 2514 in
3609 2475 3720 2514 no-

2066 2550 2228 2605 mine
2259 2550 2475 2605 Christi
2503 2567 2572 2605 ex
2603 2551 2852 2621 Spiritus
2884 2550 3073 2605 sancti
3103 2550 3446 2621 operatione
3503 2556 3667 2622 gesta
3689 2551 3717 2605 ‘I

2065 2642 2204 2704 Quae
2235 2640 2296 2694 in
2327 2641 2514 2711 Cypro
2558 2655 2696 2711 erga
2752 2639 3020 2710 Elymam
3077 2655 3316 2710 magum
3347 2637 3416 2707 ³⁸,
3469 2644 3528 2695 et
3583 2656 3715 2710 quas

2065 2728 2286 2798 Lystris
2315 2727 2378 2781 in
2409 2727 2604 2782 claudi
2638 2727 2942 2782 curatione
2971 2724 3038 2792 ³9,
3099 2731 3156 2781 et
3199 2727 3262 2780 in
3305 2725 3512 2781 Cilicia
3539 2725 3606 2794 ‘0,
3660 2729 3720 2780 et

2063 2817 2316 2888 Phrygia
2335 2821 2394 2870 et
2414 2816 2639 2872 Galatia
2658 2816 2793 2882 “,et
2814 2816 2994 2886 Mysia
3014 2815 3061 2849 ⁸2
3083 2819 3140 2870 et
3162 2815 3502 2870 Macedonia
3525 2814 3720 2887 43ges-

2065 2905 2176 2972 sit;
2220 2906 2309 2959 vel
2342 2923 2472 2975 quaa
2503 2906 2564 2959 in
2593 2905 2964 2975 Philippensi
2992 2905 3222 2959 civitate
3243 2902 3310 2970 ⁴⁴,
3341 2904 3712 2975 praedicatio-

2063 3011 2201 3050 nem
2233 2995 2362 3065 ejus
2393 2995 2544 3060 dico,
2578 2999 2636 3049 et
2661 2995 2945 3065 Pythonis
2977 2994 3038 3048 in
3069 2994 3311 3049 nomine
3343 2995 3557 3050 Christi
3590 2995 3711 3067 eje-

2064 3085 2324 3139 ctionem
2346 3088 2667 3154 ;noctuque
2683 3089 2815 3154 post
2838 3089 3010 3137 terra:
3026 3088 3252 3138 motum
3268 3083 3463 3139 datam
3479 3085 3711 3140 custodi

2066 3173 2320 3228 carceris
2351 3189 2486 3227 cum
2518 3177 2641 3227 tota
2671 3172 2845 3227 domo
2880 3189 2986 3227 sua
3010 3189 3117 3243 per
3141 3173 3505 3244 baptismum
3556 3173 3710 3229 salu-

305 3238 437 3331 ἦτα
466 3238 516 3317 ἐν
559 3238 943 3334 Θεσσαλονίκῃ,
996 3260 1088 3314 καὶ
1139 3238 1239 3328 τήν
1295 3263 1373 3335 (ὃ)
1433 3261 1484 3316 ἐν
1547 3262 1730 3334 μέσοις
1785 3238 1952 3331 ’Ᾰθηο

2075 3267 2186 3316 tem
2216 3260 2298 3329 ‘5;
2340 3266 2442 3316 aut
2473 3279 2604 3332 quas
2630 3260 3087 3330 Thessalonica,
3121 3266 3179 3316 et
3209 3262 3337 3333 ejus
3387 3263 3447 3317 in
3497 3263 3714 3318 mediis

305 3351 482 3415 ναίοις
509 3351 560 3405 ἐν
586 3349 780 3424 Ἀρείῳ
810 3350 969 3426 πάγῳ
997 3347 1364 3425 δημηγορίαν·
1394 3349 1430 3419 ἤ
1461 3351 1555 3412 τὰς
1611 3349 1660 3404 ἐν
1708 3349 1956 3425 Κορίνθῳ

303 3439 684 3509 διδασκαλίας,
714 3440 803 3495 καὶ
836 3439 889 3494 ἐν
917 3442 1117 3512 Ἀχαῖᾳ
1146 3441 1291 3514 πασῃ
1319 3459 1332 3508 ;
1373 3444 1490 3502 πῶς
1537 3437 1594 3494 δὲ
1639 3441 1756 3494 κατ’
1805 3441 1955 3512 ἀξίαν

303 3529 648 3606 διηγήσομαι
690 3529 802 3590 ιτᾶς
871 3528 924 3582 ἐν
982 3527 1186 3604 Ἐφέσῳ
1245 3525 1333 3582 διὰ
1392 3528 1612 3584 Παύλου
1664 3526 1958 3604 γενομένας

305 3621 414 3676 ὑπὸ
445 3618 546 3674 τοῦ
576 3619 728 3692 ἁγίου
758 3616 1078 3691 ΙΙνεύματος
1109 3617 1376 3692 ἐνεργείας
1406 3639 1420 3686 ;
1480 3618 1652 3691 Ὅπερ
1701 3618 1957 3691 ἀγνοοῦν-

298 3730 393 3771 τες
431 3708 524 3781 μὶν
568 3709 621 3762 οἱ
651 3707 840 3771 αὐτόθι
874 3709 949 3780 (7)
1003 3707 1286 3782 προτέραν,
1342 3705 1650 3781 ἐπέγνωσαν
1712 3703 1801 3761 διὰ
1853 3714 1956 3777 τῆς

376 3833 422 3869 ³⁸
455 3836 582 3888 Act.
617 3851 704 3898 xv,
737 3834 804 3887 28
837 3850 968 3904 sqq.
1026 3903 1035 3904 ί
1071 3829 1119 3865 ³⁷
1157 3831 1296 3904 ν’ίιὶ.Δ
1319 3833 1493 3904 infra,
1521 3848 1578 3886 η.
1612 3834 1698 3886 34.

301 3906 347 3941 ⁴ί
382 3908 510 3961 Act.
543 3922 652 3971 xv1,
685 3907 736 3958 6.
842 3901 903 3938 ⁴²’
923 3901 1063 3958 ibid.
1100 3906 1151 3958 7.
1256 3901 1302 3938 ‘3
1332 3901 1485 3961 ibid.
1509 3906 1665 3959 9-11.

377 4030 738 4103 (1)Ἑάυτοῖς.
774 4034 923 4087 Loco
956 4029 1162 4096 αὐτοῖς,
1203 4031 1286 4086 ita
1336 4031 1685 4103 scripsimus
1735 4049 1805 4088 ex
1854 4049 1957 4088 au-

305 4106 580 4162 ctoritate
604 4105 877 4160 codicum
903 4103 1103 4170 Coisl.,
1123 4105 1264 4172 Roe,
1287 4103 1533 4159 Casaub.
1560 4121 1572 4172 ;
1598 4103 1962 4160 velscriben-

305 4177 452 4232 dum
484 4174 688 4235 αὐτοῖς.

383 4251 453 4318 (2)
486 4248 586 4303 Καὶ
622 4250 868 4300 πνικτοῦ.
903 4246 1400 4318 Conjunctionem
1432 4245 1531 4318 καί
1575 4247 1960 4318 ascripsimus

311 4337 384 4376 ex
405 4320 708 4375 codicibus
731 4319 931 4383 Coisl.,
953 4317 1093 4386 Roe,
1119 4317 1365 4374 Casaub.
1387 4317 1796 4372 Ottobonianis
1811 4319 1958 4372 duo-

1802 3831 1850 3866 ³⁸
1881 3835 2006 3888 Act.
2039 3851 2162 3889 xm.
2217 3835 2372 3888 5-13.

1771 3903 1817 3938 ‘4
1847 3904 1989 3960 ibid.
2027 3909 2091 3960 12
2122 3923 2254 3978 sqq.

2066 3351 2528 3406 Atheniensibus
2541 3351 2601 3405 in
2617 3353 2912 3423 Areopago
2929 3351 3393 3418 concionem;vel
3409 3353 3457 3424 ej
3470 3370 3538 3407 us
3557 3354 3649 3409 27
3662 3354 3709 3409 9

2067 3441 2126 3495 in
2153 3440 2298 3495 urbe
2329 3441 2631 3507 Corintho,
2667 3445 2905 3511 totaque
2937 3441 2998 3494 in
3031 3440 3254 3496 Achaia
3273 3440 3525 3496 docendi
3548 3441 3712 3496 labo-

2063 3547 2161 3585 res
2183 3528 2248 3582 ⁴⁶.
2269 3529 2572 3594 Quomodo
2595 3545 2728 3582 vero
2748 3529 2996 3583 dicendo
3025 3545 3308 3599 assequar
3335 3545 3432 3584 eas
3457 3546 3587 3600 quae
3611 3547 3718 3600 per

2065 3619 2316 3673 Paulum
2347 3618 2562 3690 Ephesi
2597 3619 2820 3673 effectae
2852 3621 2993 3672 sunt
3023 3635 3057 3674 a
3084 3618 3303 3690 Spiritu
3332 3623 3535 3673 sancto
3569 3636 3714 3689 ope—

2066 3710 2329 3766 rationes
2353 3711 2381 3765 ‘?
2411 3711 2595 3775 Quem
2628 3709 2870 3781 quidem
2901 3709 3204 3782 (Spiritum
3237 3711 3531 3781 sanctum)
3570 3714 3713 3765 ante

2477 3833 2523 3868 3‘
2577 3836 2704 3889 Act.
2762 3850 2875 3904 xiv,
2935 3836 3088 3889 7-11.
3190 3831 3237 3867 ⁴⁰
3295 3834 3423 3889 Act.
3477 3849 3572 3902 xv,
3621 3835 3714 3888 41.

2359 3904 2405 3940 ‘5
2449 3906 2576 3963 Act.
2626 3923 2764 3973 xvn,
2800 3906 2822 3961 1
2862 3923 2992 3977 sqq.
3093 3906 3219 3960 Act.
3281 3921 3436 3970 XVIII,
3498 3907 3521 3957 1
3582 3920 3716 3974 sqq.

2067 4033 2141 4090 ad
2172 4033 2353 4089 verba
2381 4030 2632 4095 πύθῶνος
2660 4031 2981 4100 ἆπελασίαν,
3023 4032 3310 4104 Cyrillum
3368 4031 3581 4104 legisse
3600 4102 3611 4104 _
3630 4030 3720 4084 vi-

2068 4107 2216 4172 deri,
2250 4109 2374 4160 Act.
2409 4123 2523 4170 xw,
2568 4108 2656 4170 16,
2689 4107 2902 4176 πνεῦμα
2931 4102 3175 4172 πύθωνα,
3209 4109 3277 4176 ut
3325 4102 3469 4175 legit
3510 4102 3720 4176 Vulgaf

2071 4184 2163 4232 tus
2197 4183 2398 4232 noster
2427 4179 2742 4248 interpres,
2776 4173 2842 4232 ac
2899 4177 3098 4232 ferunt
3154 4175 3327 4231 multi
3385 4173 3527 4230 mss.
3579 4173 3718 4248 Novi

2068 4249 2447 4316 Testamenti,
2482 4245 2605 4303 non
2635 4253 2832 4302 autem
2887 4251 3100 4320 πνεῦμα
3145 4257 3418 4312 πυθωνος,
3454 4245 3610 4318 quod
3655 4246 3719 4299 in

2071 4321 2291 4375 nostris
2325 4321 2540 4375 Graecis
2575 4321 2805 4374 excusis
2839 4321 3109 4375 habetur.

309 4393 444 4458 bus,
477 4392 649 4446 Grod.
685 4397 742 4445 et
772 4360 937 4446 sacro
970 4361 1151 4445 textu.
1193 4391 1259 4444 In
1316 4389 1512 4460 priore
1560 4389 1752 4462 Ot_tob.
1810 4395 1866 4444 et
1897 4391 1958 4462 in

2140 4394 2216 4461 (5)
2250 4389 2411 4462 Μετὰ.
2432 4391 2674 4460 σεισμόν.
2708 4392 2845 4445 Post
2874 4392 3096 4462 σεισμόν
3141 4391 3203 4445 in
3262 4389 3435 4445 editis
3464 4460 3475 4462 μ
3502 4387 3724 4462 adjun-

309 4467 431 4519 Roe
464 4479 530 4518 ac
562 4463 809 4518 Casaub.
839 4462 1109 4528 habetur,
1169 4463 1427 4524 πνικτῶν,
1481 4460 1638 4528 quod
1683 4461 1958 4516 nonnulli

308 4538 516 4590 Patres
546 4535 642 4590 hic
666 4535 877 4606 legisse
901 4534 1194 4600 videntur,
1212 4539 1276 4606 et
1302 4533 1441 4604 legit
1459 4532 1739 4602 Vulgatus
1763 4539 1965 4587 noster

309 4608 630 4688 interpres,
665 4605 812 4661 vers.
866 4609 1076 4688 20._At
1091 4605 1366 4688 Cyrillps,
1419 4610 1532 4688 chat.
1567 4606 1619 4688 ᾗ,
1653 4621 1817 4688 qum.
1870 4607 1962 4669 28,

312 4671 520 4733 scribit
547 4671 725 4733 etiam
756 4679 1001 4730 πνικτοῦ·
1037 4671 1248 4732 Postea
1276 4671 1404 4731 Ιοὸο
1437 4671 1507 4728 δι’
1563 4671 1620 4727 δν
1672 4672 1963 4748 ἔγγραφον,

312 4749 472 4821 quod
507 4749 826 4804 Grodecius
856 4749 1029 4803 vertit
1051 4766 1154 4820 per
1185 4748 1332 4818 quod
1361 4751 1643 4821 scriptum,
1681 4747 1965 4821 ex’_cod_i-

311 4814 484 4876 cibus
513 4821 780 4887 Coislin.,
816 4823 932 4875 Roe
967 4826 1024 4875 et
1051 4814 1326 4883 Casaub.,
1363 4814 1729 4890 scripsimus,
1765 4814 1836 4870 δι’
1895 4818 1969 4871 ὧν

311 4890 566 4968 ἔγραφον,
604 4909 795 4968 nerea
825 4907 946 4961 quae
975 4893 1254 4968 scripsere.
1280 4893 1582 4968 Nusquam
1606 4890 1760 4968 apud
1778 4891 1966 4962 Cyril-

314 4959 688 5020 lu'm'nomen
716 4959 982 5036 ἔγγραφος
1016 4959 1299 5036 reperias,
1333 4959 1972 5036 nisji_adjectivum,aut

315 5033 763 5092 substantivum'
783 5033 1053 5089 neutrius
1085 5033 1338 5104 generis.
1374 5033 1516 5088 Vide
1548 5040 1659 5089 cat.
1688 5036 1774 5099 14,
1800 5051 1966 5089 num.

319 5111 384 5162 15
416 5115 572 5176 ;icat.
612 5110 698 5175 18,
733 5123 898 5176 num.
929 5110 984 5159 11
1016 5111 1162 5171 ;cat.
1197 5106 1281 5172 19,
1310 5121 1474 5158 num.
1498 5105 1552 5172 5,
1582 5122 1761 5175 supra
1785 5107 1972 5176 scrip-

319 5179 402 5235 sit
434 5175 500 5232 δι’
535 5173 831 5244 ἐπιστολῆς
863 5173 1150 5248 ἐγγράφου.

392 5253 470 5317 (3)
499 5243 803 5322 Ὺμετέρας.
1038 5243 1638 5322 ἴενθῐιῐρεηὴμετέραξ,
1668 5263 1971 5322 necessa-

315 5316 408 5380 rio
435 5316 600 5377 fuere
632 5316 967 5391 corrigendi
996 5337 1064 5373 ex
1097 5318 1266 5372 codd.
1311 5316 1530 5377 Ottob.,‘
1581 5316 1785 5385 Coisl.,
1831 5320 1971 5386 Roe,

317 5395 570 5450 Casaub.
606 5399 664 5448 et
697 5392 871 5447 Grod.

392 5469 470 5532 (4)
501 5463 596 5517 Καὶ
627 5462 745 5522 τάς.
781 5462 883 5515 Hic
915 5461 1200 5532 scriptum
1229 5463 1366 5532 erat
1382 5455 1565 5532 ~c_oi,_ut
1594 5458 1655 5512 in
1717 5474 1974 5532 sequen-

321 5529 504 5602 tibus,
534 5537 724 5589 visum
751 5538 838 5587 est
856 5529 1077 5602 ponere
1099 5529 1217 5602 τᾷς,
1245 5546 1313 5584 ex
1327 5529 1531 5602 Coisl.,
1556 5530 1976 5598 Roe,Casaub.,

318 5599 565 5682 propter
580 5599 976 5682 superiu_s,‘§<i§c
1002 5602 1052 5682 ἐν
1073 5599 1524 5682 ξςρπρῳτίεἱῐιρο
1538 5605 1764 5682 mutata
1776 5602 1978 5682 phrasi

318 5626 428 5682 pro
475 5625 565 5662 ter
580 5625 976 5676 superius,'tuc
1002 5625 1052 5656 εν
1074 5625 1978 5673 nunptp'ueiuueluututdpuram

317 5625 529 5739 scribit
550 5683 778 5743 auctor,
797 5672 832 5742 ἢ
850 5672 979 5728 τὰέν
996 5670 1104 5728 Φιλ
1117 5671 1706 5744 ίπποις,εῐο.οὺεθιννει
1730 5673 1979 5732 inferius

647 5807 916 5869 ΡΑτιοῑ..
959 5807 1076 5869 Gn.
1120 5801 1392 5866 XXXIII.

2069 4459 2244 4532 gitur,
2269 4461 2358 4514 τὸν
2393 4459 2590 4533 δεσμόν
2620 4479 2751 4532 quas
2771 4480 2877 4516 vox
2915 4459 3050 4518 cum
3092 4462 3396 4517 omittatur
3427 4460 3498 4515 ab
3520 4459 3717 4533 Ottob.

2070 4540 2102 4588 2
2125 4532 2500 4598 etGrodecio,
2526 4551 2635 4589 nec
2658 4535 2847 4605 possit
2876 4551 3010 4589 cum
3029 4535 3277 4605 reliquis
3295 4532 3720 4605 construi,eam

2073 4607 2417 4676 delevimus.
2446 4609 2510 4661 ln
2533 4602 2709 4676 Coisl.
2737 4606 3095 4673 codice,loco
3119 4602 3250 4676 μετὰ
3273 4602 3516 4672 σεισμόν,
3547 4602 3726 4676 habe-

2076 4685 2170 4732 tur
2203 4671 2512 4746 μεταϐολὴν
2546 4677 2636 4730 τὸν
2673 4673 2892 4747 δεσμόν.
2927 4671 3046 4732 Roe
3092 4671 3228 4731 vero
3283 4681 3342 4747 et
3388 4671 3719 4747 Casaubon.

2073 4741 2356 4804 omittuut
2390 4741 2634 4819 σεισμόν,
2670 4754 2728 4803 et
2755 4741 2884 4818 ejus
2913 4750 3072 4804 vocis
3101 4749 3230 4802 loco
3259 4745 3350 4798 τὸν
3384 4741 3582 4816 δεσμόν
3617 4746 3727 4799 ha-

2075 4822 2531 4876 bent.Fortassis
2545 4837 2644 4875 eas
2656 4836 2864 4874 omnes
2877 4821 3066 4875 varias
3078 4819 3388 4883 lectiones,
3404 4833 3538 4871 cum
3571 4832 3727 4871 non-

2077 4893 2246 4948 nulla
2277 4893 2626 4963 mutatione,
2659 4889 3015 4963 colligendo,
3049 4891 3135 4963 sic
3183 4889 3512 4963 informari
3537 4888 3727 4963 possit

2077 4970 2271 5033 textus
2301 4982 2312 5018 :
2346 4963 2442 5030 τὴν
2478 4961 2528 5033 ἐν
2561 4953 2735 5033 νυκτὶ,
2773 4953 2904 5033 μῖτὰ
2958 4953 3202 5032 σεισμὸν,
3240 4953 3557 5032 μεταϐολὴν
3615 4962 3724 5012 τῶν

2079 5032 2314 5106 δεσμῶν,
2349 5037 2445 5087 τοῦ
2477 5031 2914 5108 δεσμοφύλακος,
2949 5039 3060 5089 etc.
3083 5031 3293 5108 factum
3316 5035 3372 5087 in
3401 5036 3727 5108 noct§,pos_t

2080 5102 2237 5162 terra:
2266 5102 2490 5173 motum,
2545 5102 2890 5160 uinculorum
2946 5106 3324 5168 mutationem,
3368 5109 3478 5174 etc.
3528 5102 3730 5174 Respi-

2081 5178 2288 5233 ciendo
2321 5171 2606 5232 nimirum
2638 5177 2712 5232 ad
2741 5175 2891 5231 illud
2921 5179 3047 5232 Act.
3108 5193 3221 5243 xVI,
3269 5179 3358 5242 26,
3399 5172 3612 5228 πάντων
3645 5171 3732 5227 ’τὰ

2081 5247 2254 5319 δεσμᾶ
2288 5249 2474 5315 ἂνέθη,
2507 5251 2751 5303 omnium
2780 5249 3001 5319 vincula
3032 5249 3225 5303 laxata
3253 5253 3399 5302 sunt.

2155 5317 2224 5391 (6)
2261 5319 2360 5374 Καὶ
2385 5321 2508 5389 τήν.
2543 5321 2686 5374 Cum
2719 5325 2876 5374 esset
2902 5317 2967 5372 τά
2999 5321 3058 5375 in
3099 5319 3273 5374 editis
3332 5324 3540 5373 contra
3591 5333 3734 5391 syn-

2085 5388 2287 5454 taxim.
2322 5392 2718 5459 reposuimus,
2749 5392 2872 5459 τήν,
2905 5409 2974 5447 ex
3005 5392 3206 5454 Coisl.,
3238 5393 3376 5457 Roe,
3413 5388 3664 5446 Casaub.

2153 5465 2228 5534 (7)
2258 5459 2483 5526 Αὐτόθι.
2518 5466 2636 5519 Roe
2663 5469 2721 5518 et
2749 5464 3018 5528 Casaub.,
3053 5462 3296 5534 αὐτόθεν.
3357 5466 3436 5534 At
3479 5459 3728 5534 inferius

2087 5526 2288 5601 etiam,
2319 5553 2378 5605 n.
2413 5537 2500 5604 31,
2543 5535 2749 5590 scribit
2799 5526 3024 5604 auctor,
3082 5532 3328 5594 πολλοὺς
3388 5532 3480 5605 μὶν
3543 5526 3728 5583 αὐτόθι

2084 5609 2192 5659 τῶν
2219 5603 2522 5663 Ἰουδαίων.

3295 5865 3298 5868 ,
3381 5797 3459 5857 32
