4148 6286
331 375 487 438 1005

1191 379 1670 443 CATECHESIS
1714 381 1903 442 XVII.
1950 381 2054 441 DE
2097 379 2418 443 SPIHI'I‘U
2465 381 2772 443 SANCTO
2816 385 2901 444 II.

3588 385 3746 448 1006

331 509 640 587 Ἀγρίππαν
700 511 916 573 εἷ’πεῖνυ,
955 513 1043 569 Ἐν
1098 512 1273 589 όλίγῳ
1336 534 1403 586 με
1459 513 1661 578 πείθεις
1720 519 2023 588 Χριστιαη

2121 519 2221 569 tus
2253 515 2505 586 Spiritus
2536 516 2718 570 Paulo
2751 517 3047 588 praastitit,
3071 522 3138 570 ut
3160 523 3218 571 et
3244 518 3304 572 in
3329 517 3620 575 Melitensi
3655 521 3752 577 in-

324 600 414 654 v6v
474 602 742 676 γενέσθαι.
803 604 979 658 Τοῦτο
1036 603 1098 656 τὸ
1158 604 1314 677 ἅγιον
1374 607 1598 676 Πνεῦμα
1660 607 1741 674 τῷ
1789 601 1995 675 Παύλῳ

325 691 574 766 παρέσχε
607 692 696 745 καὶ
731 691 785 746 ἐν
846 690 1060 766 Μελίτῃ
1111 695 1179 764 τῇ
1232 693 1407 764 νήσῳ,
1463 689 1723 766 δηχθέντι
1761 692 1855 763 μὶν
1893 691 1996 745 ὑπὸ

333 786 438 848 τῆς
473 776 723 854 ἐχίδνης,
764 781 828 836 τὸ
857 775 1097 842 ἀϐλαϐὲς
1146 775 1294 855 ἔχειν
1346 783 1440 854 (1),
1495 779 1787 857 διαφόρους
1823 777 1879 835 δὲ
1909 779 1996 835 ἐπὶ

339 873 450 924 τῶν
528 869 833 925 νοσούντων
912 869 1220 925 ἐπιτελέσαι
1292 869 1386 932 τὰς
1461 871 1768 945 θεραπείας.
1827 867 1997 925 Τοῦτο

339 957 402 1013 τὸ
436 960 654 1032 Πνεῦμα
685 959 748 1013 τὸ
775 960 932 1035 ἅγιον
959 958 1049 1013 καὶ
1083 959 1250 1034 μέχρι
1302 965 1403 1028 τῆς
1456 957 1742 1034 βασιλίδος
1774 960 2000 1032 Ῥώμης

336 1048 500 1102 αὐτὸν
533 1050 750 1123 κήρυκα
807 1049 1066 1122 Χριστοῦ,
1123 1048 1216 1102 τόν
1274 1069 1406 1103 ποτε
1464 1046 1725 1119 διώκτην,
1773 1045 1998 1124 ὡδήγη-

337 1157 423 1191 σεν
471 1143 568 1208 (2)’
631 1138 694 1199 ὃς
750 1136 999 1198 πολλοὺς
1058 1139 1154 1209 μὲν
1212 1139 1401 1192 αὐτόθι
1458 1142 1564 1193 τῶν
1593 1135 1876 1194 Ἰουδαίων
1906 1159 1998 1192 πι-

332 1224 540 1279 στεύειν
574 1225 653 1287 είς
684 1225 921 1299 Χριστὸν
955 1223 1156 1296 ἔπειθε,
1187 1231 1305 1288 τοῖς
1359 1223 1417 1280 δὲ
1465 1225 1833 1302 ἀντιλέγουσιν
1868 1224 1998 1281 ἐλε-

333 1330 399 1384 γε
455 1319 658 1392 σαφῶς·
722 1313 919 1378 Καλῶς
975 1315 1038 1369 τὸ
1131 1319 1350 1389 Πνεῦμα
1405 1315 1468 1371 τὸ
1548 1315 1700 1391 ἅγιον
1755 1314 2002 1386 ἐλάλησα

338 1401 428 1458 διὰ
477 1401 704 1460 Ἡσαΐου
790 1408 887 1458 τοῦ
974 1406 1288 1482 προφήτου,
1363 1404 1624 1479 λέγοντος
1677 1407 1816 1480 πρὸς
1867 1408 2000 1472 τοὺς

338 1493 578 1566 πατέρας
614 1493 795 1566 ὑμῶν,
828 1493 1014 1549 καὶτά
1042 1494 1188 1564 ὶξῆς.

412 1583 535 1639 AB‘.
567 1582 692 1642 Ὀτι
727 1603 789 1657 γε
849 1580 1162 1656 Πνεύματος
1223 1581 1380 1657 αγίου
1428 1581 1653 1658 πλήρης
1685 1587 1754 1654 ἢν
1797 1585 1824 1640 6
1857 1590 2003 1641 Ηαῦ-

343 1672 464 1740 λος,
498 1671 589 1726 καὶ
625 1670 676 1725 οἶ
705 1671 887 1745 τούτῳ
920 1671 1305 1747 παραπλήσιοι
1337 1673 1532 1737 πάντες
1562 1673 1888 1747 ἀπόστολοι,
1911 1675 2000 1729 καὶ

349 1760 400 1815 οί
461 1762 577 1834 μετ’
631 1759 836 1823 αὐτοὺς
893 1763 971 1834 (3)
1032 1760 1108 1823 εἰς
1171 1762 1381 1836 Πατέρα
1436 1762 1528 1816 καὶ
1573 1763 1694 1818 Υἱὸν
1725 1763 1815 1818 καὶ
1849 1765 2000 1838 ἅγιον

2109 603 2238 658 sula
2269 621 2302 658 a
2349 605 2552 676 vipera
2579 622 2811 660 morsus
2843 604 2996 658 nihil
3028 604 3364 672 laederetur,
3401 612 3457 661 et
3487 608 3749 666 diversas

2109 710 2246 765 erga
2303 699 2655 767 aegrotantes
2713 695 3050 750 curationes
3125 696 3440 766 perﬁceret
3464 697 3528 751 ⁸⁸.
3583 699 3746 755 Idem

2109 789 2347 837 sanctus
2375 783 2528 838 280
2555 783 2827 854 Spiritus,
2865 799 3000 838 eum
3044 783 3186 837 olim
3218 791 3659 855 persecutorem
3682 789 3754 852 ⁸9,

2107 871 2329 943 regiam
2373 888 2560 941 usque
2621 873 2868 926 Romam
2920 888 3256 942 praaconem
3303 874 3617 944 perduxit:
3651 878 3753 947 qui

2109 959 2316 1014 multis
2361 959 2602 1030 quidem
2645 975 2714 1013 ex
2765 959 3117 1031 degentibus
3165 961 3289 1015 illic
3334 962 3550 1016 Judaais
3600 970 3665 1018 ut
3694 966 3755 1020 in

2109 1049 2405 1104 Christum
2451 1049 2782 1115 crederent,
2843 1051 3158 1120 persuasit,
3215 1052 3758 1110 contradicentibus

2109 1153 2243 1191 vero
2275 1137 2471 1207 palam
2505 1137 2755 1192 dicebat'
2790 1159 2817 1187 «
2853 1138 3008 1192 Bene
3041 1138 3294 1209 Spiritus
3325 1145 3565 1194 sanctus
3592 1141 3758 1196 locu-

2109 1248 2138 1275 «
2168 1231 2260 1280 tus
2287 1231 2376 1280 est
2404 1242 2510 1296 per
2538 1227 2752 1281 Isaiam
2808 1227 3184 1298 prophetam,
3219 1227 3516 1285 dicentem
3547 1230 3622 1285 ad
3651 1248 3755 1302 pa-

2112 1335 2140 1364 «
2175 1320 2292 1370 tres
2317 1320 2542 1370 vestros
2566 1314 2634 1384 5°,
2669 1336 2697 1364 ››
2729 1320 2840 1371 etc.

2184 1583 2411 1640 XXXII.
2440 1583 2603 1648 Quod
2635 1588 2833 1640 autem
2866 1589 3026 1640 esset
3055 1585 3274 1656 Spiritu
3307 1590 3511 1642 sancto
3542 1587 3759 1659 plenus

2112 1673 2354 1741 Paulus,
2374 1673 2582 1744 illique
2605 1673 2832 1727 similes
2855 1690 3062 1728 omnes
3086 1674 3362 1745 apostoli,
3381 1675 3603 1746 quique
3627 1681 3762 1747 post

2114 1779 2215 1818 eos
2267 1763 2328 1816 in
2387 1763 2644 1829 Patrem,
2699 1767 2756 1816 et
2813 1762 3047 1831 Filium,
3082 1767 3140 1816 et
3169 1763 3454 1834 Spiritum
3487 1770 3759 1821 sanctum

350 1853 570 1922 Πνεῦμα
613 1849 934 1924 [ὁμοούσιον
995 1851 1096 1924 (4)]
1127 1851 1487 1917 πιστεύοντες,
1541 1853 1703 1908 ἄκουε
1734 1858 1918 1930 σαφῶς
1948 1853 1999 1908 ἐν

2121 1852 2730 1924 [consubstantialem]
2761 1851 3030 1920 credunt,
3065 1853 3200 1907 audi
3234 1853 3428 1925 ipsum
3461 1860 3663 1926 aperte
3695 1857 3756 1912 in

351 1944 472 2001 ταῖς
503 1939 822 2001 ἐπιστολαῖς
881 1938 1047 1994 αὐτοῦ
1104 1939 1424 2017 γράφοντος·
1478 1939 1578 1996 Καὶ
1619 1943 1647 1996 6
1689 1940 1858 2016 λόγος
1891 1965 2002 2015 μου

352 2029 444 2083 καὶ
500 2027 563 2082 τὸ
622 2027 877 2104 κήρυγμά
937 2049 1064 2101 μου,
1126 2029 1233 2084 οὐκ
1280 2027 1333 2083 ἐν
1398 2031 1609 2094 πειθοῖς
1666 2031 1855 2108 σοφίας
1911 2032 2005 2086 ἀν-

355 2117 634 2193 θρωπίνης
690 2121 765 2189 (5)
841 2115 1050 2192 λόγοις,
1129 2115 1257 2173 ἀλλ’
1315 2117 1367 2172 ἐν
1425 2116 1693 2192 ἀποδείξει
1752 2120 2003 2192 Πνεῦμα-

356 2229 450 2269 τος
507 2206 596 2261 καὶ
655 2204 958 2279 δυνάμεως·
1018 2206 1108 2260 καὶ
1176 2206 1360 2262 πάλιν·
1441 2209 1498 2261 Ὀ
1555 2205 1612 2263 δὲ
1669 2211 2004 2286 σφαγισάμε-

359 2319 450 2362 νος
505 2300 655 2370 ἡμᾶς
715 2298 791 2359 εἰς
848 2297 978 2352 αὐτὸ
1031 2301 1192 2352 τοῦτο
1252 2299 1405 2365 Θεὸς,
1464 2299 1492 2353 6
1551 2296 1679 2362 δοὺς
1737 2302 1873 2373 ἡμῖν
1913 2301 2006 2355 τὸν

357 2383 649 2466 ἀρραϐῶνα
703 2391 800 2442 τοῦ
856 2386 1190 2460 Ηνεύματος²
1269 2388 1357 2442 καὶ
1435 2385 1622 2442 πάλιν
1684 2390 1745 2447 Ὀ
1799 2387 2006 2465 ἐγείρας

355 2478 571 2546 Ἰησοῦν
650 2475 712 2531 ἐκ
785 2477 1013 2550 νεκρῶν,
1093 2478 1424 2547 ζωοποιήσει
1527 2477 1618 2532 καὶ
1700 2479 1769 2534 τά
1843 2477 2010 2548 θνητά

360 2567 514 2638 ὑμῶν
577 2565 825 2636 σώματα,
887 2563 978 2620 διὰ
1052 2570 1150 2620 τοῦ
1219 2565 1562 2628 ἐνοικοῦντος
1621 2566 1784 2622 αὐτοῦ
1839 2567 2008 2622 Ilvati-

369 2674 539 2725 ματος
598 2653 649 2708 ἐν
712 2654 858 2725 ὑμῖν·
920 2653 1011 2708 καὶ
1072 2652 1236 2709 πάλιν
1295 2657 1432 2728 πρὸς
1460 2654 1728 2727 Τιμόθεον
1759 2654 2008 2734 γράφωνο

374 2743 488 2809 Τὴν
563 2739 736 2812 καλήν
812 2745 1270 2818 παρακαταθήκην
1365 2741 1600 2821 φύλαξον
1674 2742 1763 2800 διὰ
1838 2747 2010 2800 Πνεύ-

364 2849 532 2903 ματος
566 2831 721 2906 ἁγίου
751 2835 849 2886 τοῦ
877 2831 1129 2895 δοθέντος
1157 2835 1316 2905 ἡμῖν.

437 2921 554 2975 ΛΓ.
611 2921 733 2978 ’Ὁτι
789 2919 846 2975 δὲ
895 2922 958 2975 τὸ
1015 2925 1235 2995 Πνεῦμα
1290 2921 1351 2976 τὸ
1411 2923 1560 2998 ἅγιον
1617 2922 1883 3000 ὑφέστηκε
1915 2927 2009 2996 (6),

358 3007 449 3063 καὶ
505 3013 593 3082 ζῇ,
655 3009 744 3064 καὶ
804 3007 987 3079 λαλεῖ,
1036 3011 1126 3064 καὶ
1189 3009 1467 3088 προλέγει,
1526 3010 1798 3074 πολλάκις
1833 3013 1927 3086 μὲν
1957 3012 2009 3068 ἐν

363 3103 480 3158 τοῖς
511 3097 812 3172 ἔμπροσθεν
871 3101 1007 3170 ἡμῖν
1065 3097 1299 3175 εἴρηται·
1357 3102 1547 3178 γράφει
1580 3099 1638 3156 δὲ
1668 3107 1853 3176 σαφῶς
1880 3102 2014 3178 πρὸς

367 3187 630 3260 Τιμόθεον
662 3188 689 3241 6
720 3186 958 3250 Παῦλος·
1018 3189 1088 3243 T6
1152 3187 1209 3244 δὲ
1267 3194 1488 3262 Πνεῦμα
1519 3190 1696 3266 ῥητῶς
1728 3190 1900 3264 λέγει,
1933 3191 2014 3247 ὅτι

362 3275 416 3331 ἐν
478 3277 722 3350 ὑστέροις
807 3282 1018 3351 καιροῖς
1107 3279 1510 3349 ἀποστήσονταί
1564 3301 1704 3342 τινες
1760 3283 1859 3349 τῆς
1915 3279 2004 3334 πί-
2037 3266 2081 3332 C

366 3381 559 3427 στεως·
594 3365 729 3440 ἅπερ
777 3367 842 3421 οὐ
907 3368 1070 3439 μόνον
1131 3367 1182 3420 έν
1240 3374 1356 3430 τοῖς
1415 3370 1521 3444 πρὸ
1549 3371 1709 3442 ἡμῶν
1743 3373 1836 3443 (7),
1868 3369 2014 3425 ἀλλά

363 3453 454 3508 καὶ
507 3454 560 3510 ἐν
610 3460 728 3517 τοῖς
788 3454 869 3529 ἐφ’
923 3458 1084 3528 ἡμῶν
1146 3457 1442 3532 σχίσμασιν
1483 3459 1719 3530 ὁρῶμεν,
1752 3458 2012 3528 ποικίλης

376 3543 465 3598 καὶ
516 3542 872 3618 πολυτρόπου
923 3551 1024 3614 τῆς
1079 3550 1186 3600 τῶν
1243 3547 1528 3620 αἱρετικῶν
1579 3546 1792 3618 πλάνης
1824 3545 2010 3616 οὔσηςο

358 3633 451 3687 καὶ
512 3631 677 3688 πάλιν
740 3634 768 3688 6
826 3633 987 3695 αὐτός
1045 3654 1226 3706 φησιν·
1285 3637 1354 3692 ’Ὀ
1412 3637 1617 3710 ἑτέραις
1676 3641 1886 3711 γενεαῖς
1917 3635 2016 3691 οὐκ

2113 1943 2381 2014 epistolis
2404 1942 2762 1997 scribentem
2788 1960 2801 1997 :
2827 1965 2854 1992 «
2879 1944 2948 1996 Et
2970 1959 3163 1998 sermo
3194 1959 3362 1999 meus
3392 1951 3450 1999 et
3475 1945 3758 2016 praedica-

2112 2052 2139 2081 «
2173 2032 2252 2085 tio
2284 2047 2416 2086 mea
2447 2048 2567 2086 non
2599 2032 2660 2086 in
2693 2032 3086 2103 persuasoriis
3143 2033 3447 2104 sapientiaa
3477 2035 3754 2090 humana;

2112 2144 2140 2171 «
2174 2122 2387 2189 verbis,
2423 2121 2526 2176 sed
2559 2122 2618 2176 in
2669 2121 3011 2176 ostensione
3055 2122 3298 2192 spiritus
3330 2128 3387 2177 et
3417 2125 3648 2178 virtutis
3669 2124 3714 2160 ⁶¹
3742 2142 3758 2195 ;

2115 2233 2141 2261 «
2174 2218 2224 2265 et
2256 2214 2456 2266 iterum
2482 2229 2494 2264 :
2526 2212 2633 2276 Qui
2665 2227 2798 2266 vero
2850 2211 3178 2282 obsignavit
3208 2228 3315 2266 nos
3353 2213 3414 2266 in
3445 2212 3557 2268 hoc
3589 2215 3764 2285 Deus,

2113 2323 2141 2350 «
2177 2301 2277 2372 qui
2311 2301 2476 2355 dedit
2508 2300 2680 2354 nobis
2712 2300 3106 2356 arrhabonem
3143 2301 3388 2372 spiritus
3409 2302 3487 2356 ⁶²ε
3519 2319 3771 2357 rursum-

2117 2411 2144 2444 ι
2175 2407 2316 2460 que:
2344 2390 2451 2456 Qui
2503 2391 2776 2445 excitavit
2802 2391 3002 2445 Jesum
3049 2407 3120 2446 ex
3154 2392 3426 2458 mortuis,
3455 2392 3773 2448 viviﬁcabit

2119 2504 2139 2529 ι
2176 2485 2236 2534 et
2264 2480 2538 2536 mortalia
2595 2486 2788 2535 vestra
2843 2497 3111 2551 corpora,
3169 2497 3278 2551 per
3325 2481 3763 2538 inhabitantem

2115 2592 2142 2619 ‹‹
2175 2570 2362 2640 ipsius
2389 2569 2670 2640 Spiritum
2695 2570 2754 2623 in
2780 2569 2940 2623 vobis
2960 2569 3041 2635 ‘3;
3091 2570 3398 2640 iterumque
3447 2571 3520 2626 ad
3552 2572 3769 2626 Thimo-

2117 2681 2144 2710 «
2175 2660 2359 2714 theum
2405 2659 2662 2715 scribens.
2713 2660 2940 2713 Bonum
2991 2658 3327 2729 depositum
3363 2660 3613 2727 custodi,
3665 2677 3771 2732 per

2118 2770 2146 2797 «
2180 2749 2466 2819 Spiritum
2492 2754 2761 2803 sanctum
2793 2748 2895 2818 qui
2928 2748 3101 2802 datus
3133 2753 3222 2803 est
3248 2748 3420 2803 nobis
3441 2748 3506 2802 ⁸⁸.
3544 2771 3571 2798 ››

2187 2927 2434 2980 XXXIII.
2467 2925 2634 2990 Quod
2665 2930 2863 2980 autem
2896 2925 3150 2996 Spiritus
3183 2930 3424 2980 sanctus
3457 2926 3764 2994 subsistat,

2121 3020 2178 3069 et
2205 3016 2374 3084 vivat,
2409 3020 2466 3068 et
2494 3014 2791 3084 loquatur,
2828 3020 2885 3068 et
2932 3015 3316 3084 pramuntiet,
3350 3015 3574 3085 pluries
3597 3017 3726 3088 jam
3756 3032 3770 3070 :

2120 3103 2290 3158 nobis
2321 3103 2380 3156 in
2414 3101 2689 3173 superius
2717 3101 2765 3134 ⁸⁵
2796 3101 3112 3171 disputatis
3138 3107 3229 3156 est
3259 3101 3482 3158 dictum
3510 3121 3524 3170 ;
3557 3105 3765 3158 scribit

2120 3209 2255 3246 vero
2289 3192 2598 3263 perspicue
2638 3191 2711 3246 ad
2763 3191 3134 3246 Timotheum
3167 3192 3420 3246 Paulus:
3457 3216 3483 3242 α
3517 3194 3770 3264 Spiritus

2127 3301 2149 3329 ι
2169 3287 2367 3337 autem
2381 3280 2623 3335 definite
2637 3279 2968 3349 dicit,quod
2982 3279 3041 3333 in
3056 3281 3481 3350 posterioribus
3496 3282 3774 3353 tempori-

2123 3393 2150 3421 ‹‹
2170 3371 2281 3425 bus
2301 3368 2864 3438 discedentquidam
2879 3384 2911 3420 a
2925 3367 3039 3422 ﬁde
3054 3367 3120 3422 6'3.
3137 3389 3164 3422 ιι
3182 3367 3226 3402 ⁸⁷
3241 3370 3378 3434 Qum
3393 3371 3633 3441 quidem
3649 3387 3770 3426 non

2124 3461 2186 3514 in
2208 3457 2604 3514 anterioribus
2628 3457 2843 3523 solum,
2863 3457 2967 3511 sed
2992 3458 3168 3512 etiam
3192 3459 3251 3512 in
3275 3460 3461 3514 nostri
3489 3460 3772 3531 temporis

2125 3547 2399 3603 scissuris
2430 3547 2750 3611 cernimus,
2781 3561 2916 3599 cum
2944 3547 3138 3600 varius
3162 3553 3220 3601 et
3242 3547 3624 3604 multiformis
3648 3550 3770 3603 INB-

2125 3638 2444 3692 reticorum
2497 3652 2664 3690 error
2715 3633 3214 3705 deprehendatur.
3251 3638 3320 3690 Et
3371 3655 3576 3693 rursus
3607 3639 3767 3693 idem

427 3761 471 3834 εδ
505 3763 630 3834 Act.
665 3778 852 3827 xxvul,
889 3765 992 3834 1-9.
1047 3760 1094 3796 ⁶⁹
1130 3763 1255 3817 για.
1288 3779 1410 3834 sup.
1444 3780 1501 3817 η.
1535 3767 1629 3818 26.
1670 3765 1716 3799 ⁸ο
1747 3766 1873 3818 Act.
1907 3781 2023 3818 xxw

2130 3766 2217 3816 25.
2265 3763 2308 3798 ⁸⁸
2340 3763 2364 3814 Ι
2392 3761 2618 3834 Οοινηιι,
2654 3763 2706 3816 4.
2738 3760 2786 3794 ⁶²
2817 3765 2867 3816 II
2892 3764 3026 3834 Cor.
3063 3780 3104 3828 1,
3135 3763 3223 3827 22,
3258 3760 3305 3795 ⁸³
3335 3765 3500 3819 Rom.
3534 3781 3653 3830 VIII,
3685 3769 3772 3825 11.

362 3832 410 3867 ³⁸
437 3833 485 3888 lI
517 3833 664 3887 Tim.
699 3849 738 3900 I,
777 3835 860 3890 14.
945 3833 993 3869 ⁸⁵
1023 3834 1140 3890 Cat.
1179 3837 1264 3900 16,
1298 3832 1420 3890 ηξ3
1452 3843 1502 3890 et
1550 3839 1655 3902 14;
1707 3851 1828 3905 sup.
1880 3852 1937 3889 η.
1982 3839 2023 3904 2,

2127 3877 2140 3900 ,
2188 3835 2275 3888 28.
2359 3833 2404 3868 ⁸⁸
2436 3833 2458 3887 I
2491 3833 2640 3889 Tim.
2675 3850 2711 3902 ι,
2744 3835 2796 3887 4.
2880 3833 2925 3867 ⁸⁷
2964 3834 3089 3889 Vid.
3136 3841 3240 3888 cat.
3279 3837 3362 3903 15,
3392 3850 3449 3888 η.
3485 3837 3536 3903 5,
3573 3838 3603 3886 7
3635 3842 3686 3889 et
3716 3839 3770 3893 8.

423 3957 500 4032 (1)
526 3956 738 4032 Ἔχειν.
774 3956 859 4013 Ita
891 3958 1100 4032 scripsi
1135 3958 1260 4032 loco
1307 3955 1488 4032 ἔσχεν,
1531 3960 1695 4014 nullo
1729 3959 1998 4031 quamvis

356 4029 557 4102 codice
588 4028 864 4100 adjutus;
898 4028 1615 4101 sedfpostulante'phrasis
1649 4028 1827 4102 hujus
1857 4048 1997 4086 con-

355 4101 706 4173 structione,
739 4106 804 4154 ut
833 4109 990 4155 esset
1029 4102 1271 4156 verbum
1303 4103 1670 4173 respondens
1703 4101 1996 4173 sequenti,

356 4168 680 4226 ἐπιτελέσαι.
706 4173 994 4228 Caeterum
1020 4173 1079 4228 in
1105 4173 1274 4228 codd.
1301 4168 1438 4239 Boé,
1458 4175 1704 4229 Casaub.
1731 4168 1996 4230 et-Ottob.

356 4245 526 4369 deest
556 4243 615 4297 id
646 4243 909 4298 verbum.
962 4244 1312 4300 Ottobonius
1342 4248 1374 4298 2
1403 4245 1581 4300 habet
1613 4246 1784 4316 infra,
1817 4242 2000 4298 ἐπετέ-

399 4334 503 4369 εσε.

399 4334 503 4370 εσε.

429 4388 503 4456 (2)
533 4381 846 4460 Ὦδήγησε-ν.
883 4389 1036 4460 _Roe,
1096 4386 1372 4460 Ottobon.
1407 4393 1465 4442 et
1501 4388 1773 4460 Casaub.,
1806 4385 1999 4452 ἐποίη-

356 4478 466 4513 σεν.
488 4455 650 4529 Λῃιε
679 4455 952 4525 πολλούς,
984 4475 1054 4514 ex
1086 4459 1329 4513 Grodec.
1365 4464 1422 4514 et
1451 4459 1724 4514 Ottobon.
1761 4459 2003 4529 scripsi-

357 4547 514 4602 mus,
547 4527 624 4594 ὅς,
659 4547 792 4602 cum
824 4530 886 4584 in
917 4529 1092 4585 editis
1143 4536 1202 4585 et
1247 4531 1479 4586 caeteris
1511 4531 1682 4586 codd.
1718 4527 2003 4602 scriptum

359 4601 668 4669 habeatur,
702 4600 795 4663 ὡς.

431 4673 506 4743 (3)
537 4670 637 4726 Καὶ
699 4673 768 4743 οἱ,
807 4672 923 4743 μετ’
975 4669 1190 4733 αὖτοῦς.
1251 4672 1431 4728 Codd.
1493 4675 1610 4729 Roe
1642 4677 1701 4728 et
1729 4673 2002 4742 Casaub.,

430 4741 442 4758 ἱ

355 4741 445 4796 καὶ
483 4741 538 4817 οἱ,
568 4744 682 4815 μετ’
715 4741 897 4812 αὐτὸν,
929 4743 1017 4796 καὶ
1083 4745 1196 4814 μετ’
1255 4743 1472 4805 αὐτούς,
1501 4752 1553 4799 et
1583 4745 1838 4817 quippost‘
1861 4741 2004 4817 eum,

2110 3957 2238 4029 ipso
2269 3958 2503 4030 cat.A13,
2538 3958 2678 4030 n18,
2713 3955 3053 4030 ἀνθρωπίνης
3084 3958 3453 4030 ᾗθεοηιθηιη
3487 3953 3773 4028 sequenti

2112 4026 2472 4095 testimonio,
2505 4027 2700 4091 verba,
2734 4026 2818 4088 εἰς’
2855 4026 2983 4082 αὐτὸ
3011 4026 3194 4082 τοῦτό.
3227 4028 3481 4100 Cyrillus
3508 4026 3763 4100 sumpsit

2111 4119 2179 4156 ex
2213 4118 2340 4170 cap.
2374 4117 2424 4164 v,
2459 4103 2511 4166 5,
2547 4100 2822 4155 secundm
2855 4101 2926 4154 ad
2949 4101 3284 4155 Corinthios
3309 4100 3595 4171 epistolas,
3623 4102 3760 4156 etin

2110 4174 2270 4227 hunc
2301 4173 2496 4226 locum
2530 4171 2704 4241 plane
2728 4172 2985 4241 similem
3019 4173 3066 4226 ll
3092 4172 3221 4227 Cor.
3249 4189 3288 4234 ι,
3316 4174 3403 4235 23,
3437 4173 3761 4239 transtulit,

2110 4245 2176 4297 In
2209 4261 2375 4298 sacro
2403 4239 2586 4314 textu,
2620 4259 2724 4314 pro
2757 4239 2846 4314 δια
2891 4245 2987 4314 τοῦ
3032 4242 3393 4314 ἐνοικοῦντος,
3420 4261 3522 4314 per
3547 4245 3765 4298 inhabi-

2116 4323 2344 4379 tantem,
2378 4310 2734 4383 legiturf'dza‘z
2782 4313 2843 4366 τὸ
2893 4312 3160 4376 ἐνοικοῦν,
3197 4310 3438 4384 ρνορίθτῖ
3455 4315 3768 4369 inhabitan-

2115 4394 2238 4442 tem.
2275 4389 2346 4439 At
2400 4385 2877 4457 auctorddialogi
2938 4387 2967 4439 3
3031 4387 3101 4440 De
3148 4384 3344 4440 Trinit.
3380 4385 3486 4439 sub
3520 4387 3764 4441 nomine

2114 4457 2301 4512 sancti
2335 4455 2640 4510 Athanasii
2673 4455 2932 4522 tomfII,
2957 4474 3013 4527 p.
3039 4458 3161 4524 519,
3191 4457 3292 4526 qui
3325 4463 3563 4511 sanctus
3592 4459 3767 4512 Maxi-

2116 4546 2249 4583 mus
2277 4529 2578 4582 confessor
2610 4529 3002 4592 existimatur,
3033 4528 3289 4582 afﬁrmat
3319 4545 3378 4582 n.
3408 4531 3477 4581 20
3504 4534 3561 4582 et
3583 4532 3670 4595 26,
3702 4530 3765 4584 in

2115 4600 2392 4671 omnibus
2406 4615 2556 4671 pene
2571 4600 3009 4671 exemplaribus
3023 4599 3112 4671 sui
3131 4599 3413 4669 temporis
3433 4599 3657 4665 haberi,
3677 4595 3766 4652 Ξέιὰ

2111 4675 2209 4725 τοῦ
2241 4669 2602 4736 ἐνοικοῦντος,
2636 4669 2886 4726 alteram
2917 4687 3050 4724 vero
3078 4670 3400 4724 lectionem
3431 4687 3466 4724 a
3499 4671 3765 4725 Macedo-

2116 4743 2310 4799 nianis
2341 4744 2652 4814 invectam.
2687 4743 2851 4814 vulg.
2907 4748 3105 4814 tamen
3150 4741 3573 4814 legitqpmpter.
3601 4742 3763 4797 Multi

358 4821 410 4870 et
440 4815 540 4889 qui
561 4811 686 4886 post
719 4818 860 4872 illos.
887 4817 1060 4889 Crod.
1085 4811 1790 4889 videtur,legissefxui—pt
1819 4811 1888 4889 δι’
1913 4812 2002 4889 αὖ·
2037 4821 2086 4885 D
2117 4818 2417 4889 Patresut
2447 4813 2698 4889 Cvrillus
2730 4811 2945 4889 legere.
2995 4813 3160 4889 Joan.
3191 4811 3407 4867 Millius
3430 4811 3762 4889 lectionem

360 4885 508 4956 τούς,
539 4884 588 4942 et
613 4890 710 4956 qui.
729 4905 834 4957 per
871 4888 1014 4955 illos,
1049 4893 1160 4945 etc.
1195 4888 1388 4945 Ottob.
1416 4884 1477 4953 2,
1509 4887 1598 4942 καὶ
1634 4888 1686 4943 ot
1719 4884 1791 4941 δι’
1821 4885 2006 4955 αὐτὸν,

361 4957 451 5010 καὶ
489 4958 540 5010 οἱ
577 4958 691 5026 μετ’
722 4958 941 5018 αὐτούς.

439 5030 513 5099 (4)
570 5029 927 5099 Ὁμοοῦσιον,
987 5030 1530 5086 consubstantialem.
1599 5033 1718 5085 Vox
1795 5032 1918 5085 haac
1977 5045 2012 5083 a

362 5101 539 5154 nobis
566 5102 801 5156 uncinis
832 5101 1082 5165 inclusa,
1108 5102 1170 5156 in
1200 5102 1375 5156 editis
1408 5107 1466 5155 et
1495 5103 1766 5156 versione
1793 5102 2013 5156 Grode-

365 5172 440 5226 cii
475 5175 773 5243 reperitur
805 5172 1068 5243 quidem,
1091 5173 1258 5226 abest
1282 5189 1414 5226 vero
1448 5191 1480 5226 a
1511 5173 1681 5227 codd.
1711 5173 2012 5237 Ottobon.,

367 5246 484 5298 Roe
519 5251 576 5298 et
605 5243 856 5300 Casaud.
883 5262 896 5309 ;
922 5244 1252 5298 immissam
1276 5244 1336 5297 in
1359 5244 1517 5297 hunc
1539 5243 1734 5297 locum
1763 5259 1882 5296 non
1905 5243 2015 5296 du-

361 5315 642 5369 bitamus.
678 5319 820 5370 Nam
851 5331 957 5368 vox
987 5315 1090 5368 illa
1111 5331 1232 5368 non
1256 5319 1344 5369 est
1365 5313 1654 5373 absoluta.
1686 5319 1743 5367 et
1762 5331 1892 5383 quae
1918 5329 2018 5367 so-

363 5387 561 5441 litarie
593 5387 905 5450 scribatur,
933 5391 997 5439 ut
1022 5386 1114 5438 hic
1140 5387 1332 5456 posita
1355 5391 1474 5450 est;
1510 5385 1612 5439 sed
1641 5385 2015 5448 relativa,cui

366 5474 605 5527 semper
633 5457 912 5526 conjungi
945 5473 1012 5510 ea
1051 5472 1146 5509 res
1196 5457 1365 5522 solet,
1416 5457 1509 5527 cui
1542 5457 1729 5510 altera
1758 5456 2012 5510 consub-

366 5526 666 5584 stantialis
697 5534 804 5581 est.
845 5527 980 5580 Vide
1013 5532 1215 5580 notata
1271 5544 1302 5581 ει
1360 5526 1531 5582 nobis
1563 5527 1635 5582 ad
1667 5528 1891 5583 catech.
1935 5530 2015 5596 l6,

360 5617 427 5656 n.
463 5601 550 5652 23.

439 5674 514 5742 (ὅ)
545 5667 940 5743 Ἀνθρπηῗεήὶςι
980 5672 1061 5723 lia
1106 5686 1210 5743 ηοέ
1267 5671 1612 5742 ξεῖίμδίωιιδ
1643 5670 1773 5726 loco
1806 5667 2020 5743 ἀνθρΨ

364 5741 570 5815 πίνοις,
603 5741 686 5800 ex'
702 5741 972 5799 versione
1004 5741 1295 5811 Grodecii,
1320 5741 1486 5800 sacro
1519 5748 1684 5801 textu
1714 5747 1774 5800 et
1801 5741 2017 5816 Cyrillo

2121 4883 2210 4940 διὰ
2237 4886 2298 4938 τὸ
2325 4881 2564 4937 ἐνοικοῦν
2587 4881 2869 4947 defendit,
2894 4889 2952 4937 et
2972 4883 3045 4937 ad
3068 4899 3308 4955 sensum
3335 4885 3770 4955 prmpositionis

2114 4975 2218 5030 per
2246 4955 2809 5030 reducendamAesse
2843 4953 3168 5030 contendit,

2196 5029 2276 5128 (ὃ)
2307 5027 2618 5128 Ὑφέφ-Χτηκε..
2652 5026 2798 5128 Malle
2856 5027 2932 5128 in:
2981 5025 3283 5116 codicibus
3315 5025 3498 5128 editis‘
3518 5032 3576 5081 et
3603 5045 3770 5110 mss."

2127 5096 2404 5174 ἐφέστηκε.
2441 5097 2698 5186 O‘mnino‘
2727 5096 3063 5178 legendum,
3121 5096 3406 5186 ὑφέστηκε,
3438 5103 3502 5152 ut
3532 5099 3770 5186 scrip'si-

2126 5168 2258 5226 mus
2289 5187 2358 5224 ex
2390 5169 2516 5223 cod.
2545 5169 2737 5223 Ottob.
2764 5168 2816 5235 2’,
2843 5169 3110 5223 versione
3143 5168 3409 5223 Grodecii
3443 5176 3500 5224 et
3529 5168 3769 5226 aliislo-

2126 5244 2208 5297 cis
2242 5239 2544 5312 parallelis
2576 5240 2649 5294 ad
2699 5256 2830 5309 qua:
2879 5240 3411 5312 remittitACyrillus
3440 5258 3453 5308 ;
3487 5242 3771 5312 nimirum

2126 5309 2485 5402 ca.‘t._,lluius~
2503 5327 2667 5365 num.
2726 5314 2778 5376 2,
2827 5310 3091 5404 ⁵ςῶνμκαὶ
3125 5309 3510 5404 ὑφεστὼςηκαὶ
3545 5310 3773 5400 λαλοῦν,

2125 5383 2212 5438 καὶ
2276 5383 2536 5456 ἐνεργοῦν·
2600 5399 2763 5437 num.
2825 5386 2877 5449 5,
2939 5384 3042 5459 ζῶν
3101 5381 3188 5459 κα)
3223 5381 3488 5459 ῥφεστῲς,
3520 5383 3610 5459 καὶ
3637 5381 3773 5459 πάν-

2126 5474 2268 5522 τοτε,
2305 5451 2414 5510 δι’οζ
2446 5471 2459 5519 ς
2493 5470 2656 5508 num.
2691 5456 2777 5518 28,
2817 5457 2922 5522 ζῶν
2951 5451 3060 5506 ἐστι
3093 5453 3182 5507 καὶ
3218 5451 3482 5527 ὑφεστὼς,
3513 5452 3602 5508 καὶ
3635 5452 3776 5525 ἐνερ-

2163 5547 2280 5581 ουν.

2125 5549 2280 5669 γοῖἿί).
2308 5596 2417 5672 Πρὸ
2445 5597 2750 5672 ἦμῶνχΙῐδ.
2793 5598 3261 5672 scripsimusex
3314 5596 3460 5672 cod._
3497 5593 3772 5672 Ottobon.

2127 5665 2379 5742 utroque
2417 5674 2475 5724 et
2493 5665 2787 5746 versione
2801 5665 3120 5746 _Cr6decii,_
3157 5668 3250 5746 ita
3271 5665 3772 5746 postulante_con-

2130 5729 2312 5816 textu‘,
2344 5741 2612 5815 quamvis
2646 5742 2706 5798 in
2736 5742 2870 5799 aliis
2901 5741 3070 5798 codd.
3095 5729 3351 5810 legatur,
3384 5730 3489 5804 πρὸ
3521 5729 3697 5798 ὑμῶν.
