4148 6286
420 395 573 457 10οἿ

1471 388 1535 449 S.
1584 383 1898 448 CYRILLI
1941 377 2357 445 HIEROSOL.
2406 384 2765 445 ARCHIEP.

3670 385 3828 447 1008

416 529 531 585 ait:
565 548 592 576 «
617 523 783 592 Quod
813 524 947 581 aliis
976 521 1462 595 generationibus
1482 536 1608 577 non
1630 520 1893 576 innotuit
1913 516 2047 573 ﬁliis

2166 511 2473 592 ἐγνωρίσθη
2533 523 2651 582 τοῖς
2706 518 2845 579 υἱοῖς
2902 521 3009 572 τῶν
3068 515 3397 591 ἀνθρώπων,
3452 516 3530 580 ὡς
3583 520 3674 572 νῦν
3718 517 3818 572 ἀπ-

412 640 441 670 α
468 616 801 684 hominum,
838 609 1342 684 quemadmodum
1389 626 1549 666 nunc
1596 609 1919 666 revelatum
1971 612 2061 663 est

415 730 436 759 ι
470 707 695 764 sanctis
720 704 1006 777 apostolis
1039 703 1167 775 ejus
1212 707 1271 758 et
1308 700 1634 773 prophetis,
1665 701 1728 755 in
1759 700 1971 771 spiritu
1990 698 2055 767 ⁵⁸,

409 822 437 851 «
468 804 570 854 etc.
594 814 617 861 ;
644 798 995 865 iterumque:
1026 795 1364 864 Propterea,
1415 793 1568 847 sicut
1615 790 1760 846 dicit
1807 790 2057 861 Spiritus

415 910 436 938 ι
469 884 810 952 sanctus“;
843 900 907 939 ac
948 883 1125 937 denuo
1153 897 1165 937 :
1218 881 1598 936 Testiﬁcatur
1626 896 1761 935 vero
1795 879 1969 934 nobis
1999 882 2059 932 et

413 976 720 1048 «Spiritus
767 976 1006 1029 sanctus
1026 970 1096 1025 7°.
1145 985 1471 1040 rursumque
1504 971 1742 1038 Justitiae
1786 968 2057 1023 militibus

415 1090 443 1121 ‹‹
466 1067 738 1124 declamat
763 1064 955 1120 aiens:
988 1064 1060 1118 Et
1098 1062 1328 1135 galeam
1385 1061 1661 1117 salutaris
1693 1060 1964 1131 accipite,
1999 1063 2057 1113 et

412 1178 440 1208 ‹‹
467 1156 728 1230 gladium
752 1153 1016 1225 spiritus,
1038 1152 1141 1223 qui
1168 1156 1259 1208 est
1277 1151 1517 1206 verbum
1543 1150 1664 1218 Dei,
1684 1166 1791 1222 per
1815 1164 2056 1205 omnem

410 1268 438 1297 ‹‹
468 1245 952 1318 deprecationem
1004 1247 1064 1295 et
1108 1240 1580 1296 obsecrationem
1599 1239 1686 1306 τις
1735 1245 1788 1294 et
1815 1240 2050 1293 iterum:

410 1358 439 1386 ‹‹
462 1337 543 1391 Ne
574 1331 952 1389 inebriemini
979 1331 1136 1399 vino,
1160 1330 1223 1384 in
1245 1346 1361 1401 quo
1393 1332 1483 1384 est
1510 1328 1746 1384 luxuria
1769 1344 1783 1382 :
1816 1327 1920 1382 sed
1942 1327 2053 1381 im-

414 1445 442 1480 ι
466 1424 752 1497 pleamini
783 1422 1014 1493 spiritu,
1047 1421 1361 1492 loquentes
1408 1421 1470 1474 in
1508 1419 1672 1474 vobis
1700 1418 1867 1490 ipsis,
1894 1417 2052 1489 psal-

409 1537 438 1565 «
468 1515 583 1569 mis
613 1519 675 1568 et
700 1511 942 1583 hymnis
967 1516 1027 1565 et
1049 1509 1296 1565 canticis
1326 1508 1737 1580 spiritualibus
1757 1507 1843 1573 72;
1874 1524 1937 1562 ac
1966 1506 2052 1561 de.

407 1625 437 1655 «
459 1618 609 1659 mum
634 1617 647 1656 :
670 1596 870 1656 Gratia
885 1598 1117 1654 Domini
1139 1599 1296 1664 Jesu,
1318 1602 1375 1652 et
1392 1596 1650 1652 charitas
1671 1595 1795 1664 Dei,
1815 1601 1874 1652 et
1890 1612 2053 1651 com-

407 1716 435 1744 ‹‹
463 1688 791 1748 municatio
818 1688 1006 1744 sancti
1030 1688 1445 1759 Spiritus,cum
1462 1685 1740 1742 omnibus
1762 1685 1928 1740 vobis
1945 1684 2048 1742 ⁷³.»

474 1869 735 1926 XXXIV.
765 1869 847 1922 Ex
903 1866 1120 1957 quibus
1175 1864 1473 1957 omnibus,
1506 1867 1565 1919 et
1617 1863 1690 1919 iis
1732 1880 1863 1935 quae
1892 1863 2043 1957 μοι
2080 1891 2129 1957 Β

404 1958 809 2032 praetermissa
839 1961 977 2011 sunt
1032 1956 1206 2028 longe
1263 1954 1555 2026 pluribus,
1597 1953 2051 2009 commendatur

403 2047 801 2121 intelligentia
837 2045 1102 2118 praaditis
1151 2043 1505 2111 subsistens,
1540 2042 1965 2099 sanctiﬁcatrix
1995 2049 2053 2099 et

407 2137 731 2194 efﬁcaciter
761 2136 1060 2208 operatrix
1090 2135 1274 2188 virtus
1303 2132 1557 2204 Spiritus
1588 2133 1779 2188 sancti
1800 2134 2052 2205 (l).Nam

405 2234 641 2300 tempus
657 2242 751 2282 me
769 2226 1066 2281 dicentem
1088 2222 1403 2290 deﬁciat,si
1424 2223 1701 2295 persequi
1722 2223 1895 2278 velim
1921 2239 2052 2293 quea

406 2319 479 2374 de
511 2321 716 2374 sancto
744 2315 963 2387 Spiritu
982 2313 1236 2368 dicenda
1255 2317 1484 2369 restant
1503 2329 1573 2367 ex
1603 2313 2054 2383 quatuordecim

411 2407 579 2464 Pauli
609 2404 910 2476 Epistolis,
964 2404 1028 2457 in
1085 2402 1302 2474 quibus
1359 2402 1773 2469 diversimode,
1806 2403 2054 2475 integre,

408 2496 806 2564 religioseque
829 2492 1046 2547 docuit.
1066 2491 1152 2545 Sit
1170 2496 1366 2545 autem
1389 2492 1576 2562 ipsius
1596 2492 1785 2546 sancti
1805 2492 2058 2562 Spiritus

408 2584 720 2660 potestatis
750 2599 988 2649 munus,
1021 2586 1086 2636 ut
1110 2586 1171 2637 et
1216 2580 1389 2635 nobis
1417 2581 1490 2636 de
1519 2581 1613 2636 his
1645 2599 1776 2653 qum
1806 2587 2055 2654 praster-

407 2675 723 2740 mittimus,
774 2672 848 2728 ob
897 2670 1127 2726 dierum
1177 2670 1535 2742 paucitatem
1581 2671 1814 2726 veniam
1858 2672 2059 2727 indul-

406 2770 560 2839 geat,
590 2762 636 2798 ⁷⁴
667 2767 725 2818 et
754 2761 920 2816 vobis
978 2759 1353 2816 auditoribus
1412 2759 1827 2831 perfectiorem
1854 2774 2057 2817 rerum

407 2871 539 2925 quae
558 2849 1164 2923 supersuntnotitiam
1188 2848 1540 2916 infundat,"
1557 2865 1690 2903 cum
1714 2849 1753 2903 ii
1778 2850 1877 2920 qui
1902 2851 2058 2906 inter

401 2961 503 2999 vos
535 2940 785 2999 studiosi
820 2943 978 3004 sunt,
1013 2954 1081 2992 ex
1112 2936 1397 2992 crebriori
1428 2936 1763 2993 divinarum
1796 2940 2056 3012 Scriptu-

403 3049 606 3089 rarum
636 3031 893 3087 lectione
916 3029 1030 3083 ista
1055 3026 1404 3083 addiscant:
1451 3027 1570 3083 imo
1604 3034 1662 3083 et
1691 3044 1760 3083 ex
1790 3046 2056 3100 praesen-

404 3123 564 3177 tibus
590 3121 721 3176 istis
752 3116 1185 3184 catechesihus,
1213 3117 1404 3187 iisque
1428 3133 1560 3188 quas
1590 3123 1768 3173 antea
1797 3118 2056 3190 disputa-

405 3211 747 3280 vimus,jam
769 3206 1096 3262 ﬁrmiorem
1119 3206 1502 3276 conceperint
1521 3206 1757 3273 fidem,«
1781 3207 1847 3262 In
1864 3224 2051 3263 unum
2081 3262 2123 3290 ﬁ

408 3313 436 3341 ‹‹
460 3292 644 3345 Deum
666 3290 902 3343 Patrem
923 3286 1429 3358 omnipotentem;
1460 3291 1518 3340 et
1533 3286 1595 3340 in
1615 3287 1929 3343 Dominum
1951 3304 2050 3344 no-

408 3402 437 3431 ‹‹
458 3384 646 3435 strum
662 3378 860 3432 Iesum
873 3374 1412 3442 Christum,Filium
1430 3375 1559 3446 ejus
1575 3376 1948 3449 unigenitum
1966 3399 1980 3445 ;
1997 3384 2056 3434 et

406 3492 434 3520 ‹‹
460 3470 522 3524 in
544 3467 826 3538 Spiritum
851 3463 1545 3533 sanctum,Paracletum.
1571 3485 1596 3517 ιι
1623 3464 1769 3520 Cum
1792 3484 1924 3522 vero
1945 3482 2053 3523 vox

404 3560 532 3614 haec
564 3570 767 3612 revera
796 3560 855 3610 et
881 3554 1309 3621 denominatio,
1342 3555 1606 3625 Spiritus,
1638 3556 1700 3610 in
1732 3557 2051 3628 Scripturis

400 3647 739 3720 promiScue
796 3648 1067 3700 sumatur
1120 3642 1363 3715 (dicitur
1418 3660 1678 3715 namque
1727 3646 1800 3701 de
1837 3648 2047 3703 Patre:

400 3739 641 3809 Spiritus
671 3741 747 3791 est
804 3736 939 3789 Deus
958 3731 1026 3801 76,
1082 3738 1151 3788 ut
1206 3733 1268 3786 in
1327 3733 1638 3806 Evangelio
1686 3734 1932 3790 Joannis
1961 3741 2052 3792 est

400 3827 728 3898 scriptum;
762 3823 833 3879 de
865 3823 1013 3878 Filio
1050 3836 1321 3893 quoque:
1348 3845 1373 3872 «
1399 3822 1652 3894 Spiritus
1673 3829 1810 3878 ante
1834 3824 2048 3882 faciem

399 3938 427 3966 «
455 3920 722 3971 nostram
745 3913 1013 3969 Christus
1036 3910 1342 3977 Dominus,
1373 3935 1391 3960 ι
1418 3915 1481 3966 ut
1503 3912 1587 3967 ait
1604 3914 1888 3971 Jeremias
1910 3933 2044 3990 pro-

2167 603 2447 680 εκαλύφθη
2513 611 2632 668 τοῖς
2690 605 2865 681 ἁγίοις
2921 604 3253 668 ἀποστόλοις
3318 604 3485 661 αὐτοῦ
3536 605 3628 660 καὶ
3681 626 3821 679 προ-

2166 694 2366 769 φήταις
2421 695 2473 750 ἐν
2530 695 2829 769 Πνεύματι,
2885 694 2975 750 καί
3028 696 3096 750 τὰ
3153 696 3296 766 ἑξῆς·
3356 696 3446 750 καὶ
3476 695 3666 751 πάλιν·
3697 697 3815 766 Διὸ,

2164 784 2346 848 καθὼς
2402 783 2546 860 λέγει
2603 786 2667 840 τὸ
2726 790 2946 859 Πνεῦμα
2994 786 3060 841 τὸ
3113 786 3287 863 ἅγιον·
3319 787 3410 841 καὶ
3439 787 3631 842 πάλιν·
3665 794 3818 863 Μαρ-

2162 878 2315 948 τυρεῖ
2367 871 2425 929 δὲ
2479 877 2615 948 ἡμῖν
2673 875 2763 930 καὶ
2817 876 2881 930 τὸ
2940 879 3160 949 Πνεῦμα
3205 876 3268 930 τὸ
3315 873 3493 951 ἅγιον·
3526 876 3618 930 καὶ
3648 875 3815 932 πάλιν

2163 967 2282 1026 τοῖς
2335 972 2438 1034 τῆς
2495 962 2840 1036 δικαιοσύνης
2917 965 3171 1030 ὁπλίταις
3222 970 3554 1044 προσφωνεῖ,
3616 963 3811 1043 λέγων·

2164 1054 2271 1110 Καὶ
2361 1056 2462 1124 τήν
2555 1054 2975 1130 περικεθαλαίαν
3047 1060 3146 1112 τοῦ
3220 1057 3498 1132 σωτηρίου
3575 1055 3814 1128 δέξασθε,

2162 1142 2254 1199 καὶ
2310 1144 2410 1214 τήν
2474 1146 2751 1221 μάχαιραν
2830 1149 2928 1201 τοῦ
3008 1144 3346 1219 ΙΙνεύματος,
3407 1145 3437 1200 ὅ
3492 1144 3603 1202 ἐστι
3666 1146 3814 1222 ῥῆμα

2163 1235 2318 1304 Θεοῦ,
2378 1228 2468 1287 διὰ
2523 1232 2703 1302 πάσης
2759 1235 2835 1307 (2)
2894 1239 3210 1309 προσευχῆς
3265 1234 3358 1288 καὶ
3416 1229 3675 1304 δεήσεως·
3724 1235 3814 1289 καὶ

2147 1319 2351 1376 πάλιν
2412 1321 2507 1390 Μὴ
2562 1320 2887 1395 μεθύσκεσθε
2943 1319 3099 1396 οἷ’νῳ,
3155 1321 3208 1378 ἐν
3277 1323 3324 1394 ᾧ
3384 1320 3527 1376 ἔστιν
3584 1322 3808 1378 ἀσωτία·

2160 1408 2309 1465 ἀλλά
2380 1408 2696 1486 πληροῦσθε
2766 1409 3099 1483 πνεύματος,
3176 1409 3469 1476 λαλοῦντες
3541 1411 3594 1466 ἐν
3689 1414 3813 1467 ἑαυ-

2160 1502 2300 1569 τοῖς,
2332 1497 2577 1571 ψαλμοῖς
2623 1497 2713 1554 καί
2770 1498 2963 1573 ὕμνοις
3018 1499 3109 1555 καὶ
3167 1498 3337 1573 ᾠδαῖς
3393 1507 3810 1574 πνευματικαῖς·

2162 1587 2251 1642 καὶ
2308 1585 2498 1643 πάλιν·
2559 1590 2622 1645 Ἡ
2675 1587 2838 1666 χάρις
2918 1593 3017 1644 τοῦ
3101 1588 3303 1664 Κυρίου
3366 1590 3571 1659 Ἰησοῦ,
3629 1591 3720 1645 καί
3773 1594 3806 1660 ἡ

2160 1676 2341 1750 ἀγάπη
2399 1682 2495 1732 τοῦ
2555 1682 2712 1748 Θεοῦ,
2769 1678 2860 1733 καὶ
2912 1681 2948 1747 ἡ
3006 1677 3267 1734 κοινωνία
3318 1683 3417 1734 τοῦ
3459 1678 3618 1754 ἁγίου
3651 1681 3813 1736 Πνεύο

2166 1786 2335 1839 ματος
2370 1768 2505 1839 μετὰ
2534 1767 2746 1823 πάντων
2776 1768 2951 1839 ὑμῶν.

2232 1856 2353 1911 ΛΔ’.
2414 1857 2493 1910 Δι’
2548 1857 2624 1911 ὧν
2683 1858 2960 1927 ἁπαντων,
3017 1857 3106 1912 καὶ
3166 1861 3275 1912 τῶν
3326 1855 3809 1934 παραλειφθέντων

2159 1943 2449 2015 πλειόνων,
2482 1945 2793 2001 συνίσταται
2823 1951 2940 2009 τοῖς
2988 1950 3206 2002 νοοῦσιν
3236 1949 3270 2016 ἢ
3303 1946 3691 2020 ἐνυμόστατος,
3722 1950 3809 2003 καί

2163 2035 2470 2109 ἁγιοποιὸς,
2501 2035 2590 2089 καὶ
2638 2032 2959 2112 ἐνεργητική
3007 2039 3105 2090 τοῦ
3159 2034 3315 2110 ἁγίου
3374 2035 3688 2110 Πνεύματος
3718 2035 3811 2091 δύο

2162 2145 2348 2199 ναμις.
2411 2124 2716 2201 Ἐπιλείψει
2776 2127 2881 2203 γὰρ
2937 2147 3005 2200 με
3061 2125 3738 2205 διηγούμενονὸχρόνος,
3771 2130 3815 2185 εί

2165 2210 2482 2289 ἐϐουλόμην
2517 2213 2692 2290 λέγειν
2723 2216 2789 2270 τὰ
2839 2213 3101 2271 λείποντα
3145 2217 3270 2291 περί
3311 2217 3466 2294 ἁγίου
3501 2219 3816 2292 Πνεύματος

2167 2303 2362 2359 ἐκτῶν
2418 2304 2639 2360 Παύλου
2695 2303 3176 2380 τεσσαρεσκαίδεκα
3227 2308 3305 2379 (3)
3365 2307 3726 2363 Ἐπιστολῶν·
3762 2309 3813 2364 ὲν

2166 2394 2250 2455 αἷς
2277 2393 2570 2461 ποικίλως,
2600 2395 2692 2449 καὶ
2739 2393 3071 2464 ἀνελλιπῶς,
3130 2395 3222 2450 καὶ
3279 2391 3529 2459 εὐλαϐῶς
3557 2395 3813 2471 ἐδίδαξεν.

2167 2485 2371 2559 Ἔργον
2406 2482 2453 2539 δ’
2481 2483 2542 2539 ἃν
2584 2483 2668 2554 εἴη
2699 2490 2800 2553 τῆς
2830 2481 3110 2557 δυνάμεως
3141 2484 3304 2540 αὐτοῦ
3334 2490 3430 2540 τοῦ
3458 2486 3614 2561 ἁγίου
3648 2488 3814 2542 Πνεύ-

2172 2593 2366 2646 ματος,
2417 2576 2553 2647 ἡμῖν
2617 2574 2713 2645 μὲν
2766 2571 2850 2651 ἐφ’
2909 2575 2995 2635 οἷς
3050 2572 3462 2647 ἐνελλείπομεν,
3497 2572 3676 2631 διὰτὸ
3704 2581 3812 2632 τῶν

2165 2664 2388 2738 ἡμερῶν
2438 2665 2509 2735 (4)
2569 2660 2755 2738 ὀλίγον
2816 2659 2997 2717 δοῦναι
3056 2662 3408 2739 συγγνώμην·
3446 2666 3573 2736 ὑμῖν
3608 2663 3665 2721 δὲ
3692 2672 3813 2728 τοῖς

2166 2752 2456 2828 ἀκροαταῖς
2513 2755 2619 2805 τῶν
2679 2749 2979 2807 λειπόντων
3038 2751 3378 2825 τελειοτέραν
3440 2752 3665 2819 ἐνθεῖναι
3710 2758 3815 2825 τήν

2164 2844 2384 2915 γνῶσιν·
2416 2844 2522 2895 τῶν
2554 2836 2862 2895 σπουδαίων
2918 2839 2970 2895 ἐν
3035 2842 3161 2914 ὑμῖν
3219 2840 3277 2896 ἐκ
3334 2849 3438 2912 τῆς
3478 2845 3809 2919 πυκνοτέρας

2162 2935 2271 2986 τῶν
2303 2930 2459 2995 θείων
2488 2934 2714 3008 Γραφῶν
2773 2930 3129 3006 ἀναγνώσεως
3184 2935 3353 2986 ταῦτα
3406 2933 3802 3006 μανθανόντων·

2163 3018 2273 3091 ἤδη
2333 3017 2390 3074 δὲ
2441 3018 2530 3074 καὶ
2590 3019 2649 3074 ἐκ
2694 3022 2802 3073 τῶν
2861 3024 3150 3094 παρουσῶν
3181 3020 3391 3077 τούτων
3422 3023 3805 3097 κατηχήσεων,

2163 3111 2250 3165 καὶ
2306 3109 2366 3165 ἐκ
2417 3113 2529 3164 τῶν
2586 3107 2849 3184 πρότερον
2911 3110 3216 3183 εἰρημένων
3267 3113 3426 3184 ἡμῖν,
3466 3107 3808 3187 βεϐαιοτέραν

2161 3201 2260 3269 τὴν
2293 3197 2469 3253 πίστιν
2500 3196 2759 3272 ἐχόντων,
2795 3196 2889 3260 Εἷς
2934 3195 3028 3253 ἕνα
3084 3200 3160 3272 (5)
3215 3200 3343 3254 Θεὸν
3369 3200 3581 3276 Πατέρα
3608 3221 3811 3257 παντο-

2160 3290 2418 3364 κράτορα·
2478 3289 2568 3342 καὶ
2621 3288 2697 3350 εἷς
2755 3287 2848 3343 τὸν
2930 3287 3131 3364 Κύριον
3187 3291 3349 3361 ἡμῶν
3408 3293 3621 3361 Ἰησοῦν
3677 3293 3810 3367 Χρι-

2161 3378 2308 3444 στὸν,
2364 3375 2457 3431 τὸν
2538 3374 2663 3430 Υἱὸν
2720 3373 2887 3429 αὐτοῦ
2944 3378 3017 3448 (6)
3075 3377 3164 3430 τὸν
3228 3383 3524 3451 μονογενῆ·
3586 3378 3675 3433 καὶ
3733 3379 3809 3442 εἷς

2158 3468 2222 3522 τὸ
2252 3470 2475 3538 Πνεῦμα
2530 3464 2593 3519 τὸ
2649 3463 2830 3539 ἅγιον,
2882 3465 2974 3519 τὸν
3037 3464 3423 3540 Παράκλητον.
3464 3467 3585 3536 Τῆς
3617 3466 3815 3538 λέξεως

2164 3557 2259 3631 μὲν
2312 3575 2371 3610 τε
2425 3553 2515 3610 καὶ
2575 3552 2876 3628 ὀνομασίας
2928 3552 3118 3624 αὐτῆς,
3176 3561 3280 3622 τῆς
3326 3558 3425 3609 τοῦ
3472 3555 3809 3630 Πνεύματος,

2159 3646 2211 3702 ἐν
2241 3650 2361 3707 ταῖς
2418 3643 2587 3708 θείαις
2637 3646 2875 3717 Γραφαῖς
2931 3642 3188 3715 κειμένης
3250 3641 3542 3707 ἐπικοίνως
3575 3644 3811 3721 (λέγεται

2157 3735 2261 3813 γὰρ
2320 3733 2446 3811 περὶ
2497 3737 2594 3788 τοῦ
2656 3733 2892 3807 Πατρὸς,
2950 3736 3168 3805 Πνεῦμα
3226 3732 3254 3787 ὁ
3315 3733 3469 3805 Θεὸς,
3523 3735 3600 3798 ὡς
3653 3734 3706 3790 ἐν
3735 3741 3817 3809 τῷ

2154 3825 2294 3882 κατὰ
2348 3822 2602 3893 Ἰωάννην
2662 3820 2982 3898 Εὐαγγελίῳ
3036 3816 3359 3897 γέγραπται·
3412 3823 3503 3878 καὶ
3554 3824 3681 3901 περὶ
3720 3830 3818 3881 τοῦ

2154 3917 2306 3984 Υἱοῦ,
2393 3915 2612 3985 Πνεῦμα
2668 3912 2776 3987 πρὸ
2857 3911 3156 3987 προσώπου
3212 3914 3288 3985 (⁵7)
3349 3914 3513 3985 ἡμῶν
3581 3915 3813 3989 Χριστὸς

466 4032 515 4069 σε
544 4032 759 4104 Ερβεξ,
786 4045 870 4104 μί,
904 4030 955 4081 5.
1033 4024 1078 4062 ⁸9
1110 4024 1288 4104 Hebr.
1330 4041 1415 4104 qi,
1448 4029 1522 4104 ᾖ-
1546 4027 1624 4104 ’⁷ο
1654 4029 1830 4085 Hebr.
1865 4050 1919 4101 x,
1955 4039 2039 4092 15.

2159 4061 2163 4069 υ
2192 4031 2408 4104 Ephes.
2442 4045 2517 4094 vi,
2549 4031 2635 4094 l7,
2670 4029 2788 4104 l8._
2831 4027 2880 4062 ’⁷³
2906 4026 3050 4104 ibid.
3086 4028 3173 4095 18,
3207 4030 3294 4104 i_9.
3369 4027 3490 4104 "‘ll
3523 4030 3663 4104 cor.
3686 4046 3803 4099 xm,

398 4107 486 4160 13.
589 4099 638 4139 ’Ῑ⁴
691 4101 824 4157 Vid.
881 4115 1005 4170 sup.
1054 4113 1113 4153 π.
1160 4099 1248 4151 30.

397 4193 471 4242 ιν,
501 4176 592 4231 24.

467 4295 543 4364 (1)
572 4291 765 4364 Sancti
789 4289 1029 4359 Spiritus
1059 4287 1253 4364 virtus.
1282 4284 1346 4364 ld
1365 4291 1487 4364 _est,
1521 4293 1761 4364 sanctus
1793 4291 2043 4364 Spiritus

394 4357 609 4422 virtute
631 4357 881 4436 plenus;
904 4375 1026 4436 non
1049 4357 1207 4412 enim
1232 4357 1304 4412 ad
1327 4358 1736 4436 virtutem,sed
1754 4357 2043 4436 adipsum

395 4430 771 4505 solummodo
828 4430 1113 4505 Spiritum
1167 4435 1441 4505 sanctum
1472 4430 1679 4486 referri
1712 4430 1907 4505 potest
1935 4456 2044 4493 vox

1352 4094 1398 4132 ⁷⁸
1456 4099 1580 4154 Vid.
1627 4107 1733 4155 cat.
1781 4106 1835 4173 4,
1883 4094 1941 4160 ἡ.
1992 4110 2047 4163 3E

2159 4094 2357 4171 at.‘18,
2390 4117 2448 4158 η.
2478 4104 2580 4167 i7;
2627 4106 2733 4155 cat.
2766 4099 2819 4167 1,
2852 4116 2910 4154 n.
2944 4101 2976 4153 6
3005 4115 3020 4165 ;
3051 4106 3156 4155 cat.
3193 4102 3284 4167 13,
3314 4116 3372 4154 n.
3404 4101 3459 4154 8.

3560 4099 3606 4137 ⁷⁸
3640 4103 3803 4158 Joan.

2156 4308 2368 4365 quens.
2401 4290 2529 4344 Mox
2560 4287 2742 4344 iidem
2775 4286 2944 4345 codd.
2978 4304 3084 4359 pro
3132 4280 3403 4357 εὐλαϐῶς,
3438 4288 3676 4357 habent,
3712 4288 3799 4343 εὖ-

2155 4358 2437 4507 “igitur;
2468 4431 2691 4507 ἡμερῶν
2731 4426 2991 4507 ’ὀλίγονη
3023 4430 3161 4487 Cod.
3212 4431 3404 4487 Ottob.
3445 4434 3478 4486 2
3511 4438 3572 4487 et
3600 4434 3796 4502 Grod,

389 4511 704 4572 subsistens,
735 4499 1116 4561 ἐνυπῦστατος.
1146 4500 1407 4579 Alioqui,
1435 4509 1545 4557 cat.
1577 4506 1668 4579 _16,
1703 4499 1760 4559 ἡ.
1795 4509 1850 4573 3,
1879 4516 2043 4565 vocat

2159 4499 2259 4562 τῶν
2285 4499 2328 4574 ’ἡ
2340 4499 2523 4579 μερῶν
2552 4499 2869 4579 εἰρημένων
2901 4499 3113 4579 ὀλίγον.

389 4580 1028 4652 δρὶπὶιιιῐῐιίδᾶηοιιιῳ,
1107 4573 1363 4652 virtutem
1433 4576 1752 4644 maximam,
1811 4579 2037 4652 μεγίστη

389 4644 635 4724 agnam.
671 4651 743 4703 Et
772 4646 1061 4724 opposito_
1076 4660 1256 4724 sensu
1285 4644 1606 4724 _daemqnes
1637 4644 1824 4724 vocat,
1853 4644 2045 4724 αἱαὶ)οέ

387 4708 552 4782 ιίοαηίι
581 4708 836 4778 uirtutem
853 4708 982 4774 ‘cat.
1035 4720 1123 4781 22,
1176 4732 1236 4792 ῙΞ.
1284 4719 1336 4778 7,
1379 4708 1701 4792 δῌιαξολικῆς
1736 4708 2036 4792 δυνάμεως,

384 4798 475 4854 vel
513 4796 648 4851 mali
702 4795 954 4853 virtutes,
1012 4791 1119 4864 τοῦ
1177 4788 1425 4864 Πονηροῦ
1485 4783 1762 4864 δυνάμεις,
1796 4783 1906 4864 cat.
1942 4783 2032 4864 20,

384 4886 444 4924 n.
480 4870 534 4934 3,
564 4865 656 4921 vel
686 4864 1045 4934 adversarius
1066 4857 1338 4928 virtutes,
1366 4858 1423 4934 αἱ
1479 4857 1843 4933 ἀντικείμεναι
1878 4857 2034 4920 δυναίεέ

390 4933 532 5010 μεις,
555 4954 624 5010 _n.
659 4939 710 4988 2.
747 4933 1049 5010 Qatechesi
1085 4948 1323 5010 quoque
1356 4933 1408 4995 3,
1441 4948 1498 4986 n.
1535 4934 1594 5010 3,
1618 4935 1731 4989 vim
1759 4939 2032 4995 sanctita-

386 5004 474 5076 tis,
507 5004 733 5079 δύναμιν
767 5005 1077 5079 ἁγιότητος,
1108 5004 1256 5079 dicit
1284 5020 1390 5079 pro
1418 5006 1726 5079 sanctitate.

459 5075 538 5151 (2)
580 5075 930 5151 7At&A‘tt1"o_"qq.
990 5078 1078 5131 Ita
1125 5075 1589 5151 scripsimus_ex
1618 5078 1942 5151 codd._Roe
1974 5089 2032 5138 et

384 5146 657 5213 Casaub.,
690 5148 883 5204 Ottob.
918 5151 951 5201 2
981 5163 1049 5203 ac
1070 5163 1236 5203 sacro
1267 5153 1446 5202 textu.
1472 5147 1626 5202 Editi
1659 5168 1765 5215 pro
1798 5146 1908 5215 διά,
1939 5153 2025 5209 fe-

382 5229 525 5281 runt
552 5218 657 5296 καί·
695 5219 868 5275 Grod.
924 5219 1156 5296 videtur
1207 5219 1442 5296 legisse
1470 5220 1623 5296 μετά.
1659 5218 1838 5296 Paulo
1870 5232 2023 5296 post,

380 5294 748 5352 correximus
780 5308 851 5346 ex
881 5290 1008 5345 cod.
1042 5290 1288 5345 Casaub.
1323 5296 1383 5345 et
1410 5290 1640 5346 duobus
1661 5290 1939 5351 Ottobon.
1968 5290 2026 5353 et

378 5383 548 5424 sacro
580 5367 761 5438 textu,
813 5362 996 5438 quod‘
1026 5362 1312 5438 scriptum
1362 5367 1497 5438 _erat
1551 5362 1696 5438 οἶνον
1733 5383 1836 5437 pro
1869 5365 2019 5438 οἷ’ςῳ,

375 5441 526 5497 Loco
584 5431 922 5504 Πνεύματος,
972 5431 1169 5487 ferunt
1227 5432 1497 5487 Ottobon.
1555 5434 1612 5501 2,
1673 5431 1789 5492 Roe
1830 5444 1888 5493 et
1916 5431 2019 5495 Ca-

373 5511 646 5583 saubon.,
681 5502 739 5561 ὲν
762 5502 1056 5575 ΙΙνεύματι,
1092 5508 1157 5557 ut
1187 5509 1275 5557 est
1303 5503 1460 5575 apud
1491 5506 1692 5576 Apost.
1736 5509 1929 5565 Ottob.
1967 5516 2016 5583 1,

369 5589 1078 5729 Πῖθὲδῗμὲζσαρεσκαίδεκα.
1144 5644 1263 5729 liae
1320 5649 1380 5699 et
1433 5645 2015 5729 βαεᾶυὺημδεκατεσ-

365 5716 564 5803 σάρώνο
600 5716 1084 5803 ίιιιοζγοίξειδιιιο.
1118 5716 1332 5803 “ﬁtﬁt
1362 5721 1474 5803 cat.-
1524 5719 1593 5803 4.›.
1612 5716 1793 5803 Il???»
1824 5728 1887 5803 ει
1914 5740 2014 5803 ξιι-

361 5787 494 5873 pr'a,
527 5787 695 5855 nuin.
724 5794 819 5866 20,
847 5791 921 5848 de
949 5787 1402 5862 quatuordecim
1431 5788 1596 5843 Pauli
1629 5790 1898 5862 epistolis
1925 5793 2011 5850 lo-

2224 4581 2295 4649 (5)
2319 4568 2422 4638 Ἐἷς
2451 4572 2560 4649 ἕνα.
2596 4568 2763 4649 Male
2789 4574 2850 4628 in
2906 4568 3246 4649 editisAante
3297 4571 3378 4636 εἷς
3399 4568 3521 4649 ,ἕνα
3563 4575 3799 4632 additur

2148 4645 2287 4717 τῶν,
2315 4647 2474 4719 quod
2503 4663 2575 4719 ex
2614 4645 2806 4719 Ottob.
2850 4645 2978 4703 cod.
3013 4645 3359 4702 delevimus.
3395 4647 3545 4702 Satis
3590 4665 3803 4704 conve-

2151 4723 2310 4777 niret
2335 4717 2628 4776 articulus
2656 4717 2777 4785 τήν.

2214 4795 2289 4865 (6)
2319 4792 2420 4846 Τὸν
2454 4788 2578 4865 rtov
2611 4788 2801 4865 αὐτοῦ.
2856 4789 2921 4865 ln
2967 4788 3155 4865 _editis
3205 4788 3462 4865 additur,
3492 4791 3591 4843 τοῦ
3623 4793 3780 4865 Θεοῦ.

2139 4859 2279 4929 Quen
2304 4880 2440 4918 cum
2473 4859 2747 4933 inutilem
2771 4877 2837 4916 ac
2861 4859 3260 4933 inelegantem
3286 4860 3553 4933 ejusdem
3586 4863 3672 4916 rei
3699 4879 3790 4918 re-

2139 4936 2491 5007 petitionem
2514 4932 2880 5007 contineant,
2899 4931 3253 5007 alterutrum
3278 4931 3563 5007 γει-αὐτοῦ
3583 4934 3674 5007 _vel
3695 4936 3789 4986 τοῦ

2138 5003 2295 5071 Θεοῦ,
2327 5003 2720 5061 resecandum
2740 5003 2854 5058 fuit
2878 5020 2891 5075 ς
2920 5004 3178 5075 primum
3200 5003 3425 5058 omittit
3446 5004 3787 5073 Grodecius,

2136 5084 2507 5151 postremum
2537 5076 2708 5151 codd.
2743 5074 2960 5144 Ottob.,
2988 5077 3106 5151 Boe
3136 5080 3192 5130 et
3224 5074 3470 5151 (_Ja‘sauh:
3507 5093 3655 5151 quos
3687 5094 3784 5132 se-

2136 5144 2253 5206 cuti
2283 5166 2489 5205 sumus
2540 5146 2722 5202 Paulo
2754 5153 2905 5218 post,
2938 5147 3181 5202 verbum
3204 5145 3265 5200 τὸ
3288 5144 3608 5218 ὁμοούσιον,
3634 5148 3788 5203 inter

2135 5221 2292 5293 ἅγιον
2351 5227 2411 5277 et
2462 5219 2553 5293 τὸν
2590 5216 2969 5293 Πιτιράιῖιλητον¹
3002 5216 3350 5293 importune
3382 5219 3780 5293 interjectum.

2133 5288 2305 5350 codd.
2338 5292 2554 5357 Ottob.,
2591 5288 2710 5345 Ro'e
2733 5288 3054 5361 etcasaub.
3081 5288 3432 5346 auctoritate
3456 5288 3777 5361 rej'icimus,

2132 5371 2191 5421 et
2221 5366 2351 5420 loco
2381 5364 2471 5417 καί
2503 5366 2639 5419 ante
2670 5358 3053 5432 Παράκλητον,
3087 5361 3405 5432 articulum
3445 5358 3546 5432 qui
3577 5362 3780 5418 deerat

2131 5453 2199 5493 ex
2233 5437 2445 5493 iisdem
2478 5430 2902 5505 supplevimus.
2935 5433 3089 5488 lllud
3122 5430 3440 5502 ὁμοούσιον,
3464 5430 3606 5489 huic
3648 5434 3774 5490 loco

2130 5515 2477 5564 extraneum
2505 5503 2634 5562 esse
2660 5503 2890 5565 brobat.
2925 5505 3182 5576 primum
3210 5505 3369 5575 quod
3398 5505 3579 5577 verba
3608 5506 3775 5577 Sym-

2125 5577 2246 5635 boli
2280 5597 2314 5636 a
2343 5578 2560 5650 Cyrillo
2584 5577 2763 5650 citata
2787 5575 3184 5648 interrumpat
3208 5593 3221 5629 :
3253 5575 3468 5650 deinde
3490 5575 3772 5650 quod'ab-

2126 5652 2316 5708 solute
2376 5648 2436 5706 et
2491 5648 2757 5706 solitarie
2814 5654 3088 5721 ponatur,
3123 5652 3331 5705 contra
3363 5648 3477 5704 vim
3506 5653 3566 5704 et
3594 5649 3772 5721 hujus

2121 5720 2702 5795 vocabuli,ejusque_
2729 5719 2990 5795 ponendi
3023 5736 3271 5775 morem.
3335 5786 3365 5795 Α.
3458 5789 3475 5795 _
3556 5786 3609 5795 Δ,

2196 5796 2274 5867 (7)
2330 5789 2550 5867 Πνεῦμα
2603 5789 3097 5867 πρὸ”προσώπου,
3152 5796 3266 5848 etc.
3326 5789 3648 5849 Grodecius
3687 5790 3776 5848 le-
