4148 6286
386 295 546 365 1009
1250 291 1733 373 oATEcuESIS
1775 290 1963 374 xvu.
2010 289 2114 355 DE
2159 288 2467 355 SPIRlTU
2516 291 2819 357 SANCTO
2859 288 2935 350 ιι.
3646 287 3805 350 1010

384 427 612 504 Κύριος,
645 424 720 490 ὥς
771 447 934 505 φησιν
991 429 1256 503 Ἱερεμίας
1308 431 1336 486 ὁ
1388 431 1700 507 προφήτηςο
1762 426 1853 483 καὶ
1910 444 2010 498 περ

2147 427 2326 498 pheta
2354 427 2437 495 7";
2471 426 2663 498 deque
2709 425 2930 500 Spiritu
2987 426 3191 478 sancto
3226 438 3240 476 :
3287 419 3605 479 Paractetus
3648 435 3800 487 vero,

385 521 485 572 τοῦ
515 515 677 591 ἁγίου
712 515 1047 590 Πνεύματος,
1084 519 1146 575 Ὀ
1207 516 1264 574 δὲ
1323 518 1709 594 Ηαράκλητος,
1766 517 1831 571 τὸ
1888 517 2015 572 Πνεῐ

2164 516 2408 588 Spiritus
2437 524 2656 573 sanctus
2684 515 2752 587 ⁷8,
2784 520 2852 572 ut
2882 513 3104 569 dictum
3136 512 3268 584 est),
3302 510 3447 566 ordo
3476 515 3674 565 autem
3702 509 3803 580 qui

389 626 467 678 μα
494 606 559 660 τὸ
590 607 768 681 ἅγιον,
799 606 874 668 ὡς
908 604 1166 679 εἴρηται),
1219 609 1320 677 τῆς
1376 604 1435 662 δὲ
1485 607 1539 662 ὲν
1594 609 1664 681 τῇ
1719 605 1899 660 πίστει
1955 603 2015 658 τά

2163 608 2225 662 in
2256 606 2371 663 ﬁde
2404 613 2493 663 est
2520 607 2794 681 religiose
2826 603 3168 660 intellectus
3198 603 3298 673 (4),
3331 601 3511 656 etiam
3566 597 3807 654 Sabellii

384 699 517 769 ξεως
545 691 781 760 εὐσεϐῶς
810 698 1139 771 νοουμὲνης,
1169 699 1261 752 καὶ
1310 699 1408 767 τὴν
1473 692 1784 754 Σαϐελλίου
1833 692 2015 764 πλάνη

2163 713 2425 753 errorem
2453 696 2685 769 ableget
2712 713 2726 761 ;
2758 694 2832 750 ad
2864 710 2933 748 ea
2964 709 3094 764 quas
3120 706 3280 745 nunc
3313 694 3527 763 urgent
3556 692 3614 744 et
3643 685 3806 742 vobis

382 784 818 858 ιίιτιτελαυνούσης⁹
880 786 1265 860 ἐπανέλθωμεν
1323 792 1402 861 τῷ
1451 786 1608 864 λόγῳ
1656 786 1795 861 πρὸς
1848 786 1912 840 τὸ
1958 787 2015 839 νῦ

2159 786 2559 843 conducibilia
2588 790 2746 854 sunt,
2779 786 3108 839 revertatur
3144 778 3351 835 oratio.

380 882 737 953 κατεπεῖγον,
765 876 855 931 καὶ
887 876 1015 949 ὑμῖν
1048 877 1349 954 συμφέρον.

464 967 588 1022 AE‘.
620 964 801 1021 Βλὲπε
832 967 908 1039 μή
940 986 1073 1021 ποτε
1128 967 1267 1021 κατὰ
1319 965 1412 1020 τὸν
1477 966 1705 1038 Σίμωνα
1762 962 2015 1039 προσέρχ

2225 965 2446 1020 XXXV.
2480 968 2649 1030 Cave,
2692 979 2768 1019 ne
2818 960 3056 1033 quando
3105 956 3362 1014 Simonis
3414 956 3685 1028 exemplo
3726 956 3799 1012 ad

387 1060 508 1117 τοῖς
561 1054 913 1130 βαπτίζουσιν
974 1055 1430 1129 ὑποκρινόμενος,
1460 1056 1495 1124 ἠ
1529 1052 1588 1110 δὲ
1613 1051 1812 1129 καρδία
1855 1074 1951 1108 σου
1982 1074 2009 1107 ο

2151 1054 2432 1126 baptismi
2462 1054 2769 1109 ministros
2802 1050 3115 1107 simulatus
3147 1046 3414 1112 accedas,
3443 1062 3546 1101 cor
3601 1051 3799 1102 autem

386 1148 527 1219 ζητῇ
562 1147 637 1216 (1)
668 1146 767 1212 νήν
800 1142 1086 1214 ἀλήθειαν.
1116 1144 1412 1220 Ἠμὲτερον
1443 1145 1507 1200 τὸ
1548 1140 2015 1219 διαμαρτύρασθαι

2152 1149 2318 1199 tuum
2348 1143 2653 1200 veritatem
2685 1159 2803 1198 non
2830 1141 3113 1212 requirat.
3148 1137 3215 1174 ⁷⁸⁸
3243 1140 3517 1193 Nostrum
3547 1141 3638 1193 est
3660 1152 3804 1191 con-

386 1233 476 1287 σὸν
509 1231 567 1287 δὲ
595 1234 658 1287 τὸ
691 1232 1103 1309 ἀσφαλίζεσθαι.
1139 1232 1205 1291 Εἰ
1244 1230 1475 1305 ἕστηκας
1524 1232 1576 1287 ἐν
1600 1234 1802 1302 πίστει,
1857 1232 2015 1306 μακά-

2150 1234 2374 1302 testari,
2410 1239 2577 1289 tuum
2604 1238 2804 1288 autem
2855 1245 3081 1287 cavere.
3145 1228 3201 1283 Si
3262 1226 3497 1284 steteris
3550 1227 3612 1281 in
3662 1224 3800 1291 ﬁde,

385 1342 502 1398 ριος
531 1320 847 1397 τυγχάνεις·
882 1320 927 1376 εἰ
958 1322 1245 1385 πέπτωκας
1306 1322 1358 1377 ἐν
1417 1320 1661 1393 ἀπιστίᾳ,
1720 1320 1880 1397 ῥῖψον
1937 1321 2015 1388 τήε

2146 1322 2356 1378 beatus
2388 1339 2449 1378 es
2475 1340 2489 1389 ;
2523 1322 2568 1377 si
2602 1338 2671 1377 ex
2702 1320 3056 1375 inﬁdelitate
3082 1317 3393 1384 cecideris,
3418 1317 3547 1388 jam
3579 1314 3651 1371 ab
3683 1315 3796 1370 hoc

381 1411 637 1466 ἀπιστίαν
667 1410 775 1466 ἀπὸ
804 1415 904 1477 τῆς
936 1414 1200 1488 σήμερον,
1231 1412 1321 1467 καὶ
1379 1409 1864 1486 πληροφορήθητι.
1924 1412 2005 1466 Κα

2146 1411 2242 1466 die
2272 1410 2689 1467 inﬁdelitatem
2720 1409 2933 1482 abjice,
2967 1413 3025 1462 et
3054 1406 3287 1462 ﬁrmam
3316 1405 3497 1460 indue
3545 1420 3795 1476 persua-

381 1500 448 1555 τᾶ
477 1498 579 1575 γὰρ
607 1500 700 1555 τὸν
731 1500 922 1576 καιρὸν
951 1503 1051 1555 τοῦ
1095 1500 1492 1575 βαπτίσματος,
1548 1500 1672 1554 ὅταν
1723 1497 2015 1572 προσέλθῃ.

2144 1500 2394 1556 sionem.
2430 1502 2574 1555 Nam
2607 1499 2764 1555 circa
2822 1504 3055 1570 tempus
3109 1494 3507 1566 baptismatis,
3553 1492 3792 1565 quando

380 1588 607 1645 ἐπὶτῶν
657 1584 971 1644 ἐπισκόπων
1030 1592 1127 1663 (2),
1185 1586 1223 1660 ἤ
1265 1584 1671 1666 πρεσϐυτέρων,
1701 1586 1738 1656 ἤ
1770 1583 2015 1643 διακόνωε

2141 1589 2465 1645 accesseris
2495 1589 2568 1644 ad
2599 1588 2931 1660 episcopos,
2967 1586 3054 1641 vel
3084 1584 3484 1657 presbyteros,
3515 1583 3607 1636 vel
3665 1581 3793 1637 dia-

380 1679 725 1754 (ἁπανταχοῦ
756 1678 859 1754 γὰρ
887 1680 922 1748 ἡ
956 1679 1141 1754 χάρις,
1172 1679 1264 1734 καὶ
1312 1677 1364 1734 ἐν
1414 1679 1650 1750 κώμαις,
1699 1676 1787 1732 καὶ
1836 1674 1889 1732 ἐν
1926 1676 2015 1731 πό-

2140 1694 2321 1734 conos
2351 1677 2648 1748 (omnibus
2680 1692 2937 1747 namque
2969 1674 3116 1729 locis
3150 1672 3324 1728 datur
3379 1671 3569 1745 gratia
3616 1674 3676 1725 et
3726 1670 3789 1724 in

378 1763 516 1821 λεσι·
549 1766 641 1821 καὶ
672 1766 760 1821 ἐπὶ
796 1764 1035 1821 ἰδιωτῶν
1064 1764 1156 1821 καί
1185 1764 1523 1842 ἐλλογίμων,
1555 1765 1644 1820 καὶ
1676 1764 1764 1820 ἐπὶ
1814 1762 2015 1820 δούλωι

2137 1768 2303 1840 pagis
2328 1772 2385 1821 et
2406 1767 2466 1820 in
2486 1765 2735 1821 urbibus
2759 1770 2816 1819 et
2835 1781 2942 1836 per
2962 1763 3272 1835 imperitos
3294 1766 3353 1816 et
3371 1777 3477 1833 per
3502 1759 3787 1826 eruditos,

374 1856 466 1913 καί
522 1855 847 1931 ἐλευθέρων·
909 1853 1097 1926 ἐπειδὴ
1160 1856 1261 1911 οὐκ
1315 1856 1366 1926 ἐξ
1422 1854 1791 1927 ἀνθρώπωνὴ
1842 1856 2015 1929 χάρις

2140 1863 2198 1913 et
2218 1874 2323 1927 per
2335 1873 2531 1911 servos
2544 1872 2610 1911 ac
2633 1854 2882 1910 liberos:
2904 1852 3385 1925 quandoquidem
3406 1867 3526 1905 non
3555 1853 3643 1905 est
3664 1848 3791 1903 haec

376 1944 509 2002 ἀλλ’
539 1946 598 2001 ἐκ
626 1950 761 2003 Θεοῦ
789 1944 860 2001 δι’
895 1946 1196 2021 ἀνθρώπων
1229 1948 1264 2016 ἡ
1298 1946 1491 2019 δόσις)·
1550 1944 1613 1999 σὺ
1660 1946 1755 2018 μὲν
1795 1943 2015 2020 προσέρ-

2136 1962 2207 2001 ex
2238 1946 2391 2003 282
2423 1943 2767 2000 hominibus
2797 1944 3010 2017 gratia,
3044 1941 3149 1998 sed
3180 1958 3214 1997 a
3244 1942 3365 1996 Deo
3394 1956 3502 2012 per
3516 1939 3789 1994 homines

378 2054 484 2112 χου
512 2041 592 2108 τῷ
625 2036 962 2111 βαπτίζοντι·
994 2035 1313 2112 προσὲρχου
1345 2033 1426 2106 δὲ,
1486 2036 1562 2107 μὴ
1612 2036 1903 2110 προσέχων
1948 2037 2015 2105 τᾷ

2135 2033 2291 2091 facta
2315 2034 2570 2106 largitio)
2590 2031 2668 2101 ;’⁷⁹
2690 2038 2754 2088 tu
2782 2034 2985 2104 itaque
3018 2030 3092 2086 ad
3121 2030 3519 2102 baptizantem
3548 2028 3785 2095 accede,

374 2126 657 2200 προσώπῳ
684 2130 783 2180 τοῦ
814 2124 1170 2203 φαινομένου,
1229 2123 1375 2180 ἀλλὰ
1425 2125 1677 2198 μέμνησο
1723 2127 1821 2178 τοῦ
1858 2122 2015 2180 Ilvati-

2134 2122 2349 2180 accede
2372 2139 2506 2179 vero
2538 2122 2610 2178 ad
2630 2123 2859 2178 vultum
2880 2120 3135 2176 visibilis
3156 2120 3418 2175 hominis
3440 2119 3785 2174 nullatenus

374 2234 545 2290 ματος
570 2218 668 2269 τοῦ
696 2213 856 2290 ἁγίου
886 2213 1084 2269 τούτου
1134 2212 1259 2286 περὶ
1320 2214 1382 2268 οὗ
1428 2215 1522 2268 νῦν
1555 2214 1583 2268 ὁ
1614 2211 1803 2287 λόγος.
1852 2214 2015 2268 Τοῦτε

2134 2212 2486 2279 attendens;
2519 2211 2624 2267 sed
2650 2228 2881 2266 memor
2909 2215 3032 2265 esto
3074 2209 3253 2281 hujus
3292 2209 3545 2281 Spiritus
3594 2206 3783 2263 sancti

368 2305 471 2377 γὰρ
501 2302 726 2377 ἕτοιμον
758 2302 983 2377 πάρεστι
1029 2301 1318 2382 σφραγίσαι
1365 2324 1462 2357 σου
1516 2308 1616 2372 τήν
1668 2303 1875 2377 ψυχήν⁵
1936 2299 2026 2356 καὶ

372 2389 562 2447 δίδωσι
595 2395 668 2467 (3)
698 2389 967 2470 σφραγῖδα
1023 2390 1090 2461 ἢν
1149 2392 1410 2466 τρέμουσι
1469 2388 1741 2463 δαίμονες,
1794 2388 2026 2463 ἐπουρά-

370 2481 486 2537 νιὸν
517 2503 642 2537 τινα
692 2483 784 2538 καὶ
840 2480 1007 2551 θείαν,
1064 2481 1244 2543 καθὼς
1299 2480 1389 2535 καὶ
1447 2478 1771 2556 γέγραπται·
1830 2480 1918 2537 Ἐν
1978 2480 2025 2552 ᾧ

369 2572 461 2626 καὶ
523 2570 925 2640 πιστεῦσαντες,
1010 2569 1405 2649 ἐσφραγίσθητε
1460 2574 1540 2642 τῷ
1598 2569 1874 2643 Ηνεύματι
1924 2575 2025 2639 τῆς

372 2657 695 2737 ἱπαγγελίας
725 2665 804 2734 τῷ
834 2659 993 2736 ἁγίῳ.

443 2843 551 2909 AC‘.
587 2839 765 2896 Ἀλλά
795 2837 1079 2913 δοκιμάζει
1111 2839 1209 2907 τὴν
1267 2839 1477 2915 ψυχὴν,
1527 2838 1591 2893 οὐ
1645 2835 1839 2912 βάλλει
1895 2835 2023 2900 τοὺς

371 2925 707 3005 μαργαρίτας
739 2926 1045 3003 ἔμπροσθεν
1074 2932 1184 2982 τῶν
1219 2927 1448 3004 χοίρων.
1483 2926 1547 2984 Εἰ
1584 2927 1869 3002 ὑποκρίνῃ,
1928 2931 2020 2982 νῦν

360 3014 653 3093 ἄνθρωποί
686 3039 742 3074 σε
776 3020 1123 3094 βαπτίζουσι,
1148 3018 1212 3073 τὸ
1243 3015 1302 3073 δὲ
1350 3016 1570 3090 Πνεῦμά
1617 3037 1674 3072 σε
1704 3017 1770 3072 οὗ
1822 3016 2021 3092 βαπτί-

2132 2303 2206 2358 de
2237 2319 2353 2373 quo
2384 2318 2542 2357 nunc
2573 2302 2848 2357 dicimus.
2883 2300 2986 2356 Hic
3013 2299 3173 2355 enim
3203 2304 3445 2372 paratus
3466 2297 3652 2366 adest,
3679 2296 3780 2368 qui

2133 2391 2394 2448 animam
2427 2397 2587 2447 tuam
2646 2391 2992 2464 consignet:
3054 2389 3335 2461 dabitque
3388 2387 3497 2443 tibi
3542 2386 3782 2442 cmleste

2132 2480 2431 2553 quoddam
2464 2485 2523 2535 et
2552 2480 2841 2545 divinum,
2888 2479 3046 2551 quod
3103 2478 3403 2534 daamones
3454 2475 3779 2532 contremi-

2130 2575 2326 2639 scunt,
2358 2570 2771 2644 signaculum:
2805 2570 2889 2626 uti
2923 2574 2982 2625 et
3032 2570 3325 2642 scriptum
3381 2571 3506 2623 est:
3562 2568 3623 2620 In
3674 2580 3782 2635 quo

2130 2662 2293 2716 etiam
2324 2676 2442 2716 cum
2473 2659 2838 2729 credideritis,
2873 2660 3147 2729 obsignati
3202 2659 3326 2715 estis
3378 2658 3597 2730 Spiritu
3639 2670 3781 2726 pro-

2128 2752 2401 2806 missionis
2427 2757 2614 2806 sancto
2643 2748 2709 2805 '9.

2200 2839 2447 2895 XXXVI.
2482 2841 2696 2894 Verum
2754 2837 2966 2911 probat
3021 2838 3305 2900 animam.
3365 2853 3487 2893 non
3542 2834 3783 2909 projicit

2129 2928 2480 3001 margaritas
2511 2933 2649 2982 ante
2679 2944 2890 2999 porcos
2919 2927 3037 2982 8‘."
3066 2928 3123 2983 Si
3151 2928 3324 2982 ﬁctus
3353 2925 3777 2993 accedis,nunc

2129 3016 2371 3088 quidem
2404 3022 2460 3071 te
2490 3016 2873 3088 baptizabant
2901 3017 3195 3085 homines,
3229 3022 3289 3071 at
3304 3016 3556 3088 Spiritus
3578 3020 3633 3071 te
3658 3027 3779 3068 non

362 3129 462 3164 cm.
498 3109 619 3163 Ἐὰν
671 3105 727 3163 δὲ
790 3106 850 3163 ἐκ
907 3108 1139 3170 πίστεως
1192 3105 1524 3183 προσέλθῃς,
1581 3104 1861 3181 ἄνθρωποι
1925 3106 2015 3179 μὶν

2134 3104 2491 3178 baptizabit;
2527 3105 2574 3161 si
2613 3122 2748 3161 vero
2800 3123 2872 3162 ex
2932 3106 3046 3162 ﬁde
3104 3106 3447 3175 accesseris,
3506 3105 3780 3160 homines

363 3197 725 3274 ὑπηρετοῦσιν
756 3196 836 3259 εἶς
867 3196 929 3251 τὸ
955 3159 1311 3274 φαινόμενον,
1367 3159 1585 3270 Ηνέέμα
1637 3159 1695 3250 δέ
1738 3197 1888 3272 ἅγιον
1925 3159 2015 3250 ι’δί-

2134 3194 2376 3267 quidem
2407 3200 2699 3265 quantum
2730 3195 2804 3251 ad
2836 3195 2895 3251 id
2927 3195 3085 3268 quod
3107 3196 3294 3251 oculis
3316 3195 3578 3251 cernitur
3597 3192 3779 3248 mini-

365 3284 500 3341 δωσι
529 3287 592 3340 τὸ
627 3286 704 3360 μὴ
737 3285 1086 3365 φαινόμενον.
1121 3286 1212 3349 Εἷς
1275 3284 1521 3361 μεγάλην
1572 3284 1805 3356 ἐξέτασιν
1852 3282 2016 3360 ἔρχῃ,

360 3375 438 3438 εἷς
471 3373 719 3452 μεγάλην
752 3374 1179 3451 στρατολογίαν,
1223 3375 1363 3431 κατὰ
1412 3376 1516 3447 τὴν
1570 3376 1697 3449 μίαν
1749 3373 1915 3452 ὥραψ
1948 3375 2015 3444 ἢν

364 3463 452 3520 ἐὰν
513 3464 811 3540 ἀπολέσῃς,
871 3463 1247 3539 ἆκατόρθωτόν
1307 3485 1394 3518 σοι
1448 3463 1511 3520 τὸ
1562 3463 1751 3519 κακόν·
1812 3462 1900 3518 ἐὰν
1961 3459 2018 3517 δὲ

363 3553 701 3628 καταξιωθῇς
730 3557 830 3625 τῆς
859 3554 1109 3630 χὰριτος,
1144 3552 1433 3628 φωτίζεται
1463 3573 1559 3610 σου
1588 3555 1625 3624 ἡ
1657 3553 1835 3629 ψυχὴ,
1868 3549 2016 3625 λαμ-

435 3680 479 3716 ⁷⁷
508 3680 723 3736 Thren.
757 3696 834 3747 xv,
863 3679 953 3735 20.
1052 3679 1097 3714 ’⁸⁸
1125 3680 1288 3735 Joan.
1322 3696 1438 3749 xxv,
1468 3682 1557 3735 26.

1663 3678 1733 3714 ἠ’
1763 3679 1986 3735 Procat.
2018 3694 2078 3732 η.
2107 3680 2194 3732 16.

2130 3283 2404 3340 strabunt
2432 3286 2544 3356 (5);
2578 3284 2831 3357 Spiritus
2861 3302 2995 3341 vero
3051 3291 3293 3343 sanctus
3346 3284 3407 3340 id
3458 3283 3618 3357 quod
3661 3282 3771 3338 sub

2128 3379 2434 3444 aspectum
2460 3390 2583 3430 non
2640 3373 2817 3445 cadit,
2876 3373 3121 3431 daturus
3176 3382 3284 3432 est.
3342 3375 3433 3432 Ad
3490 3387 3771 3447 magnum

2129 3480 2399 3533 examen,
2432 3482 2659 3539 magnae
2698 3466 2761 3521 in
2791 3464 3019 3521 militias
3049 3467 3366 3535 delectum,
3394 3466 3573 3522 unius
3610 3464 3773 3520 horai

2128 3554 2377 3610 articulo
2408 3556 2604 3611 venis:
2639 3572 2819 3628 quam
2848 3556 3057 3613 horam
3088 3558 3137 3613 si
3168 3557 3275 3613 tibi
3304 3557 3500 3631 perire
3529 3554 3772 3629 pateris,

2298 3679 2345 3714 7’
2380 3680 2503 3736 Vid.
2534 3682 2756 3737 Procat.
2812 3698 2869 3736 η.
2924 3684 3012 3751 15,
3062 3687 3114 3736 et
3157 3687 3264 3738 cat.
3322 3683 3375 3750 3,
3427 3698 3486 3740 η.
3541 3684 3573 3736 3
3621 3687 3673 3736 et
3712 3683 3770 3737 4.

364 3752 411 3788 ⁸ο
438 3752 652 3824 Ephes.
685 3768 727 3821 ι,
762 3754 848 3807 13.
926 3749 973 3788 ⁸¹
1006 3751 1207 3807 Matth.
1241 3767 1335 3819 vn,
1368 3754 1421 3808 6.
1498 3750 1548 3785 ⁸³
1582 3751 1698 3809 Vid.
1730 3752 1954 3806 Procat.
1980 3766 2015 3805 η

2134 3756 2189 3804 et
2217 3751 2270 3804 4.

361 3877 466 4004 git,
499 3878 720 3957 Πνιεῦμα
749 3875 1073 3958 προσώπου,
1103 3877 1347 3947 Spiritus
1374 3877 1564 3945 faciei,
1615 3876 2014 3948 quemadmo-

403 3964 504 4003 um
535 3953 750 4003 citatur
779 3949 877 4003 hic
910 3947 1075 4003 locus
1107 3953 1219 4003 cat.
1257 3950 1343 4004 13.
1377 3964 1437 4004 n.
1470 3952 1522 4003 7.

403 3964 504 4003 um
535 3947 750 4003 citatur
779 3947 877 4003 hic
910 3947 1075 4003 locus
1107 3953 1219 4003 cat.
1257 3950 1343 4013 13,
1377 3964 1437 4004 n.
1470 3952 1522 4003 7.

432 4020 515 4093 (1)⁸
539 4017 616 4074 Οὐ
651 4020 810 4091 ζητῇ.
847 4019 1000 4093 Editi
1033 4024 1091 4074 et
1120 4018 1223 4075 alii
1253 4019 1510 4093 codices,
1546 4022 1718 4089 ζητεῖ,
1753 4019 1913 4093 quod
1941 4019 2011 4093 1;.

360 4090 697 4147 brariorum
725 4090 1014 4146 mendum
1046 4107 1174 4147 esse
1206 4107 1326 4146 non
1358 4091 1720 4162 dubitantes,
1753 4090 2017 4148 correxi—

365 4178 522 4218 mus.

2127 3868 2321 3928 δίδωσί
2349 3895 2457 3944 σοι,
2486 3878 2640 3933 dabit
2669 3880 2792 3933 tibi.

2196 3946 2274 4018 (4)
2304 3948 2450 4003 Ordo
2480 3952 2579 4019 qui
2608 3952 2667 4004 in
2695 3951 2802 4019 ﬁde
2830 3956 2907 4004 est
2948 3950 3043 4018 pie
3099 3948 3426 4005 intellectus.
3489 3949 3769 4006 Sufﬁcere

2126 4018 2211 4074 ait
2239 4019 2312 4074 ad
2343 4018 2770 4077 confutandum
2799 4021 3144 4085 Sabellium,
3177 4020 3450 4076 ordinem
3478 4021 3770 4077 articulo-

2126 4106 2260 4165 rum
2275 4091 2533 4162 Symboli
2558 4099 2715 4149 recte
2742 4093 3280 4149 intellectum.Tres
3299 4093 3459 4165 enim
3479 4110 3770 4165 personas,

2130 4163 2254 4218 suis
2283 4180 2535 4234 quaeque
2566 4165 3006 4220 cbaracteribus
3036 4165 3352 4231 distinctae,
3384 4163 3522 4220 ﬁdei
3554 4171 3772 4221 nostra:

434 4236 504 4304 (2)
564 4233 851 4308 ’Exi_1&39
901 4230 1233 4308 ἐπισκόπων,
1320 4238 1430 4308 etc.
1529 4234 1849 4291 Grodecius
1900 4239 2015 4308 tres

2134 4230 2565 4308 proponuntur.
2597 4237 2947 4308 IpsaiPatris
2978 4242 3036 4292 et
3064 4237 3195 4291 Filii
3227 4230 3473 4292 nomina
3512 4236 3775 4293 diversas

362 4305 497 4361 illas
528 4322 698 4377 voces
724 4306 785 4361 in
815 4304 1136 4362 accusandi
1168 4321 1309 4360 casu
1342 4305 1490 4377 sing.
1516 4306 2016 4363 num.videturle-
2046 4306 2094 4369 D
2124 4304 2410 4376 personas
2433 4304 2643 4362 animo_
2659 4307 3045 4363 substituunt.
3079 4308 3225 4363 Filio
3249 4308 3359 4363 soli
3386 4309 3668 4364 tribuitur
3688 4309 3775 4363 in-

361 4378 536 4450 gisse,
564 4376 652 4431 ὲπὶ
681 4378 772 4432 τὸν
805 4376 1124 4444 ἐπίσκοπον,
1158 4382 1293 4444 etc.,
1314 4376 1555 4450 vertens
1578 4379 1653 4433 ad
1680 4381 2011 4449 episcopum,

362 4448 459 4503 iiut
485 4450 885 4521 presbyterum,
916 4456 1015 4505 aut
1044 4450 1356 4521 diaconum.
1392 4450 1518 4521 Non
1542 4448 2018 4521 leviterprteter-

363 4520 558 4592 eunda
585 4522 856 4577 varietas.
882 4522 1181 4586 Quosnam
1205 4519 1365 4575 enim
1387 4520 1697 4592 episcopos
1719 4519 1795 4577 ab
1812 4521 2016 4576 Hiero-

364 4591 718 4666 solymitano
747 4594 1010 4666 diversos
1040 4592 1203 4666 adire
1236 4597 1513 4666 ppterant
1540 4591 1609 4666 ut
1644 4592 2016 4666 baptizaren-

367 4662 478 4728 tur,
512 4663 551 4718 ii
583 4665 683 4735 qui
735 4665 1159 4735 Hierosolymis
1191 4662 1472 4735 a’Cyrillo
1522 4664 1596 4720 ad
1644 4662 2013 4736 baptismum

363 4737 851 4807 prmparabantur
869 4736 896 4791 ?
918 4738 1233 4808 Receptam
1249 4741 1447 4791 tamen
1469 4736 1785 4793 lectionem
1809 4753 1884 4791 ne
1900 4736 2014 4791 im-

362 4814 749 4871 mutaremus,
783 4808 972 4863 suasit
1000 4824 1274 4880 sequens
1288 4808 1520 4880 phrasis
1546 4808 1609 4863 in
1641 4808 1871 4880 plurale
1903 4824 2011 4863 nu-

362 4894 531 4952 mero
555 4881 779 4952 pariter
806 4877 1228 4952 expressa—ini
1263 4877 1521 4952 ἰδιωτῶν,
1566 4877 1676 4936 etc.
1733 4883 2014 4935 Poterant

361 4950 537 5025 vicini
558 4950 829 5025 episcopi
863 4950 2011 5025 ilierosolymam_accedere,episcopum

362 5021 474 5097 l_oci
497 5023 558 5077 in
580 5021 944 5097 conferendo
966 5021 1260 5097 baptismo
1287 5022 1577 5097 adjuturi;
1604 5021 2011 5097 vel—baptizan-

361 5093 466 5149 dos
489 5111 628 5150 suos
647 5111 715 5151 eo
748 5092 1158 5149 instructionis
1187 5092 1374 5149 causa
1396 5095 1650 5155 mittere.
1688 5092 1812 5151 suis
1841 5095 2009 5151 dein-

360 5164 431 5220 de
453 5166 514 5221 in
536 5166 815 5221 Ecclesiis
840 5163 2012 5237 baptizandos;quemadmodumpresby-

360 5237 469 5292 teri
494 5244 553 5293 et
571 5238 807 5293 diaconi
830 5252 1114 5308 pagorum
1138 5242 1397 5308 rectores
1419 5253 1489 5308 ex
1512 5237 1776 5308 hociloco
1808 5237 2011 5292 viden-

361 5314 457 5364 tur
483 5309 716 5365 fecisse.
752 5306 931 5374 Nota,
952 5323 1077 5379 non
1108 5306 1258 5361 alios
1289 5307 1587 5362 nominari
1635 5307 2010 5379 baptismatis

359 5380 686 5447 ministros,
715 5382 932 5460 printer
960 5378 1293 5460 episcopos,
1323 5378 1788 5460 presbyteros’et
1808 5378 2008 5460 diaco-

360 5468 507 5522 nos;
541 5448 795 5522 quorum
827 5448 1013 5522 aliqui
1043 5448 1392 5504 non’idiotaa
1422 5448 1619 5521 modo,
1648 5450 1752 5506 sed
1796 5457 1855 5506 et
1884 5468 2006 5506 ser-

361 5521 492 5577 vilis
523 5519 884 5577 conditionis
916 5524 1136 5575 essent.

431 5593 505 5668 (3)
539 5589 761 5661 Δίδωσι,
794 5595 905 5661 etc,
938 5591 1116 5648 Codd.
1152 5594 1292 5664 Roe,
1320 5592 1567 5650 Casaub.
1630 5599 1687 5650 et
1737 5594 1959 5651 Grodec
1985 5636 2003 5667 ,

2127 4378 2390 4433 carnatio
2408 4384 2467 4432 et
2493 4379 2711 4449 passio.
2747 4379 2781 4432 S
2828 4380 2999 4435 iritus
3029 4385 3269 4435 sanctus
3301 4380 3520 4435 dicitur
3548 4381 3609 4435 in
3633 4398 3771 4452 pro-

2127 4448 2319 4505 phetis
2349 4449 2618 4505 locutus:
2652 4396 3249 4505 auoXaraumentum
3280 4456 3390 4505 est.
3412 4452 3771 4505 insum.non

2166 4448 2319 4503 hetis
2349 4448 2618 4515 locutus;
2652 4448 2812 4524 quod
2832 4456 3249 4524 argumentum
3280 4456 3390 4516 est,
3412 4448 3773 4524 ipsum,_non

2170 4525 2333 4575 atum
2365 4527 2467 4576 aut
2495 4521 3126 4593 operationem'Patris
3174 4528 3233 4577 et
3279 4523 3412 4578 Filii
3437 4521 3612 4593 ’esse,
3665 4523 3772 4579 sed

2123 4592 2415 4647 viventem
2471 4592 2549 4648 eti
2595 4594 2938 4664 loquentem
3014 4610 3352 4665 personam.
3438 4592 3603 4651 Hmc’
3644 4594 3767 4651 fere

2121 4664 2443 4735 Cyrilliana
2473 4666 2791 4722 sententia.

2191 4738 2267 4805 (5)
2300 4738 2559 4792 Homines
2605 4744 2876 4807 quantum
2930 4735 3001 4790 ad
3055 4736 3323 4791 visibilem
3378 4739 3547 4792 ritum
3602 4740 3769 4793 mini-

2121 4812 2319 4871 strant,
2353 4812 2461 4862 etc.
2498 4810 2579 4863 Ex
2612 4808 2702 4862 his
2737 4808 2972 4863 Rivetus
3001 4813 3303 4879 oppugnat
3322 4808 3676 4865 catholicam
3697 4809 3770 4865 de

2121 4880 2334 4933 effectu
2356 4886 2864 4935 sacramentorum
2888 4895 2955 4932 ea:
2975 4893 3134 4947 opere
3152 4886 3377 4949 operata
3405 4880 3765 4938 doctrinam:

2121 4951 2293 5020 quasi
2326 4950 2568 5006 aliunde
2601 4955 3113 5006 sacrumentorum
3136 4951 3459 5021 vim.quam
3482 4952 3554 5008 ab
3576 4952 3770 5009 efﬁca-

2120 5021 2211 5076 cia
2240 5022 2491 5092 Spiritus
2523 5022 2734 5085 sancti,
2785 5021 3079 5076 actionem
3126 5022 3386 5078 ministri
3436 5040 3505 5079 ex
3549 5024 3765 5081 divinis

2118 5092 2616 5164 promissionibus
2645 5093 2987 5159 comitante,
3021 5093 3423 5151 desumamus.
3473 5096 3766 5153 Ceterum

2118 5179 2295 5240 nemo
2352 5164 2467 5240 vim
2527 5164 3049 5240 sacramentalium
3106 5166 3488 5240 materiarum
3545 5169 3765 5240 Cyrillo

2118 5235 2305 5309 magis
2336 5236 2650 5309 ursit,cat.
2677 5239 2730 5304 3,
2762 5253 2824 5292 n.
2855 5238 2886 5290 3
2913 5252 2926 5309 :
2958 5252 3173 5307 aquam
3204 5254 3312 5309 per
3332 5235 3765 5296 invocationem

2118 5305 2443 5374 Trinitatis,
2476 5308 2591 5363 vim
2625 5308 2958 5363 sanctitatis
2986 5305 3293 5380 acquirere
3325 5310 3516 5378 docet,
3542 5318 3651 5367 cat.
3673 5314 3763 5377 21,

2118 5394 2180 5451 n,
2208 5380 2270 5451 _3.
2298 5395 2532 5434 sacrum
2565 5380 2826 5436 chrisma
2880 5385 3016 5451 post
3060 5382 3515 5449 invocationem,
3576 5381 3766 5439 sancti

2121 5449 2391 5532 Spiritus.
2422 5450 2693 5532 efﬁciens
2750 5449 2901 5520 esse,
2959 5459 3204 5525 propter
3252 5454 3580 5510 divinitatis
3639 5455 3768 5524 ejus

2115 5528 2517 5592 prmsentiam,
2555 5529 2666 5579 etc.
