4148 6286
413 336 565 396 1011
1476 327 1539 387 S.
1587 324 1901 388 CYRILLI
1944 317 2109 384 HIEF

2231 320 2357 384 0L.
2402 320 2772 386 ARCHIEP.
3663 332 3832 396 1012

416 463 858 525 inemendabile
889 462 998 518 tibi
1025 461 1249 518 malum
1276 461 1354 535 (1)
1387 478 1401 529 ;
1433 461 1525 517 sin
1554 478 1690 517 vero
1735 462 1923 535 gratia
1975 458 2060 514 di-
2093 473 2109 525 Α

2228 457 2358 520 πίνεις
2414 455 2640 532 δύναμιν
2699 459 2733 528 ἢ
2783 460 2882 516 οὐκ
2931 461 3093 537 εἶχες.
3139 459 3447 538 Λαμϐάνεις
3497 464 3647 522 ὅπλα
3699 489 3833 544 φρι-

419 563 632 631 gnatus
660 555 867 622 fueris,
900 553 1298 609 illustrabitur
1337 553 1538 607 anima
1568 558 1688 622 tua,
1721 553 1838 605 vim
1889 565 2068 621 quam

2228 544 2328 618 ϋδη
2382 553 2498 610 τοῖς
2558 546 2805 622 δαίμοσι’
2872 551 2963 605 καὶ
3020 551 3106 606 ἐὰν
3171 555 3245 626 μὴ
3304 554 3472 630 ῥιψῃς
3525 557 3593 612 τὰ
3651 557 3826 626 ὅπλα,

421 666 544 704 non
574 645 839 701 habebas
867 644 1143 714 accipies.
1175 642 1221 678 ⁸³
1249 647 1430 698 Arma
1459 659 1656 697 sumes
1700 639 2072 696 daemonibus

2228 657 2309 710 ίῃς
2343 641 2417 710 (3)
2446 635 2502 692 δὲ
2529 640 2628 706 τὴν
2675 638 2945 717 σφραγῖδα
3001 641 3087 696 ἐπὶ
3119 646 3323 718 ψυχῆς,
3358 646 3423 699 οὐ
3455 648 3827 722 προσέρχεται

423 736 733 800 terribilia,
769 752 900 805 quae
934 735 982 787 si
1005 751 1125 788 non
1145 733 1454 804 abjeceris,
1480 732 1759 787 habueris
1781 736 1979 785 autem
2009 731 2071 783 in

2228 726 2414 797 κίμων·
2448 729 2674 797 πτήσσει
2705 731 2833 804 γάρ*
2861 730 2951 784 καὶ
2992 729 3059 799 δὴ
3109 730 3162 786 ἐν
3216 737 3494 806 Ηνεύματι
3542 721 3701 791 Θεοῦῗ
3731 735 3828 790 ἐκ-

425 829 626 884 anima
657 825 1027 897 signaculum
1051 827 1150 895 (2),
1185 840 1304 877 non
1326 839 1674 878 accessurus
1697 827 1786 876 est
1806 821 2070 885 daemon;

2228 811 2445 868 ιὶλλεται
2473 835 2539 869 τα
2571 813 2845 889 δαιμόνια.

427 919 674 972 horrore
705 915 865 969 enim
897 914 1183 985 refugiet:
1219 913 1438 984 quippe
1471 929 1604 968 cum
1636 913 1696 966 in
1729 911 1942 983 spiritu
1972 909 2074 964 Dei

429 1005 724 1061 daemonia
755 1004 1071 1075 ejiciantur
1100 1001 1165 1056 3‘.

502 1094 772 1150 XXXVII.
811 1093 866 1147 Si
898 1091 1242 1161 credideris,
1277 1108 1398 1146 non
1430 1091 1622 1146 solum
1662 1088 2075 1144 remissionem

433 1188 811 1256 peccatorum
842 1181 1119 1252 accipies,
1154 1179 1256 1234 sed
1315 1181 1493 1235 etiam
1539 1180 1814 1234 humanis
1857 1177 2076 1231 viribus

435 1273 744 1346 superiora
775 1271 1021 1325 efﬁcies.
1055 1269 1289 1324 Utinam
1321 1286 1456 1323 vero
1505 1270 1683 1324 etiam
1735 1269 1948 1342 dignus
1998 1268 2078 1322 sis

2255 1082 2373 1136 AZ‘.
2405 1081 2533 1138 Ἐὰν
2593 1083 2905 1159 πιστεύσῃς,
2948 1088 3012 1141 οὐ
3059 1089 3224 1161 μόνον
3285 1085 3583 1163 λαμϐάνεις
3642 1089 3831 1170 ἄφεσιν

2185 1171 2487 1257 ἁμαρτιῶν,
2538 1169 2684 1226 ἀλλᾶ
2712 1179 2888 1237 ποιεῖς
2945 1178 3034 1230 καὶ
3091 1179 3158 1233 τὰ
3215 1179 3347 1253 ὑπὲρ
3403 1180 3839 1257 ἄνθρωπον·γὲ-

2183 1279 2342 1313 νοιτο
2374 1256 2431 1314 δὲ
2463 1281 2518 1314 σε
2549 1258 2692 1332 ἄξιον
2721 1263 2854 1317 εἶναι
2911 1267 3001 1319 καὶ
3063 1273 3406 1344 προφητικοῦ
3465 1256 3830 1345 χαρίσματος.

439 1341 762 1433 prophetiae
791 1361 968 1414 dono.
1028 1360 1276 1413 Tantum
1337 1359 1495 1412 enim
1543 1341 1814 1428 accipies
1854 1358 2076 1429 gratia),

2228 1341 2497 1419 αμϐἀνεις
2529 1349 2631 1422 γὰρ
2659 1356 2916 1407 τοσοῦτον
2966 1360 3065 1423 τῆς
3109 1341 3379 1430 Ῠχαριτος,
3438 1341 3565 1412 ὅσον
3599 1341 3828 1434 χ-ώρεῖς,

445 1456 734 1521 quantum
785 1464 995 1519 capere
1020 1448 1328 1518 poteris,et
1347 1465 1465 1501 non
1488 1455 1778 1517 quantum
1802 1463 1905 1517 ego
1919 1447 2078 1512 dico;

2228 1435 2275 1489 αὶ
2308 1435 2417 1511 οὐχ
2445 1436 2568 1491 ὅσον
2602 1437 2712 1513 ἐγὼ
2744 1440 2907 1515 λέγω.
2963 1445 3233 1519 Ἐγχωρεῖ
3284 1447 3387 1520 γὰρ
3447 1449 3544 1520 ἐμὲ
3607 1449 3701 1519 μὶν
3739 1471 3830 1520 μι-

446 1539 575 1594 ﬁeri
608 1540 765 1592 enim
796 1543 991 1609 potest
1023 1554 1116 1592 me
1148 1553 1326 1607 parva
1355 1537 1572 1603 dicere,
1609 1543 1662 1589 te
1694 1553 1825 1591 vero
1856 1536 2084 1607 majora

2228 1526 2293 1598 ρὰ
2325 1523 2523 1600 λέγειν,
2559 1528 2616 1581 σὲ
2673 1525 2730 1582 δὲ
2787 1531 3006 1600 μείζονα
3065 1529 3379 1606 λαμϐάνειν·
3444 1533 3633 1604 ἐπειδὴ
3693 1557 3831 1611 πρα-

443 1630 710 1698 accipere
739 1645 751 1680 :
785 1627 1067 1697 quoniam
1099 1632 1432 1680 mercatura
1464 1627 1734 1697 qumdam
1770 1625 1967 1696 ampla
1997 1629 2086 1679 est

2235 1616 2428 1685 ματεία
2485 1615 2718 1671 πλατεῖα
2773 1623 2806 1688 ἡ
2866 1622 3045 1683 πίστις
3104 1627 3198 1696 (4).
3257 1627 3564 1700 Παραμὲνει
3622 1647 3708 1680 σοι
3746 1624 3836 1680 διὰ

444 1717 610 1780 ﬁdes,
645 1716 1025 1770 Permanebit
1054 1715 1155 1768 tibi
1183 1716 1404 1787 jugiter
1434 1721 1632 1769 custos
1663 1732 1729 1769 ac
1785 1715 2082 1781 defensor,

2228 1705 2390 1766 raw-t6:
2426 1707 2452 1759 6
2485 1708 2724 1782 φρουρὸς
2755 1711 2782 1762 6
2814 1709 3192 1785 Παράκλητος·
3248 1715 3370 1790 περὶ
3431 1720 3526 1770 σοῦ
3579 1721 3838 1790 μεριμνᾷ,

449 1805 789 1860 Paracletus
817 1823 828 1858 :
853 1804 898 1840 8⁸
921 1804 990 1857 de
1019 1810 1072 1858 te
1095 1805 1179 1858 uti
1205 1804 1276 1857 de
1309 1805 1547 1875 proprio
1579 1805 1768 1859 milite
1798 1804 2088 1858 sollicitus

2228 1794 2374 1870 ὣσπερ
2409 1793 2551 1849 ἰδίου
2581 1801 2932 1871 στρατιῶτου·
2967 1801 3088 1876 περὶ
3147 1807 3254 1857 τῶν
3314 1801 3537 1858 εἰσόδων
3597 1825 3715 1872 σου,
3747 1805 3841 1859 καὶ

2301 1886 2311 1898 .
2384 1889 2410 1899 η.
2489 1883 2603 1901 ,μδ
2955 1889 2966 1901 .
3131 1890 3142 1901 .
3218 1896 3244 1901 μ
3348 1893 3362 1901 .
3443 1888 3469 1901 ρ
3541 1892 3559 1901 -
3659 1895 3669 1901 .

447 1897 579 1958 erit,
613 1895 683 1948 de
715 1895 1082 1965 ingressibus
1113 1894 1250 1958 tuis,
1284 1902 1341 1948 et
1367 1895 1437 1949 de
1472 1895 1834 1966 ingressibus
1854 1893 1994 1961 “,et
2015 1892 2086 1946 de

2228 1886 2314 1958 ἐρὶ
2347 1889 2451 1938 τῶν
2486 1883 2680 1957 ἐξόδων
2715 1909 2831 1960 σου,
2880 1889 2969 1943 καὶ
3022 1890 3147 1965 περὶ
3177 1896 3282 1946 τῶν
3345 1888 3836 1949 ἐπιϐουλευόντων⁸

448 1984 868 2038 insidiantibus
900 2001 912 2050 ;
948 1983 1312 2054 daturusque
1343 1983 1450 2037 tibi
1483 1989 1574 2038 est
1619 1984 1814 2037 omnis
1855 1981 2086 2054 generis

2229 1972 2280 2025 αὶ
2314 1969 2505 2026 δίδωσί
2537 1993 2618 2027 σοι
2677 1977 2935 2039 παντοίας
2988 1982 3345 2054 χαρισμάτων
3402 1978 3601 2051 δόσεις,
3636 1982 3722 2036 ἐὰν
3764 1983 3840 2054 μή

448 2076 769 2148 gratiarum
801 2075 978 2144 dona,
1013 2074 1061 2128 si
1093 2091 1211 2128 non
1241 2073 1410 2128 illum
1442 2091 1548 2144 per
1585 2078 1890 2144 peccatum
1945 2087 2087 2126 con-

2233 2062 2264 2114 ι’
2295 2061 2562 2136 ἁμαρτίας
2591 2063 2750 2118 αὐτὸν
2787 2062 3058 2142 λυπήσῃς’
3110 2069 3408 2144 γέγραπται
3455 2073 3579 2146 γὰρ·
3633 2071 3730 2126 Καὶ
3763 2072 3838 2143 μή

451 2165 777 2220 tristaveris
806 2182 819 2230 ;
854 2164 1140 2235 scriptum
1164 2169 1253 2218 est
1269 2164 1429 2218 enim
1456 2181 1468 2217 :
1493 2184 1516 2215 ε
1541 2165 1610 2217 Et
1631 2180 1705 2217 ne
1727 2161 2090 2218 contristetis

450 2276 479 2304 ‹‹
514 2255 796 2325 Spiritum
832 2259 1104 2307 sanctum
1137 2253 1258 2308 Dei.
1293 2253 1354 2306 in
1387 2269 1500 2322 quo
1533 2252 1824 2324 obsignati
1858 2252 1998 2306 estis
2031 2251 2092 2305 in

454 2365 481 2392 ‹‹
515 2343 672 2397 diem
704 2342 1130 2412 redemptionis
1160 2341 1204 2375 ⁸⁷
1238 2365 1286 2394 ι.
1323 2342 1614 2406 Quidnam
1645 2342 1824 2412 igitur
1862 2346 1971 2405 est,
2003 2339 2092 2393 di-

452 2432 611 2499 lecti,
645 2431 895 2502 gratiam
928 2431 1078 2483 tueri
1106 2433 1132 2482 ?
1161 2431 1354 2483 Parati
1389 2430 1462 2483 ad
1493 2429 1933 2500 suscipiendam
1963 2443 2094 2500 gra-

451 2521 612 2587 tiam,
645 2519 948 2586 semelque
979 2524 1312 2587 susceptam
1346 2535 1465 2572 non
1497 2519 1808 2589 abjiciatis.

525 2608 822 2662 XXXVIII.
860 2607 989 2676 Ipse
1047 2611 1247 2659 autem
1297 2607 1704 2661 universorum
1766 2609 1937 2675 Deus,
1997 2608 2099 2678 qui

459 2695 691 2749 locutus
723 2699 814 2748 est
841 2693 902 2747 in
935 2694 1154 2764 Spiritu
1187 2700 1389 2748 sancto
1439 2712 1546 2766 per
1590 2697 1908 2766 pr0phetas
1935 2718 1948 2762 ;
1998 2696 2099 2767 qui

452 2783 622 2838 illum
655 2783 718 2837 in
750 2782 1050 2854 apostolos
1089 2783 1254 2838 misit
1307 2784 1366 2837 in
1427 2785 1521 2838 die
1579 2786 1958 2841 Pentecostes
2011 2785 2102 2841 bis

453 2874 673 2929 nostris
708 2874 768 2928 in
795 2873 979 2928 locis:
1032 2874 1308 2929 eumdem
1367 2891 1525 2930 nunc
1585 2893 1820 2946 quoque
1878 2877 1952 2931 ad
2003 2894 2103 2931 vos

459 2963 730 3030 emittat;
789 2980 1013 3035 perque
1072 2964 1231 3018 hunc
1289 2970 1348 3018 et
1403 2981 1509 3019 nos
1561 2965 1713 3021 283
1789 2967 2103 3034 custodiat,

457 3071 839 3109 communem
871 3053 1149 3108 omnibus
1179 3053 1350 3108 nobis
1380 3053 1836 3110 beneficentiam
1887 3056 2108 3128 imper-

458 3145 642 3198 tiens:
667 3149 733 3198 ut
753 3143 916 3198 omni
941 3149 1205 3213 tempore
1229 3144 1415 3197 sancti
1439 3143 1690 3214 Spiritus
1716 3144 1941 3200 fructus
1963 3146 2098 3200 red-

2197 2149 2424 2205 λυπεῖτο
2453 2151 2515 2206 τὸ
2556 2157 2776 2225 Πνεῦμα
2821 2155 2883 2209 τὸ
2927 2154 3076 2231 ἅγιον
3122 2157 3222 2213 τοῦ
3270 2165 3430 2229 Θεοῦ,
3482 2159 3533 2214 ἐν
3568 2161 3614 2232 ᾧ
3645 2160 3840 2237 ἐσφρα-

2198 2239 2423 2314 γίσθητε
2482 2241 2557 2302 εἰς
2624 2240 2832 2318 ἡμέραν
2885 2244 3337 2322 ἀπολυτρώσεως.
3397 2249 3464 2306 Τί
3524 2251 3616 2304 οὗν
3675 2249 3840 2320 ἐστιν,

2200 2330 2528 2403 ἆγαπτητοὶ,
2550 2331 2610 2384 τὸ
2645 2329 2970 2407 διατηρῆσαι
2999 2339 3099 2406 τὴν
3121 2340 3313 2414 χάριν;
3344 2342 3601 2412 Ἑτοιμοι
3631 2340 3842 2414 γίνεσθε

2201 2419 2278 2480 εἰς
2308 2421 2369 2473 τὸ
2403 2417 2757 2490 ὐποδέξασθαι
2788 2425 2886 2493 τὴν
2919 2429 3103 2500 χάριν·
3135 2428 3224 2482 καὶ
3258 2425 3558 2502 δεξάμενοι,
3597 2431 3670 2502 μὴ
3706 2431 3845 2484 ἀπο-

2204 2504 2412 2578 ϐάλητε
2430 2509 2657 2580 ταύτην.

2276 2599 2403 2654 ΑΠ’.
2467 2599 2644 2662 Αὐτὸς
2707 2598 2764 2656 δὲ
2819 2607 2926 2657 τῶν
2989 2605 3133 2661 ὅλων
3203 2609 3350 2678 Θεὸς,
3408 2609 3435 2662 6
3491 2606 3739 2680 λαλήσας
3797 2606 3849 2662 ἐν

2207 2693 2479 2766 Πνεόματι
2539 2690 2674 2764 ἁγίῳ
2734 2691 2822 2747 διὰ
2875 2698 2981 2748 τῶν
3029 2701 3349 2773 προφητῶν,
3383 2699 3410 2752 ὁ
3472 2697 3858 2769 ἐξαποστείλας

2209 2785 2342 2839 αὐτὸ
2374 2783 2460 2839 ἐπὶ
2489 2785 2617 2847 τοὺς
2650 2784 2990 2846 ἀποστόλους
3023 2785 3074 2839 ἐν
3118 2788 3303 2860 ἡμέρᾳ
3361 2793 3732 2859 Πεντηχοστῆς
3763 2785 3853 2841 ἐν-

2207 2877 2370 2928 ταῦτα
2399 2879 2559 2929 τοῦτο
2607 2873 2696 2928 καὶ
2755 2878 2845 2927 νῦν
2902 2873 3060 2935 αὐτὸς
3120 2874 3201 2944 ἐφ’
3235 2877 3372 2949 ὑμᾶς
3434 2873 3844 2947 ἐξαποστεέλειεο

2209 2963 2298 3017 καὶ
2333 2960 2422 3017 διὰ
2472 2962 2668 3018 τούτου
2723 2963 2812 3017 καὶ
2870 2965 3018 3034 ἡμᾶς
3156 2967 3436 3038 τηρήσειε,
3490 2965 3672 3031 κοινὴν
3704 2963 3834 3017 ἅπα-

2212 3073 2292 3106 σιν
2325 3054 2459 3125 ἡμῖν
2493 3051 2789 3128 παρασχὼν
2827 3053 2926 3119 τήν
2951 3051 3272 3128 εὐεργεσίαν·
3307 3052 3397 3108 ἳνα
3444 3054 3670 3108 πάντοτε
3721 3051 3850 3114 τοὺς

2213 3141 2455 3216 καρποὺς
2511 3145 2606 3195 τοῦ
2657 3140 2810 3216 ἁγίου
2861 3141 3174 3214 Πνεόματος
3241 3141 3553 3216 ἀποδῶμεν·
3614 3141 3851 3218 ἀγάπην,

457 3231 702 3300 damus;
737 3207 1086 3286 charitatem
1127 3232 1428 3302 gaudium,
1479 3207 1712 3304 pacem,
1768 3234 2097 3302 lenitatem,

2228 3207 2392 3305 χαρὰν
2453 3207 2713 3306 εἰρήνην,
2760 3207 3159 3304 μακροθυμίαν,
3218 3207 3589 3307 χρηστότητα,
3645 3207 3856 3305 ἀγαθωλ

451 3321 902 3392 benignitatem,
936 3321 1286 3388 bonitatem,
1322 3320 1525 3387 ﬁdem,
1558 3324 2102 3397 mansuetudinem,

453 3409 888 3463 continentiam
916 3407 982 3475 ⁸⁸,
1015 3409 1078 3463 in
1109 3410 1340 3464 Christo
1372 3411 1508 3464 Jesu
1551 3411 1798 3466 Domino
1858 3419 2060 3470 nostro
2091 3433 2103 3482 ;

458 3514 566 3570 per
594 3513 772 3567 quem
805 3502 864 3552 et
890 3514 1025 3552 cum
1067 3514 1205 3569 quo,
1259 3515 1382 3553 una
1423 3515 1560 3554 cum
1611 3506 1812 3556 sancto
1865 3502 2107 3573 Spiritu,

462 3587 651 3659 gloria
679 3587 837 3642 Patri
868 3592 929 3643 et
956 3604 1140 3657 nunc,
1173 3594 1232 3644 et
1253 3605 1507 3661 semper,
1528 3595 1584 3645 et
1605 3591 1667 3646 in
1691 3592 1908 3648 saecula
1925 3611 2109 3650 saecu-

461 3675 683 3733 lorum.
715 3679 928 3733 Amen.

531 3802 579 3838 ⁸³
611 3803 735 3861 Vid.
767 3811 872 3861 cat.
905 3807 959 3874 3,
992 3822 1050 3861 η.
1090 3807 1154 3859 13
1182 3830 1196 3872 ;
1229 3811 1280 3860 et
1309 3813 1415 3861 cat.
1449 3810 1538 3875 21,
1569 3825 1626 3866 η.
1659 3810 1714 3866 4.

463 3875 507 3911 ⁸⁷
539 3876 754 3947 Ephes.
785 3893 860 3945 iv,
892 3878 981 3932 30.
1056 3875 1106 3912 ⁸³
1135 3877 1258 3932 Gal.
1291 3895 1343 3948 v,
1375 3881 1464 3948 22,
1497 3881 1586 3934 23.

542 4021 615 4091 (1)
645 4019 1052 4076 Inemendabile
1083 4021 1183 4075 tibi
1209 4021 1434 4077 malum.
1496 4021 1645 4087 Quia
1685 4022 1964 4079 videlicet
2013 4025 2120 4080 ba—

470 4093 726 4165 ptismus
757 4109 879 4147 non
907 4092 1277 4165 iteratur,_ut
1305 4092 1452 4146 dixit
1479 4101 1694 4163 procat.
1725 4112 1783 4149 n.
1815 4099 1868 4162 7,
1892 4113 1959 4151 ac
1981 4096 2121 4152 licet

473 4163 580 4237 per
609 4163 1019 4235 paenitentiam
1049 4163 1430 4237 remittantur
1458 4171 1718 4236 peccata.
1747 4173 1995 4223 manent
2029 4174 2121 4223 ta-

470 4235 610 4291 men
642 4241 1020 4307 peccatorum
1051 4235 1321 4308 maculae,
1353 4242 1418 4291 ut
1446 4235 1580 4308 post
1604 4245 1874 4293 curatum
1905 4240 2120 4295 vulnus

470 4306 798 4375 cicatrices,
832 4324 981 4378 quas
1013 4306 1206 4361 solum
1239 4306 1532 4378 baptisma
1562 4309 1739 4374 delet,
1775 4316 1886 4365 cat.
1934 4313 2021 4377 18,
2055 4329 2115 4366 n.

468 4381 558 4434 20.
592 4365 882 4454 Caeterum
912 4395 1018 4454 per
1047 4365 1468 4454 paenitentiam
1491 4365 1754 4451 reparari
1777 4365 1971 4453 potest
1992 4365 2123 4454 pec?
2152 4365 2199 4430 Ῑ)

471 4458 668 4507 catum
701 4458 835 4522 post
863 4450 1225 4522 baptismum
1257 4450 1643 4507 commissum
1679 4471 1691 4506 :
1741 4450 1898 4523 quod
1929 4450 2119 4510 reine-

472 4524 662 4584 dium.
697 4540 830 4578 cum
865 4539 1167 4577 sacrorum
1194 4523 1616 4594 mysteriorum
1639 4526 1967 4594 privatione
1992 4543 2128 4580 con-

472 4542 662 4584 atum.
697 4542 830 4578 cum
865 4542 1167 4577 sacrorum
1194 4542 1616 4594 mysreriorum
1681 4542 1967 4581 rivauone
1992 4543 2127 4580 con-

469 4597 748 4668 junctum
781 4595 1005 4649 indicat
1034 4611 1271 4668 {eoque
1303 4612 1376 4650 ne
1434 4611 1591 4668 opus
1636 4542 1913 4663 Eabeant,
1963 4602 2127 4652 cavet

475 4667 586 4722 Cat.
620 4670 710 4733 23,
745 4683 909 4721 num.
945 4669 1032 4721 23.
1069 4667 1307 4720 Petrum
1368 4667 1724 4737 apostolum,
1772 4669 1873 4738 qui
1926 4674 2125 4723 tamen

475 4755 704 4795 sacram
731 4738 1215 4793 communionem
1248 4739 1676 4809 degustaverat,
1697 4755 1802 4810 per
1831 4741 2124 4810 pmniten-

476 4813 618 4866 tiam
649 4813 711 4865 in
743 4810 1037 4882 integrum
1071 4811 1411 4882 restitutum
1442 4816 1644 4865 monet
1692 4817 1803 4866 cat.
1854 4815 1908 4877 2,
1939 4829 1998 4866 n.
2038 4815 2121 4866 19.

475 4884 544 4937 Et
573 4889 686 4938 cat.
722 4884 808 4949 13,
832 4900 891 4936 n.
927 4885 979 4950 9,
1012 4881 1222 4936 Judam
1255 4882 1642 4953 proditorem,
1673 4899 1849 4953 quem
1884 4883 2127 4938 salutari

477 4953 608 5007 cibo
632 4954 1007 5025 etisanguine
1027 4959 1260 5024 pastum
1285 4959 1450 5008 notat
1473 4971 1531 5008 n.
1565 4957 1596 5008 6
1620 4953 1694 5009 ad
1716 4955 2128 5025 penitentiam

481 5029 540 5078 et
569 5024 1006 5080 confessionem
1039 5025 1264 5079 invitat.

552 5096 626 5164 (2)
657 5095 946 5164 Intellige,
996 5096 1408 5167 incorruptum
1462 5101 1520 5152 et
1563 5097 2127 5164 incontaminatum,

484 5169 979 5308 ca(t1.3)2'iéxriis.7ita
1008 5255 1113 5308 pro
1145 5234 1288 5310 ἔχεις
1321 5239 1688 5310 scripsimus,
1713 5239 1880 5296 nulla
1909 5240 2132 5295 codicis

481 5309 853 5381 auctoritate,
879 5309 1350 5381 VSedpostulante
1373 5309 1685 5381 syntaxeos
1703 5312 1960 5367 ratione:
1986 5313 2132 5367 alias

485 5381 637 5436 nihil
668 5379 974 5453 vulgarius
993 5380 1053 5434 in
1078 5382 1247 5436 codd.
1265 5379 1417 5436 mss.
1435 5399 1614 5453 quam
1637 5403 1669 5450 η
1695 5384 1759 5437 in
1788 5403 1832 5436 ει
1856 5384 2131 5438 mutatio~

485 5469 612 5512 nes.
646 5445 878 5508 Pro'xai
911 5445 1004 5522 δή.
1036 5453 1175 5520 Roe,
1207 5445 1475 5524 Casaub.,
1511 5445 1810 5525 Ottobon.,
1864 5455 2132 5528 Grodec.,

1815 3809 1862 3844 “
1904 3811 2105 3867 Matth.
2161 3826 2262 3879 xu,
2310 3811 2399 3866 28.

2217 3320 2402 3388 σόνην,
2463 3318 2690 3394 πίφτιν,
2748 3317 3031 3393 πραΰτητα
3065 3362 3078 3387 ,
3138 3318 3470 3394 ἐγκράτειαν⁸
3527 3320 3581 3375 ἐν
3641 3322 3858 3395 Χριστῷ

2219 3409 2398 3478 Ἰησοῦ
2426 3411 2507 3478 τῷ
2537 3405 2717 3481 Κυρίῳ
2747 3408 2929 3479 ἡμῶν·
2965 3404 3035 3461 δι’
3067 3409 3128 3462 οὗ
3158 3421 3244 3463 καί
3314 3410 3428 3482 μεθ’
3482 3409 3569 3478 οὗ,
3601 3408 3694 3464 σὺν
3728 3408 3860 3484 ἁγίῳ

2217 3495 2517 3570 Πνεύματι,
2548 3494 2676 3566 δόξα
2703 3500 2782 3568 τῷ
2834 3497 3123 3571 Πατρὶκαὶ
3178 3502 3297 3569 νῦν,
3355 3498 3446 3553 καὶ
3505 3498 3614 3571 ἀεὶ,
3666 3500 3754 3554 καὶ
3789 3497 3862 3561 εἷς

2215 3587 2345 3651 τοὺς
2376 3586 2570 3649 αἰῶνας
2601 3589 2710 3641 τῶν
2742 3585 2957 3642 αἰώνων
2989 3588 3186 3660 Ἀμήν.

2501 3807 2548 3844 ⁸⁵
2579 3810 2704 3867 Vid.
2764 3813 2869 3864 cat.
2924 3811 3016 3877 2t,
3059 3827 3115 3865 η.
3167 3813 3222 3866 7.
3324 3808 3370 3846 ⁸⁸
3421 3809 3576 3867 Psal.
3628 3826 3757 3880 cxx,
3808 3811 3858 3864 8.

2228 4020 2417 4093 ἐπειδή
2430 4067 2442 4091 ,
2466 4031 2767 4095 propterea
2795 4026 2961 4093 quod.

2300 4092 2764 4168 (4)Ηραγματεία
2790 4092 3021 4149 πλατεῖα
3059 4097 3093 4164 ἡ
3153 4097 3356 4157 πίστις.
3414 4098 3478 4152 In
3539 4096 3714 4152 editis
3770 4096 3866 4168 de-

2231 4166 2321 4222 est
2348 4166 2710 4240 πραγματεία,
2742 4167 2804 4240 in
2835 4168 3005 4240 codd.
3038 4185 3173 4224 vero
3203 4171 3320 4224 Roe
3355 4173 3413 4223 et
3440 4169 3713 4232 Casaub.,
3736 4166 3872 4220 πλα-

2227 4244 2364 4312 τεῖα·
2400 4239 2724 4312 utrumque
2753 4239 2814 4293 in
2846 4239 3114 4312 Grodecii
3146 4241 3414 4312 versione
3463 4242 3868 4312 conjunctum,

2231 4317 2290 4385 et
2317 4311 2380 4365 in
2412 4311 2540 4385 cod.
2575 4309 2850 4385 Ottobon.
2883 4311 3235 4385 confusum;
3270 4311 3449 4385 habet
3468 4309 3877 4385 enim,”th

2231 4379 2482 4454 πλατείᾳ.
2518 4383 2902 4453 Perspicuum
2935 4389 3025 4454 est
3054 4384 3148 4438 hic
3178 4383 3462 4454 Cyrillum
3486 4379 3791 4454 respicere
3805 4379 3878 4438 ad

2231 4453 2573 4527 parabolam
2603 4471 2879 4509 mnarum
2908 4471 2942 4508 a
2972 4453 3672 4527 domino’peregrinante
3699 4455 3878 4510 servis

2233 4525 2707 4590 distributarum,
2725 4541 2858 4580 cum
2879 4526 3157 4598 mandato
3181 4525 3715 4598 utinego—tiarentur
3739 4527 3878 4581 dum

2233 4599 2496 4670 veniret:
2533 4615 2649 4670 qua
2677 4598 2738 4651 in
2766 4597 3168 4670 negotiatione
3200 4597 3665 4670 quisquisplura
3685 4615 3882 4653 rever-

2236 4669 2384 4723 tenti
2417 4669 2659 4724 domino
2693 4668 2979 4735 exhibuit,
3012 4669 3185 4740 plura
3213 4668 3417 4724 retulit
3447 4668 3519 4724 ab
3552 4670 3880 4724 eodem.Sic

2238 4749 2297 4796 et
2326 4741 2571 4813 donain
2603 4740 2896 4813 baptismo
2931 4757 3036 4811 pro
3069 4758 3350 4796 mensura
3380 4741 3518 4796 ﬁdei
3540 4758 3608 4796 ac
3629 4741 3880 4813 disposi-

2239 4813 2414 4866 tionis
2447 4811 2718 4866 distribui
2751 4811 2833 4865 ait
2863 4818 2976 4866 cat.
3005 4817 3054 4874 1,
3088 4830 3252 4867 num.
3287 4817 3340 4867 5.
3378 4813 3516 4868 Vide
3574 4818 3633 4867 et
3679 4811 3792 4868 cat.
3826 4816 3876 4879 5,

2237 4899 2295 4938 n.
2333 4885 2419 4950 11,
2453 4888 2648 4956 θροεῖ.
2686 4883 2772 4950 13,
2807 4899 2971 4956 num,
3005 4886 3092 4939 23.
3125 4885 3340 4939 Priscis
3372 4884 3492 4956 illis
3514 4885 3881 4956 temporibus

2237 4954 2578 5027 communia
2608 4960 2777 5008 erant
2807 4954 2911 5010 illa
2942 4957 3129 5010 sancti
3162 4956 3413 5027 Spiritus
3445 4955 3618 5010 dona.

2308 5027 2384 5096 (5)
2417 5023 2519 5078 Καὶ
2551 5026 2719 5096 ἡμᾶς.
2751 5027 2837 5081 lta
2868 5023 3218 5097 scripsimus
3245 5044 3316 5082 ex
3346 5029 3486 5094 Boe,
3530 5027 3778 5097 Casaub.
3825 5030 3883 5097 et

2239 5093 2668 5170 Grodec.,ilo'co
2703 5097 2868 5167 ὑμᾶς.
2898 5093 3153 5170 Cyrillus
3183 5100 3244 5152 in
3279 5093 3488 5165 verbis,
3519 5097 3608 5151 καὶ
3641 5096 3730 5151 διὰ
3756 5093 3886 5170 τού-

2238 5187 2356 5242 του,
2385 5169 2713 5242 orationem
2744 5171 3033 5242 convertit
3061 5186 3095 5226 a
3123 5169 3489 5242 baptizandis
3519 5187 3668 5241 quos
3727 5169 3886 5242 solos

2241 5241 2676 5315 alloquebatur,
2709 5241 2783 5295 ad
2815 5240 3154 5315 ﬁdelesqui
3175 5240 3888 5315 g'ratiamracceperantdn

2243 5312 2460 5394 quibus
2485 5314 2616 5394 ipse
2649 5312 3265 5394 comprehendebatur
3297 5332 3311 5380 ;
3346 5313 3561 5394 deinde
3593 5313 3666 5394 ad
3701 5319 3890 5394 totum

2244 5381 2625 5457 auditorium,
2659 5385 2719 5438 in
2752 5381 2970 5457 verbis,
3001 5385 3190 5452 κοινὴν
3223 5381 3416 5438 ἅπασιν
3444 5386 3602 5457 ἡμῖν.
3626 5386 3738 5438 Pro
3761 5382 3894 5436 ἅπα-

2242 5476 2345 5528 σιν,
2370 5456 2548 5512 habet
2575 5458 2716 5526 Roe,
2749 5454 2978 5514 ἅπασαν.
