4148 6286
343 357 501 422 1021

970 333 1450 418 GATECHESIS
1493 349 1714 416 XVIII.
1763 350 1863 414 DE
1907 346 2182 414 CARNIS
2229 352 2918 429 RESURRECTIONE,
2961 352 3138 414 ETC.

3615 353 3770 414 1022

341 517 455 552 των
482 492 620 549 κατὰ
646 492 746 562 τὴν
778 491 972 546 εαυτοῦ
1030 488 1186 568 φύσιν
1251 495 1586 565 συναγαγεῖν,
1636 489 1726 543 καὶ
1785 488 2000 542 ἀποκα-

2132 490 2416 546 seminum
2439 491 2909 562 unumquodque
2941 491 3264 547 secundum
3280 490 3583 564 propriam
3596 496 3772 546 natu-

343 587 613 649 ταστῆσαι
643 580 718 644 εἷς
744 582 897 656 γένος
931 599 944 650 ;
979 580 1126 651 Εἶτα,
1159 579 1223 634 σὺ
1267 581 1361 652 μὲν
1421 579 1488 634 τὰ
1535 577 1587 633 ἐν
1647 580 1714 651 τῇ
1776 579 2003 633 σεαυτοῦ

349 672 502 749 χειρὶ
527 670 798 746 διακρῖναι
833 667 1079 736 δύνασαι,
1110 669 1238 727 Θεὸς
1271 666 1329 722 δὲ
1387 670 1489 742 ἆρα
1542 667 1609 721 τὰ
1664 665 1718 721 ἐν
1776 669 1845 739 τῇ
1877 665 2000 720 ἱαυ-

347 767 450 818 τοῦ
483 760 638 835 δρακὶ
673 760 1042 834 περιεχόμενα
1101 755 1370 833 διακρῖναι
1430 759 1526 830 (1),
1583 757 1674 811 καὶ
1729 755 2002 810 ἀποκατα-

357 859 556 921 στῆσαι
588 849 650 904 ού
685 847 905 902 δύναται
933 865 947 916 ;
981 847 1198 918 Νόησον
1217 846 1280 901 τὸ
1313 844 1636 921 λεγόμενον,
1669 845 1714 899 εἰ
1751 845 1826 918 μὴ
1861 842 2001 898 ἐστιν

351 935 556 1009 ἀσεϐὴς
588 941 624 1008 ἡ
657 938 898 1013 ἄρνησις.

425 1031 496 1084 Δ’.
527 1026 776 1101 ΙῙρόσχες
808 1023 866 1080 δέ
899 1047 994 1098 μοι
1050 1024 1139 1079 καὶ
1189 1023 1338 1096 αύτῷ
1384 1028 1464 1096 τῷ
1507 1029 1607 1093 τῆς
1657 1019 2004 1091 δικαιοσύνης

348 1117 524 1193 λόγῳ,
556 1115 646 1171 καὶ
679 1114 805 1179 ἐλθὲ
834 1113 909 1176 εἷς
942 1114 1180 1169 σεαυτόν.
1217 1113 1519 1191 Διαφόρους
1577 1109 1724 1187 ἔχεις
1770 1111 2003 1172 οἰκέτας·

349 1207 479 1264 ἀλλ’
511 1207 562 1261 οἱ
599 1205 695 1278 μὲν
728 1205 893 1260 καλοὶ
923 1204 1312 1278 τυγχάνουσιν,
1373 1203 1425 1257 οὶ
1484 1199 1541 1257 δὶ
1589 1200 1811 1278 φαῦλοιο
1842 1204 2005 1274 τιμᾷς

357 1295 462 1370 ἄρα
489 1296 618 1357 τοὺς
644 1292 873 1364 καλοὺς,
901 1294 990 1347 καὶ
1019 1293 1239 1354 τύπτεις
1297 1291 1424 1353 τοὺς
1481 1290 1742 1369 φαύλους.
1806 1289 1903 1346 Καὶ
1963 1289 2007 1342 εἰ

354 1383 617 1453 δικαστής
646 1384 962 1457 τυγχάνεις,
996 1379 1228 1443 ἐπαινεῖς
1282 1381 1411 1444 τοὺς
1463 1381 1730 1457 ἀγαθοὺς,
1779 1380 1867 1434 καὶ
1928 1401 2008 1433 τι·

357 1480 562 1550 μωρεῖς
595 1474 722 1535 τοὺς
750 1468 1125 1548 παρανόμους.
1175 1472 1326 1541 Εἶτα,
1372 1471 1518 1546 παρὰ
1547 1470 1632 1526 σοὶ
1691 1471 1788 1544 μὲν
1827 1471 2009 1541 Θνητῷ

350 1565 627 1638 ἀνθρώπῳ
685 1560 824 1633 ὄντι,
879 1562 942 1615 τὸ
1002 1559 1209 1615 δίκαιον
1279 1561 1527 1628 σώζεται⁶
1580 1560 1726 1636 παρά
1783 1557 1841 1614 δε
1893 1562 2012 1631 Θεῷ

347 1658 431 1725 τῷ
459 1654 678 1707 πάντων
705 1648 992 1724 ἁδιαδόχῳ
1027 1648 1265 1725 βασιλεῖ,
1295 1650 1359 1704 τὸ
1388 1656 1486 1719 τῆς
1522 1647 1866 1723 δικαιοσύνης
1899 1649 2016 1702 ἀντ-

356 1739 690 1796 αποδοτικὸν
723 1741 825 1814 ἄρα
859 1738 963 1793 οὐκ
987 1735 1130 1793 ἔστιν
1163 1756 1179 1806 ;
1213 1736 1386 1794 Ἀλλά
1412 1733 1611 1806 ἀσεϐὴς
1666 1740 1700 1808 ἠ
1760 1735 2010 1813 ἄρνησιςο

2113 594 2242 634 ram
2274 579 2614 647 collectum,
2647 581 2849 653 generi
2878 597 2983 635 suo
3008 580 3258 635 reddere
3280 580 3307 634 ?
3331 583 3559 653 Ergone
3585 586 3646 635 tu
3676 597 3772 635 res

2113 669 2175 724 in
2208 686 2388 724 manu
2421 676 2521 725 tua
2551 675 2861 725 contentas
2884 669 3226 724 discernere
3240 669 3436 725 valeas
3465 688 3478 738 ;
3504 672 3770 725 Deusve—

2114 774 2179 812 ro
2204 775 2296 813 res
2336 760 2397 814 in
2430 776 2536 814 sua
2563 759 2753 830 ipsius
2782 775 2966 813 manu
3027 759 3488 829 comprehensas
3549 759 3771 814 discer-

2117 863 2260 902 nere
2295 853 2354 902 et
2382 849 2694 903 restituere
2727 864 2848 902 non
2880 853 3058 918 queat
3085 848 3111 902 ‘I
3140 847 3203 901 Id
3226 847 3386 918 quod
3417 848 3547 902 dico
3572 847 3771 904 consi-

2118 934 2278 1004 dera,
2302 953 2524 992 numne
2552 936 2612 990 id
2642 952 2857 1008 negare
2888 936 3138 1007 impium
3174 937 3272 991 sit.

2188 1027 2278 1079 IV.
2315 1025 2559 1096 Respice
2592 1025 2770 1080 etiam
2802 1024 2876 1080 ad
2913 1025 3104 1096 ipsam
3149 1025 3400 1095 justitias
3450 1026 3771 1093 rationem,

2119 1120 2294 1185 atque
2326 1114 2387 1168 in
2419 1114 2676 1184 teipsum
2706 1113 2967 1168 reﬂecte.
2993 1113 3264 1168 Diversos
3290 1113 3766 1181 habesfamulos;

2120 1220 2373 1275 quorum
2400 1204 2500 1259 alii
2532 1203 2671 1258 boni
2703 1209 2862 1272 sunt,
2920 1203 3020 1258 alii
3079 1205 3261 1275 pravi.
3312 1205 3502 1259 Bonos
3536 1220 3678 1258 sane
3709 1204 3769 1258 in

2120 1296 2310 1367 pretio
2336 1295 2542 1362 habes,
2575 1300 2635 1350 et
2663 1295 2842 1350 caedis
2873 1295 3091 1349 malos:
3119 1294 3278 1365 quod
3312 1295 3360 1349 si
3393 1295 3770 1366 etiamjudex

2121 1384 2326 1453 fueris,
2354 1384 2544 1438 bonos
2576 1383 2805 1453 laudas,
2839 1389 2897 1438 et
2920 1383 3221 1454 improbos
3251 1385 3446 1455 punis.
3496 1387 3584 1438 An
3631 1400 3769 1440 vero

2124 1473 2278 1545 apud
2311 1478 2365 1528 te
2395 1472 2709 1528 mortalem
2743 1473 3046 1527 hominem
3069 1473 3224 1543 aequi
3249 1473 3399 1528 ratio
3415 1473 3767 1541 custoditur;

2125 1562 2283 1636 apud
2313 1565 2497 1618 Deum
2528 1579 2662 1618 vero
2685 1579 2882 1634 regem
2911 1563 3183 1618 omnium
3213 1564 3307 1617 cui
3333 1564 3543 1618 anullo
3567 1581 3768 1619 succe-

2127 1653 2306 1720 ditur,
2340 1669 2459 1707 non
2493 1653 2606 1706 erit
2633 1653 2970 1724 rependens
3011 1653 3599 1723 unicuiquejustitiee
3633 1670 3766 1707 mo-

2126 1742 2238 1797 dus
2268 1741 2294 1794 ‘l
2325 1741 2500 1812 Atqui
2533 1741 2783 1811 impium
2806 1741 3010 1796 sithoc
3041 1741 3324 1807 inﬁciari;
3357 1741 3586 1810 respice
3603 1741 3764 1796 enim

355 1830 632 1901 normam)
664 1828 769 1904 γὰρ
799 1829 862 1882 τὸ
891 1825 1214 1901 λεγόμενον.
1276 1825 1486 1881 [Ιολλοὶ
1536 1833 1715 1904 φονεῖς
1758 1826 1846 1881 ἐπὶ
1893 1825 2007 1881 κοίο

2133 1831 2277 1904 quid
2308 1830 2701 1885 dicam.Multi
2730 1829 3041 1884 homicida:
3073 1831 3134 1884 in
3166 1830 3318 1884 lecto
3349 1831 3627 1901 impuniti
3661 1831 3765 1884 de-

351 1941 452 1990 της
483 1919 829 1990 ἄτιμώρητοι
861 1913 1302 1985 τετελευτήκασι·
1355 1919 1460 1968 ποῦ
1518 1917 1608 1969 οὗν
1665 1919 1762 1970 τοῦ
1791 1919 1923 1970 Θεοῦ
1968 1917 2002 1983 ἡ

355 2006 672 2075 δικαιοσύνη
704 2028 718 2074 ς
762 2005 1043 2067 Πολλάκις
1085 2001 1142 2059 δὲ
1173 2004 1259 2058 καὶ
1293 2003 1485 2078 φονεὺς
1542 2007 1877 2076 πεντήκοντα
1907 2004 2003 2081 φό-

351 2119 470 2160 νοις
507 2096 885 2167 ὑποκείμενος,
915 2095 1006 2149 καὶ
1051 2091 1296 2173 κεφαλήν
1359 2094 1496 2164 ἅπαξ
1554 2095 1866 2167 ἀπετμήθη·
1900 2097 2005 2148 ποῦ

357 2189 452 2242 οὖν
499 2191 607 2241 τῶν
665 2182 1219 2259 τεσσαρακονταεννέα
1277 2181 1438 2238 δώσει
1508 2185 1608 2253 τὴν
1693 2184 2003 2260 τιμωρίανς

356 2277 481 2334 Ἐὰν
546 2278 620 2348 μή
768 2274 944 2349 κρίσις
1001 2273 1090 2328 καὶ
1164 2270 1522 2337 ἁνταπὸδοσις
1583 2273 1716 2346 μετά
1770 2273 1862 2328 τὸν
1922 2272 2011 2328 κό-

357 2390 494 2442 σμον
553 2371 770 2435 τοῦτον,
832 2363 1044 2420 ἀδικίαν
1117 2369 1250 2420 Θεοῦ
1306 2370 1652 2440 κατηγορεῖς.
1701 2363 1875 2422 Ἀλλά
1930 2366 2004 2436 μὴ

360 2457 643 2531 θαυμάσῃς
674 2453 763 2509 διὰ
789 2455 889 2523 τήν
922 2455 1203 2530 ὑπέρθεσιν
1234 2456 1334 2517 τῆς
1384 2454 1635 2528 κρίσεως.
1691 2458 1800 2515 υᾶς
1861 2453 2006 2527 ἀγω-

360 2546 673 2619 νιζόμενος,
707 2545 840 2618 μετὰ
870 2544 931 2598 τὸ
979 2542 1267 2618 παρελθεῖν
1321 2545 1411 2596 τὸν
1471 2545 1672 2618 ἀγῶνα,
1726 2547 2008 2622 στεφανοῦ-

363 2657 453 2690 ται
484 2637 520 2705 ἣ
552 2633 986 2708 καταισχύνεται·
1048 2633 1136 2688 καὶ
1197 2631 1456 2689 οὐδεποτε
1513 2633 1852 2709 ἀγωνοθέτης
1883 2631 2009 2694 τοὺς

372 2720 450 2780 ἔτι
483 2723 922 2797 ἀγωνιζομένους
982 2728 1255 2799 στεφανοῖ,
1306 2721 1432 2778 ἀλλ’
1487 2719 1764 2797 ἐκδέχεται
1797 2725 2008 2776 πάντων

371 2817 478 2867 τῶν
540 2813 850 2888 ἀγωνιστῶν
909 2812 972 2866 τὸ
1025 2812 1205 2872 τέλος·
1260 2811 1354 2865 ἳνα
1406 2811 1624 2886 ὕστερον
1709 2808 2011 2886 διακρίνας,

372 2902 538 2976 ἐπάγῃ
590 2903 656 2955 τὰ
717 2895 943 2976 βραδεῖα
994 2901 1080 2955 καὶ
1140 2901 1210 2954 τὰ
1261 2900 1666 2977 στεφανηφόρια
1853 2901 2011 2957 Οὕτω

362 2991 452 3046 καὶ
485 2992 514 3044 ὁ
547 2991 699 3058 Θεὸς,
733 2986 812 3045 ἔτι
843 2993 943 3044 τοῦ
972 2989 1184 3064 ἀγῶνος
1241 2987 1294 3043 ἐν
1338 2993 1419 3060 τῷ
1457 2990 1650 3062 κόσμῳ
1701 2989 1877 3062 τούτῳ
1900 3010 2015 3044 συν-

363 3086 620 3150 εστῶτος,
675 3081 810 3140 τέως
873 3082 966 3151 μὲν
1031 3079 1220 3154 βοηθεὶ
1277 3085 1394 3142 τοῖς
1449 3077 1679 3141 δικαίοις
1757 3083 2013 3155 μερικῶς,

359 3171 580 3244 ὓστερον
616 3165 674 3222 δὶ
703 3166 1008 3222 ἀποδίδωσι
1036 3166 1165 3228 τοὺς
1201 3167 1424 3239 μισθοὺς
1443 3168 1627 3230 αὐτοῖς
1658 3167 1904 3231 τελείως.

433 3259 509 3315 Ε’.
544 3257 609 3314 Ei‘
644 3255 701 3311 δὲ
751 3257 1036 3317 ἀνᾶστασις
1065 3261 1268 3331 νεκρῶν
1321 3256 1419 3311 οὐκ
1478 3254 1587 3312 ἔστι
1627 3259 1762 3312 κατά
1794 3259 1870 3326 σὲ,
1924 3255 2012 3312 διὰ
2037 3235 2089 3302 c

367 3347 421 3402 τί
449 3346 576 3408 τοὺς
603 3341 1014 3421 τυμϐωρύχους
1041 3343 1417 3414 καταδικάζεις
1449 3348 1526 3419 (3)
1563 3365 1576 3416 ;
1638 3346 1705 3403 Ei
1756 3348 1857 3422 γὰρ
1911 3348 2016 3402 ἀπ-

368 3433 556 3489 όλωλε
583 3435 645 3489 τὸ
674 3438 854 3507 σῶμα,
885 3433 976 3488 καὶ
1036 3431 1358 3495 ἀνέλπιστος
1388 3436 1422 3503 ἡ
1483 3434 1786 3505 ἀνάστασις,
1821 3433 1910 3490 διὰ
1963 3435 2016 3491 τί

363 3524 637 3600 τιμωρίαν
670 3523 927 3595 ὑπομένει
962 3523 989 3576 ὁ
1020 3517 1392 3598 τυμϐωρύχος
1427 3543 1440 3592 ;
1469 3521 1718 3593 Βλέπεις,
1779 3523 1861 3580 ὅτι
1919 3523 2013 3580 κᾶν

367 3614 504 3687 ἀρνῆ
525 3617 642 3675 τοῖς
669 3612 905 3682 χείλεσι,
943 3613 1089 3685 μένει
1123 3613 1267 3688 παρά
1297 3611 1382 3666 σοὶ
1435 3614 1534 3678 τῆς
1587 3612 1923 3678 ἀναστάσεως
1979 3617 2012 3685 ἡ

370 3699 676 3773 συνείδησις
705 3700 967 3778 ἀρῤαγής.

439 3886 497 3951 ζ⁴.
532 3883 687 3953 Εἶτα,
741 3876 959 3953 δένδρον
1023 3879 1119 3952 μὶν
1173 3877 1403 3934 ἐκκοπὲν
1466 3882 1564 3954 (4),
1626 3881 1864 3946 ἐπανθεῖο
1926 3883 2017 3938 ἂν-

443 4039 847 4110 (1)7Διακρῖναι.
881 4038 1022 4101 Hoc,
1076 4034 1342 4110 Casaub.,
1417 4031 1686 4110 διακρῖναι
1745 4037 1834 4092 καὶ
1895 4060 2023 4093 συν-

371 4109 585 4182 αγαγὼν
620 4107 1084 4182 ἀποκαταστῖσαι,
1116 4107 1398 4162 dice-mere
1442 4115 1492 4163 et
1524 4107 1831 4178 Colligendo
1858 4116 2025 4168 resti-

374 4174 544 4237 tuere.
580 4180 753 4235 Grod.
787 4179 953 4254 legit,
1014 4174 1308 4254 διακρῖναι,
1370 4174 1688 4254 σαναγαγεῖν
1740 4182 1830 4235 καὶ
1885 4183 2023 4238 ἀπο·

374 4257 732 4319 καταστῆσαι,
764 4252 1066 4316 dicernere,
1100 4251 1352 4320 colligere
1384 4257 1434 4306 et
1469 4251 1771 4308 restituere.

450 4325 526 4396 (2)
586 4321 668 4378 Τὰ
723 4322 1189 4396 -στειρανοφόριω
1252 4323 1371 4377 R00
1441 4328 1514 4396 et
1599 4325 1870 4392 Casaub.,
1929 4326 2030 4393 τήν

375 4392 815 4480 στειρανοῇιορίανῖ
849 4392 1028 4480 Paulo
1063 4398 1213 4480 post,
1249 4409 1318 4447 ex
1352 4393 1520 4480 codd.
1569 4397 1720 4480 ‘Boe,
1779 4392 2026 4480 Casaub.

2116 1921 2629 1977 cessere.Ubinam
2658 1937 2792 1992 ergo
2824 1921 2924 1974 Dei
2953 1920 3188 1991 justitia
3212 1921 3239 1974 ?
3270 1919 3626 1990 Plerumque
3658 1920 3762 1974 ho-

2113 2011 2334 2067 micida
2364 2009 2798 2081 quinquaginta
2854 2009 3312 2064 homicidiorum
3357 2027 3515 2076 reus,
3578 2008 3764 2064 semel

2113 2101 2376 2156 abscisso
2409 2101 2599 2172 capite
2631 2116 2837 2170 pinnas
2866 2099 2996 2153 luit.
3034 2099 3286 2154 Ubinam
3318 2115 3454 2170 ergo
3504 2099 3763 2169 quadra-

2111 2190 2274 2262 ginta
2305 2206 2516 2245 novem
2534 2188 2787 2243 caedium
2819 2188 2967 2244 287
3005 2204 3208 2259 pcenas
3240 2187 3485 2242 daturus
3509 2187 3648 2241 est?
3670 2188 3763 2242 Ni-

2115 2280 2162 2334 si
2196 2285 2330 2350 post
2358 2279 2536 2334 vitam
2568 2279 2721 2333 hanc
2741 2277 3230 2350 fueritjudicium
3267 2295 3335 2332 ac
3355 2277 3770 2346 retributio(5),

2116 2369 2422 2440 injustitiaa
2455 2370 2637 2423 Deum
2669 2368 3142 2440 arguis.Verum,
3179 2384 3254 2422 ne
3274 2365 3770 2421 tibiadmirationi

2116 2459 2420 2530 sitjudicii
2451 2458 2923 2528 mora.Quisquis
2954 2458 3284 2513 certamine
3317 2456 3641 2524 contendit,
3668 2457 3768 2511 ab-

2117 2548 2310 2604 soluto
2341 2549 2686 2614 certamine,
2721 2548 2812 2603 vel
2843 2565 3064 2603 corona
3101 2547 3361 2602 donatur
3393 2547 3485 2601 vel
3513 2545 3772 2601 afficitur

2114 2638 2440 2711 ignominia
2465 2656 2478 2706 ;
2512 2655 2622 2693 nec
2652 2654 2916 2708 unquam
2953 2638 3301 2692 certaminis
3329 2636 3556 2691 arbiter
3579 2634 3770 2689 adhuc

2113 2733 2406 2783 certantes
2437 2733 2704 2796 coronat,
2739 2727 2842 2782 sed
2900 2728 3172 2782 omnium
3201 2725 3563 2781 certantium
3587 2724 3769 2777 finem

2116 2817 2420 2888 opperitur
2443 2834 2457 2882 ;
2473 2822 2538 2870 ut
2560 2821 2764 2887 postea
2777 2815 3124 2870 discrimine
3148 2812 3769 2884 facto,praamiavicto-

2119 2905 2221 2960 riae
2253 2921 2626 2974 coronasque
2643 2904 3076 2959 distribuat.lta
3097 2908 3156 2957 et
3175 2905 3350 2968 Deus,
3367 2907 3559 2957 stante
3581 2901 3774 2956 adhuc

2120 2995 2181 3048 in
2213 2995 2323 3048 hoc
2352 2993 2575 3048 mundo
2609 2994 2958 3061 certamine,
2984 2993 3165 3065 justis
3216 2991 3457 3046 interim
3504 3008 3574 3046 ex
3607 2995 3772 3061 parte

2121 3082 2435 3153 suppetias
2456 3081 2608 3147 fert;
2644 3086 2852 3152 postea
2881 3097 3019 3135 vero
3061 3080 3204 3151 ipsis
3235 3079 3482 3150 praamia
3509 3079 3686 3150 plene
3704 3094 3771 3133 ac

2124 3171 2383 3244 perfecte
2415 3170 2711 3242 rependit.

2201 3263 2262 3315 V.
2287 3260 2451 3325 Quod
2482 3260 2529 3314 si
2561 3259 2916 3314 resurrectio
2947 3264 3316 3314 mortuorum
3349 3259 3644 3314 sententia
3674 3264 3774 3314 tua

2123 3350 2292 3408 nulla
2323 3350 2418 3416 sit,
2452 3348 2664 3419 ecquid
2696 3348 3147 3420 sepulchrorum
3169 3350 3479 3404 eﬂ‘ossores
3498 3347 3774 3404 condem-

2124 3457 2232 3495 nas
2253 3440 2280 3494 ?
2310 3441 2453 3493 Nam
2476 3437 2526 3491 si
2556 3436 2824 3492 funditus
2865 3437 3096 3492 interiit
3153 3455 3388 3510 corpus,
3424 3442 3482 3492 et
3509 3452 3774 3492 resurre-

2127 3528 2340 3584 ctionis
2368 3544 2502 3598 spes
2525 3525 2690 3580 nulla
2722 3525 3139 3597 subest,quam
3172 3527 3244 3582 ob
3277 3543 3516 3582 causam
3541 3525 3772 3598 suppli-

2127 3619 2284 3673 cium
2313 3616 2472 3671 subit
2501 3614 2866 3670 tumulorum
2901 3615 3149 3671 violator
3195 3615 3221 3670 ?
3277 3617 3502 3683 Cernis,
3539 3613 3772 3671 etiamsi

2127 3707 2300 3764 labiis
2332 3721 2530 3778 neges,
2564 3720 2806 3758 manere
2838 3704 2996 3776 apud
3025 3709 3079 3759 te
3102 3703 3486 3760 indelebilem
3507 3720 3772 3760 resurre-

2127 3795 2340 3852 ctionis
2373 3793 2824 3850 conscientiam.

2202 3886 2291 3941 VI.
2330 3883 2567 3940 Deinde
2599 3899 2757 3951 vero,
2792 3883 2991 3939 excisa
3020 3881 3196 3938 arbor
3224 3881 3551 3938 reﬂorescit
3579 3881 3787 3937 :homo

2141 4038 2348 4096 nerale
2383 4037 2635 4108 praemia
2667 4041 2724 4092 et
2753 4036 3047 4108 supplicia
3075 4035 3367 4091 confiteri.
3400 4035 3792 4108 Netamenid

2146 4106 2428 4168 continuo
2457 4109 2628 4163 illum
2669 4106 2929 4164 sensi—sse
2959 4109 3280 4163 existimes.
3317 4106 3602 4178 Loquitur
3623 4107 3786 4178 enim

2139 4184 2213 4239 de
2245 4181 2485 4255 publica
2519 4186 2576 4235 et
2606 4181 3148 4255 nota,_integraque
3171 4177 3432 4235 hominis
3454 4184 3573 4255 tam
3597 4177 3792 4255 quoad

2140 4249 2356 4325 corpus
2376 4268 2564 4325 quam
2599 4251 2796 4323 quoad
2822 4249 3111 4325 animam,
3146 4252 3649 4325 remuneratione
3700 4249 3791 4304 vel

2139 4322 2336 4398 poena.
2372 4323 2596 4398 Deinde
2655 4323 2932 4398 gentiles,
2964 4341 3110 4398 quos
3142 4323 3203 4377 in
3227 4323 3337 4377 hac
3369 4322 3637 4398 oratione
3667 4326 3790 4376 tota

2141 4394 2330 4467 usque
2363 4395 2433 4449 ad
2467 4411 2630 4467 num.
2664 4394 2725 4448 11
2747 4395 3074 4460 refellit,ita
3103 4394 3599 4467 resurrectionem
3618 4409 3791 4464 nega-

374 4476 433 4524 et
463 4463 637 4524 Grod'.
655 4463 1019 4538 particulam
1054 4463 1147 4534 μὲν
1181 4471 1316 4538 post
1347 4463 1484 4538 τὲως
1514 4467 2024 4538 adjecimus.Loco
2057 4474 2102 4538 Ι)
2137 4463 2302 4534 bant,
2336 4472 2401 4521 ut
2431 4466 2606 4520 etiam
2641 4467 2854 4520 animm
2888 4466 3399 4520 immortalitatem
3429 4463 3783 4538 inficiaren-

374 4540 562 4598 αὐτοῖς
594 4535 839 4600 τελείως,
899 4539 1011 4592 Roe
1061 4541 1118 4591 et
1174 4535 1445 4605 Casaub.,
1507 4535 1842 4607 αὐτοτελῶς,
1901 4557 2023 4596 non

375 4612 552 4669 male.
587 4612 705 4665 Hoc
738 4609 896 4664 enim
922 4608 1160 4663 verbum
1196 4609 1388 4682 alteri,
1427 4612 1690 4680 μερικῶν,
1724 4628 2024 4682 opponere

377 4684 547 4749 solet,
581 4688 648 4736 ut
676 4686 788 4736 cat.
824 4684 909 4748 17,
943 4697 1105 4734 num.
1139 4683 1225 4746 l2,
1259 4681 1344 4734 M.

449 4757 523 4825 (3)
557 4749 963 4825 Καταδικάζεις.
998 4751 1252 4825 Omnino
1285 4753 1367 4806 ita
1397 4751 1819 4825 le_gendum,ut
1846 4760 1934 4825 est
1966 4754 2026 4810 in

381 4821 552 4882 codd.
579 4827 720 4890 Roe,
755 4823 1025 4890 Casaub.,
1060 4823 1250 4890 Bodl.,
1284 4823 1512 4895 Morel.,
1565 4841 1686 4881 non
1724 4821 2029 4879 καταδικά-

385 4905 484 4966 ζει,
518 4904 583 4954 ut
611 4896 671 4951 in
703 4895 843 4950 edit.
880 4897 1105 4950 Prevot.
1141 4902 1198 4950 et
1228 4913 1392 4966 seqq.

456 4973 531 5041 (4)
563 4969 850 5023 Ἐκγοπέν.
889 4967 1378 5041 Itareposuimus
1401 4983 1470 5022 ex
1503 4969 1594 5041 ed.
1629 4969 1828 5041 Morel.
1849 4973 1914 5041 _et
1935 4967 2026 5023 ed.

386 5038 527 5098 ann)
564 5042 721 5107 1608,
755 5056 822 5094 ac
853 5038 1024 5092 codd.
1085 5038 1246 5092 Colb.
1308 5045 1367 5093 et
1422 5039 1608 5106 Bodl.,
1662 5040 1791 5095 loco
1845 5039 2027 5093 ἐπικοο

381 5114 500 5168 πέν.
537 5114 622 5167 Ita
654 5109 964 5181 scripsisse
993 5109 1285 5181 Cyrillum
1311 5109 1538 5177 suadet,
1575 5115 1630 5164 1ο
1680 5110 1838 5181 quod
1894 5128 2031 5166 mox

381 5187 541 5241 idem
568 5179 809 5238 verbum
844 5180 1071 5234 homini
1128 5179 1436 5249 applicans
1485 5179 1716 5248 scribit,
1765 5179 2029 5242 ἐκκοπείςο

383 5263 444 5312 2ο
475 5256 632 5326 quod
659 5254 968 5327 perspicue
999 5250 1538 5327 alluditadlocum
1567 5253 1695 5327 Jobi
1729 5268 1763 5306 a
1794 5268 1855 5327 se
1887 5254 2034 5327 cita-

385 5318 512 5383 tuni
537 5318 699 5381 num.
740 5318 921 5396 lii—hin
955 5338 1069 5391 quo
1131 5321 1430 5386 scribitur,
1470 5320 1577 5396 _éa‘zv
1633 5322 1760 5396 γτὲιρ⁸
1800 5318 2028 5396 ἐκκοπῇ·

387 5404 444 5454 3ο
475 5399 634 5470 quod
665 5397 736 5470 de
764 5393 976 5470 arbore
994 5408 1113 5470 non
1137 5392 1490 5470 putata,‘sed
1521 5392 1717 5450 excisa
1746 5392 2033 5470 loquitur,

387 5459 508 5527 cui.
536 5469 724 5539 magis
777 5465 1025 5539 verbum
1087 5459 1462 5534 ἐκζκόπτεσθαι,
1513 5482 1689 5536 quam
1749 5459 2038 5520 ἐπίκόπτεᾴ

390 5542 511 5595 σθαι
542 5537 834 5594 convenit.

467 5611 544 5683 (5)
570 5612 829 5683 Nisipost
877 5607 1018 5683 hunc
1047 5607 1240 5673 vitam,
1296 5611 1407 5662 etc.
1469 5607 1568 5683 His
1627 5625 1758 5679 quae
1810 5609 1928 5683 hic,
1979 5614 2039 5666 et

393 5676 564 5741 num.
608 5685 630 5735 1
665 5676 734 5736 ac
766 5681 851 5745 l9,
885 5677 955 5734 de
990 5676 1284 5732 bonorum
1312 5679 1574 5749 praemiis
1627 5676 1686 5735 et
1739 5676 2037 5739 malorum

394 5753 703 5830 suppliciis
733 5749 1311 5821 dicit,videturnulla
1331 5749 1446 5806 nisi
1478 5757 1613 5825 post
1627 5753 1923 5827 judicium
1937 5770 2038 5827 ge-

2137 4545 2272 4605 tur;
2299 4539 2381 4593 ita
2397 4544 2482 4599 ut.
2516 4537 3017 4608 quemadmodum
3065 4554 3134 4591 ex
3166 4539 3275 4591 hoc
3299 4538 3427 4607 ipso
3451 4537 3580 4592 loco
3607 4541 3789 4608 patet,

2138 4611 2370 4666 sublata
2391 4607 3088 4675 resurrectionemullum
3101 4608 3396 4680 judicium
3421 4609 3508 4663 vel
3531 4607 3789 4663 retribu-

2136 4684 2215 4738 tio
2258 4687 2626 4753 sequeretur.
2650 4686 3012 4753 Argumento
3037 4679 3215 4753 igitur
3241 4697 3446 4753 eorum
3478 4679 3788 4753 sententia;

2137 4752 2547 4811 conveniente.
2569 4752 3069 4807 resurrectionem
3097 4769 3166 4806 ex
3188 4752 3401 4822 judicii
3432 4752 3786 4806 necessitate

2138 4826 2368 4898 probat.
2403 4825 2623 4898 Impios
2654 4831 2853 4898 autem
2885 4824 3098 4898 statim
3117 4829 3249 4893 post
3276 4829 3531 4898 mortem
3582 4840 3784 4898 pinnas

2140 4894 2280 4953 dare
2299 4894 2618 4987 ,perhspi’cue
2650 4895 2824 4987 dgcet
2839 4911 3006 4987 ‘num.
3044 4895 3110 4987 111
3126 4911 3139 4958 ;
3156 4910 3257 4948 eos
3275 4895 3434 4987 enjim
3453 4894 3784 4987 paunﬁopé-

2138 4988 2262 5028 νους
2288 4964 2650 5038 ἀποδύρεσθαι
2685 4966 2935 5038 ﬂagellis
2967 4965 3305 5020 verberatos
3333 4966 3644 5036 deplorare
3665 4964 3786 5022 tra-

2144 5040 2248 5104 dit,
2279 5045 2345 5094 ut
2374 5037 2645 5092 omittam
2678 5037 2838 5107 qudd
2879 5037 3052 5091 docet
3095 5042 3206 5091 cat.
3243 5039 3329 5104 23,
3359 5054 3523 5095 num.
3557 5042 3588 5094 9
3620 5045 3679 5093 et
3702 5041 3788 5104 10,

2141 5116 2378 5168 sanctos
2412 5108 2512 5181 qui
2539 5123 2671 5181 cum
2705 5107 2962 5181 peccatis
2993 5108 3614 5181 decessere,tanquam
3634 5111 3787 5165 exsi-

2144 5183 2223 5237 lio
2252 5188 2308 5236 et
2338 5179 2526 5252 pmnis
2559 5196 2592 5233 a
2614 5180 2730 5234 Deo
2764 5179 3066 5243 multatos,
3102 5179 3474 5236 orationibus
3517 5182 3784 5237 ﬁdelium

2145 5252 2460 5319 sublevari,
2492 5257 2784 5324 martyres
2808 5267 2964 5317 vero,
3007 5252 3401 5324 patriarchas,
3443 5254 3783 5324 prophetas,

2145 5322 2602 5396 apostolos,_tali
2633 5321 2789 5392 apud
2821 5321 3228 5396 Deum’quiete
3259 5321 3633 5396 gauderefut
3681 5342 3782 5380 eo-

2145 5393 2277 5451 rum
2309 5393 2582 5466 precibus
2612 5393 3067 5466 etorationibus
3092 5393 3295 5450 nostra
3324 5395 3396 5450 ad
3423 5397 3603 5451 Deum
3646 5413 3784 5466 sup-

2145 5464 2385 5540 plicatio
2417 5471 2658 5540 accepta
2675 5464 2795 5540 ﬁat.
2830 5466 2946 5540 Hos
2985 5467 3410 5540 autemjustos,
3446 5474 3502 5522 et
3533 5464 3785 5537 quicun-

2146 5536 2261 5620 que
2294 5538 2355 5620 in
2388 5536 2580 5620 gratia
2597 5536 2913 5620 decedunt,
2929 5537 2991 5590 in
3008 5536 3356 5620 paradisum
3379 5545 3513 5620 post
3534 5536 3788 5620 mortem

2144 5608 2476 5678 transferri,
2500 5609 2682 5664 fuisse
2712 5608 2941 5664 videtur
2969 5608 3098 5680 ejus
3125 5610 3347 5681 opinio,
3379 5608 3784 5681 cat._i3,num.

2147 5683 2234 5749 31,
2269 5687 2380 5737 cat.
2416 5683 2470 5749 5,
2495 5696 2662 5736 num.
2698 5683 2783 5746 10,
2816 5679 3012 5736 donec
3060 5679 3268 5736 omnes
3317 5681 3378 5733 in
3410 5679 3621 5749 calum
3647 5691 3783 5730 cum

2145 5748 2493 5826 corporibus
2523 5751 2976 5820 transferantur,
3011 5751 3184 5816 infra,
3223 5765 3385 5804 num.
3419 5748 3502 5802 19.
