4150 6278
348 386 383 446 1
397 383 529 445 025

992 381 1475 446 CATECHESIS
1516 382 1728 444 XVIII.
1774 382 1877 444 DE
1918 380 2203 443 OARNIS
2249 379 2935 456 RESUBRECTIONE,
2982 384 3153 445 ETC.

3620 388 3777 450 1026

346 516 469 568 τῶν
501 509 772 587 ἐμψύχων
829 508 1068 586 λογιγῶν
1123 509 1437 585 πιστεύσῃς.
1497 511 1652 580 Εἶτα,
1715 513 1868 583 μυῖαι
1923 509 2007 564 καῖ

2131 516 2323 577 tuens,
2357 508 2428 564 de
2459 509 2740 565 animatis
2769 510 3000 566 ratione
3019 512 3285 583 praeditis
3307 515 3781 573 crederes.Dein-

353 599 622 674 μέλισσαι
655 599 734 664 εἷς
760 595 925 655 ὕδατα
962 597 1240 664 πολλάκις
1285 598 1688 674 ἆποπνιγεῖσαι,
1722 600 1837 672 μεθ’
1871 596 2015 675 ὥραν

349 690 682 760 ἇνὲστησιιιν⁸
716 689 806 745 καὶ
841 688 1057 763 μυοξῶν
1106 689 1260 763 γὲνη,
1308 692 1591 764 χειμῶνος
1651 688 1877 759 ἀκίνητα
1913 686 2015 761 μὲ-

349 800 539 852 νοντα,
597 777 652 835 ἐν
715 777 855 854 θέρει
906 776 1101 833 λοιπὸν
1161 775 1475 848 ἀνέστησαν*
1535 775 1747 851 (εὖτελῇ
1797 777 1900 853 γάρ
1931 796 2015 832 σοι

350 872 615 939 νοοῦντι,
656 866 1013 944 παραπλήσια
1062 864 1274 923 δίδοται
1327 868 1396 923 τά
1444 864 1855 942 ὑποδείγματα)’
1900 867 1927 921 ὁ
1960 862 2019 921 δὲ

348 964 479 1023 τοῖς
505 956 737 1034 ἀλόγοις
767 958 854 1013 καὶ
912 954 1365 1031 ἐξουθενωμὲνοις
1412 956 1476 1011 τὸ
1509 959 1604 1030 ζῇν
1635 956 2015 1032 παρεχόμενος

356 1048 497 1123 ὑπὲρ
531 1046 713 1125 φύσιν,
745 1046 774 1101 ὁ
796 1045 957 1108 αὐτὸς
989 1044 1093 1120 ἆρα
1120 1047 1278 1119 ἡμῖν,
1316 1042 1386 1100 δι’
1431 1040 1524 1107 οὕς
1572 1043 1793 1099 κάκείνα
1823 1042 2015 1115 ἐποίη-

353 1157 473 1209 σεν,
508 1137 577 1193 οὐ
607 1138 892 1212 χαρίζεται
913 1156 930 1206 ;

435 1319 519 1375 ΕΓ.
581 1313 758 1373 Ἀλλᾶ
808 1320 1062 1386 ζητουσιν
1136 1314 1409 1385 Ἕλληνες
1466 1318 1669 1389 νεκρῶν
1727 1313 2014 1369 ἀνάστασιν

353 1400 443 1462 ἔτι
475 1403 732 1481 φανεράν·
774 1404 866 1459 καὶ
898 1423 1057 1482 φασιν
1121 1402 1203 1458 ὅτι
1264 1404 1315 1458 εἴ
1367 1402 1458 1460 καὶ
1509 1402 1772 1479 ἐγείρεται
1829 1407 2015 1472 ταῦτα,

353 1495 491 1553 ἀλλ’
521 1495 628 1550 οὐκ
656 1490 827 1564 ἐσάπη
852 1492 1156 1554 παντελῶς⁸
1213 1493 1303 1548 καὶ
1365 1496 1617 1563 ζητοῦσιν
1650 1490 1783 1549 ἰδεῖν
1833 1495 2015 1570 σαφῶς

352 1581 649 1647 παντελῶς
694 1587 799 1653 ζῶν
854 1582 1018 1637 σαπὲν
1074 1580 1165 1636 καὶ
1222 1581 1474 1638 ἀναστὰν.
1534 1579 1688 1652 ᾝδει
1746 1582 1876 1644 Θεὸς
1908 1585 2014 1636 τῶν

354 1673 670 1748 ἀνθρώπων
711 1674 811 1743 τήν
870 1670 1144 1741 ἀπιστίαν,
1202 1673 1291 1727 καὶ
1352 1670 1538 1749 ὅρνεον
1567 1670 1642 1735 εἷς
1668 1676 1834 1728 τοῦτο
1888 1692 2019 1727 κατ-

354 1762 649 1841 ειργάσατο
680 1803 696 1830 ,
774 1761 991 1839 φοίνικα
1049 1759 1194 1817 οὕτω
1240 1761 1578 1836 καλούμενον
1615 1805 1630 1819 .
1677 1765 1845 1816 Τοῦτο
1879 1804 1895 1833 ,
1944 1761 2019 1823 ὡς

2129 601 2223 667 de,
2254 617 2474 655 muscas
2506 606 2565 654 et
2591 615 2731 671 apes
2774 601 3101 672 saepissime
3131 603 3193 656 in
3249 604 3421 674 aquis
3475 607 3776 662 suﬂ'ocataa

2126 693 2263 760 post
2290 689 2493 744 horam
2523 689 2915 758 reviviscunt;
2952 706 3021 745 ac
3071 689 3360 747 bufonum
3389 709 3607 765 genera
3636 712 3772 753 cum

2126 779 2323 834 hieme
2349 778 2682 835 immobilia
2712 784 2994 834 maneant
3023 779 3119 851 (4),
3147 780 3208 834 in
3242 786 3443 837 aestate
3487 783 3770 859 deinceps

2123 873 2513 941 consurgunt.
2540 868 2611 938 (9’
2638 868 2765 922 Tibi
2797 868 2957 923 enim
2988 868 3127 924 vilia
3152 875 3211 925 et
3240 871 3492 927 humilia
3519 875 3778 946 cogitan-

2126 957 2192 1027 ti,
2228 957 2447 1013 similia
2470 956 2689 1013 dantur
2716 973 2916 1012 rerum
2948 959 3263 1031 exempla.)
3292 961 3400 1026 Qui
3431 967 3630 1017 autem
3679 982 3764 1020 ra-

2125 1048 2288 1104 tione
2320 1047 2617 1102 destitutis
2650 1052 2708 1102 et
2737 1047 3200 1120 despicabilibus
3217 1048 3395 1105 rebus
3424 1051 3603 1106 vitam
3633 1070 3776 1124 prae-

2125 1137 2226 1192 bet
2257 1153 2437 1209 supra
2466 1142 2761 1205 naturam,
2822 1153 3024 1193 nonne
3081 1137 3241 1193 idem
3299 1138 3495 1209 nobis,
3537 1148 3778 1215 prepter

2127 1244 2276 1299 quos
2310 1227 2488 1282 etiam
2520 1227 2655 1282 illas
2684 1227 2842 1294 fecit,
2877 1243 3269 1284 concessurus
3301 1228 3438 1285 est?

2196 1316 2343 1371 X111.
2382 1317 2595 1371 Verum
2621 1315 2815 1373 adhuc
2840 1317 3157 1387 requirunt
3178 1318 3360 1373 Graeci
3393 1321 3774 1393 conspicuam

2125 1411 2497 1462 mortuomm
2526 1407 3047 1477 resurrectionem,
3079 1408 3388 1479 aiuntque,
3414 1410 3649 1466 etiamsi
3680 1430 3775 1469 res

2125 1494 2302 1551 modo
2333 1500 2676 1551 memoratae
2702 1500 3036 1568 resurgant,
3069 1512 3188 1551 non
3220 1501 3420 1553 tamen
3443 1501 3681 1572 penitus
3714 1503 3776 1557 in

2126 1584 2502 1656 putredinem
2560 1584 2850 1640 abivisse:
2894 1591 3217 1657 aperteque
3272 1585 3473 1642 videre
3531 1590 3780 1662 cupiunt

2125 1673 2350 1729 animal
2379 1675 2621 1745 penitus
2674 1674 3069 1746 putrefactum
3129 1675 3289 1746 quod
3345 1680 3762 1738 resurrexerit.

2127 1764 2375 1819 Noverat
2402 1764 2555 1819 Deus
2582 1763 2736 1819 hanc
2767 1763 3080 1819 hominum
3102 1764 3164 1819 in
3195 1765 3488 1822 credendo
3513 1770 3778 1840 pervica-

355 1856 558 1934 γράφει
606 1853 874 1929 Κλήμης,
931 1852 1023 1909 καὶ
1078 1853 1356 1930 ἱστοροῦσι
1415 1852 1690 1927 πλείονες,
1722 1852 2007 1955 μονογενὲς

2126 1853 2494 1924 ciam,atque
2524 1852 2599 1909 ad
2631 1852 2693 1907 id
2721 1870 2886 1909 avem
2917 1855 3280 1926 comparavit
3308 1857 3642 1929 phoenicem
3674 1875 3774 1932 ap-

357 1946 640 2022 ὑπάρχον,
669 1945 808 2000 κατὰ
854 1944 956 2013 τήν
1009 1943 1320 2020 Αἰγυπτίων
1378 1944 1566 2018 χώραν
1625 1942 1676 1999 ἐν
1733 1939 2007 2019 περιόδοις

2122 1942 2427 2015 pellatam.
2452 1944 2609 2007 Hinc,
2640 1948 2706 1999 ut
2729 1943 2936 1999 scribit
2955 1944 3232 2000 Clemens
3257 1945 3588 2019 (5),aliique
3610 1966 3775 2005 com-

355 2033 734 2090 πεντακοσίων
779 2032 912 2088 ἐτῶν
974 2032 1300 2110 ἐρχόμενον,
1358 2030 1587 2088 δείκνυσι
1640 2033 1740 2102 τὴν
1795 2029 2016 2087 ἀνάστα-

360 2144 466 2179 σιν’
496 2124 602 2180 οὐκ
631 2122 685 2179 ἐν
729 2122 960 2198 ἐρήμοις
1015 2124 1227 2192 τόποις,
1257 2122 1351 2178 ’ἱνα
1410 2123 1487 2196 μή
1544 2122 1785 2198 ἀγνοηθῇ
1813 2120 1877 2178 τὰ
1911 2144 2015 2195 μυ-

362 2217 585 2288 στήριον
646 2211 933 2287 γινόμενον
960 2214 1058 2286 (1)·
1093 2209 1221 2268 ἀλλ’
1273 2209 1326 2267 ἐν
1387 2215 1586 2289 φτνερῇ
1644 2210 1804 2267 πόλει
1838 2231 2012 2285 παρα-

357 2303 680 2378 γενόμενον,
737 2301 829 2357 ἳνα
877 2300 1180 2379 ψηλσφηθῆ
1235 2301 1299 2356 τὸ
1355 2300 1774 2374 ἀπιστούμενον.
1835 2300 2013 2370 Σηκὸν

361 2392 465 2467 γὰρ
510 2394 678 2466 ἑαυτῇ
737 2397 973 2461 ποιῆσαν
1024 2389 1086 2446 ἐκ
1135 2385 1365 2446 λιϐάνου
1419 2391 1510 2446 καὶ
1567 2390 1813 2466 σμύρνης
1849 2435 1863 2461 ,
1919 2391 2011 2445 καὶ

363 2479 576 2537 λοιπῶν
638 2480 947 2556 ἀρωμάτων
982 2498 996 2512 ·
1077 2478 1172 2535 καί
1226 2479 1280 2535 ἐν
1334 2482 1406 2553 τῇ
1464 2476 1861 2554 συμπληρώσει
1903 2483 2012 2533 τῶν

364 2569 496 2626 ἑτῶν
526 2569 603 2633 εἷς
640 2573 834 2625 τοῦτον
888 2571 961 2643 (2)
1017 2568 1281 2637 εἰσελθὸν,
1339 2567 1564 2639 τελευτᾷ
1620 2572 1864 2645 φανερῶς
1919 2567 2008 2623 καὶ

370 2661 597 2729 σήπεται
624 2660 775 2727 Εἶτα,
808 2659 867 2714 ἐκ
915 2664 1017 2728 τῆς
1075 2658 1333 2729 σαπείσης
1384 2658 1582 2735 σαρκὸς
1609 2662 1706 2713 τοῦ
1751 2655 2014 2729 τελευτή-

379 2767 587 2819 σαντος,
644 2748 863 2818 σκώληξ
919 2767 1005 2810 τις
1045 2753 1313 2822 γεννᾶταιο
1373 2748 1462 2802 καὶ
1518 2747 1677 2809 οὗτος
1733 2747 2009 2820 αὐξηθεὶς,

373 2835 445 2900 εἰς
497 2837 678 2910 ὐρνεον
738 2840 1040 2914 μορφοῦται
1096 2838 1196 2910 (μὴ
1248 2836 1547 2911 ἀπιστήσῃς
1576 2833 1635 2892 δὶ
1661 2835 1860 2909 τούτῳ
1920 2837 2009 2893 καὶ

366 2927 467 3002 γὰρ
517 2925 585 2981 τὰ
645 2925 921 3000 μελισσῶν
976 2928 1283 3001 γεννήματα
1339 2926 1484 2981 οὕτω
1545 2924 1764 3002 βλέπεις
1808 2925 1869 2983 ἐκ
1903 2932 2012 2982 τῶν

365 3015 667 3087 σκωλήκων
715 3035 1053 3094 μορφυμενα⁹
1106 3015 1196 3071 καὶ
1311 3014 1433 3071 ὠῶν
1495 3016 1809 3091 ὑγροτάτων
1843 3015 2011 3081 ἐθεώ-

366 3125 534 3181 ρησας
591 3105 792 3179 ὀρνέων
838 3104 1007 3181 πτερὰ
1060 3104 1151 3160 καὶ
1208 3104 1369 3160 ὀστέα
1422 3104 1513 3160 καὶ
1571 3108 1732 3179 νεῦρα
1789 3104 2009 3181 ἐξερχό-

360 3196 539 3267 μενα)⁶
604 3194 761 3264 Εἶτα,
817 3195 1198 3271 πτεροφυήσας
1251 3194 1279 3248 ὁ
1351 3194 1753 3269 προειρημένος
1810 3194 2008 3272 φοίνιξ,

2120 2032 2323 2103 plures
2352 2037 2594 2087 nrrront
2623 2033 2720 2104 (6),
2753 2048 2889 2088 cum
2921 2033 2997 2087 sit
3039 2032 3128 2087 sui
3187 2035 3422 2106 generis
3480 2037 3677 2107 unica,
3710 2039 3772 2095 in

2117 2123 2521 2195 Egyptiorum
2576 2122 2879 2194 regionem
2936 2122 3386 2194 quadringentis
3439 2127 3775 2200 quibusque

2120 2212 2295 2267 annis
2326 2210 2669 2279 adveniens,
2700 2211 3199 2267 resurrectionem
3230 2214 3528 2285 ostendit;
3560 2233 3682 2272 non
3710 2219 3775 2273 in

2120 2300 2370 2356 desertis
2400 2301 2566 2368 locis,
2600 2317 2674 2355 ne
2704 2317 2800 2356 res
2828 2300 2934 2356 illa
2963 2302 3314 2372 mysterium
3344 2303 3499 2359 facta
3527 2304 3772 2373 lateret;

2120 2390 2225 2447 sed
2255 2390 2317 2446 in
2346 2391 2492 2446 urbe
2541 2390 2865 2462 conspicua
2895 2390 2991 2463 (7),
3053 2397 3410 2463 praesentem
3444 2410 3505 2449 se
3533 2395 3775 2465 sistens,

2119 2480 2205 2536 uti
2237 2496 2419 2535 manu
2449 2484 2849 2535 contrectetur
2881 2496 2977 2535 res
3009 2497 3141 2553 quas
3172 2481 3395 2554 alioqui
3427 2483 3605 2539 ﬁdem
3652 2501 3773 2541 non

2120 2569 2431 2626 inveniret.
2465 2571 2638 2626 Facto
2661 2570 2821 2625 enim
2846 2570 2960 2626 sibi
2979 2587 3046 2626 ex
3071 2571 3266 2642 thure,
3297 2573 3561 2645 myrrha,
3587 2580 3770 2630 caste-

2117 2660 2320 2732 risque
2352 2660 2717 2716 aromatibus
2748 2660 2994 2729 nido,in
3028 2661 3187 2718 hunc
3216 2662 3448 2735 expleto
3475 2679 3771 2721 annorum

2119 2750 2417 2807 curriculo
2448 2750 2811 2823 ingrediens,
2841 2752 3093 2807 moritur
3132 2753 3351 2823 palam,
3386 2770 3453 2809 ac
3484 2755 3775 2825 putrescit

2120 2842 2344 2897 Deinde
2374 2857 2445 2896 ex
2476 2839 2810 2911 putrefacta
2838 2839 3164 2897 demortuae
3196 2841 3317 2897 avis
3349 2858 3525 2897 carne
3553 2845 3770 2899 vermis

2119 2930 2362 3001 quidam
2391 2931 2716 2999 enascitur,
2775 2929 2991 2999 hicque
3022 2936 3404 3002 augmentum
3434 2932 3676 3003 capiens
3706 2934 3768 2989 in

2118 3018 2414 3074 volucrem
2447 3018 2872 3073 conformatur.
2904 3018 3056 3073 289
3089 3020 3189 3088 (Ne
3247 3020 3330 3074 rei
3362 3020 3460 3075 isti
3492 3020 3768 3078 detrahas

2120 3107 2338 3175 ﬁdem;
2369 3123 2511 3163 nam
2541 3111 2602 3161 et
2626 3122 2806 3177 apum
2838 3106 3074 3163 soboles
3106 3107 3313 3163 eodem
3365 3110 3543 3165 modo
3573 3112 3771 3167 cernis

2119 3214 2190 3253 ex
2218 3196 2515 3253 vermibus
2532 3196 2866 3252 informari:
2889 3202 3067 3268 atque
3099 3214 3169 3253 ex
3199 3197 3614 3269 liquidissimis
3646 3201 3771 3257 ovis

353 3260 441 3338 καὶ
497 3260 754 3350 τέλειος,
792 3260 932 3344 οἷος.
1061 3260 1408 3358 όπρότερος,
1469 3260 1643 3360 φοίνιξ
1697 3260 2006 3358 γωόὶιενοξζ

2121 3287 2425 3343 volucrum
2455 3302 2706 3358 pennas,
2729 3302 2886 3354 ossa,
2918 3291 2977 3342 et
2998 3303 3210 3343 nervos
3242 3289 3616 3361 erumpentia
3630 3307 3771 3347 con-

354 3372 645 3427 ἀνιπταται
702 3375 953 3435 τοιοῦτος
994 3375 1072 3446 (3)
1103 3371 1180 3434 εἷς
1239 3371 1369 3444 ἀέρα
1426 3372 1538 3436 οἶος
1590 3371 1683 3427 καὶ
1737 3372 2010 3429 ἐτετελευ-

347 3464 531 3533 τήκει·
565 3460 901 3541 σαφεστάτην
955 3465 1153 3538 νεκρῶν
1213 3460 1499 3517 ἀνάστασιν
1554 3463 1861 3538 ἀνθρώποις
1891 3461 2010 3518 im-

422 3587 469 3625 ”
506 3590 635 3646 Vid.
667 3606 820 3661 supr.
853 3607 915 3646 n.
938 3593 991 3645 2.

422 3720 502 3790 (1)
538 3717 613 3771 Τὸ
662 3718 961 3790 μυστήριον
1011 3711 1323 3790 γινόμενον.
1379 3720 1525 3774 Cum
1569 3719 1858 3775 alterutra
1890 3720 2005 3790 rha-

351 3789 490 3847 rum
539 3789 753 3863 vocum
806 3789 1147 3863 redundare
1193 3790 1512 3859 videretur,
1544 3789 2004 3863 primaomissa

353 3869 445 3919 est
474 3865 534 3917 in
570 3860 741 3918 codd.
775 3862 965 3919 Ottob.
1002 3866 1055 3931 2,
1100 3864 1218 3918 Boe
1267 3867 1328 3918 et
1371 3860 1661 3930 Casaub;
1712 3861 1900 3918 altera
1941 3864 2003 3918 in

351 3934 541 4002 Colb.,
575 3933 766 4007 Bodl.,
820 3933 1020 3989 Morel.
1074 3942 1133 3989 et
1177 3933 1350 3989 Grod.
1382 3935 1553 3989 Forte
1582 3933 1924 4007 legendum,
1948 3930 1999 3987 ἐν

356 4003 661 4081 μυστηρίῳ,
693 4008 753 4081 in
795 4013 1016 4081 secreto.
1062 4007 1352 4062 Caeterum
1399 4022 1508 4061 vox
1563 4003 2004 4081 παραγενόμενον

356 4071 622 4134 refertur
644 4071 719 4133 ad
748 4079 909 4132 τοῦτο
939 4071 1148 4134 ὄρνεον.

427 4146 631 4221 (2)
683 4151 898 4221 τοῦτον.
956 4146 1297 4221 Habebatur
1351 4149 1415 4204 in
1472 4149 1668 4216 editis,
1719 4150 2002 4218 τοσοῦτον,

358 4219 630 4293 εχίοοάιὶ.
665 4220 855 4276 Ottob.
886 4224 919 4275 2
950 4226 1008 4293 et
1032 4220 1196 4276 Bodl.
1245 4221 1613 4293 scripsimus,
1642 4222 1863 4275 τοῦτον*
1904 4238 1999 4293 ac-

352 4292 575 4349 cedunt
606 4293 744 4359 Roe,
767 4291 1012 4348 Casaub.
1043 4298 1100 4347 et
1120 4290 1314 4349 Ottob.
1339 4290 1672 4357 I‘ferentes,
1702 4294 1885 4346 τοῦτο.
1910 4292 2004 4347 Li-

353 4381 468 4420 nea
506 4364 803 4435 sequenti,
853 4363 953 4419 ubi
1003 4363 1351 4435 scripsimus
1398 4360 1839 4435 éxrsecundum
1871 4363 2002 4420 cod.

354 4435 519 4493 Bodl.
553 4433 615 4491 et
642 4435 859 4503 Ottob.,
917 4435 979 4490 in
1027 4433 1277 4508 vulgatis
1319 4434 1668 4506 habebatur,
1715 4433 1825 4492 καί.
1858 4435 1998 4491 Cod.

356 4507 519 4562 Colb.
554 4512 834 4562 neutrum
863 4507 1147 4563 agnoscit.

424 4579 501 4659 (β)
545 4579 828 4659 Tom-6104.
872 4576 1018 4634 Huic
1052 4577 1317 4659 nomini.
1345 4577 1672 4659 przefigitur
1725 4578 1807 4659 in_
1829 4576 2004 4659 editis

355 4649 639 4721 articulus
670 4649 720 4718 ὁ,
755 4666 931 4721 quem
961 4650 1131 4705 codd.
1166 4649 1363 4706 Ottob.
1411 4649 1747 4721 utriusque_
1768 4651 1908 4721 Roe,
1948 4653 2006 4704 et

353 4720 602 4777 Casaub.
636 4716 989 4777 auctoritate
1023 4721 1394 4777 sustulimus.
1431 4724 1495 4776 In
1525 4716 1700 4776 verbo
1731 4716 2006 4773 ἐτετελευ-

361 4793 541 4866 τήκει,
570 4799 990 4866 augmentum,
1011 4793 1170 4865 quod
1201 4792 1273 4848 ab
1295 4792 1750 4866 editisaliisque
1781 4791 2008 4866 codici-

352 4860 462 4920 bus
491 4860 681 4930 abest:
716 4860 1115 4920 substituifln
1148 4864 1426 4921 Genovet‘.
1480 4860 1750 4929 habetur,
1787 4860 2006 4917 ἐτελεύ-

348 4955 501 5004 τησε.
562 4938 631 4994 ln
665 4936 955 4993 ambobus
987 4936 1207 5003 Ottob.,
1262 4932 1665 5002 τετελεύτηκεν.
1698 4937 1837 4991 Post
1864 4935 2001 4989 θαυ-

355 5007 576 5077 μαστόν,
608 5007 962 5079 particulam
1004 5006 1100 5078 μὲν
1138 5024 1209 5063 ex
1255 5007 1423 5062 codd.
1477 5009 1617 5076 Boe,
1668 5006 1894 5063 Casaub
1944 5012 2004 5062 et

354 5080 529 5135 Grod.
562 5080 625 5135 in
655 5086 881 5137 textum
906 5079 1176 5150 ascripsi.

416 5162 426 5211 τ
442 5153 497 5220 4)
522 5154 802 5222 Bufonum
832 5167 1050 5221 genera.
1068 5148 1656 5222 'Lexicographorum
1673 5148 2001 5222 multorum

349 5219 763 5279 auctoritatem
795 5219 1033 5279 secutus
1060 5239 1212 5291 sum,
1244 5219 1317 5277 ut
1338 5219 1427 5274 τὸν
1465 5219 1658 5291 μυοξόν
1687 5220 2000 5276 redderem

350 5295 758 5365 peribufonem.
794 5294 1130 5349 Petavimus
1158 5290 1337 5349 mures
1384 5290 1620 5364 Alpinos
1651 5293 1842 5359 vertit,
1873 5290 2002 5355 τοὺς

356 5364 607 5436 μυοξούς,
639 5383 788 5438 quos
818 5366 1185 5437 Epiphanius
1227 5365 1529 5438 Anchorati
1551 5437 1556 5438 γ
1577 5382 1742 5420 num.
1776 5366 2002 5438 85,_sex

350 5453 592 5493 menses
622 5435 793 5501 mori,
828 5435 885 5492 et
911 5435 1116 5507 postea
1145 5436 1491 5493 reviviscere
1545 5437 1606 5491 in
1662 5435 2000 5507 exemplum

353 5509 630 5565 humanas
653 5509 1110 5566 resurrectionis
1127 5513 1440 5566 memorat.
1462 5507 1717 5579 Cyrillus
1736 5507 2003 5578 loquitur

351 5579 423 5635 de
453 5581 815 5637 animalibus
860 5581 922 5636 in
957 5579 1086 5652 ipsa
1106 5580 1408 5651 provincia
1438 5580 1594 5635 notis
1621 5596 1634 5634 :
1670 5580 2000 5652 meritoque

352 5652 658 5709 dubitatur
688 5668 836 5709 num
867 5652 929 5707 in
961 5649 1277 5709 Paléstina
1304 5652 1646 5707 viderentur
1672 5668 1872 5707 mures
1898 5649 2001 5706 ᾹΙ-

346 5723 493 5796 pini.
526 5726 684 5791 Quos
712 5723 942 5781 Plinius
983 5723 1088 5780 lib.
1118 5738 1221 5780 vni
1265 5724 1409 5780 Hist.
1458 5723 1707 5780 natural.
1740 5739 1869 5795 cap.
1907 5723 1996 5791 37,

2126 3376 2416 3449 spexisti.)
2456 3376 2677 3431 Deinde
2730 3376 2985 3447 phaenici
3046 3378 3329 3449 praedicto
3388 3386 3772 3438 succrescunt

2120 3482 2334 3538 pennae
2358 3483 2372 3533 ;
2414 3465 2852 3536 perfectusque,
2883 3465 3079 3536 qualis
3134 3474 3263 3525 erat
3290 3470 3473 3540 prior,
3530 3470 3772 3543 phaanix

2112 3720 2288 3776 hieme
2302 3736 2510 3777 revera
2538 3718 2965 3796 condi_ait,_sed
2998 3722 3259 3796 alimento
3288 3727 3348 3780 in
3381 3743 3600 3796 specum
3641 3744 3770 3784 con-

2110 3798 2319 3865 υεοεοεΔ
2365 3808 2501 3847 cum
2558 3790 3111 3865 Cyrillianipuogoi
3172 3795 3298 3849 sine
3355 3790 3521 3852 motu
3578 3800 3764 3855 aliove

2112 3862 2444 3935 vitzapsigno
2476 3868 2848 3935 mortuorum
2882 3862 3069 3919 instar
3107 3875 3441 3923 manerent.
3474 3869 3767 3926 Praeterea

2112 3933 2398 4004 Cyrillum
2428 3935 2500 3990 de
2530 3934 2845 4005 reptilibus
2902 3941 2960 3990 et
3004 3938 3308 3992 venenatis
3355 3939 3763 3997 animantibus

2110 4006 2277 4081 loqui
2306 4006 2480 4062 nobis
2509 4005 2759 4081 videtur.
2811 4008 2955 4081 Nam
3004 4008 3163 4079 quod
3210 4009 3312 4064 ille
3344 4010 3416 4066 de
3452 4011 3671 4081 μυοξοῖς
3704 4014 3764 4068 in

2113 4079 2389 4134 humanae
2419 4078 2876 4134 resurrectionis
2923 4078 3339 4151 argumentum
3371 4078 3581 4151 tradit,
3604 4085 3764 4140 idem

2116 4151 2281 4229 (ξτες.
2317 4152 2510 4229 Nys_s.,
2542 4154 2691 4229 orat.
2718 4167 2783 4229 in
2812 4151 2873 4205 in
2903 4153 3263 4229 liesurrectq
3296 4172 3350 4225 p.
3377 4155 3606 4229 428sde
3637 4174 3766 4229 rep-

2114 4220 2342 4295 tilibus,
2370 4220 2479 4274 τῶν
2544 4220 2803 4295 ἑρπετῶν,
2855 4222 3072 4291 refert;
3107 4230 3166 4279 et
3195 4220 3435 4281 san-ctus
3467 4227 3651 4295 Nilus,
3691 4220 3766 4283 De

2112 4294 2506 4371 monachorum
2527 4294 2886 4371 praestantia,
2915 4311 3044 4367 cap.
3083 4298 3171 4365 24,
3205 4313 3334 4371 pag.
3369 4300 3494 4366 402,
3527 4299 3598 4353 de
3631 4294 3764 4371 rep-

2114 4364 2342 4430 tilibus,
2377 4364 2480 4419 sed
2506 4365 2832 4419 venenatis.

2294 4435 2571 4514 Clemens
2589 4438 2891 4492 Romanus
2916 4438 3169 4510 epistola
3188 4444 3211 4494 1
3237 4440 3311 4494 ad
3332 4442 3596 4508 Corinth.,
3634 4458 3761 4514 cap.

2038 4474 2084 4540 Β
2191 4436 2263 4507 (5)
2294 4436 2414 4491 Clel

2115 4510 2205 4563 25.
2237 4525 2295 4563 ι).
2333 4509 2414 4562 1οἒ

2153 4510 2205 4573 5,
2237 4525 2295 4579 p.
2333 4509 2452 4564 103.

2185 4579 2259 4649 (6)
2286 4580 2548 4654 Clemens,
2580 4579 2788 4654 aliique
2811 4580 3134 4652 complures.
3164 4582 3434 4654 ,Cyrillus
3488 4584 3583 4638 hic
3627 4582 3762 4639 Cle-

2113 4651 2336 4727 mentis
2359 4650 2483 4706 fere
2507 4650 2689 4727 verba
2719 4650 3003 4727 usurpat:
3037 4650 3501 4727 paulumtamen
3530 4656 3600 4710 ab
3633 4658 3762 4727 ejus

2116 4722 2457 4778 narratione
2489 4722 2759 4777 dissidet.
2807 4725 2951 4795 Nam
2998 4722 3067 4778 ei:
3123 4725 3363 4795 Cyrillo,
3418 4722 3763 4795 phmnix'in

2115 4796 2424 4877 {Egyptum
2456 4799 2755 4877 transacto
2772 4794 2917 4877 vitae
2950 4794 3215 4877 tempore
3244 4794 3762 4877 ad_urbemhcele-

2114 4864 2438 4938 berrimam
2495 4865 2876 4938 (HeliOpolim
2914 4882 3003 4938 rex
3055 4864 3237 4922 Clem.
3306 4871 3472 4925 Rom.
3554 4873 3765 4926 Constit

2113 4944 2291 5007 apost.
2326 4936 2435 5012 lib.
2472 4936 2661 5012 v,__cap
2696 4936 3113 5012 ’ὕῖλονὶέζειι-ιᾷζ
3137 4938 3236 4993 lib.
3274 4957 3326 4994 IV
3357 4945 3502 4996 cont.
3528 4942 3758 5012 Celsum,

2110 5024 2243 5135 pag.
2276 5011 2379 5063 229
2402 5013 2461 5061 et
2479 5007 2613 5062 aliis
2634 5007 2919 5089 intelligo)
2953 5008 3366 5093 nidiﬁcaturus
3394 5013 3571 5096 venit,
3600 5018 3671 5068 At
3691 5007 3762 5070 ei

2154 5079 2433 5135 lemente.
2468 5079 2708 5135 nhwnix
2740 5095 2801 5133 in
2833 5079 3049 5134 Arabia
3078 5083 3393 5135 nidiﬁcans
3425 5091 3676 5135 mOI‘llllI‘
3707 5092 3762 5135 et

2154 5078 2433 5145 lemente,
2466 5078 2708 5150 phwnix
2740 5079 2801 5150 in
2833 5079 3049 5134 Arabia
3078 5083 3393 5140 nidiﬁcans
3425 5086 3676 5141 moritur
3707 5092 3766 5141 et

2110 5152 2443 5227 renascitur
2466 5149 2483 5217 ξ
2506 5155 2564 5204 et
2588 5149 2827 5227 grandis
2851 5152 3115 5227 effectus,
3138 5155 3346 5227 nidum
3370 5156 3430 5211 in
3455 5174 3570 5227 quo
3603 5175 3764 5213 mor-

2112 5221 2195 5277 tui
2228 5239 2363 5300 ossa
2404 5227 2737 5300 exstaptex
2760 5223 3011 5300 _Arabia
3070 5225 3428 5300 Heliopolim
3461 5221 3761 5300 transfert,

2113 5310 2300 5364 eoque
2331 5294 2393 5348 in
2423 5310 2528 5349 ara
2558 5292 2710 5349 Solis
2743 5292 3034 5365 deposito,
3077 5312 3144 5352 eo
3175 5292 3333 5353 unde
3361 5300 3521 5356 venit
3548 5292 3760 5358 avolat;

2297 5371 2387 5444 est
2432 5365 2591 5444 quod
2640 5365 2736 5420 hic
2787 5366 2857 5421 de
2889 5367 3190 5444 phoenice
3225 5370 3514 5444 dicamus,
3544 5373 3615 5427 de
3646 5390 3763 5444 quo

2111 5436 2259 5511 nulli
2294 5436 2416 5491 fere
2448 5436 2720 5511 auctores
2752 5436 2917 5511 sacri
2955 5445 3013 5494 et
3058 5441 3291 5511 profani
3332 5436 3755 5500 conticescunt.

2110 5510 2361 5564 Tantum
2387 5508 2677 5563 miramur
2708 5508 3143 5568 ecclesiasticos
3183 5520 3455 5571 auctores
3496 5515 3763 5571 fabulam

2112 5597 2244 5708 ἓέιιῗ
2278 5585 2582 5707 ωηειὲἔθτθ
2614 5582 3027 5653 paganismum
3058 5585 3180 5641 olet
3226 5602 3346 5642 non
3379 5587 3520 5643 satis
3551 5602 3758 5658 suspe-

2170 5669 2205 5708 a
2233 5669 2298 5708 os
2330 5670 2360 5708 e
2467 5693 2480 5706 .

2111 5668 2298 5709 οῐᾶῑοε
2330 5668 2480 5708 esse.

2180 5725 2253 5798 (7)
2284 5722 2642 5797 Hielopolim
2673 5724 2975 5801 intelligit.
