4150 6278
424 375 574 434 102Ἱ

1474 372 1540 433 S.
1589 371 1900 434 UYRILLI
1946 363 2361 428 lllEROSOL.
2409 371 2774 433 ARCHIEP.

3676 369 3829 431 1028

415 505 622 571 factus,
656 503 718 559 in
749 519 886 558 aera
917 501 1052 558 talis
1109 502 1301 558 avolat
1351 504 1546 574 qualis
1599 509 1657 560 et
1713 504 2053 560 demortuus

2173 495 2366 573 δείξας.
2400 500 2718 574 Θαυμαστὸν
2750 503 2844 574 μὶν
2905 496 3064 577 ὅρνον
3126 502 3155 556 ὸ
3215 499 3410 580 φοίνιξ·
3471 499 3603 557 ἀλλ’
3640 497 3825 576 ὄρνεον

415 592 1140 658 fuerat,evidentissimam
1163 598 1533 648 mortuorum
1564 594 2064 648 resurrectionem

412 682 754 738 hominibus
786 681 1512 736 ostentans.Admirabilis
1543 681 1784 752 quidem
1813 682 2065 737 volucris

412 776 502 826 est
529 771 807 842 phoenix;
851 771 971 824 avis
1029 777 1228 825 tamen
1286 771 1514 826 ratione
1572 769 1874 838 destituta,
1933 788 2063 842 quas

408 876 717 932 nunquam
752 862 868 915 Deo
897 861 1157 931 psalmos
1188 862 1405 915 cecinit
1430 879 1443 925 ;
1471 877 1608 915 aera
1629 861 2016 916 circumvolat
2046 878 2059 929 ;

410 952 514 1007 sed
546 951 679 1022 quis
702 951 778 1005 sit
834 951 1177 1022 unigenitus
1207 950 1308 1004 Dei
1340 950 1543 1015 Filius,
1603 967 1722 1004 non
1758 952 1934 1006 novit.
1972 955 2060 1008 An

404 1058 540 1096 vero
566 1039 960 1095 irrationabili
981 1045 1036 1093 et
1051 1039 1357 1109 proprium
1371 1039 1751 1094 Conditorem
1767 1041 2060 1097 nescienti

2175 589 2402 664 ἄλογον,
2433 591 2521 645 xui
2555 590 2813 645 οὐδέποτε
2841 585 3009 664 ἔψαλε
3032 595 3111 662 τῷ
3159 595 3297 663 Θεῷ.
3355 590 3701 666 Περιπὲτεται
3731 591 3822 646 τὸν

2174 678 2324 754 ἀέρα,
2358 680 2484 734 ἀλλ’
2514 679 2612 734 οὐκ
2669 677 2786 734 οἶδε
2844 679 2922 741 τίς
2979 679 3118 735 ἐστιν
3153 680 3180 734 ὁ
3217 681 3522 754 μονογενὴς
3577 679 3701 741 Υἱὸς
3727 684 3823 735 τοῦ

2173 773 2332 826 Θεοῦ.
2367 771 2501 824 Εἶτα
2548 773 2628 841 τῷ
2689 769 2783 842 μὲν
2837 768 3026 844 ἀλόγῳ
3059 768 3183 842 ζώῳ
3213 768 3306 822 καὶ
3367 770 3442 840 μὴ
3502 771 3820 843 γινώσκοντι

2170 861 2263 914 τὸν
2297 860 2540 928 Ποιητήν
2573 861 2672 932 (1),
2731 864 2935 933 νεκρῶν
2989 859 3274 921 ἀνάστασις
3307 856 3633 932 δεδώρηται·
3686 861 3820 931 ἡμῖν

2173 946 2229 1004 δὶ
2256 953 2374 1010 τοῖς
2405 947 2760 1023 δοξολογουσι
2793 949 2944 1018 Θεὸν,
2976 949 3066 1003 καὶ
3096 949 3162 1002 τὰ
3204 950 3602 1024 προστάγματα
3656 949 3822 1004 αὐτοῦ

2167 1042 2451 1110 τηροῦσιν,
2487 1037 2548 1093 οὐ
2574 1035 2781 1092 δίδοται
2815 1037 3101 1099 ἀνάστασις
3129 1057 3143 1106 ;

405 1129 695 1184 animanti
729 1134 1098 1182 mortuorum
1129 1127 1485 1182 resurrectio
1519 1127 1656 1182 data
1682 1127 1898 1184 fuerit:
1934 1131 2108 1187 nobis
2146 1147 2281 1186 vero
2315 1130 2416 1200 qui
2449 1131 2632 1184 Deum
2693 1127 3095 1200 gloriﬁcamus
3126 1127 3177 1182 ei
3211 1133 3504 1198 praecepta
3553 1128 3682 1200 ejus
3721 1128 3824 1182 ob-

409 1226 733 1277 servamus,
765 1208 974 1262 eadem
1007 1223 1128 1262 non
1160 1206 1397 1262 dabitur
1420 1207 1447 1261 ‘I

481 1300 578 1365 IX,
610 1296 723 1352 Sed
772 1297 1055 1368 quoniam
1110 1295 1282 1368 longe
1342 1297 1593 1368 petitum
1626 1302 1684 1352 et
1743 1315 1944 1354 rarum
1977 1306 2067 1355 est

414 1387 706 1459 phwnicis
735 1387 988 1458 signum,
1023 1401 1090 1440 ac
1121 1385 1390 1440 nondum
1421 1385 1710 1454 credunt;
1760 1389 1960 1460 accipe
1995 1407 2065 1445 ex

413 1478 507 1532 his
539 1494 668 1548 quas
701 1474 965 1546 quotidie
1022 1475 1318 1546 conspicis
1348 1475 1529 1530 aliam
1577 1493 1783 1532 rursus
1813 1478 2063 1534 demon-

413 1567 820 1621 ειι·ει1.ἱοῑιεῐῐι.¹
860 1567 1010 1618 Ante
1041 1564 1149 1618 hos
1182 1570 1419 1619 centum
1451 1565 1540 1620 vel
1573 1565 1859 1623 ducentos
1886 1569 2064 1627 etiam

413 1672 627 1721 annos,
660 1654 760 1708 ubi
794 1669 1032 1708 eramus
1063 1670 1271 1708 omnes
1297 1671 1426 1720 nos,
1455 1660 1582 1710 tum
1606 1657 1706 1726 qui
1733 1655 2060 1728 loquimur,

2243 1305 2282 1353 Θ
2303 1341 2315 1353 .
2349 1295 2508 1352 Ἀλλ’
2538 1292 2727 1366 ἐπειδή
2780 1296 2987 1370 μακρὰν
3046 1295 3137 1350 καί
3197 1295 3420 1350 σπάνιον
3447 1299 3544 1349 τοῦ
3575 1294 3821 1372 φοίνικος

2168 1389 2231 1442 τὸ
2261 1391 2515 1460 σημεῖον,
2561 1385 2652 1440 καὶ
2711 1383 3023 1441 ἀπιστοῦσιν
3076 1383 3176 1439 ἔτι·
3211 1379 3345 1440 λαϐὲ
3398 1386 3500 1454 τήν
3549 1381 3821 1456 ἀπόδειξιν

2169 1476 2228 1530 ἐκ
2277 1480 2385 1530 τῶν
2444 1476 2564 1530 καθ’
2638 1473 2850 1547 ἡμέραν
2909 1474 3250 1551 φαινομένων
3308 1494 3415 1544 σοι,
3474 1472 3659 1529 πάλιν·
3708 1474 3819 1549 Πρὸ

2170 1567 2357 1620 ἑκατὸν
2389 1563 2524 1620 ἐτῶν
2555 1563 2592 1633 ἢ
2613 1564 2706 1618 καὶ
2737 1561 3049 1630 διακοσίων,
3080 1566 3248 1636 ἡμεῖς
3272 1563 3514 1636 πάνντες,
3548 1565 3600 1618 οἳ
3629 1583 3688 1618 τε
3720 1562 3819 1618 λα-

2170 1653 2391 1716 λοῦντες
2422 1653 2511 1708 καὶ
2561 1652 2868 1720 ἀκούοντες,
2923 1657 3029 1706 ποῦ
3067 1655 3252 1725 ήμενς
3312 1653 3414 1728 ἆρα
3473 1651 3570 1708 οὐκ
3599 1650 3818 1724 οἴδαμεν

412 1750 538 1798 tum
572 1743 672 1813 qui
705 1741 926 1797 auditis
950 1742 976 1796 ?
1008 1744 1176 1796 Anne
1233 1743 1574 1815 ignoramus
1614 1761 1928 1816 corporum
1961 1765 2053 1803 no-

2174 1751 2274 1814 τῆς
2312 1741 2582 1816 ἦμετὲρας
2638 1743 2984 1804 ὑποστάσεως
3040 1746 3146 1796 τῶν
3199 1743 3469 1814 σωμάτων
3492 1742 3592 1810 τήν
3627 1741 3819 1796 ὑπόθε-

411 1838 670 1888 strorum
690 1831 1136 1888 constitutionis
1161 1832 1527 1903 primordia?
1548 1835 1746 1888 Nescis
1763 1838 2061 1906 quomodo

415 1939 487 1978 ex
514 1922 854 1989 imbecillis,
890 1921 1266 1988 informibus,
1302 1928 1358 1976 et
1388 1923 1728 1978 uniusmodi
1757 1925 1932 1982 rebus
1962 1944 2062 2000 ge-

413 2011 740 2067 neramur?
789 2011 952 2082 atqui
995 2027 1064 2065 ex
1095 2011 1199 2064 illo
1259 2011 1598 2066 uniusmodi
1655 2013 2061 2087 imbecillique

411 2103 704 2174 principio
735 2102 1024 2156 formatur
1056 2103 1256 2156 vivens
1287 2103 1464 2156 homo
1491 2102 1547 2157 :2
1577 2103 1843 2175 illudque
1893 2107 2060 2161 infir-

411 2210 575 2247 mum
607 2209 674 2247 ac
705 2191 898 2246 debile
931 2192 990 2246 in
1015 2208 1256 2246 carnem
1296 2198 1692 2264 compactum,
1755 2195 1816 2250 in
1848 2213 2058 2251 nervo-

405 2282 940 2336 rum-ﬁrmitatem
998 2286 1470 2349 transmutatur;
1515 2287 1572 2336 et
1629 2283 1689 2338 in
1748 2285 2059 2341 oculorum

408 2369 879 2440 limpitudinem,
923 2376 979 2424 et
1032 2369 1164 2424 nasi
1222 2370 1465 2424 odoram
1515 2371 1653 2439 vim,
1714 2380 1772 2428 et
1825 2376 2058 2430 aurium

411 2460 802 2524 auditionem,
835 2466 892 2513 et
921 2458 1183 2529 linguam
1217 2459 1649 2530 loquentem,et
1677 2478 1777 2517 cor
1807 2465 2054 2532 micans,

411 2555 469 2604 et
494 2565 782 2604 manuum
814 2547 1098 2618 operandi
1130 2549 1505 2617 industriam,
1531 2555 1588 2604 et
1611 2551 1826 2621 pedum
1857 2555 2056 2623 perni-

407 2639 668 2702 citatem,
701 2643 760 2693 et
790 2638 849 2691 in
881 2654 1117 2691 omnem
1151 2637 1364 2692 diversi
1394 2640 1626 2710 generis
1655 2641 2057 2700 membrorum

409 2729 690 2800 speciem.
725 2730 916 2798 Atque
948 2727 1095 2781 illud
1127 2727 1238 2782 vile
1273 2733 1330 2782 et
1372 2727 1670 2782 imbecille
1724 2731 1791 2784 fit
1819 2732 2056 2786 navium

408 2819 752 2884 fabricator,
789 2822 846 2870 et
875 2816 1185 2871 domorum
1219 2817 1563 2884 aedificator,
1588 2823 1646 2872 et
1675 2819 2055 2892 architectus,

410 2913 467 2962 et
497 2907 754 2978 cujusvis
787 2907 929 2960 artis
962 2907 1290 2977 operarius,
1333 2913 1390 2962 et
1443 2907 1635 2972 miles,
1671 2913 1728 2961 et
1757 2910 2053 2982 princeps,

409 3002 467 3051 et
497 2997 818 3068 legislator,
847 3000 904 3049 et
933 3012 1054 3050 rex.
1089 2996 1196 3060 Qui
1227 3012 1297 3049 ex
1327 2995 1691 3066 imperfectis
1731 2999 1917 3054 initiis
1949 3017 2054 3055 nos

2171 1854 2253 1887 σιν
2287 1833 2424 1901 ςοῦκ
2456 1829 2605 1893 οἶδας
2639 1831 2788 1892 ὅπως
2841 1829 2892 1901 ἐξ
2950 1830 3210 1900 ἀσθενῶν,
3270 1830 3361 1885 xui
3411 1831 3696 1907 ἀμόρφων,
3729 1829 3820 1883 καὶ

2173 1919 2470 1996 μονοειδῶν
2503 1920 2841 1996 πραγμάτων
2899 1921 3218 1995 γεννώμεθα
3251 1940 3265 1989 ;
3299 1919 3400 1976 Kui
3459 1917 3518 1975 ἐκ
3573 1923 3672 1974 τοῦ
3706 1939 3817 1990 μο-

2166 2009 2410 2075 νοειδοῦς
2433 2011 2522 2065 καὶ
2554 2008 2805 2074 ἀσθενοῦς
2864 2013 3167 2086 μορφοῦτπι
3231 2013 3335 2078 ζῶν
3390 2007 3695 2083 ἄνθρωπος·
3727 2008 3817 2062 xui

2167 2103 2230 2157 τὸ
2261 2101 2470 2163 ἀσθενὶς
2528 2100 2798 2172 σαρκωθέν
2857 2098 2932 2160 είς
2991 2099 3194 2174 νεύρων
3254 2097 3590 2173 ίσχυρότητα
3644 2117 3818 2170 μετα-

2169 2187 2460 2258 ϐάλλεται,
2517 2191 2606 2244 xui
2653 2188 2728 2250 εἲς
2786 2185 3086 2260 ὀφθαλμῶν
3149 2190 3226 2260 (2)
3284 2186 3669 2260 λαμπρότητα,
3727 2185 3817 2242 καὶ

2170 2277 2317 2356 ῥινὸς
2345 2275 2630 2356 ὄσφρησιν,
2659 2275 2749 2332 καὶ
2781 2272 2934 2331 ὤτων
2965 2275 3133 2344 ἀκοήν
3172 2323 3186 2348 ,
3218 2276 3307 2330 καὶ
3332 2273 3584 2349 γλῶσσαν
3614 2275 3822 2332 λαλοῦ-

2171 2393 2290 2439 σαν,
2333 2369 2423 2422 καὶ
2483 2364 2708 2441 καρδίαν
2767 2364 3108 2434 πάλλουσαν,
3139 2365 3228 2420 καὶ
3285 2369 3484 2439 χειρῶν
3547 2364 3818 2442 ἐργασίαν,

2165 2460 2256 2516 xui
2288 2455 2470 2512 ποδῶν
2521 2453 2751 2531 δρόμον,
2805 2456 2896 2509 xui
2955 2457 3212 2508 παντοίαν
3274 2451 3417 2508 ἰδέαν
3477 2454 3682 2526 μελῶν.
3717 2455 3819 2513 Καὶ

2169 2551 2231 2606 τὸ
2262 2548 2476 2612 ἀσθενὲς
2533 2543 2708 2600 ἐκεῖνο
2763 2545 2962 2619 γίνεται
3020 2543 3300 2617 ναυπηγὸς
3358 2543 3448 2597 καὶ
3501 2541 3821 2616 οἲκοδόμος,

2168 2641 2253 2695 καὶ
2317 2636 2676 2713 ἀρχιτέκτων,
2734 2635 2823 2689 καὶ
2868 2634 3128 2696 παντοίας
3187 2635 3387 2708 τέχνης
3447 2631 3697 2710 ἐργάτης,
3729 2633 3819 2687 καὶ

2169 2729 2527 2805 στρατιώτης,
2581 2725 2669 2780 καὶ
2729 2726 2941 2800 ἅρχων,
3001 2724 3092 2778 xui
3148 2724 3478 2796 νομοθέτης,
3539 2724 3627 2777 xui
3663 2725 3820 2798 βασι-

2169 2818 2312 2880 λεύς.
2365 2819 2455 2886 Ἐξ
2514 2814 2720 2871 ἀτελῶν
2914 2814 3252 2888 πραγμάτων
3310 2814 3544 2882 ποιήσας
3590 2814 3738 2882 ἡμᾶς
3789 2813 3817 2866 ὁ

2168 2909 2320 2976 Θεὸς,
2353 2908 2455 2981 ἄρα
2483 2903 2611 2968 τοὺς
2645 2923 2907 2964 πεσοντας
2961 2901 3160 2977 ἐγεῖραι
3213 2902 3276 2956 οὐ
3337 2898 3552 2956 δύναται
3589 2919 3601 2967 ;
3661 2903 3720 2955 '0
3750 2901 3814 2954 τὸ

2168 2995 2544 3052 εὐτελέστατον
2578 2991 2720 3048 οὕτω
2751 2995 3177 3064 σωματοποιῶν,
3217 2992 3280 3046 τὸ
3310 2991 3469 3044 πεσὸν
3522 2993 3680 3061 σῶμα
3709 2988 3817 3042 πά-

402 3086 542 3141 fecit
578 3087 749 3152 Deus,
784 3101 926 3139 num
959 3101 1099 3139 casu
1144 3083 1405 3154 dejectos
1433 3085 1688 3140 excitare
1732 3104 1851 3142 non
1883 3093 2049 3159 pote-

2167 3087 2252 3142 λιν
2300 3085 2503 3159 ἐγεῖραι
2537 3081 2597 3136 οὐ
2631 3079 2850 3136 δύναται
2884 3100 2898 3150 ;
2928 3080 3018 3135 xui
3051 3082 3078 3135 ὁ
3107 3080 3169 3134 τὸ
3204 3081 3280 3152 μή
3316 3077 3373 3134 ὂν
3400 3077 3631 3148 πλάσας,
3660 3078 3724 3132 τὸ
3755 3076 3816 3132 ὃν

409 3175 535 3228 rit?
563 3174 670 3239 Qui
730 3190 856 3227 rem
896 3173 1244 3228 vilissimam
1302 3174 1385 3229 ita
1434 3176 1784 3245 corporavit,
1845 3193 2058 3249 corpus

2167 3175 2257 3230 xui
2284 3175 2444 3228 πεσὸν
2479 3173 2580 3247 ἄρα
2609 3172 2712 3225 οὐκ
2741 3169 2937 3246 ἐγείρει
2969 3189 2982 3239 ;

407 3262 785 3316 demortuum
813 3262 1028 3316 iterum
1061 3263 1316 3317 excitare
1348 3279 1468 3316 non
1501 3263 1737 3318 valeat?
1765 3265 1873 3330 Qui
1905 3265 2046 3322 fecit
2075 3266 2232 3338 quod
2261 3282 2383 3320 non
2414 3269 2562 3330 erat,
2584 3261 2644 3316 id
2675 3261 2832 3332 quod
2863 3266 2972 3328 est,
3005 3266 3322 3332 postquam
3363 3259 3664 3329 ceciderit,
3696 3275 3818 3315 non

405 3351 690 3404 excitaret
716 3349 743 3403 ‘I

476 3440 544 3493 Χ.
575 3438 788 3508 Accipe
820 3442 879 3491 et
924 3437 1308 3494 manifestum
1361 3446 1735 3496 mortuorum
1793 3459 2057 3499 resurre-

403 3528 620 3585 ctionis
655 3532 1072 3598 argumentum
1103 3530 1162 3582 in
1196 3528 1340 3583 caelo
1373 3533 1432 3584 et
1464 3529 1882 3600 luminaribus,
1923 3533 2054 3588 sin-

403 3617 557 3691 gulis
590 3615 896 3670 mensibus
956 3620 1256 3670 testatum.
1292 3619 1436 3672 Nam
1487 3617 1694 3674 lunare
1752 3637 1964 3692 corpus
1993 3623 2055 3678 in

403 3712 593 3761 totum
626 3705 931 3770 deficiens,
966 3705 1047 3760 ita
1075 3710 1141 3760 ut
1169 3706 1318 3760 nihil
1353 3724 1422 3761 ex
1453 3707 1580 3778 ipso
1625 3709 1882 3780 amplius
1913 3728 2053 3767 con-

407 3797 710 3869 spiciatur,
739 3795 956 3850 iterum
990 3794 1060 3849 de
1093 3813 1240 3850 novo
1273 3797 1688 3868 completur,et
1717 3799 1778 3854 in
1805 3799 1864 3856 id
1895 3799 2054 3870 quod

399 3892 528 3941 erat
557 3890 697 3940 ante
728 3883 1113 3940 instauratur.
1144 3885 1303 3940 Etad
1333 3885 1656 3955 perfectam
1677 3888 1947 3958 ejusdem
1968 3890 2054 3945 rei

397 3975 1135 4045 demonstrationem,post
1155 3991 1448 4028 annorum
1463 3976 1856 4033 revolutiones
1879 3995 2053 4050 passa

400 4067 733 4138 deliquium
767 4065 1112 4135 luna,atque
1147 4065 1209 4119 in
1241 4065 1585 4137 sanguinem
1610 4073 1881 4138 patenter
1908 4086 2052 4125 con-

397 4173 588 4223 versa,
618 4172 824 4209 rursus
855 4154 1120 4209 lucidum
1153 4171 1368 4225 corpus
1395 4157 1678 4210 resumit:
1718 4158 1831 4212 Deo
1885 4159 2050 4214 vide-

393 4249 535 4305 licet
567 4249 680 4303 ista
698 4244 937 4318 provide
962 4243 1190 4312 molito,
1223 4249 1288 4298 ut
1319 4248 1378 4299 et
1403 4250 1466 4299 tu
1493 4245 1669 4301 homo
1703 4247 1803 4318 qui
1827 4263 1897 4303 ex
1921 4265 2052 4304 san-

395 4339 573 4412 guine
607 4337 964 4392 constitutus
997 4351 1079 4400 es,
1113 4338 1484 4388 mortuorum
1515 4337 1938 4392 resurrectioni
1980 4338 2050 4393 tl-

397 4428 532 4482 dem
560 4443 634 4481 ne
668 4425 1021 4497 derogares;
1055 4421 1331 4493 quodque
1365 4422 1426 4476 in
1459 4423 1605 4479 luna
1637 4426 1952 4496 conspicis,
1987 4426 2049 4481 in

396 4522 451 4572 te
487 4531 726 4587 quoque
757 4513 1032 4569 crederes
1051 4511 1339 4566 futurum.
1376 4512 1474 4567 His
1504 4512 1702 4584 itaque
1733 4514 2044 4569 adversum

391 4607 625 4661 Graecos
655 4602 852 4659 verbis
882 4607 1047 4657 utere
1073 4617 1084 4654 :
1119 4600 1280 4656 290
1310 4616 1450 4656 nam
1481 4617 1616 4657 cum
1646 4601 1718 4657 iis
1749 4603 1850 4674 qui
1882 4603 2036 4659 Scri-

468 4731 631 4787 ‘Vid.
665 4736 769 4787 cat.
804 4731 858 4797 4,
890 4745 951 4784 n.
986 4729 1072 4784 30.
1149 4725 1172 4760 ²
1211 4726 1338 4782 Vid.
1365 4733 1474 4783 cat.
1511 4729 1596 4795 12,
1631 4745 1690 4784 ιι.
1725 4729 1814 4783 30.

461 4858 550 4929 (l)_
566 4855 672 4929 Τὸν
709 4854 982 4929 ΙΙοιητήν,
1007 4852 1248 4929 Addunt
1299 4854 1439 4918 Roe,
1468 4853 1740 4921 Casaub.,
1795 4855 2046 4921 Genov.,

389 4926 496 4981 τῶν
521 4926 803 4988 ἀπάντων,
837 4928 1078 4980 omnium
1111 4927 1396 4992 factorem.

461 5002 535 5068 ('2)
585 4995 939 5068 Ὀφθαλμῶν.
994 4996 1349 5068 Scripsimus
1409 4995 1468 5049 in
1520 4995 1757 5066 plurali,
1813 5014 1947 5052 cum
1980 4997 2042 5051 in

389 5049 1029 5141 impressis'habeatur,
1078 5049 1388 5141 ὀᾷοθαλμοῇ,
1423 5083 1491 5141 ex
1521 5049 1705 5124 ‘codd,
1745 5049 1899 5133 ’Βοῄ
1934 5069 2040 5122 Ca-

388 5138 553 5197 saub.
590 5147 647 5194 et
676 5138 871 5205 Grod.,
905 5145 972 5194 ut
1001 5142 1090 5208 est
1110 5138 1171 5192 in
1195 5138 1376 5192 simili
1403 5139 1602 5208 phrasi
1640 5147 1752 5197 cat.
1778 5143 1830 5208 4,
1863 5157 1922 5194 n.
1947 5143 2036 5204 22,

389 5209 685 5282 ὀφθαλμῶν
721 5207 1122 5282 λαμπροτάτην
1148 5207 1490 5282 κατάστασιν.

435 5269 536 5372 ⁸(ςξ)
575 5269 668 5372 ’Ἐξ
719 5269 1214 5372 ξτέλῶγηνςόλάἀλ
1252 5281 1438 5372 coll)?
1472 5283 1621 5372 ape,
1677 5281 1895 5372 Ottobﬂ
1930 5281 2038 5372 Ca:

389 5350 578 5418 saub.,
614 5350 869 5417 εὖτελῶν,
903 5351 1118 5407 vilibus.
1172 5353 1357 5415 Quam
1405 5352 1722 5407 lectionem
1771 5353 2040 5407 indicant

386 5433 703 5499 sequentes
757 5441 948 5490 voces,
983 5421 1009 5474 ὁ
1038 5422 1099 5474 τὸ
1135 5420 1512 5476 ευτελέστατον
1569 5422 1711 5477 οὕτω
1771 5444 2033 5494 σωματο-

389 5519 584 5552 ποιων.

457 5572 531 5643 (4)
563 5569 640 5643 Τὸ
673 5561 985 5643 φωτοειδὲς.
1031 5563 1361 5643 Articulum
1421 5565 1579 5621 hunc
1637 5565 2038 5636 supplevimus

387 5634 651 5700 ex'codd.
686 5634 806 5698 Roe
839 5643 901 5694 et
931 5634 1182 5691 Casaub.

455 5715 532 5789 (5)
564 5711 886 5790 ’Δγράφοιςο
915 5711 1026 5765 Pro
1057 5705 1346 5781 ἀγράφοις,
1379 5708 1665 5781 scriptum
1703 5709 1765 5764 in
1797 5710 2036 5778 Genov.,

2241 3442 2294 3497 l'.
2329 3435 2473 3495 Λαϐὶ
2503 3440 2562 3494 δὲ
2595 3459 2688 3512 μοι
2743 3441 2947 3512 νεκρῶν
3003 3438 3339 3500 ἀναστάσεως
3400 3439 3628 3514 φανερὰν
3669 3437 3816 3492 ἀπό-

2166 3528 2326 3601 δειξιν
2361 3529 2412 3584 ἐν
2469 3529 2684 3603 οὐρανῷ
2730 3528 2820 3582 xui
2879 3534 3160 3603 φωστῆρσι
3215 3529 3336 3581 καθ’
3384 3523 3607 3582 ἕκαστον
3671 3533 3817 3600 μῆνα

2167 3617 2641 3695 μαρτυρουμένην·
2684 3619 2756 3674 Τὸ
2816 3616 2919 3692 γὰρ
2970 3623 3070 3686 τῆς
3131 3615 3368 3686 σελήνης
3427 3621 3587 3689 σῶμα
3617 3637 3815 3672 παντε-

2163 3710 2274 3773 λῶς
2305 3709 2580 3778 ἐκλεῖπον,
2615 3708 2688 3770 ὡς
2723 3705 2853 3780 μηδ’
2883 3709 3062 3762 ὁτιοῦν
3093 3707 3256 3762 αὐτοῦ
3289 3707 3565 3779 φαίνεσθαι
3599 3707 3815 3779 λοιπὸν,

2161 3799 2325 3854 πάλιν
2357 3797 2793 3872 ἀναπληροῦται,
2826 3797 2912 3851 xui
2967 3795 3043 3860 είς
3101 3795 3232 3871 ὅπερ
3265 3797 3330 3866 ἦν
3367 3797 3811 3852 ἀποκαθίσταται·

2160 3885 2317 3962 ’Υπὲρ
2377 3884 2434 3942 δὶ
2488 3883 2702 3948 τελείας
2755 3888 2854 3939 τοῦ
2902 3885 3223 3958 πράγματος
3276 3882 3620 3959 ἀποδείξεως,
3678 3885 3815 3940 κατὰ

2159 3973 2446 4049 περιόδους
2505 3973 2640 4030 ἐτῶν
2700 3972 3026 4029 ἐκλείπουσα
3078 3975 3112 4043 ἠ
3175 3973 3405 4044 σελήνη,
3435 3975 3524 4030 xui
3566 3975 3640 4036 εἷς
3675 3977 3812 4048 αἷμα

2160 4069 2403 4142 φανερῶς
2428 4058 2848 4136 μεταϐληθεῖσρ,
2899 4063 3066 4118 πάλιν
3123 4059 3506 4136 ἀπολαμϐάνει
3535 4065 3597 4118 τὸ
3655 4068 3812 4137 σῶμα

2155 4155 2218 4209 τὸ
2249 4149 2540 4231 φωτοειδές
2729 4156 2826 4206 τοῦ
2884 4157 3019 4207 Θεοῦ
3076 4158 3238 4208 τοῦτο
3293 4156 3808 4222 κατασκευάσαντος,

2155 4245 2246 4300 ἳνα
2274 4245 2364 4300 καὶ
2397 4244 2458 4298 σὺ
2491 4245 2518 4298 ὸ
2548 4241 2834 4318 ἅνθρωπος
2869 4244 2898 4298 ὁ
2929 4242 2981 4314 ἐξ
3015 4242 3242 4316 αἵματος
3285 4244 3569 4316 συνεστὼς,
3601 4248 3670 4318 τῇ
3701 4250 3808 4299 τῶν

2157 4339 2361 4409 νεκρῶν
2393 4333 2673 4388 ἀναστάσει
2737 4341 2811 4405 μή
2863 4334 3189 4406 ἀπιστήσῃς·
3246 4330 3372 4386 ἀλλ’
3430 4333 3562 4406 ὅπερ
3593 4332 3680 4385 ἐπὶ
3711 4340 3812 4399 τῆς

2159 4422 2398 4493 σελήνης
2434 4420 2676 4497 βλέπεις,
2708 4426 2868 4476 τοῦτο
2915 4422 3005 4475 xui
3065 4420 3186 4494 περὶ
3220 4419 3442 4473 σεαυτοῦ
3496 4419 3804 4491 πιστεύσῃς,

2074 4517 2121 4581 D
2155 4511 2386 4574 Τούτοις
2421 4512 2514 4584 μὶν
2549 4510 2640 4566 οῦν
2676 4511 2920 4585 κέχρησο
2956 4509 3145 4581 λόγοις
3179 4508 3314 4580 πρὸς
3345 4505 3646 4571 Ἕλληνας·
3681 4511 3804 4569 τοῖς

2148 4601 2252 4677 γὰρ
2301 4601 2367 4656 τὰ
2420 4595 2660 4676 ἔγγραφοι
2739 4600 2814 4671 μὴ
2880 4589 3371 4670 παραδεχομένοις,
3425 4595 3690 4668 ἀγράφοις
3724 4599 3806 4667 (5)

2159 4852 2431 4930 ἀγράφως,
2462 4855 2578 4906 sine
2605 4852 3011 4930 scripturazét
3040 4850 3102 4930 in
3135 4851 3254 4930 Boe
3283 4851 3630 4930 etCas_aub.,
3662 4851 3806 4930 ἀμαέ

2155 4919 2874 5007 χρὶςξξῃεαξρυθηαὸίίξὸιιξ,
2912 4921 3038 4974 Vim
3065 4921 3245 5007 _hujus
3272 4923 3436 5007 vocis.
3455 4919 3808 5007 ignorabant

2155 4991 2400 5053 librarii.
2426 4991 2497 5049 At
2521 4991 2780 5048 occurrit
2800 4991 3121 5063 aliquando
3141 4991 3202 5048 in
3226 4991 3644 5050 ecclesiasticis
3669 4997 3805 5050 scri-

2150 5067 2438 5140 ptoribus,
2463 5064 2624 5140 verbi
2650 5065 2860 5140 gratia,
2896 5071 3135 5140 sanctus
3164 5066 3446 5140 lrenaaus,
3471 5066 3574 5120 lib.
3609 5084 3642 5140 ι,
3672 5083 3802 5138 cap.

2151 5133 2226 5195 al.
2265 5144 2314 5207 1,
2348 5155 2478 5212 nov.
2515 5136 2608 5192 ed.
2643 5133 2977 5212 8',Anum.rl,
3011 5133 3060 5208 ἐξ
3106 5135 3357 5212 ἀγράφων
3409 5133 3800 5210 ἀναγινώσκον-

2149 5231 2258 5278 τες,
2287 5227 2356 5264 ea:
2380 5210 2450 5264 iis
2481 5223 2608 5278 quae
2637 5210 2860 5263 minime
2889 5211 2947 5262 in
2977 5211 3146 5264 sacris
3175 5210 3374 5264 litteris
3401 5214 3630 5280 prodita
3650 5217 3800 5274 sunt,

2150 5283 2400 5355 quaedam
2421 5281 2743 5355 lectitqates.
2772 5284 2989 5355 Auctor
3008 5281 3533 5355 Clementinarum,
3559 5282 3718 5336 hom.
3743 5284 3803 5355 _3,

2149 5352 2313 5412 num.
2350 5355 2436 5414 38,
2471 5353 2554 5407 sic
2586 5352 2884 5406 Simonem
2940 5354 3186 5423 Magum,
3223 5354 3405 5407 Deum
3448 5355 3706 5424 aliquem
3740 5353 3798 5406 in

2153 5425 2342 5482 Veteri
2364 5425 2808 5494 Scripturanon
2833 5441 3178 5494 expressum
3194 5425 3549 5480 concludere
3573 5441 3798 5478 conan-

2149 5505 2267 5554 tem
2327 5492 2598 5570 inducit:
2653 5493 2879 5570 -Ἒτερος
2909 5492 3174 5570 ’ἄγραφος
3235 5493 3606 5568 περιλείπεται
3642 5495 3796 5547 εἶναι·

2147 5573 2332 5625 Restat
2361 5575 2423 5622 ut
2455 5569 2596 5620 alter
2643 5568 2700 5620 in
2731 5567 2992 5636 Sriptura
3012 5567 3128 5620 non
3185 5567 3469 5637 expressus
3499 5583 3798 5637 agnoscen-

2147 5643 2246 5696 dus
2272 5643 2339 5695 sit
2370 5640 2528 5693 Deus.
2565 5638 2934 5710 Quapropter
2957 5644 3196 5692 sanctus
3229 5640 3392 5710 Greg.
3428 5642 3619 5710 Nysa,
3652 5645 3796 5693 tom.

2146 5715 2225 5769 Ill
2265 5712 2376 5766 νει.
2411 5710 2588 5764 sancti
2636 5709 2837 5778 Ephr.,
2882 5726 2940 5779 p.
2974 5710 3096 5776 594,
3128 5708 3425 5785 γραφικόὺς
3459 5708 3662 5784 λόγους
3693 5727 3796 5782 ap-
