4150 6278
337 331 494 392 1029

955 332 1429 394 CATECHESIS
1473 329 1689 392 XVIII.
1737 327 1841 387 DE
1883 325 2168 387 CABNIS
2214 329 2906 404 RESURRECTIONE,
2954 334 3126 394 ETC.

3588 337 3745 399 1030

335 468 528 542 μάχου
552 471 672 528 τοῖς
702 464 921 536 ὅπλοις,
981 465 1040 522 ἰκ
1091 465 1374 542 λογισμῶν
1427 467 1592 539 μόνον
1649 463 1739 520 καὶ
1772 457 1984 517 ἀποδεί-

2103 469 2308 535 pturas
2339 482 2458 521 uon
2491 469 2806 539 recipiunt,
2837 470 3020 524 armis
3050 487 3080 525 e
3111 469 3412 542 Scriptura
3431 489 3550 528 non
3583 492 3745 532 sum-

330 560 484 630 ξεων·
518 555 736 616 τούτοις
766 556 891 630 γάρ,
940 554 1063 610 οὕτε
1117 556 1200 617 τίς
1259 556 1370 611 ἐστι
1423 557 1625 623 Μωσῆς
1682 553 1987 628 γνώριμον,

337 645 465 700 οὔτε
492 645 581 706 τίς
613 643 754 699 ἰστιν
787 643 1029 715 Ἡσαΐας,
1062 645 1184 700 οὕτε
1228 645 1296 700 τὰ
1333 643 1665 719 Εὗαγγέλια,
1693 638 1817 697 οὔτε
1845 643 1992 694 Παῦ-

338 735 462 797 λος.

412 915 522 970 ΙΛ’.
556 907 842 982 Μετάϐηθί
901 932 996 984 μοι
1058 912 1250 967 λοιπὸν
1307 912 1394 966 ἐπὶ
1428 909 1789 986 Σαμαρείτας,
1822 906 1872 963 ο’ί
1900 907 1990 962 νό-

347 1023 446 1075 μον
483 999 779 1076 δεχόμενοι
815 1002 1003 1073 μόνον,
1032 1003 1317 1079 προφήτας
1350 1000 1526 1056 οὗκὲτι
1573 995 1988 1072 καταδεχονταισ

343 1091 422 1152 οἷς
457 1091 622 1165 ἀργον
655 1088 798 1145 ἔοικε
826 1091 890 1146 τὸ
947 1091 1121 1166 παρὸν
1171 1092 1500 1165 ἀνάγνωσμα
1549 1093 1645 1144 106
1704 1085 1988 1156 Ἰεζεκιὴλδ

338 1183 627 1258 προφήτας
650 1181 776 1254 γὰρ,
807 1181 884 1242 ὡς
936 1179 1095 1258 ἔφην,
1127 1180 1188 1236 οὐ
1223 1178 1499 1256 δέχονται.
1550 1180 1723 1243 Πόθεν
1756 1178 1846 1233 οὗν
1877 1177 1993 1232 πεί-

340 1290 521 1344 σωμεν
572 1269 662 1324 καὶ
720 1271 1116 1345 Σαμαρείταςς
1166 1269 1460 1342 ’Έλθωμεν
1510 1267 1597 1323 ἐπὶ
1639 1267 1706 1322 τὰ
1752 1261 1994 1343 ἔγγραφοι

338 1363 437 1414 τοῦ
476 1353 676 1430 νόμου.
737 1360 898 1433 Λάγει
951 1359 1345 1422 τοίνυνὸΘεὸς
1387 1359 1521 1432 πρὸς
1575 1357 1667 1412 τὸν
1727 1359 1991 1424 Μωυσῆνο

335 1449 481 1524 Ἐγὼ
540 1448 569 1502 6
601 1448 730 1510 Θεὸς
781 1443 1030 1523 Ἀϐραὰμ
1084 1448 1175 1504 καὶ
1227 1449 1406 1503 Ἰσαάκ
1447 1447 1536 1502 καὶ
1591 1442 1807 1504 Ἰακώϐ·
1859 1446 1996 1499 πάν-

339 1558 448 1599 τως
479 1535 562 1590 ὅτι
589 1539 697 1592 τῶν
730 1532 900 1592 ὄντων
933 1538 1022 1592 καὶ
1069 1538 1435 1614 φεστηκότων.
1470 1536 1532 1593 Εἰ
1584 1536 1687 1611 γὰρ
1747 1529 1997 1607 Ἀϐραάμ

340 1625 714 1696 τετελευτηκε,
769 1627 856 1680 καὶ
917 1627 1100 1684 Ἰσαάκ
1154 1630 1252 1700 (1),
1282 1627 1372 1681 καὶ
1405 1620 1616 1680 Ἰακώϐ·
1676 1624 1806 1688 Θεός
1852 1623 1991 1679 ἐστιν

343 1719 442 1788 ἄρα
468 1720 580 1770 τῶν
614 1716 689 1788 μή
723 1712 910 1772 ὄντων.
944 1715 1081 1770 Πότε
1116 1713 1374 1791 βασιλεὺς
1431 1717 1570 1783 εἷπε,
1624 1713 1706 1769 ὅτι
1743 1711 1996 1789 βασιλεὺς

343 1805 454 1878 εἰμι
483 1810 563 1875 (2)
594 1809 960 1878 στρατιωτῶν,
983 1806 1057 1859 ὧν
1089 1805 1166 1877 μὴ
1219 1802 1337 1879 ἔχει
1366 1824 1380 1874 ;
1436 1804 1568 1859 πότε
1613 1825 1697 1867 τις
1725 1801 1990 1900 ἐνδείξατο
2021 1834 2071 1900 Β

340 1893 601 1954 πλοῦτον.
633 1895 691 1949 ὃν
747 1896 820 1967 μή
873 1893 1176 1965 ἐκέκτητος
1224 1899 1316 1948 Δεῖ
1361 1894 1535 1949 τοίνυν
1587 1893 1870 1972 ὑφεστάναι
1900 1892 1988 1947 καὶ

343 1978 595 2059 Ἀϐραὰμ
653 1985 743 2038 καὶ
803 1983 984 2040 Ἰσαὰκ
1035 1984 1124 2038 καὶ
1211 1979 1406 2038 Ἰακὼό
1438 2027 1452 2052 ,
1508 1983 1599 2036 ἳνα
1653 1987 1760 2036 τῶν
1819 1980 1988 2036 ὅντων

342 2075 468 2136 Θεὸς
494 2073 532 2148 ᾖ
560 2075 589 2128 6
622 2075 751 2135 Θεός
784 2077 882 2146 (3).
912 2073 990 2132 O6
1018 2076 1119 2149 γὰρ
1153 2075 1318 2130 εἶπεν.
1367 2077 1555 2146 "Hum
1611 2072 1808 2142 αὐτῶν,
1841 2073 1990 2142 ἀλλ’,

341 2163 495 2235 Εἰμί.
533 2164 637 2220 Καὶ
665 2162 750 2218 ὅτι
779 2162 955 2238 κρίσις
999 2162 1132 2232 ἐστὶ,
1192 2161 1338 2238 λέγει
1391 2164 1528 2238 πρὸς
1585 2163 1676 2216 τὸν
1729 2161 1931 2236 Κύριον
1964 2162 1992 2216 6

344 2248 598 2329 Ἀϐραάμ
629 2271 642 2286 ⁸
706 2253 768 2309 Ὀ
827 2251 1025 2327 κρίνων
1083 2257 1254 2307 πᾶσαν
1310 2253 1409 2322 τὴν
1467 2259 1609 2326 γῆν,
1669 2252 1730 2306 οὗ
1774 2253 1994 2321 ποιήσει

348 2343 524 2416 κρίσιν
560 2359 575 2410 ;

425 2522 529 2579 IB'.
563 2518 721 2576 Ἀλλ’
753 2521 1088 2597 ἀντιλέγουσι
1119 2523 1255 2597 πρὸς
1280 2527 1446 2578 τοῦτο
1493 2522 1662 2577 πάλιτ
1692 2523 1744 2576 οἱ
1772 2520 1994 2590 ἀνόητοι

359 2615 712 2684 Σαμαρεῖται,
765 2609 855 2665 καί
910 2632 1091 2689 φασιν,
1123 2611 1206 2666 ὅτι
1236 2613 1344 2674 Τὰς
1380 2613 1474 2685 μὶν
1521 2611 1702 2686 ψυχὰς
1760 2609 1998 2685 ἐγχωρεῖ

360 2697 536 2770 μένειν
567 2702 659 2752 106
687 2696 962 2773 Ἀϐραὰμ,
989 2701 1078 2754 καὶ
1106 2705 1204 2756 106
1236 2701 1435 2771 Ἰσαὰκ,
1489 2700 1578 2755 καὶ
1624 2703 1722 2754 τοῦ
1778 2692 1992 2766 Ἰακὼϐ,

353 2788 415 2840 τά
446 2784 502 2840 δὲ
532 2788 756 2860 σώματα
805 2791 1094 2858 ἂναστῆναι
1145 2790 1206 2844 οὐ
1265 2789 1504 2846 δύναται.
1560 2790 1710 2861 Εἶτα,
1762 2790 1863 2856 τὴν
1898 2788 1990 2858 μὶν

347 2871 542 2951 ῥάϐδον
574 2878 848 2942 Μωϋσὲως
877 2881 972 2932 106
1038 2876 1249 2933 δικαίου
1307 2876 1568 2952 δράκοντα
1621 2878 1865 2952 γενέσθαι
1896 2873 1991 2930 δυ-

341 2968 527 3035 νατὸν,
558 2968 628 3022 16
656 2964 714 3022 δὶ
744 2965 971 3039 σώματα
996 2971 1104 3021 τῶν
1161 2965 1382 3022 δικαίων
1445 2974 1603 3037 ζῆσαι
1650 2968 1740 3022 καὶ
1766 2968 1994 3039 ἀναστῆ-

347 3077 431 3110 ναι
465 3057 528 3110 06
569 3054 786 3111 δύναται
819 3083 833 3124 ς
866 3057 954 3111 καὶ
1003 3058 1064 3113 τὸ
1099 3058 1192 3130 μὶν
1248 3059 1397 3132 παρά
1453 3059 1606 3135 φύσιν
1667 3058 1894 3133 ἐγένετο·
1929 3061 1990 3114 τὸ

342 3141 398 3200 δὶ
427 3147 566 3200 κατὰ
595 3146 751 3222 φύσιν
794 3146 896 3200 οὐκ
950 3147 1375 3211 ἀποκαθίσταται
1410 3167 1424 3215 ;
1484 3149 1586 3204 Καὶ
1617 3149 1652 3216 ἡ
1687 3143 1884 3222 ῥάϐδος
1916 3152 1986 3220 (4)

340 3235 547 3309 Ἀαρών
585 3235 990 3308 ἀποτμηθεῖσα,
1044 3236 1134 3290 καὶ
1192 3237 1540 3310 νεκρωθεῖσα,
1600 3236 1775 3312 χωρὶς
1808 3237 1986 3310 ὀσμῆς

343 3321 552 3380 ὑδάτων
605 3318 925 3394 ἐϐλάστησε·
973 3325 1063 3380 καὶ
1119 3331 1308 3395 ταῦτα,
1367 3326 1666 3400 ὑπόστεγος
1718 3328 1870 3396 οὖσα,
1903 3328 1990 3382 καὶ

339 3414 405 3469 τά
429 3413 481 3468 ἐν
512 3415 701 3490 ἀργοῖς
733 3415 1100 3490 βλαστήσασα’
1129 3416 1215 3470 καὶ
1255 3415 1309 3470 ἐν
1359 3417 1546 3490 ξηροῖς
1599 3416 1693 3488 μὶν
1745 3417 1989 3489 κειμένη,

341 3504 405 3558 τὰ
435 3501 491 3557 δὶ
537 3508 645 3557 τῶν
701 3501 1076 3579 ἀρδευομένων
1136 3504 1443 3574 πολυετῶς,
1473 3503 1562 3559 διὰ
1619 3509 1746 3578 μιᾶς
1796 3507 1988 3568 νυκτὸς

345 3593 478 3664 μετά
508 3597 731 3667 καρπῶν
765 3590 1062 3648 ἀποδοῦσα.
1123 3595 1191 3650 Ἡ
1215 3589 1414 3670 ῥάϐδος
1444 3595 1653 3668 Ἀαρὼν
1704 3594 1754 3648 ἐν
1787 3599 1990 3668 νεκρῶν

342 3682 523 3756 ὥσπερ
582 3681 774 3751 άνὲστη
860 3683 949 3736 καὶ
1035 3683 1196 3745 αὐτὸς
1256 3683 1468 3757 Ἀαρὼν
1525 3683 1623 3738 οὐκ
1678 3682 1986 3759 ἐγείρεται;

335 3771 424 3826 καὶ
454 3771 546 3825 ἳνα
581 3773 675 3842 μὶν
703 3772 801 3838 τήν
834 3771 1249 3846 ἀρχιερωσύνην
1282 3772 1430 3844 αὐτῷ
1474 3771 1779 3847 διατηρήσῃ
1833 3774 1984 3843 Θεὸς,

339 3858 390 3914 ἐν
423 3859 570 3932 ξύλῳ
623 3859 1151 3937 ἐταυματούργησεψ
1205 3862 1350 3934 αὐτῷ
1400 3859 1456 3916 δὲ
1511 3865 1588 3934 τῷ
1644 3862 1850 3936 ’Λαρὼν
1883 3865 1981 3932 τὴν

334 3950 615 4006 ἀνάστασιν
669 3950 731 4006 οὐ
790 3953 1067 4027 χαρίζεται
1108 3953 1249 4022 ,Καὶ
1304 3953 1438 4028 γυνὴ
1503 3955 1596 4026 μὶν
1654 3955 1800 4028 παρά
1831 3953 1986 4032 φύσιν

334 4036 469 4104 ἅλας
493 4040 715 4116 γίιεταί,
747 4041 839 4096 καὶ
869 4041 996 4117 σὰρξ
1037 4045 1115 4104 εἰς
1173 4041 1310 4104 ἅλας
1373 4037 1794 4114 μεταϐάλλεται’
1855 4043 1982 4118 σὰρξ

334 4125 391 4183 δὲ
422 4129 498 4191 εἷς
533 4128 701 4203 σάρκα
732 4130 831 4185 οὐκ
859 4130 1288 4194 ἀποκαθίσταται
1323 4150 1336 4200 ;
1371 4131 1474 4188 Καὶ
1508 4129 1685 4202 στήλη
1721 4133 1815 4203 μὶν
1849 4131 1980 4195 άλὸς

330 4216 549 4294 γὲγονεν
584 4221 618 4288 ἡ
651 4220 790 4294 γυνή
824 4221 969 4288 Λὼτ,
1003 4221 1037 4288 ἡ
1069 4216 1125 4274 δὲ
1164 4221 1300 4295 γυνὴ
1331 4223 1426 4274 τοῦ
1470 4215 1724 4296 Ἀϐραὰμ
1754 4222 1854 4294 ἆρα
1886 4221 1984 4276 οὐκ

331 4306 654 4378 ἀνίσταται,
717 4308 858 4379 Ηοίᾳ
905 4305 962 4362 δὲ
1022 4305 1240 4380 δυνάμει
1304 4303 1616 4380 μετεϐλήθη
1650 4312 1685 4379 ἡ
1732 4310 1854 4386 χεὶρ
1885 4315 1981 4365 106

333 4397 633 4466 Μωυσέως,
665 4395 700 4465 ἢ
735 4400 810 4470 (5)
842 4397 928 4450 καὶ
980 4397 1082 4452 ὑπὸ
1118 4398 1244 4470 μίαν
1295 4395 1440 4469 ὥραν
1471 4396 1680 4470 ἐγένετο
1711 4400 1785 4462 ὡς
1819 4400 1979 4474 χιὼν,

331 4486 419 4539 καὶ
452 4484 615 4539 πάλιν
684 4485 1072 4556 ἀποκατέστη,
1129 4487 1332 4547 πάντος
1365 4486 1448 4540 δτι
1502 4487 1581 4559 τῷ
1629 4487 1757 4559 Θείῳ
1809 4509 1979 4564 προσ-

400 4641 422 4674 ³
457 4638 582 4691 Vid.
615 4644 722 4694 cat.
759 4642 844 4709 12,
877 4655 936 4694 n.
969 4641 1062 4693 27.
1138 4637 1160 4672 ⁴
1191 4639 1372 4694 Exod.
1407 4655 1483 4706 ιιι,
1518 4657 1569 4709 6.

331 4705 352 4741 ⁸
381 4709 549 4763 Num.
580 4726 716 4776 xvn,
745 4712 796 4764 8.
829 4705 839 4709 ’
877 4709 924 4749 ιο
955 4712 1096 4766 Gen.
1131 4727 1247 4778 xxx,
1281 4713 1368 4764 26.

2094 553 2214 623 ptis
2244 553 2502 626 decerta,
2535 573 2603 611 ex
2635 558 3187 613 ratiocinationibus
3219 560 3361 615 solis
3393 567 3451 616 et
3492 563 3745 620 demon-

2097 642 2502 699 strationibus.
2539 647 2639 700 HIS
2671 647 3053 718 enim,neque
3085 649 3216 718 quis
3249 650 3321 702 sit
3354 652 3598 721 Moyses,
3633 670 3743 709 nec

2096 730 2228 802 quis
2260 731 2440 787 Isaias
2471 742 2872 806 compertum;
2907 753 3014 790 nec
3042 738 3490 809 Evangelia,nec
3522 743 3740 800 Paulus

2096 821 2317 891 cogniti
2349 820 2390 875 ³.

2168 910 2260 964 XI.
2296 911 2498 966 Transi
2531 929 2708 979 nunc,
2741 930 2962 983 quasso,
2997 913 3068 968 ad
3101 915 3438 983 Samaritas,
3475 920 3573 988 qui
3609 936 3742 975 cum

2099 999 2285 1054 solam
2305 1000 2493 1074 legem
2521 1003 2810 1073 recipiant
2834 1004 3256 1075 (6),prophetas
3276 1013 3605 1078 praepterea
3626 1026 3744 1065 non

2097 1089 2453 1146 admittunt:
2488 1092 2657 1162 queis
2679 1092 2898 1147 idcirco
2930 1093 3204 1148 inefﬁcax
3228 1095 3747 1168 videtur,praasens

2099 1194 2229 1248 qum
2256 1179 2316 1233 in
2347 1180 2628 1236 manibus
2659 1187 2748 1236 est
2778 1197 2848 1236 ex
2878 1183 3176 1237 Ezechiele
3198 1183 3403 1251 lectio;
3429 1188 3748 1258 prophetas

2098 1267 2282 1334 enim,
2316 1274 2381 1322 ut
2410 1268 2549 1338 dixi,
2583 1270 2746 1324 nullo
2779 1269 2908 1325 loco
2929 1271 3340 1329 habent.Unde
3364 1274 3546 1346 igitur
3569 1276 3749 1332 fidem

2099 1357 2403 1411 Samaritis
2437 1376 2672 1430 quoque
2705 1359 2992 1415 faciemus
3013 1360 3040 1414 7
3073 1363 3389 1418 Veniamus
3421 1364 3492 1419 ad
3528 1367 3748 1437 scripta

2098 1445 2264 1516 legis.
2328 1447 2479 1502 Dicit
2536 1449 2714 1520 igitur
2769 1451 2922 1504 Deus
2977 1449 3052 1504 ad
3111 1453 3558 1524 Moyseango,
3615 1456 3749 1511 Deus

2100 1535 2389 1603 Abraham,
2426 1543 2479 1591 et
2508 1539 2682 1605 Isaac,
2707 1546 2759 1593 et
2785 1540 2950 1594 Iacob
2980 1539 3020 1606 ‘;
3057 1540 3376 1596 viventium
3410 1542 3588 1598 dubio
3622 1562 3752 1615 pro-

2101 1623 2196 1677 cul
2227 1629 2285 1678 et
2341 1625 2814 1681 subsistentium.
2877 1628 2932 1682 Si
2991 1629 3151 1682 enim
3209 1629 3503 1686 Abraham
3544 1633 3750 1706 [totus]

2101 1719 2372 1769 mortuus
2431 1722 2540 1784 est,
2574 1722 2632 1771 et
2659 1718 2843 1784 Isaac,
2898 1723 2957 1772 et
2985 1718 3162 1773 Jacob
3191 1735 3204 1784 ;
3239 1720 3392 1774 Deus
3451 1721 3631 1792 igitur
3664 1728 3753 1778 est

2101 1818 2220 1857 non
2243 1803 3000 1877 exsistentium.Ecquando
3023 1823 3122 1861 rex
3145 1808 3293 1862 dixit
3313 1826 3511 1881 regem
3535 1828 3596 1865 se
3619 1829 3746 1867 esse

2101 1891 2362 1948 militum
2395 1912 2544 1965 quos
2575 1912 2694 1950 non
2726 1895 2937 1952 habeat
2959 1897 2985 1950 ‘I
3031 1899 3245 1968 Ecquis
3293 1901 3610 1955 ostentavit
3636 1901 3750 1957 ali-

2098 1983 2334 2053 quando
2362 1984 2594 2040 divitias
2626 2002 2774 2057 quas
2831 2003 2952 2041 non
2991 1987 3369 2056 possideret?
3423 1990 3747 2048 subsistere

2098 2072 2276 2141 igitur
2305 2090 2548 2130 necesse
2580 2081 2669 2129 est
2699 2081 2757 2128 et
2787 2076 3105 2144 Abraham,
3139 2082 3198 2130 et
3225 2079 3408 2145 Isaac,
3443 2086 3502 2134 et
3547 2082 3747 2152 Jacob,

2097 2167 2164 2216 ut
2191 2164 2345 2217 Deus
2375 2181 2574 2218 rerum
2607 2182 2738 2234 quas
2771 2165 3057 2219 exsistant
3088 2165 3163 2218 sit
3195 2166 3365 2220 Deus.
3410 2171 3534 2223 Non
3586 2172 3746 2226 enim

2099 2251 2266 2318 dixit,
2321 2255 2492 2308 Eram
2549 2270 2755 2307 eorum
2813 2253 3032 2324 [Deus],
3107 2254 3231 2322 sed,
3290 2257 3421 2310 Sum
3478 2255 3520 2310 ⁵.
3583 2260 3748 2322 Quod

2099 2356 2236 2394 vero
2270 2341 2346 2394 sit
2367 2341 2684 2412 judicium,
2718 2342 2862 2396 dicit
2890 2342 2963 2396 ad
2995 2343 3312 2398 Dominum
3347 2345 3746 2402 Abrahamus:

2103 2429 2242 2494 «Qui
2260 2429 2493 2501 judicat
2508 2447 2745 2486 omnem
2766 2432 3746 2505 terram,nonfaciemjudicium5.»

2172 2519 2290 2572 XII.
2324 2521 2538 2574 Verum
2592 2521 2664 2576 ad
2696 2521 2804 2575 hoc
2863 2528 3071 2576 contra
3129 2523 3411 2578 excordes
3444 2524 3747 2579 Samaritaa

2098 2625 2303 2662 rursus
2331 2610 2534 2664 aiunt:
2595 2611 2838 2665 Animas
2882 2628 3085 2666 revera
3139 2613 3410 2677 Abrahm,
3469 2614 3650 2668 Isaaci
3689 2620 3749 2668 et

2097 2698 2295 2753 Jacobi
2327 2715 2635 2754 remanere
2693 2700 2845 2754 nihil
2891 2707 3213 2773 repugnat;
3275 2718 3523 2773 corpora
3547 2707 3745 2757 autem

2097 2804 2405 2860 resurgere
2436 2805 2554 2844 non
2588 2795 2854 2859 possunt.
2880 2791 3114 2844 Scilicet
3140 2805 3151 2843 :
3184 2791 3565 2862 virgamjusti
3591 2794 3749 2862 Moy-

2099 2880 2180 2934 sis
2211 2879 2530 2933 draconem
2565 2879 2692 2932 fieri
2723 2879 3010 2949 possibile
3034 2879 3144 2933 fuit
3164 2877 3184 2910 7
3211 2897 3222 2931 :
3246 2880 3586 2950 8justorum
3611 2898 3746 2936 vero

2097 2984 2343 3038 corpora
2364 2968 2553 3021 vivere
2580 2973 2639 3022 et
2668 2983 2973 3039 resurgere
3001 2984 3122 3021 non
3145 2970 3494 3038 potuerunt?
3517 2977 3575 3024 et
3598 2970 3748 3024 illud

2095 3057 2336 3127 quidem
2369 3057 2532 3127 prius
2562 3061 2776 3127 printer
2805 3062 3078 3111 naturam
3111 3057 3331 3112 factum
3352 3063 3441 3112 est
3467 3075 3477 3112 :
3514 3059 3622 3113 hoc
3645 3075 3750 3114 au-

2103 3152 2241 3212 tem,
2277 3145 2433 3216 quod
2483 3151 2570 3200 est
2629 3151 3031 3199 consentanea
3087 3152 3314 3201 natura;
3372 3147 3750 3216 instauratio,

2101 3253 2219 3291 non
2253 3235 2400 3290 (iet?
2425 3235 2594 3307 Virga
2625 3250 2861 3305 quoque
2893 3235 3144 3289 Aaronis
3203 3237 3400 3292 excisa
3431 3244 3488 3291 et
3515 3245 3752 3294 mortua

2101 3327 2227 3380 sine
2249 3341 2538 3396 aquarum
2561 3323 2740 3378 odore
2763 3322 2964 3376 floruit
2993 3321 3016 3354 9
3040 3340 3053 3389 ;
3089 3329 3147 3378 et
3175 3324 3282 3379 sub
3309 3330 3458 3380 tecto
3483 3327 3750 3396 quamvis

2098 3415 2349 3482 inclusa,
2385 3419 2581 3468 tamen
2613 3429 2744 3483 quae
2777 3412 2838 3466 in
2869 3413 3024 3481 agris
3063 3413 3205 3467 oriri
3258 3421 3461 3470 amant
3484 3418 3754 3488 germina

2098 3503 2380 3575 protulit:
2415 3517 2667 3571 cumque
2701 3501 2761 3554 in
2792 3501 2974 3556 aridis
2998 3502 3227 3571 jaceret
3256 3503 3620 3571 locis,unius
3653 3522 3752 3560 no-

2097 3596 2206 3648 ctis
2241 3592 2429 3663 spatio
2461 3607 2580 3645 una
2610 3606 2744 3644 cum
2775 3589 3064 3644 fructibus
3095 3591 3284 3646 edidit
3336 3610 3423 3660 ea,
3453 3611 3584 3664 qua:
3617 3595 3751 3648 irri-

2094 3689 2242 3756 gatw
2265 3681 2504 3736 arbores
2526 3686 2661 3751 post
2682 3679 2898 3733 multos
2920 3696 3111 3733 annos
3134 3682 3748 3750 parturiunt.Aaronis

2094 3773 2254 3841 virga
2284 3769 2446 3824 velut
2476 3786 2545 3823 ex
2576 3769 2825 3823 mortuis
2857 3769 3196 3835 surrexit,et
3225 3770 3349 3839 ipse
3381 3775 3576 3825 Aaron
3624 3789 3745 3826 non

2093 3858 2399 3931 resurget?
2423 3863 2600 3928 atque
2630 3862 2697 3910 ut
2725 3873 3023 3911 summum
3047 3857 3158 3928 ipsi
3181 3858 3577 3913 sacerdotium
3599 3877 3744 3914 ron-

2095 3948 2448 4014 servaret,in
2480 3947 2638 4019 ligno
2671 3946 3024 4001 miraculum
3056 3946 3240 4000 edidit
3270 3948 3459 4001 Deus:
3492 3949 3607 4018 ipsi
3639 3965 3745 4003 au-

2091 4048 2210 4097 tem
2233 4038 2445 4094 Aaroni
2477 4037 2978 4091 resurrectionem
3002 4053 3119 4090 non
3147 4037 3449 4107 impertiet
3469 4037 3496 4092 ?
3534 4037 3742 4093 Mulier

2093 4137 2308 4204 praeter
2329 4133 2602 4182 naturam
2626 4125 2712 4180 sal
2734 4126 3075 4192 efﬁcitur,et
3094 4143 3230 4180 caro
3252 4127 3312 4180 in
3332 4127 3515 4181 salem
3540 4133 3738 4182 trans-

2091 4226 2356 4277 mutatur
2385 4217 2431 4251 ¹⁰
2457 4235 2469 4271 :
2504 4232 2638 4272 caro
2668 4231 2802 4270 vero
2831 4216 2890 4270 in
2913 4231 3153 4271 carnem
3177 4233 3297 4271 non
3320 4216 3695 4288 reparabitur
3715 4215 3742 4271 ?

2093 4317 2150 4366 et
2179 4326 2314 4364 cum
2348 4307 2487 4362 salis
2519 4310 2712 4360 statua
2743 4305 2951 4359 effecta
2981 4305 3058 4359 sit
3087 4322 3218 4376 quas
3260 4307 3384 4360 Loti
3415 4322 3562 4360 uxor
3591 4311 3737 4372 erat,

2091 4417 2238 4456 uxor
2267 4397 2516 4452 Abrahae
2566 4411 2686 4448 non
2740 4393 3052 4467 resurget?
3075 4395 3276 4459 Qualis
3332 4396 3544 4449 virtute
3576 4411 3740 4450 com-

2090 4494 2316 4544 mutata
2347 4490 2437 4540 est
2483 4500 2696 4538 manus
2749 4483 2983 4554 Moysis,
3037 4500 3168 4554 quas
3227 4484 3404 4539 unius
3438 4485 3580 4538 bore
3611 4500 3736 4538 mo-

1673 4639 1698 4673 ⁵
1722 4641 1866 4696 ibid.
1942 4643 1964 4677 ⁸

2103 4660 2138 4699 ι.
2168 4656 2325 4705 xvm,
2359 4640 2446 4691 25.
2526 4633 2550 4668 ⁷
2581 4634 2760 4690 Exod.
2816 4651 2888 4702 ιν,
2920 4636 2972 4688 3.
3051 4633 3071 4668 ⁸
3109 4635 3242 4690 Vid.
3299 4641 3412 4690 cat.
3462 4637 3516 4700 4,
3566 4652 3626 4689 ιι.
3661 4635 3731 4690 30

329 4851 512 4928 pellat
541 4869 849 4928 sermones
879 4854 1312 4928 Scriplurarum
1345 4855 1704 4928 testimoniis
1734 4855 1974 4912 robora-
2007 4864 2053 4928 ι)
2086 4855 2360 4928 addimus
2392 4869 2463 4906 ex
2492 4849 2664 4928 codd.
2700 4851 2818 4904 Roe
2851 4852 2907 4902 et
2937 4846 3210 4914 Casaub.,
3240 4849 3382 4904 item
3421 4867 3624 4906 vocem
3658 4851 3742 4904 ὅτι

329 4930 418 4999 tos
442 4942 468 4999 ι,
490 4924 808 4999 immuneri
841 4924 1076 4999 quoque
1107 4926 1205 4980 alii
1239 4933 1417 4982 testes
1438 4927 1683 4999 produci
1706 4935 1972 4999 possunt.

401 4996 476 5064 (t)
510 4994 605 5048 Καὶ
640 4996 836 5052 Ἰσαὰκ.
860 4994 1048 5052 Codd.
1085 4999 1201 5052 Roe
1226 5004 1308 5064 iet
1356 4994 1626 5060 Casaub..
1667 4994 1756 5051 καὶ
1788 4999 1815 5052 ὁ
1848 4999 1976 5059 Θεὸς

332 5063 685 5152 ρεὸςγςισαὰκ,
717 5067 804 5152 καξ
839 5069 866 5121 ὁ
891 5068 1028 5152 ρεὸς
1048 5063 1262 5152 Ἰακῴβ.
1287 5072 1372 5152 Ita
1393 5072 1682 5152 repetitur
1709 5071 1974 5152 νοὶθεᾴς

331 5138 664 5212 tripliciter,
701 5142 803 5195 sed
853 5141 1076 5212 absque
1107 5141 1392 5208 articulis,
1454 5138 1515 5196 in
1576 5143 1764 5197 tribus
1797 5143 1976 5197 Exodi

330 5210 638 5284 versiculis
686 5213 759 5268 ad
810 5210 1138 5284 marginem
1196 5214 1412 5273 citatis.
1447 5220 1505 5267 et
1556 5215 1614 5268 in
1665 5214 1976 5284 Evangelio

330 5282 584 5337 Iatthaai
608 5300 736 5355 cap.
761 5301 896 5355 XXII,
928 5282 977 5338 v.
1008 5286 1095 5343 32.
1127 5285 1225 5338 ubi
1251 5285 1630 5355 reperiuntur
1649 5282 1903 5340 articuli.

399 5355 473 5422 (2)
509 5353 770 5415 Βασιλεύς
803 5353 938 5424 εἰμι.
973 5355 1155 5410 Codd.
1188 5353 1380 5411 Ottob.
1415 5357 1552 5421 duo,
1600 5359 1720 5412 Roe
1774 5363 1832 5411 et
1870 5358 1976 5411 Ca-

330 5424 523 5500 saub._.
557 5424 666 5500 ἐστι
700 5427 926 5482 habent
956 5427 1083 5500 loco
1117 5424 1252 5500 εἶμι.
1304 5428 1608 5500 Vulgatam
1660 5429 1981 5482 lectionem

331 5497 810 5572 q_uze__Scripturze
854 5499 1028 5570 stylo,
1061 5499 1154 5572 cui
1207 5514 1269 5554 se
1321 5497 1656 5557 con'tormat
1703 5500 1977 5572 Cyrillus,

331 5566 544 5622 similis
572 5566 682 5637 est,
717 5566 946 5626 mutare
978 5569 1162 5624 nolui.

399 5641 476 5710 (3)
507 5639 638 5702 Θεὸς
688 5641 716 5695 ὁ
760 5640 914 5704 Θεός.
959 5641 1291 5698 Articulum
1350 5641 1378 5694 ὁ
1427 5643 1523 5698 hic
1571 5643 1977 5700 necessarium

2086 4917 2837 5003 εκξίεέθιηβιιιεοῆμηνο.
2962 4991 3005 5003 ..
3172 4991 3184 5003 .
3296 4995 3305 5003 .
3481 4994 3491 5003 .

2156 5000 2228 5069 (4»
2264 4994 2366 5069 Καί
2410 4994 2444 5060 ἡ
2506 4991 2728 5069 ῥαβξος,
2789 4995 2897 5045 etc.
2962 4991 3094 5045 Haec
3127 4991 3226 5069 _d_e
3279 4994 3526 5069 Aaronis
3578 4995 3738 5069 virga

2088 5063 2768 5137 transcribere'videtur
2797 5069 3063 5137 sanctus
3124 5063 3309 5129 Nilus,
3344 5063 3450 5120 lib.
3496 5083 3533 5134 ι,
3569 5063 3741 5137 epist.

2089 5142 2211 5203 113,
2247 5146 2305 5193 et
2335 5138 2437 5192 lib.
2472 5152 2552 5200 ιιι,
2588 5135 2755 5206 epist.
2789 5136 2877 5188 33.

2160 5202 2234 5282 (ὅ)
2269 5211 2336 5264 Ἥ
2370 5205 2480 5282 καί,
2517 5202 2693 5282 Deest
2721 5206 3027 5260 relativum
3059 5202 3390 5282 iﬁ_in_cod_d.
3444 5208 3583 5275 Roe,
3634 5210 3740 5265 Ca-

2089 5276 2259 5339 saub.
2296 5287 2354 5336 et
2382 5278 2557 5335 Coisl.
2586 5299 2600 5343 ;
2634 5279 2800 5333 deest
2829 5294 2962 5331 vero
2993 5276 3080 5330 καί
3113 5277 3172 5331 in
3198 5278 3360 5332 Bodl.

2160 5356 2237 5424 (6)
2270 5353 2451 5407 Solam
2484 5351 2651 5418 legem
2685 5351 2974 5424 recipiunt.
3005 5349 3068 5402 Id
3099 5349 3175 5424 de
3203 5351 3507 5406 Samaritis
3529 5369 3738 5408 omnes

2089 5419 2383 5480 tesfantur
2413 5428 2703 5476 auctores.
2735 5421 2810 5474 Ex
2837 5419 3140 5478 Philastr..
3163 5421 3371 5478 haeres.
3398 5440 3597 5488 Lxxvn,
3623 5425 3737 5480 nisi

2091 5496 2376 5574 mendum
2405 5500 2528 5574 _est,
2590 5499 2846 5574 quatuor
2887 5491 3078 5574 solum
3111 5492 3293 5548 libros
3347 5495 3736 5574 recipiebant.

2094 5568 2373 5626 Hodierni
2403 5563 2707 5622 Samaritae
2735 5564 2908 5620 Iosue
2944 5563 3161 5620 librum
3193 5563 3538 5639 agnoscunt.
