4150 6278
386 387 541 451 1035

1441 383 1508 442 S.
1552 379 1867 441 CYRILLI
1912 371 2330 437 HIEROSOL.
2375 377 2740 440 ARCHIEP.

3634 384 3789 446 1036

385 518 808 592 interrogando
831 516 1011 572 dixit:
1037 517 1245 573 Cadens
1299 527 1427 572 vero
1478 517 1729 572 mortalis
1771 529 1883 570 non
1936 510 2041 567 erit

2179 505 2320 562 ίπεῖν
2407 507 2836 585 ἐρωτηματικῶς
2871 553 2887 580 ,
2945 511 3130 567 Πεσὼν
3189 509 3247 567 δὶ
3333 512 3528 588 βροτὸς
3615 514 3796 573 οὗκὲτι

389 611 624 680 amplius
645 615 672 664 ?
700 611 820 665 ait:
855 611 915 664 Si
945 611 1089 665 enim
1120 616 1366 665 mortuus
1397 612 1570 678 fuerit
1626 611 1809 676 homo,
1869 610 2041 671 vivet;

394 701 714 770 statimque
771 699 1006 754 subdit:
1036 702 1307 770 Exspecto
1353 700 1522 754 donec
1566 714 1758 754 rursus
1800 701 1927 766 ﬁam
1958 697 2044 758 ²⁴;

395 795 454 844 et
481 790 624 844 alibi
660 806 906 844 rursus:
943 791 1048 853 Qui
1076 805 1240 860 super
1279 795 1481 844 terram
1532 789 1952 843 resuscitaturus
1977 790 2053 840 est

387 879 592 950 pellem
623 896 820 942 meam,
853 895 974 949 quae
1023 881 1153 933 istos
1216 880 1424 933 labores
1475 878 1729 933 exantlat
1757 876 1821 929 2⁸.
1870 875 2054 930 Isaias

394 986 532 1024 vero
565 970 856 1040 propheta
885 969 1003 1023 ait:
1036 971 1342 1037 Resurgent
1373 969 1599 1035 mortui,
1633 973 1683 1022 et
1729 966 2055 1021 excitabun-

398 1065 490 1112 tur
519 1062 619 1128 qui
669 1061 727 1112 in
782 1060 1149 1112 monumentis
1196 1064 1325 1113 sunt
1355 1057 1420 1112 ²⁶.
1458 1056 1846 1128 Apertissime
1895 1069 2053 1122 vero,

398 1149 501 1219 qui
537 1165 699 1203 nunc
727 1153 816 1202 est
850 1148 910 1202 in
943 1146 1218 1202 manibus
1249 1146 1517 1201 Ezechiel
1552 1145 1842 1217 propheta
1865 1143 2012 1199 dicit
2040 1154 2057 1196 :

395 1241 529 1293 Ecce
552 1255 650 1307 ego
671 1241 919 1308 aperiam
940 1237 1231 1308 sepulchra
1251 1244 1453 1305 vestra,
1489 1244 1540 1291 et
1591 1237 1820 1291 educam
1870 1253 1960 1292 vos
1988 1236 2055 1291 de

398 1327 768 1382 monumentis
799 1329 990 1382 vestris
1020 1325 1065 1360 ³⁷
1096 1343 1110 1390 ;
1142 1332 1200 1381 et
1233 1326 1436 1382 Daniel
1466 1326 1636 1381 dicit:
1672 1325 1837 1382 Multi
1867 1341 2054 1380 eorum

399 1421 495 1488 qui
526 1419 811 1472 dormiunt
833 1419 890 1470 in
922 1423 1142 1485 aggesto
1178 1422 1358 1483 terrae,
1390 1421 1712 1485 resurgent;
1743 1415 1849 1470 alii
1877 1417 1935 1469 in
1966 1415 2052 1469 vi-

399 1513 511 1561 tam
550 1513 834 1573 aeternam,
869 1507 971 1560 alii
1001 1508 1060 1560 in
1090 1506 1455 1575 ignominiam
1483 1507 1872 1575 sempiternam
1899 1501 1966 1557 ³⁸.

471 1685 619 1742 XVI.
655 1685 848 1739 Multas
891 1703 1126 1756 quoque
1184 1685 1502 1757 Scriptura
1553 1685 1624 1740 de
1680 1689 2052 1740 mortuorum

401 1776 838 1832 resurrectione
870 1781 1166 1831 testantur
1190 1794 1203 1844 ;
1230 1781 1369 1831 sunt
1393 1776 1552 1832 enim
1578 1793 1646 1832 ea
1677 1775 1748 1831 de
1768 1792 1831 1830 re
1850 1774 2052 1846 plures

2158 593 2299 653 ἔστιν
2353 617 2368 670 ;
2425 600 2593 674 λέγει·
2655 601 2778 656 Ἐὰν
2857 603 2958 677 γὰρ
3015 600 3259 676 ἀποθάνῃ
3313 599 3598 678 ἅνθρωπος
3637 650 3652 674 ,
3701 608 3799 676 ζή-

2159 707 2326 742 σεται·
2383 689 2474 743 καὶ
2527 688 2685 754 εὐθὺς
2741 688 2907 766 λέγει·
2963 692 3242 764 Ὑπομὲνω
3312 691 3416 755 ἓως
3497 690 3557 748 ἄν
3633 693 3800 750 πάλιν

2155 777 2420 852 γὲνωμαι·
2499 779 2586 833 καὶ
2661 777 2918 856 ἀλλαχοῦ
2991 779 3179 836 πάλιν·
3258 783 3320 838 Ὀ
3400 781 3622 855 μέλλων
3713 784 3801 840 ἐπὶ

2157 873 2262 940 γῆς
2321 869 2393 940 (1)
2453 868 2746 938 ἀναστῆσαι
2801 869 2865 924 τὸ
2924 866 3096 943 δὲρμα
3155 891 3280 942 μου,
3350 871 3412 926 τὸ
3495 870 3795 929 ἀναντλοῦν

2156 960 2342 1015 ταῦτα.
2421 955 2644 1020 Ἡσαΐας
2725 956 2782 1013 δὲ
2840 959 2868 1013 ὁ
2951 961 3242 1034 προφήτης
3297 960 3480 1036 φησίν·
3534 963 3799 1034 ’Δναστή-

2159 1065 2340 1099 σονται
2401 1045 2452 1100 οἱ
2504 1046 2708 1120 νεκροὶ,
2793 1047 2880 1101 καὶ
2965 1047 3345 1123 ἐγερθήσονται
3403 1049 3454 1103 οἱ
3539 1049 3595 1105 ἐν
3679 1055 3798 1114 τοῖς

2162 1137 2479 1208 μνημείοις·
2562 1139 2861 1216 σαφέστατα
2916 1135 2973 1193 δὲ
3029 1139 3058 1192 ὁ
3142 1140 3330 1215 παρὼν
3381 1143 3454 1212 (2)
3505 1144 3796 1218 προφήτης

2158 1224 2422 1296 Ἰεζεκιὴλ
2509 1226 2675 1302 λέγει·
2731 1224 2878 1284 Ἰδοὺ
2933 1226 3044 1301 ἐγὼ
3127 1228 3331 1304 ἀνοίγω
3402 1231 3471 1285 τὰ
3540 1233 3798 1304 μνήματα

2159 1313 2336 1387 ὑμῶν,
2367 1315 2456 1370 καὶ
2488 1315 2660 1386 ἀνάξω
2694 1317 2832 1389 ὑμᾶς
2858 1315 2917 1372 ἐκ
2943 1321 3052 1371 τῶν
3103 1317 3402 1391 μνημάτων
3441 1319 3615 1392 ὑμῶν·
3645 1321 3734 1375 καὶ
3769 1321 3797 1375 ὁ

2159 1403 2363 1473 Δανιήλ
2390 1403 2558 1481 λέγει·
2590 1405 2800 1462 Πολλοὶ
2824 1411 2932 1462 τῶν
2950 1403 3316 1470 καθευδόντων
3349 1406 3399 1463 ἐν
3424 1415 3527 1484 γῆς
3552 1410 3798 1484 χώματι,

2159 1495 2570 1566 ἀναστήσονται·
2605 1494 2753 1552 οὗτοι
2786 1497 2862 1560 εἷς
2897 1500 3040 1566 ζωήν
3073 1495 3316 1571 αἰώνιον,
3373 1500 3460 1555 καὶ
3515 1500 3665 1556 οὗτοι
3723 1498 3799 1563 εἷς

2156 1582 2422 1659 αἰσχύνην
2454 1585 2695 1644 αἰώνιον.

2230 1678 2320 1744 Ιζ.
2351 1676 2448 1730 Καὶ
2479 1673 2687 1732 πολλαὶ
2718 1677 2923 1754 Γραφαὶ
2967 1682 3301 1754 μαρτυροῦσι
3357 1679 3484 1753 περὶ
3537 1687 3640 1749 τῆς
3692 1683 3798 1735 τῶν

2155 1769 2359 1840 νεκρῶν
2419 1764 2774 1830 ἀναστάσεως·
2852 1762 2964 1822 ἔστι
3019 1769 3120 1842 γὰρ
3164 1765 3308 1824 ἄλλα
3380 1768 3608 1824 πλείονα
3665 1768 3805 1847 ῥητὰ

404 1866 536 1922 aliae
561 1865 869 1920 sententiae
893 1864 1886 1936 dictaque.Nuncvero,memoriam
1900 1864 2054 1920 dun-

2176 1853 2282 1928 περὶ
2311 1854 2529 1912 τούτου.
2562 1857 2650 1918 Ὦς
2675 1855 2726 1912 ἐν
2761 1855 3061 1930 ὖπεμνήσει
3093 1856 3152 1912 δὲ
3182 1861 3258 1932 (3)
3294 1858 3451 1933 μόνῃ,
3483 1864 3575 1914 νῦν
3630 1881 3804 1936 παρα-

406 1960 566 2010 taxat
587 1956 670 2008 uti
694 1955 1287 2023 refricantes,cursim
1309 1955 1682 2026 prasterimus
1701 1954 1893 2009 Lazari
1921 1957 2056 2024 post

409 2044 792 2116 quatriduum
886 2044 1383 2099 resurrectionem
1435 2043 1503 2099 εν.
1565 2043 2054 2099 Praatervolamus

408 2134 608 2200 etiam,
641 2138 884 2204 propter
912 2133 1199 2204 temporis
1227 2133 1602 2201 brevitatem,
1641 2133 1831 2187 viduas
1863 2131 2054 2187 ﬁlium

410 2222 726 2277 excilatum
756 2219 821 2274 ³ο.
855 2223 925 2274 Et
954 2222 1258 2276 mentione
1291 2227 1518 2276 tantum
1550 2221 2053 2293 injecta,comme-

408 2315 673 2365 moretur
703 2326 864 2365 nunc
897 2311 1089 2365 obiter
1117 2311 1404 2382 principis
1449 2312 1767 2383 Synagogaa
1819 2311 1942 2366 {ilia
1969 2307 2014 2343 “
2040 2325 2054 2363 :

411 2399 758 2469 dicaturque
791 2400 1006 2454 scissas
1038 2401 1220 2456 fuisse
1252 2406 1470 2471 petras,
1503 2406 1562 2455 et
1591 2400 1780 2455 multa
1807 2415 2058 2470 corpora

412 2496 750 2545 sanctorum
784 2490 884 2559 qui
917 2489 1306 2553 dormierant.
1339 2490 1590 2546 excitata
1637 2505 1788 2558 esse,
1843 2506 2059 2546 monu—

412 2579 631 2634 mentis
663 2578 814 2633 293
849 2577 1156 2648 patefactis
1182 2578 1248 2634 ⁸³.
1284 2579 1350 2633 ln
1397 2579 1605 2649 primis
1647 2595 1782 2633 vero
1834 2579 1896 2633 in
1940 2595 2058 2634 me-

414 2668 665 2723 moriam
697 2666 919 2728 redeat.
961 2667 1257 2723 Christum
1291 2683 1324 2723 a
1355 2669 1608 2723 mortuis
1640 2669 2057 2724 resurrexisse.

417 2755 718 2811 Praeterivi
734 2755 921 2810 Eliam
936 2761 993 2809 et
1007 2755 1196 2810 filium
1209 2755 1398 2811 viduae
1411 2755 1482 2812 ab
1495 2755 1624 2827 ipso
1637 2754 2060 2822 suscitatam”;

417 2851 476 2901 et
509 2845 808 2914 Elismum,
842 2844 943 2915 qui
966 2845 1153 2900 semel
1184 2850 1242 2900 et
1270 2846 1488 2900 iterum
1505 2846 1828 2911 suscitavit,
1851 2845 2062 2900 etdum

416 2937 654 3002 viveret,
688 2940 748 2990 et
776 2941 909 3006 post
939 2941 1191 2990 mortem
1213 2935 1296 3004 3‘;
1350 2937 1512 2991 vivus
1562 2936 2064 2992 resurrectionem

416 3041 524 3097 per
553 3041 721 3079 suam
751 3024 940 3094 ipsius
970 3025 1232 3080 animam
1261 3031 1538 3096 operatus
1567 3030 1694 3093 est;
1755 3032 1820 3081 ut
1866 3031 2064 3082 autem

418 3131 540 3170 non
563 3114 778 3168 animae
801 3113 996 3168 solum
1012 3114 1315 3184 justorum
1333 3115 1792 3183 honorarentur,
1813 3115 1913 3171 sed
1937 3132 2066 3171 cre-

416 3203 656 3259 deretur
686 3203 863 3256 etiam
896 3203 956 3257 in
979 3203 1281 3274 justorum
1312 3204 1660 3275 corporibus
1696 3204 1898 3275 jacere
1946 3207 2062 3260 vim

366 3343 381 3358 ,
416 3292 652 3363 penitus
670 3292 909 3346 insitam
935 3310 950 3359 ;
975 3293 1101 3364 proj
1113 3298 1276 3347 ectus
1304 3293 1366 3348 in
1388 3298 1846 3350 monumentum
1866 3293 2062 3350 ΕΠεωί

490 3416 535 3449 ²⁴
564 3415 668 3470 Job
699 3432 811 3484 xxv,
833 3417 930 3487 ⁸14.
1036 3415 1084 3450 ³⁵
1111 3416 1216 3472 Job
1247 3434 1362 3484 xxx,
1394 3418 1485 3487 25,
1518 3420 1606 3472 26.

422 3504 500 3557 iu,
533 3488 723 3540 39-44.
828 3485 876 3521 ³ο
909 3488 1046 3544 Luc.
1087 3505 1184 3557 vn,
1220 3492 1404 3543 15-16.

1501 3488 1545 3524 ³¹
1578 3490 1780 3545 Matth.
1815 3509 1892 3560 Ix,
1921 3491 2012 3547 25.

422 3556 470 3592 3‘
497 3559 570 3613 IV
600 3561 737 3630 Reg.
767 3575 836 3627 ιν,
874 3559 944 3612 52
975 3576 1140 3631 seqq.

472 3686 578 3771 ,(1)
634 3683 695 3739 Ὁ
755 3681 974 3754 μέλλων
1026 3683 1116 3740 ἐπὶ
1174 3693 1301 3760 γῆς.
1347 3690 1465 3744 Roe
1525 3692 1584 3743 et
1638 3687 1910 3758 Casaub.,
1966 3683 2071 3739 ἀπὸ

467 3774 555 3816 ης.

427 3775 585 3902 Τηῗ.)
613 3829 672 3882 Ὀ
701 3826 909 3900 παρὼν.
943 3829 1326 3902 Participium
1356 3829 1544 3902 παρών
1573 3829 1774 3902 addidi
1821 3847 1889 3884 ex
1937 3832 2076 3897 Roe,

435 3898 626 3965 Ottob,
656 3898 930 3970 utroque,
963 3898 1210 3957 Casaub.
1242 3907 1301 3956 et
1327 3898 1527 3969 Coisl.,
1547 3907 1614 3957 ut
1631 3901 1882 3957 habetur
1903 3917 2080 3973 supra

431 3987 597 4025 num.
636 3977 719 4026 H.

504 4043 579 4113 (3)
613 4042 701 4115 Ἑν
738 4041 1042 4111 ὑπομνήσει
1075 4039 1150 4099 δέ.
1185 4043 1544 4098 Particulam
1586 4038 1643 4095 δέ
1695 4044 2081 4115 ascripsimus

434 4127 515 4188 ex_
533 4114 701 4188 codd.
736 4115 875 4188 Roe,
923 4115 1168 4170 Casaub.
1232 4120 1297 4188 et
1344 4115 1518 4188 Grofd.
1580 4115 1760 4188 Linea
1807 4114 2080 4188 sequenti

431 4184 597 4259 valde
632 4186 1005 4259 suspicamur
1030 4185 1408 4258 τετραημὲρου
1453 4186 1770 4259 legendum
1815 4184 1965 4255 esse,
2015 4193 2081 4242 ut

429 4255 660 4310 videtur
690 4257 902 4326 legisse
963 4255 1317 4324 Grodecius,
1360 4265 1427 4313 ut
1472 4255 1539 4313 et
1577 4258 1831 4314 habetur
1877 4265 1990 4315 cat.
2022 4261 2077 4324 4,

429 4343 594 4404 num.
629 4330 680 4380 9.
717 4330 920 4382 Nonne
947 4337 1143 4384 autem
1176 4330 1367 4400 potuit
1407 4330 1665 4404 scribere
1711 4332 2080 4404 τετραήμερον

432 4398 742 4478 ἀναστᾼασιν,
775 4406 840 4453 ut
869 4408 1001 4478 cat._
1177 4398 1353 4478 hum.
1413 4404 1466 4478 4ς,
1519 4398 1820 4478 τριήμερον
1878 4398 2074 4478 ταφὴν·

431 4478 489 4525 et
513 4473 717 4548 ρει-ᾇ,
747 4487 911 4548 num=
947 4476 1031 4538 12,
1065 4472 1618 4548 Χριστὸςγτριήμερος
1653 4472 1955 4548 ἐγήγερται·

499 4545 578 4610 (4)
622 4541 1033 4616 -ῌαραφερὲσθω
1092 4541 1204 4601 νῦν.
1271 4541 1484 4599 VoCem
1526 4541 1627 4597 ’νῦ

431 4628 500 4684 ex
532 4613 699 4667 codd.
737 4613 930 4670 Ottob.
963 4620 1015 4680 2,
1049 4617 1249 4684 Coisl.,
1283 4618 1400 4672 Roe
1433 4623 1491 4671 et
1536 4617 1783 4674 Casaub.
1812 4613 1838 4683 ξ
1858 4623 1915 4673 at
1947 4623 2083 4684 post

430 4683 908 4759 ἀρχισυναγώγου,
941 4704 1110 4743 voces
1143 4683 1503 4757 ὑπομνήσεως
1548 4708 1606 4741 τε
1652 4687 1848 4759 μόνης,
1897 4683 2081 4744 libra-

425 4757 654 4810 riorum
687 4757 1003 4814 oscitantia
1055 4760 1358 4818 repetitas.
1392 4757 1720 4816 amovimus
1766 4761 2079 4815 amborum

428 4827 709 4903 Ottob._et
738 4831 990 4885 aliorum
1023 4827 1172 4886 codd
1227 4833 1410 4903 prmfl‘.
1448 4832 1617 4886 Grod.
1641 4849 1790 4903 vers.
1819 4832 2081 4903 auctori-

429 4903 568 4978 tate.
603 4901 852 4978 Tantum
885 4904 945 4957 in
973 4903 1166 4958 Ottob.
1188 4899 1537 4978 _2'babetur,
1593 4899 1756 4975 μόνον
1817 4901 2077 4978 λεγέσθω.

428 4971 586 5049 Post,
623 4970 747 5049 loco
776 4980 1056 5049 σχιθῆναι,
1089 4975 1436 5049 scripsimus
1468 4970 1782 5049 σχισθῆναι.

501 5041 1091 5128 (ἔξλνῌροηγόυμὲνως.
1266 5041 1623 5128 Barticul'am
1651 5041 1741 5128 ξδὲ
1799 5045 1930 5128 loco
1987 5043 2079 5128 καί

426 5117 736 5187 posuimus
787 5117 958 5187 juxta
996 5118 1208 5184 Coisl.,
1270 5117 1460 5180 Colb..
1517 5119 1714 5186 Grod.,
1767 5124 1825 5173 et
1876 5117 2075 5175 Morel.

431 5181 760 5261 Utrumque
787 5181 990 5261 tamen
1046 5181 1264 5261 legitur
1318 5190 1475 5260 apud
1524 5193 1641 5246 Roe
1693 5181 1751 5246 et
1805 5189 2076 5259 Casaub.,

432 5253 857 5332 μνημοχευὲσθω
889 5255 946 5313 δὲ
973 5258 1062 5312 καί
1083 5253 1542 5332 τῖροηγουμὲνως.

469 5323 921 5410 ⁸(ὃζΤιιὲυυηΘῶσι.
957 5333 1086 5410 _Roe
1115 5323 1173 5387 et
1201 5323 1450 5410 Casaub.
1501 5333 1651 5406 sing.
1686 5348 1878 5410 nu_m.,
1908 5352 2078 5404 τιμη-

429 5393 636 5477 Ξῇξτξῖιν
665 5393 900 5477 δικαίων,
944 5403 1120 5477 ψυχὴ,
1181 5403 1379 5477 anima
1417 5393 1698 5477 justorum
1757 5393 2074 5477 honoratur.

421 5462 814 5549 ceislrpaulp
845 5462 1119 5542 divérs’ie',’
1169 5462 1437 5549 πιστευβῇ
1487 5478 1593 5529 τῶν
1651 5473 1874 5528 δικαίων
1937 5478 2074 5549 ζωῇ,

416 5541 480 5619 ut
509 5547 580 5619 ne
604 5535 710 5619 soli
755 5543 1036 5608 justorum
1081 5535 1208 5602 uitae
1256 5535 1588 5619 crederetur.
1639 5549 1849 5602 Totum
1898 5535 2075 5619 porro

409 5601 800 5690 bqulgcurh
823 5601 1009 5690 asque
1023 5601 1104 5675 ad
1125 5601 1361 5674 numeri
1385 5601 1587 5686 finem,
1604 5601 1720 5690 quo
1733 5601 2074 5675 sanctarum

363 5705 372 5714 '
401 5675 929 5763 {elfflljjéljl'llrnvis
961 5675 1435 5763 commendatur,
1469 5690 1541 5746 ab
1572 5675 1893 5763 impostore
1926 5707 2076 5763 quo-

397 5745 546 5804 dam
575 5743 783 5814 Cyn‘m
819 5743 1019 5822 ιθὶιιίῖ
1037 5743 1374 5819 immissum
1415 5743 2072 5833 ρἑηῇὲῖίὲὶᾟίνέιῖιὲ.

1712 3418 1758 3454 ²⁶
1785 3419 1896 3475 Isa.
1929 3435 2081 3490 xxvr,
2113 3417 2198 3490 10.

2117 3489 2164 3525 ³³
2192 3488 2393 3543 Matth.
2438 3503 2612 3557 xxvu,
2663 3487 2842 3541 51-53.

2158 1944 2430 2018 τρέχομεν
2461 1945 2560 2014 τὴν
2613 1949 2711 2002 τοῦ
2769 1949 3019 2021 Λαζάρου
3072 1951 3442 2023 τετραήμερον
3497 1949 3801 2006 ἀνάστασιν·

2159 2032 2576 2109 παρατρέχομεν
2613 2032 2692 2106 δὲ,
2724 2032 2814 2090 διὰ
2858 2037 2921 2091 τὸ
2948 2043 3048 2106 τῆς
3110 2036 3254 2112 ὥρας
3305 2037 3514 2114 ὀλίγον,
3563 2041 3651 2094 καὶ
3711 2040 3802 2095 τὸν

2163 2123 2278 2177 υἱὸν
2327 2130 2430 2192 τῆς
2488 2125 2667 2200 χήρας
2721 2125 2815 2179 τὸν
2873 2122 3266 2200 ἐγηγερμένον.
3307 2127 3694 2201 Ὑπομνήσεώς
3748 2148 3806 2184 τε

2169 2213 2331 2285 μόνον
2389 2209 2562 2269 ἕνεκεν
2617 2216 3007 2291 παραφερὲσθω
3063 2216 3154 2270 νῦν
3211 2219 3290 2289 (4)
3334 2216 3424 2272 καὶ
3480 2219 3516 2286 ἡ
3565 2217 3807 2294 Θυγάτηρ

2163 2306 2261 2358 τοῦ
2291 2302 2769 2378 ἀρχισυναγώγου·
2811 2300 3050 2378 λεγέσθω
3106 2306 3194 2360 καὶ
3255 2306 3317 2360 τὸ
3363 2306 3660 2376 σχισθῆναι
3714 2307 3810 2369 τὰς

2165 2394 2382 2466 πέτρας,
2415 2393 2507 2448 καὶ
2535 2391 2724 2449 πολλᾶ
2752 2395 2978 2466 σώματα
3015 2398 3122 2450 τῶν
3180 2396 3596 2468 κεκοιμημένων
3646 2396 3808 2473 ἁγίων

2165 2481 2474 2558 ἐγερθῆναι,
2503 2488 2611 2537 τῶν
2657 2482 2939 2556 μνημείων
2999 2483 3385 2560 ἀνοιχθέντων.
3449 2487 3814 2564 ίΙροηγουμὲ-

2167 2593 2274 2634 νως
2333 2571 2392 2627 δὲ
2448 2576 2524 2645 (5)
2585 2571 3031 2645 μνημονευὲσθω,
3065 2572 3147 2628 ὅτι
3205 2574 3433 2647 Χριστὸς
3491 2573 3552 2630 ἐκ
3605 2581 3810 2652 νεκρῶν

2170 2662 2481 2736 ἐγήγερται.
2515 2661 2807 2737 Παρῆλθον
2865 2662 2959 2717 τὸν
3018 2661 3231 2732 Ἦλίαν,
3289 2663 3508 2718 καὶτὸν
3541 2666 3656 2720 υἱὸν
3714 2672 3815 2736 τῆς

2173 2753 2352 2826 χήρας
2393 2752 2486 2806 τὸν
2541 2749 2882 2825 ἐξεγερθέντα
2940 2751 3028 2806 ὑπ’
3084 2753 3271 2808 αὐτοῦ·
3332 2754 3422 2808 καὶ
3475 2753 3566 2808 τὸν
3628 2753 3814 2811 Ἐλισ-

2173 2845 2348 2910 σαῖον,
2378 2841 2472 2895 τὸν
2502 2837 2586 2904 δὶς
2640 2839 2934 2916 ἐγείραντα,
2991 2837 3046 2896 ἓν
3102 2862 3161 2897 τε
3215 2847 3295 2914 τῷ
3353 2846 3471 2916 ζῇν,
3527 2845 3615 2898 καὶ
3675 2844 3816 2916 μετὰ

2170 2932 2233 2986 τὸ
2288 2928 2610 2999 τελευτῆσαι
2666 2929 2850 2986 αὐτόν.
2906 2935 3022 2985 Ζῶν
3077 2931 3174 3004 μὲν
3233 2932 3336 3006 γὰρ
3392 2931 3652 3006 ἐνήργησε
3706 2933 3811 3002 τήν

2173 3019 2476 3088 ἀνάστασιν,
2507 3015 2596 3073 διὰ
2618 3025 2719 3088 τῆς
2747 3019 2939 3074 ἑαυτοῦ
2983 3023 3187 3095 ψυχῆς·
3243 3018 3334 3076 ’ίνα
3390 3017 3448 3075 δὲ
3507 3021 3581 3093 μὴ
3643 3019 3809 3094 μόνον

2171 3113 2450 3183 τιμηθῶσι
2477 3109 2553 3181 (6)
2579 3111 2687 3163 τῶν
2722 3105 2945 3164 δικαίων
2978 3109 3034 3164 αἱ
3072 3112 3269 3184 ψυχαὶ,
3327 3111 3587 3184 πιστευθῇ
3619 3107 3698 3182 δὲ,
3729 3109 3816 3168 ὅτι

2174 3201 2263 3254 καὶ
2296 3196 2533 3274 ἔγκειται
2562 3196 2614 3252 ἐν
2641 3202 2762 3260 τοῖς
2792 3201 2900 3253 τῶν
2943 3196 3165 3254 δικαίων
3201 3201 3415 3273 σώμασι
3477 3197 3729 3273 δύναμις,
3789 3203 3819 3257 ὁ

2177 3288 2350 3367 ῥιφεὶς
2405 3287 2458 3342 δν
2489 3290 2570 3360 τῷ
2604 3286 2860 3361 μνημείῳ
2914 3292 3012 3343 τοῦ
3073 3288 3384 3345 Ἐλισσαίου
3458 3290 3668 3366 νεκρὸς,
3723 3294 3822 3347 τοῦ

2303 3416 2346 3450 ³⁷
2377 3413 2582 3469 Ezech.
2615 3431 2834 3481 xxxv”,
2871 3417 2954 3469 12.
3061 3413 3112 3451 ³⁸
3141 3417 3283 3472 Dan.
3316 3431 3418 3483 xu,
3450 3420 3502 3472 2.
3579 3415 3628 3453 3°
3654 3417 3823 3474 Joan.

2939 3485 2985 3521 ³³
3030 3487 3110 3542 ΙΙΙ
3156 3491 3295 3561 Reg.
3352 3506 3485 3557 xvu,
3538 3488 3605 3543 19
3653 3505 3823 3562 seqq.

2186 3684 2497 3740 Rationem
2547 3699 2758 3757 rogas,
2797 3682 2944 3757 Quia
2991 3700 3205 3757 nempe
3263 3685 3516 3757 Cyrillus
3571 3692 3684 3742 cat.
3738 3687 3825 3744 17.

2187 3773 2332 3812 num
2379 3758 2449 3809 30
2479 3760 2536 3810 et
2559 3755 2649 3828 31,
2684 3755 2970 3828 miracula
3008 3773 3115 3828 per
3136 3755 3424 3827 Paulum,
3479 3764 3539 3813 et
3590 3759 3829 3816 sudaria

2189 3829 2319 3900 ejus
2351 3844 2417 3882 ac
2448 3826 2818 3900 semicinctia
2848 3826 3199 3890 olim'facta.
3231 3826 3427 3886 virtuti
3453 3835 3512 3886 et
3546 3831 3825 3888 efﬁcacia

2191 3899 2442 3971 Spiritus
2474 3900 2662 3971 sancti
2696 3899 2919 3954 tribuit.
2949 3901 3124 3965 Quasi
3147 3901 3318 3956 alteri
3375 3919 3569 3959 causa:
3623 3905 3684 3958 in
3715 3905 3826 3959 hoc

2190 3970 2318 4046 loco
2351 3970 2652 4046 adjudicet
2677 3971 2830 4046 vim,_
2856 3988 3033 4046 quam
3094 3979 3433 4030 sanctorum
3483 3975 3830 4046 corporibus

2190 4041 2438 4118 insitam
2463 4041 2624 4097 dicit.
2657 4041 2918 4118 Atqui
2949 4046 3074 4118 hoc
3119 4061 3366 4118 numero
3407 4041 3658 4118 utraque
3689 4062 3830 4118 cono

2181 4114 2383 4187 jungit
2413 4119 2650 4190 auctor;
2685 4120 2744 4190 et
2770 4131 2839 4190 ei;
2869 4115 2921 4168 vi
2971 4116 3347 4190 sudariorum
3388 4114 3580 4173 Pauli'
3608 4117 3836 4190 colligit

2190 4184 2248 4272 ει
2276 4184 2832 4272 concludit‘iortiOIi
2851 4203 3041 4272 causa
3059 4189 3175 4243 vim
3204 4184 3830 4272 corporum‘ipsorut'n.

2189 4258 2332 4313 Cum
2363 4257 2543 4332 igitur
2570 4257 2735 4312 illam
2769 4259 3008 4332 Spiritui
3032 4267 3235 4316 sancto
3257 4257 3492 4323 tribuat,
3519 4257 3670 4316 hanc
3685 4277 3835 4332 quo-

2189 4345 2303 4399 que
2335 4329 2528 4384 eidem
2564 4346 2756 4384 causa)
2806 4329 2881 4402 ab
2912 4348 2979 4386 eo
3013 4333 3296 4402 assignari
3351 4329 3835 4387 concludendum

2188 4406 2351 4466 erat;
2386 4416 2495 4455 nec
2522 4406 2745 4456 temere
2776 4401 3186 4458 sollicitandus
3219 4403 3402 4465 locus,
3454 4403 3546 4456 cui
3604 4403 3832 4458 similes

2191 4472 2492 4527 innumeri
2524 4473 2585 4527 in
2617 4473 2752 4528 aliis
2785 4474 3202 4529 ecclesiasticis
3231 4473 3570 4527 auctoribus
3605 4475 3831 4542 passim

1271 4541 1484 4599 VoCem
1526 4541 1535 4548 ’
1568 4547 1660 4597 νῦν
1690 4541 1701 4548 ’
1728 4541 2077 4618 ςὰίῇθοίῐῐιιιε
2110 4541 2158 4606 D
2189 4545 2639 4599 exsistunt.Vim
2654 4545 3040 4618 reliquiarum
3056 4551 3388 4618 sanctarum
3405 4541 3831 4618 Patres’omnes

2190 4621 2550 4688 agnoscunt:
2576 4633 2813 4671 causam
2837 4616 2959 4680 alii,
2991 4621 3056 4688 ut
3085 4619 3275 4688 Aster.
3327 4617 3604 4688 Amasen.
3667 4614 3830 4671 hom.

2193 4685 2253 4742 Ινῖ
2277 4695 2493 4743 sanctos
2519 4695 2789 4756 martyres
2818 4689 2977 4741 Auct.
2999 4685 3258 4740 Combef.
3284 4690 3431 4758 tom.
3461 4687 3506 4753 Ι,
3538 4701 3667 4758 pag.
3703 4688 3832 4754 205,

2189 4759 2616 4815 refunduntvel
2643 4759 2704 4812 in
2738 4759 2896 4828 ipsos
2929 4757 3295 4830 sanctos,qui
3326 4758 3388 4812 in
3413 4757 3686 4830 impurus
3711 4758 3837 4830 spi-

2189 4832 2338 4887 ritus
2372 4831 2487 4885 vim
2521 4846 2686 4884 suam
2719 4834 2993 4902 exercent
3017 4829 3136 4896 ;vel
3168 4829 3626 4902 iniangelos.qui
3647 4829 3836 4902 adbo-

2190 4920 2398 4960 norem
2425 4906 2763 4973 sanctorum
2783 4900 3051 4973 ipsorum
3074 4900 3365 4973 sepulcris
3397 4900 3832 4969 assident;alii,

2188 4992 2436 5030 numero
2463 4971 2776 5044 plures,rin
2812 4971 3093 5043 Spiritum
3121 4971 3394 5029 sanctum
3444 4974 3668 5028 eisdem
3692 4974 3833 5028 reli-

2189 5047 2345 5118 quiis
2376 5043 2482 5102 sua
2507 5043 2988 5118 viiassistentem,
3042 5047 3129 5118 ita
3185 5045 3468 5118 Chrysost
3547 5046 3708 5118 hom.
3763 5046 3833 5099 42

2188 5116 2249 5172 In
2279 5124 2526 5174 sanctum
2556 5117 2859 5185 Ignatium,
2894 5116 3002 5172 sub
3035 5117 3215 5172 ﬁnem
3243 5116 3519 5184 ;sanctus
3562 5117 3831 5188 Ephrzem

2188 5191 2454 5245 oratione
2512 5190 2575 5262 ln
2633 5204 2816 5262 omnes
2862 5195 3149 5258 martyres,
3181 5206 3311 5262 pag.
3363 5192 3459 5243 741
3510 5190 3829 5255 ;Damasc.

2186 5267 2376 5334 orat.i
2406 5263 2482 5315 De
2511 5259 2862 5334 imaginibus.
2895 5277 3060 5316 num.
3097 5259 3340 5334 19,'pag.
3406 5262 3548 5334 illo;
3592 5266 3832 5334 sanctus

2187 5333 2470 5388 Paulinus
2494 5331 2665 5403 epist.
2727 5333 2816 5400 32,
2847 5348 3011 5387 num.
3073 5334 3104 5386 8
3133 5351 3147 5399 ;
3201 5331 3258 5388 et
3294 5331 3502 5388 'Natali
3531 5335 3566 5386 2
3594 5333 3658 5386 In
3705 5347 3832 5387 san-

2186 5411 2331 5459 ctum
2353 5403 2927 5472 Felicem.carm.302,
2961 5409 3019 5459 et
3044 5404 3231 5459 Natali
3251 5404 3340 5467 l3,
3364 5420 3546 5460 carm.
3568 5406 3691 5470 579,
3716 5408 3828 5459 etc.

2185 5477 2300 5531 Nec
2321 5475 2568 5557 diversae
2583 5475 2700 5530 illas
2719 5476 3032 5558 sententia!
3051 5491 3252 5532 secum
3272 5474 3667 5558 pugnantsed
3682 5473 3835 5558 prio-

2184 5564 2279 5602 res
2306 5547 2962 5619 proximam,posterior
2991 5564 3229 5603 causam
3262 5547 3829 5619 ultimamassignat;

2184 5618 2456 5693 namnec
2479 5619 2806 5693 sancti,nec
2823 5619 3018 5691 angeli
3042 5619 3369 5692 quidquam
3393 5625 3647 5693 possunt
3675 5618 3832 5675 Circa

2185 5690 2438 5764 Spiritus
2459 5690 2650 5744 sancti
2671 5689 2973 5747 virtutem.
