4148 6286
280 427 430 488 1037

885 423 1367 487 CATECHESIS
1408 421 1626 485 XVIII.
1673 425 1776 484 DE
1817 423 2106 485 CARNIS
2153 421 2834 501 RESURRECTIONE,
2883 425 3052 490 ETC.

3528 425 3686 489 1038

275 562 470 632 νεκροῦ
503 557 759 629 σώματος
790 559 888 610 τοῦ
918 557 1204 632 προφήτου
1228 555 1591 634 ἐφαψάμενος,
1623 552 1924 623 ἐζωοποιή·

2042 559 2334 624 mortuus,
2368 565 2669 616 mortuum
2702 562 3002 633 prophetae
3035 577 3250 634 corpus
3271 563 3685 632 attingens,vi-

276 658 367 715 θη.
405 645 502 701 Καὶ
532 647 596 700 τὸ
653 649 812 718 σῶμα
872 649 968 698 τοῦ
1027 647 1320 718 προφήτου
1371 645 1432 698 τὸ
1488 644 1678 718 νεκρὸν
1727 644 1926 697 ἀπετέ-

274 733 406 791 λασε
459 738 645 811 ψυχῆς
675 728 852 810 ἔργονο
910 733 1000 788 καὶ
1057 734 1120 788 τὸ
1176 733 1508 801 τελευτῆσαν
1554 733 1644 786 καὶ
1675 732 1924 804 κείμενον

274 826 420 894 ζωὴν
456 819 698 898 παρέσχε
755 827 832 894 τῷ
885 823 1292 892 τελευτήσαντιο
1345 823 1436 876 καὶ
1493 822 1777 896 παρασχὸν
1825 821 1925 889 τήν

273 915 444 982 ζωήν,
479 914 614 967 αὐτὸ
647 912 855 985 ὁμοίως
904 908 1112 984 ἔμεινεν
1170 910 1222 964 έν
1279 916 1512 986 νεκροῖς.
1564 911 1660 965 Διά
1687 909 1740 964 τί
1769 931 1783 980 ;
1815 911 1930 966 Ἵνα

275 1003 351 1074 μή
386 1001 770 1072 ἐξαναστάντος
805 998 1139 1070 Ἐλισσαίου,
1169 1003 1238 1073 τῇ
1291 1003 1445 1074 ψυχῇ
1482 1001 1622 1072 μόνη
1655 1019 1927 1075 προσγρα-

273 1094 348 1168 φῇ
379 1092 442 1144 τὸ
470 1095 721 1164 πρᾶγμα
756 1086 955 1164 δειχθῇ
1007 1087 1084 1154 δὲ,
1141 1089 1226 1143 ’ὁτι
1274 1088 1364 1142 καὶ
1395 1093 1580 1164 ψυχῆς
1615 1090 1690 1160 μὴ
1722 1087 1927 1161 παρού-

276 1201 397 1251 σης,
425 1177 660 1254 ἔγκειταί
690 1199 774 1241 τις
807 1176 1037 1250 δύναμις
1093 1182 1172 1249 τῷ
1227 1182 1334 1232 τῶν
1369 1178 1539 1252 ἁγίων
1571 1178 1806 1250 σώματι,
1839 1175 1930 1232 διὰ

273 1272 376 1338 τὴν
406 1269 459 1324 ἐν
507 1267 792 1330 τοσούτοις
841 1265 1010 1322 ἔτεσιν
1069 1266 1425 1338 ἐνοικήσασαν
1455 1265 1508 1321 έν
1541 1267 1689 1339 αὐτῷ
1721 1264 1928 1322 δικαίαν

277 1361 487 1434 ψυχὴν,
536 1361 602 1427 ἧς
665 1355 994 1431 ὑπηρέτημα
1047 1357 1259 1432 γέγονε.
1297 1356 1396 1412 Καὶ
1457 1357 1534 1428 μή
1590 1357 1926 1428 ἀπιστῶμεν,

274 1450 488 1520 νήπιοι,
523 1451 598 1509 ὼς
633 1448 708 1519 μή
757 1445 1122 1522 γεγενημένου
1169 1445 1384 1501 τούτου.
1437 1444 1499 1499 Εἰ
1531 1446 1634 1520 γὰρ
1667 1442 1928 1519 σουδάρια

273 1539 367 1593 καὶ
399 1538 744 1610 σημικίνθια,
773 1536 841 1590 τὰ
887 1530 1076 1609 ἔξωθεν
1131 1531 1280 1604 ὄντα,
1320 1539 1428 1589 τῶν
1461 1534 1728 1608 σωμάτων
1754 1533 1924 1588 ἁπτό-

280 1647 415 1701 μενα
469 1631 577 1681 τῶν
637 1624 960 1694 νοσούντων,
1019 1622 1212 1699 ἤγειρε
1265 1624 1393 1688 τοὺς
1447 1623 1718 1688 ἀσθενεῖς’
1769 1622 1924 1696 πόσῳ

278 1715 494 1790 μᾶλλον
553 1715 686 1771 αὐτὸ
741 1716 804 1770 τὸ
863 1719 1023 1788 σῶμα
1087 1717 1185 1769 τοῦ
1241 1715 1530 1790 προφήτου
1584 1713 1772 1789 ἤγειρε
1829 1713 1921 1768 τὸν

272 1807 459 1883 νεκρόν
487 1826 501 1876 ;

346 1989 444 2045 ῙΖ’.
478 1987 584 2042 Καὶ
643 1987 766 2054 ἐνῆν
827 1985 921 2057 μὶν
979 1982 1165 2039 πολλά
1225 1983 1394 2037 εἰπεῖν
1454 1982 1529 2044 εἷς
1585 1985 1774 2049 ταῦτα,
1806 1982 1927 2036 καθ’

268 2075 499 2132 ἕκαστον
533 2078 610 2150 (1)
641 2073 1027 2150 ἐξηγουμένοις
1076 2077 1184 2128 τῶν
1235 2073 1620 2148 γεγενημένοις
1669 2069 1925 2146 πραγμά-

271 2189 384 2223 των
411 2168 472 2223 τὸ
505 2163 829 2240 παράδοξον.
882 2163 979 2218 Διὰ
1022 2160 1080 2219 δὲ
1122 2163 1214 2218 τὸν
1259 2163 1503 2234 κάματον
1543 2163 1635 2217 τὸν
1668 2159 1927 2237 προγενό-

280 2277 440 2330 μενον
498 2256 649 2329 ὑμῖν,
707 2250 767 2309 ἔκ
840 2275 899 2308 τε
972 2256 1073 2318 τῆς
1136 2251 1470 2327 ὑπερθέσεως
1523 2253 1623 2319 τῆς
1677 2248 1926 2322 νηστείας

273 2352 376 2414 τῆς
437 2349 811 2420 Παραπευῆς,
865 2342 952 2395 καὶ
1031 2346 1132 2409 τῆς
1216 2338 1533 2415 ἀγρυπνίας·
1594 2339 1771 2393 ἐκεῖνα
1831 2338 1924 2411 μὶν

274 2436 411 2496 τὲως
469 2431 519 2487 ἐν
578 2428 910 2505 παραδρομῇ
968 2427 1240 2503 λελέχθω,
1302 2425 1373 2482 δι’
1449 2426 1650 2502 ὀλίγων
1724 2425 1929 2502 ἐσπαρ-

282 2523 438 2598 μένον
498 2522 590 2576 ἳνα
647 2521 827 2594 ὑμεῖς,
885 2515 1190 2587 καλλίστης
1246 2515 1349 2592 γῆς
1429 2514 1584 2586 δίκην
1644 2513 1926 2588 δεξάμενοι

274 2614 373 2670 τὸν
463 2613 687 2686 σπόρον,
770 2608 1237 2686 καρποφορήσητε
1321 2604 1708 2667 πλατύνοντες.
1768 2611 1926 2675 Μνη-

283 2704 593 2776 μονευέσθω
625 2700 681 2755 δὲ
710 2701 803 2774 (2),
837 2700 921 2754 δτι
971 2699 1059 2752 καὶ
1094 2698 1145 2752 οἱ
1189 2695 1486 2751 ἀπόστολοι
1518 2694 1739 2770 νεκροὺς
1768 2693 1927 2770 ἤγει-

281 2811 399 2868 ρανο
460 2790 659 2866 Πέτρος
717 2790 834 2862 μὲν,
896 2787 948 2842 έν
1008 2787 1205 2860 Ἰόππῃ
1259 2779 1522 2848 Ταϐιθάν·
1582 2782 1801 2845 Παῦλος
1843 2780 1924 2852 δὲ,

278 2882 526 2956 Εὔτυχον
557 2881 608 2934 έν
639 2875 878 2954 Τρωάδι’
901 2877 991 2932 καὶ
1023 2877 1074 2930 οἱ
1097 2874 1284 2931 λοιποὶ
1307 2873 1502 2937 πάντες
1530 2872 1854 2944 ἀπόστολοι,
1877 2871 1924 2927 εί

273 2973 365 3030 καὶ
401 2972 478 3044 μὴ
521 2971 699 3025 πάντα
725 2968 1018 3045 γέγραπται
1075 2965 1142 3020 τὰ
1202 2964 1288 3042 ὑφ’
1318 2964 1546 3019 ἓκαστου
1578 2965 1927 3035 θαυματουρ-

270 3061 526 3138 γηθέντα.
589 3055 980 3130 Μνημονεόετε
1036 3051 1094 3108 δὲ
1143 3057 1252 3109 τῶν
1310 3053 1365 3108 ἐν
1422 3055 1490 3138 τῇ
1548 3051 1741 3127 πρώτῃ
1785 3050 1923 3127 πρὸς

273 3137 602 3228 Κορινθίους
657 3145 961 3221 εἰρημένων
1017 3143 1291 3228 ἁπάντων,
1341 3142 1417 3196 ὧν
1457 3137 1684 3216 ἔγραψεν
1717 3142 1745 3194 ὁ
1777 3144 1921 3228 Παθ-

274 3225 375 3303 λοέ
421 3257 556 3314 προς
603 3233 732 3296 τοὺς
782 3231 1053 3320 λέγοντας·
1091 3233 1214 3294 Πῶς
1261 3227 1655 3320 ἐγείρονται-οὶ
1700 3225 1922 3320 νεπροί;
1956 3253 1999 3320 C

275 3327 424 3399 ποίῳ
481 3323 540 3380 δὶ
597 3323 813 3396 σώματι
861 3315 1162 3395 ἔρχονταις
1219 3317 1311 3372 καὶ
1369 3316 1474 3386 ὅτι,
1523 3316 1588 3374 Εἰ
1617 3317 1800 3391 νεκροὶ
1833 3314 1931 3371 οὐκ

274 3415 599 3492 ἐγείρονται,
683 3408 809 3466 οὗδὶ
865 3410 894 3465 ὁ
979 3408 1212 3484 Χριστὸς
1275 3403 1586 3481 ἐγήγερται·
1670 3405 1759 3460 καὶ
1846 3403 1928 3460 ὅτι

280 3505 516 3582 ἄφρονας
573 3499 817 3567 ἐκάλεσε,
873 3497 1006 3560 τοὺς
1071 3498 1146 3569 μή
1205 3493 1579 3556 πιστεύοντας*
1610 3494 1700 3548 καὶ
1753 3495 1934 3564 πάσης

276 3602 380 3664 τῆς
412 3591 598 3650 αὐτόθι
630 3586 1006 3655 διδασκαλίας,
1038 3593 1140 3655 τῆς
1169 3585 1293 3661 περὶ
1324 3587 1527 3659 νεκρῶν
1569 3582 1928 3646 ἀναστάσεως’

277 3683 373 3740 καὶ
433 3683 514 3738 ὅτι
571 3679 708 3755 πρὸς
787 3675 1200 3737 Θετσαλονικεῖς
1256 3669 1502 3748 ἔγραψενο
1560 3671 1638 3729 Οὐ
1695 3671 1925 3745 θέλομεν

280 3770 341 3828 δὶ
398 3772 536 3844 ὑμᾶς
591 3769 824 3844 ἀγνοεῖν,
883 3763 1134 3842 ἀδελφοὶ,
1192 3761 1316 3834 περὶ
1393 3766 1502 3816 τῶν
1585 3762 1928 3834 κεκοιμημέ-

279 3859 531 3934 νων,Ἱνα
593 3859 669 3932 μὴ
726 3857 972 3925 λυπῆσθε
1027 3852 1208 3913 καθὼς
1259 3851 1348 3906 καὶ
1404 3851 1456 3905 οὶ
1504 3847 1717 3920 λοιποὶ,
1761 3851 1812 3904 οἱ
1846 3852 1923 3923 μὴ

277 3949 500 4027 ἔχοντες
561 3943 776 4014 ἐλπίδα,
835 3942 927 3999 καῖ
990 3944 1057 3998 τὰ
1112 3941 1234 4012 έξῆς
1290 3937 1415 3994 ’ὀλαο
1476 3941 1712 4013 μάλιστα
1753 3937 1811 3994 δὲ
1836 3944 1922 4010 τὸ,

279 4042 384 4100 Καὶ
445 4041 497 4094 οἱ
553 4037 736 4115 νεκροὶ
815 4034 867 4090 ἐν
957 4037 1176 4107 Χριστῷ
1232 4031 1622 4101 ἀναστήσονται
1679 4033 1920 4107 πρῶτον.

2040 653 2161 701 tam
2228 650 2501 721 concepit
2523 650 2588 704 ³⁵.
2651 653 2938 706 Mortuum
2999 652 3305 722 prophetas
3353 669 3590 724 corpus,
3624 651 3684 706 id

2041 736 2198 805 quod
2231 739 2443 793 animas
2474 739 2784 795 videbatur
2811 757 2959 811 opus
2990 757 3142 806 esse,
3175 741 3456 812 perfecit;
3490 741 3685 812 quod-

2042 841 2156 894 que
2189 833 2489 882 mortuum
2540 829 2796 899 jacebat,
2859 834 3093 884 mortuo
3151 830 3332 885 vitam
3387 831 3586 898 dedit;
3628 833 3689 885 et

2040 914 2199 983 quod
2230 914 2405 969 vitam
2439 916 2634 980 dabat,
2667 917 2863 988 ipsum
2913 918 2972 971 in
3023 918 3274 972 mortuis
3319 918 3595 972 similiter
3622 922 3688 973 ut

2039 1007 2175 1055 ante
2234 1003 2541 1058 remansit.
2601 1006 2725 1069 Qua
2765 1005 2836 1060 de
2894 1005 3119 1061 causa?
3177 1007 3347 1073 Utne,
3399 1007 3446 1060 si
3481 1023 3686 1061 resur-

2039 1091 2293 1145 rexisset
2321 1091 2587 1160 Elisaeus,
2613 1094 2827 1148 animm
2859 1094 2987 1164 ejus
3019 1095 3129 1150 soli
3159 1094 3380 1150 factum
3412 1095 3561 1150 illud
3582 1095 3688 1148 im-

2039 1186 2368 1250 putaretur,
2402 1186 2460 1236 et
2489 1187 2555 1237 ut
2601 1183 3039 1252 ostenderetur,
3070 1183 3314 1239 absente
3347 1184 3522 1240 etiam
3557 1185 3688 1239 ani-

2041 1284 2138 1323 ma
2167 1270 2362 1325 inesse
2415 1271 2531 1326 vim
2573 1273 2891 1343 quamdam
2949 1289 3018 1328 ac
3073 1278 3426 1344 potestatem
3454 1273 3687 1345 corpori

2041 1362 2403 1427 sanctorum,
2428 1366 2671 1432 propter
2689 1363 2952 1417 animam
2968 1362 3194 1433 justam
3217 1380 3347 1433 qum
3380 1367 3465 1417 tot
3498 1379 3686 1418 annos

2039 1445 2101 1498 in
2133 1462 2201 1500 eo
2235 1447 2672 1515 inhabitaverit,
2726 1451 2975 1522 ejusque
3031 1467 3142 1506 usa
3198 1451 3275 1505 sit
3330 1451 3684 1506 ministerio.

2041 1535 2240 1605 Neque
2274 1536 2451 1592 fidem
2483 1538 2537 1592 ei
2569 1539 2676 1604 rei,
2711 1540 2879 1608 quasi
2911 1556 3032 1594 non
3055 1540 3137 1594 ita
3158 1540 3254 1608 sit,
3279 1540 3465 1610 inepti
3490 1541 3688 1595 detra-

2041 1625 2288 1680 hamus:
2321 1628 2370 1682 si
2399 1628 2560 1682 enim
2593 1627 2834 1683 sudaria
2864 1634 2922 1683 et
2961 1629 3331 1684 semicinctia
3361 1645 3492 1700 quae
3527 1635 3686 1684 exte-

2039 1715 2165 1770 rius
2197 1716 2523 1785 adhaarent,
2557 1719 2971 1790 aegrotantium
3002 1719 3351 1789 corporibus
3393 1718 3689 1789 applicata

2042 1804 2313 1861 inﬁrmos
2345 1806 2754 1879 erigebant“:
2808 1812 3028 1877 quanto
3087 1808 3274 1879 magis
3325 1808 3521 1879 ipsum
3551 1823 3687 1879 pro-

2040 1897 2236 1969 phetm
2267 1913 2480 1968 corpus
2510 1901 2813 1952 mortuum
2844 1895 3170 1952 excitavit?
3555 1945 3562 1952 .

2108 1987 2276 2041 XVII.
2308 1987 2486 2057 Atqui
2521 1991 2720 2042 essent
2769 1987 2888 2041 alia
2942 1986 3132 2042 multa
3163 1987 3224 2041 in
3254 1986 3380 2042 haec
3411 1985 3683 2052 dicenda,

2038 2075 2086 2130 si
2118 2075 2463 2146 hujusmodi
2489 2076 2780 2131 factorum
2809 2075 3334 2131 admirabilitatem
3358 2075 3686 2130 secundum

2039 2165 2271 2236 singula
2291 2163 2574 2236 adjuncta
2595 2180 3122 2236 persequeremur;
3149 2164 3251 2219 sed
3272 2169 3514 2236 propter
3535 2181 3686 2234 prte-

2037 2253 2348 2308 cedentem
2379 2269 2556 2323 quem
2583 2254 2978 2324 sustinuistis,
3002 2260 3128 2309 tum
3160 2271 3231 2308 ex
3254 2253 3475 2325 jejunii
3508 2255 3688 2307 Para-

2039 2357 2237 2396 sceves
2260 2342 2735 2413 superpositione
2760 2343 2860 2415 (3),
2888 2347 3013 2398 tum
3042 2360 3112 2398 ex
3132 2341 3348 2414 vigilia,
3376 2341 3643 2397 laborem
3667 2357 3682 2406 ;

2037 2429 2163 2486 haec
2195 2431 2434 2487 interim
2464 2431 2624 2487 velut
2671 2433 2732 2486 in
2783 2436 3129 2488 transcursu
3187 2432 3344 2486 dicta
3393 2436 3607 2495 sunto;
3639 2427 3686 2464 ³⁷

2036 2521 2241 2592 paucis
2262 2521 2441 2593 jactis
2471 2521 2822 2589 seminibus,
2848 2522 2934 2576 uti
2964 2538 3065 2576 vos
3091 2521 3265 2576 bona
3298 2521 3486 2576 instar
3517 2519 3688 2574 tellu-

2035 2612 2117 2665 ris
2141 2625 2344 2665 semen
2367 2611 2792 2682 concipientes,
2814 2610 2964 2666 illud
2985 2609 3290 2666 dilatando
3311 2608 3686 2681 explicando-

2035 2715 2149 2770 que
2201 2699 2460 2755 fructum
2516 2700 2721 2756 feratis
2743 2698 2811 2755 ³⁸.
2871 2701 3152 2755 Memoria
3189 2715 3324 2754 vero
3383 2703 3686 2769 repetatur

2034 2787 2192 2859 quod
2225 2794 2284 2844 et
2311 2790 2565 2860 apostoli
2623 2794 2890 2845 mortuos
2954 2789 3321 2844 excitarunt:
3381 2788 3588 2842 Petrus
3626 2786 3688 2841 in

2031 2877 2213 2947 Joppe
2245 2877 2575 2943 Tabitham,
2632 2877 2849 2933 Paulus
2909 2877 3242 2948 Eutychum
3280 2874 3504 2929 Troade
3528 2873 3596 2942 3°,
3627 2879 3688 2929 et

2031 2966 2249 3036 reliqui
2273 2983 2483 3022 omnes
2506 2967 2759 3038 apostoli
2788 2985 2802 3032 ;
2827 2967 3064 3022 tametsi
3087 2983 3208 3021 non
3235 2965 3440 3020 omnia
3470 2964 3686 3020 litteris

2033 3056 2380 3127 consignata
2410 3062 2568 3124 sunt,
2602 3072 2732 3126 quae
2766 3055 2838 3110 ab
2869 3071 3234 3126 unoquoque
3257 3053 3689 3110 admirabiliter

2033 3143 2242 3197 effecta
2273 3149 2429 3196 sunt.
2469 3142 2885 3198 Recordamini
2917 3148 3116 3198 autem
3165 3142 3434 3197 omnium
3461 3159 3593 3212 quin
3624 3141 3687 3197 in

2037 3231 2235 3303 priore
2267 3230 2338 3286 ad
2371 3231 2708 3287 Corinthios
2738 3231 3001 3304 Epistola
3027 3231 3184 3287 dicta
3212 3237 3509 3303 suntquae
3532 3231 3688 3286 294

2041 3320 2279 3392 scripsit
2308 3320 2526 3376 Paulus
2556 3321 2838 3376 adversus
2869 3337 2968 3376 eos
3001 3321 3101 3393 qui
3134 3320 3448 3376 dicebant:
3485 3340 3512 3370 «
3535 3321 3689 3385 Quo-

2041 3433 2068 3461 ‹‹
2095 3410 2270 3466 modo
2293 3417 2612 3485 resurgunt
2634 3411 2874 3480 mortui,
2900 3411 3062 3484 quali
3102 3417 3299 3468 autem
3326 3427 3570 3484 corpore
3591 3425 3686 3466 ve-

2049 3521 2069 3549 ι
2096 3498 2376 3554 niunt“?
2395 3501 2533 3570 Ejus
2553 3517 2769 3572 quoque
2800 3501 2948 3572 quod
2977 3503 3059 3556 ait
3084 3517 3096 3555 :
3131 3501 3188 3556 Si
3213 3500 3431 3556 mortui
3453 3517 3575 3555 non
3601 3514 3690 3554 re-

2045 3610 2071 3643 ι
2102 3593 2373 3660 surgunt,
2404 3606 2598 3661 neque
2616 3590 2880 3645 Christus
2901 3589 3295 3645 resurrexit“
3318 3608 3332 3656 ;
3360 3611 3387 3639 »
3411 3589 3689 3661 quodque

2036 3679 2230 3732 stultos
2261 3679 2486 3733 vocavit
2517 3695 2618 3734 eos
2650 3679 2752 3750 qui
2786 3695 2908 3734 non
2965 3678 3256 3745 credunt;
3289 3679 3590 3748 totiusque
3620 3692 3687 3731 eo

2037 3765 2150 3822 loci
2175 3767 2456 3838 expositas
2480 3766 2551 3823 de
2565 3773 2936 3824 mortuorum
2948 3768 3384 3823 resurrectione
3403 3767 3690 3822 doctrinm

2035 3860 2098 3910 et
2117 3856 2275 3928 quod
2302 3857 2363 3912 in
2385 3857 2546 3913 hunc
2569 3857 2813 3913 modum
2844 3857 2919 3913 ad
2939 3856 3500 3912 Thessalonicenses
3533 3855 3688 3910 scri-

2035 3946 2187 4016 psit:
2213 3968 2240 3996 ‹‹
2265 3946 2552 4002 Nolumus
2572 3953 2772 4003 autem
2796 3964 2896 4002 vos
2924 3947 3218 4020 ignorare,
3251 3945 3484 4014 fratres,
3513 3945 3585 4000 de
3615 3944 3690 4000 iis

2033 4057 2060 4084 «
2086 4034 2186 4106 qui
2205 4034 2757 4105 obdormierunt,ne
2780 4035 3216 4092 contristemini
3235 4033 3387 4091 sicut
3408 4039 3465 4089 et
3482 4032 3680 4089 casteri

276 4137 375 4207 qui
405 4149 553 4203 spem
577 4147 687 4186 non
718 4129 918 4184 habent
949 4131 1009 4180 et
1038 4141 1170 4195 qua:
1203 4127 1537 4193 sequuntur
1565 4123 1876 4190 universa;
1912 4122 2171 4178 maxime
2203 4140 2338 4180 vero
2371 4125 2510 4181 dicti
2542 4126 2759 4198 hujus:
2792 4127 2860 4181 Et
2904 4127 3110 4181 mortui
3159 4127 3216 4180 in
3247 4124 3460 4181 Christo
3498 4140 3691 4180 resur-

278 4231 408 4298 gent
430 4225 677 4294 primum
699 4220 767 4274 ⁴².

351 4339 399 4374 ³⁸
430 4341 500 4393 IV
527 4340 665 4410 Reg.
701 4352 822 4410 xui,
853 4336 941 4410 2t.
1018 4329 1332 4410 “3311,12.
1408 4331 1454 4365 ³⁷
1490 4330 1756 4410 cat.
1792 4333 1844 4398 7,
1875 4347 1930 4386 η.

2042 4374 2053 4385 .
2131 4330 2180 4366 ³⁸
2206 4334 2331 4387 Act.
2367 4349 2440 4402 1x,
2475 4335 2662 4388 36-42.
2739 4331 2787 4368 ³⁸
2817 4335 2945 4388 Act.
2979 4349 3073 4404 xx,
3105 4334 3259 4388 7—12.
3337 4331 3426 4386 “I
3446 4331 3576 4387 Cor.
3601 4346 3688 4400 xv,

281 4415 350 4468 35
383 4428 549 4482 seqq.
615 4403 670 4444 Ἦ
704 4405 846 4462 ibid.
884 4407 968 4459 16.
1043 4403 1092 4438 ⁴²
1124 4405 1145 4458 Ι
1175 4404 1377 4458 Thess.
1406 4419 1457 4458 ιν
1509 4404 1696 4456 12-15.

359 4534 586 4609 (1)Καθ’
625 4529 872 4609 ἕκαστον.
934 4527 1212 4609 Mondum
1272 4531 1398 4582 erat
1571 4525 1767 4609 editis.
1817 4524 1930 4577 καθ’

2045 4543 2179 4609 cum
2212 4544 2283 4582 ex
2313 4527 2424 4582 hoc
2452 4527 2656 4609 Cyrilli
2693 4528 2850 4609 loco,
2881 4534 3007 4609 tum
3051 4545 3122 4584 ex
3143 4527 3358 4609 _Typico
3388 4527 3693 4609 Hierosoly-

283 4597 539 4676 ἑκάστην,
567 4604 726 4677 quod
758 4601 1124 4677 correximus
1157 4616 1226 4654 ex
1254 4616 1396 4677 mss.
1431 4597 1625 4677 Qttob.
1659 4603 1928 4666 utroque,

283 4671 487 4744 Coisl.,
518 4671 658 4744 Roe,
687 4673 935 4744 Casaub.
994 4672 1182 4744 Ambo
1239 4671 1601 4743 posteriores
1645 4685 1767 4724 una
1797 4684 1932 4724 cum

283 4742 558 4809 (ἱεῐιογέἶ.
588 4742 828 4821 habent,
862 4742 1259 4821 ἐξηγούμενοι(
1366 4814 1376 4821 _
1461 4813 1476 4821 _
1553 4808 1594 4821 Μ
1740 4810 1830 4821 μ,

357 4827 428 4893 (2;
465 4808 910 4897 Μνημονευὲσθέιὶ
1062 4808 1201 4897 ’Βία
1229 4813 1521 4897 particula
1550 4808 1607 4865 δὲ
1634 4829 1703 4867 ex
1732 4810 1936 4880 Coisl.,

284 4886 423 4958 Bo‘e,’
458 4886 704 4949 Casaub.
744 4897 802 4945 et
833 4887 1006 4945 Grod.
1042 4904 1076 4942 a
1105 4886 1278 4942 nobis
1309 4886 1558 4955 adjecta.

364 4955 440 5038 (3)
475 4965 952 5038 Superpositione.
987 4966 1104 5038 tum
1134 4977 1202 5014 ea:
1247 4959 1465 5038 vigilia,
1501 4963 1608 5011 etc.
1643 4955 1939 5038 Ecclesia-

285 5027 499 5096 sticam
531 5027 731 5091 vocem
752 5034 847 5092 τῆς
872 5029 1228 5102 ὑπερθέσεως,
1252 5036 1503 5102 ῐέοεριειΔ
1521 5027 1939 5102 apudLatinos

283 5111 777 5181 interpretatione
790 5097 1254 5181 sumi-positionis
1267 5097 1547 5181 vocabulo
1563 5097 1937 5181 reddidimus.

287 5187 370 5238 Ea
399 5171 1089 5254 significabantveteres,
1111 5179 1179 5254 ut
1199 5173 1380 5254 cuivis
1405 5177 1609 5254 notum
1643 5176 1761 5254 est,
1776 5171 1941 5251 jeju-

289 5241 549 5312 niumvin
584 5253 732 5307 duos
755 5248 843 5303 vel
865 5247 1068 5318 plures
1095 5244 1222 5318 dies
1245 5243 1466 5318 absque
1492 5241 1607 5296 cito
1630 5241 1945 5318 continua-

290 5336 442 5383 tum.
476 5326 620 5379 Cum
655 5337 828 5392 porro
867 5312 1094 5392 'major_
1117 5312 1491 5392 hebdomada
1517 5312 1943 5392 austerioribus

295 5396 541 5468 jejuniis
573 5383 1004 5468 observaretur,
1038 5387 1242 5468 plures
1285 5391 1474 5468 erant,
1508 5383 1606 5468 qui
1638 5383 1728 5468 vel
1761 5389 1942 5467 totam

321 5419 541 5468 ejunus
573 5419 1004 5450 UUSCl‘vurcuu,
1044 5419 1242 5456 μιυισδ
1286 5419 1474 5449 υιαιιι,
1509 5419 1606 5452 Liu-
1647 5419 1728 5435 *ιιι
1763 5419 1942 5467 nutat“

284 5419 756 5527 bebdomadam.
789 5461 876 5515 vel
911 5465 1185 5530 quatuor,
1222 5456 1310 5530 vel
1343 5462 1489 5530 tres,
1517 5453 1606 5530 vel
1639 5453 1806 5514 duos.
1841 5472 1942 5509 n1-

263 5525 514 5600 inirum
549 5540 890 5590 Parasceves
920 5525 978 5585 ἐι
1034 5528 1272 5585 Sabbati
1303 5526 1490 5581 sancti
1524 5525 1669 5600 dies.
1703 5543 1946 5600 prorsus

295 5599 482 5687 jejuni
500 5608 986 5687 transigerentmt
1001 5599 1946 5687 testatursanctus‘lrenaeusapud

319 5635 482 5687 eJum
504 5635 986 5679 tl'dll:l;5t:u:1u,ut
1003 5635 1238 5656 ιυδιιιιυι
1263 5635 1500 5681 ὕαιιξξιυο
1522 5635 1559 5651 ιι
1575 5635 1774 5652 uuqu
1789 5635 1944 5668 ιινυυ

256 5635 508 5742 "Iiuseb.
541 5680 642 5735 lib.
677 5696 728 5743 γ,
763 5680 928 5737 Hist..
959 5690 1087 5745 cap.
1117 5676 1205 5735 24,
1240 5678 1298 5745 et
1324 5671 1444 5726 alu.
1479 5670 1944 5745 Commendabat-

295 5741 392 5814 tur
425 5754 680 5810 maxime
712 5741 1124 5806 continuatum
1181 5744 1345 5798 feriae
1405 5749 1582 5798 sextae
1616 5746 1674 5795 et
1709 5741 1944 5798 Sabbati

297 5813 490 5886 sancti
515 5823 842 5897 jejunium,
870 5826 936 5875 ut
965 5819 1160 5897 videre
1193 5820 1283 5897 est
1313 5816 1490 5897 Const.
1523 5819 1722 5897 apost,
1754 5813 1856 5897 lib:
1889 5833 1942 5897 ν,

297 5885 430 5974 cap.
456 5885 540 5956 18".
558 5885 715 5954 Illud
731 5885 1155 5965 Hierosolymis
1173 5887 1545 5945 observatum
1561 5885 1744 5942 fuisse
1760 5885 1942 5961 patet,

2041 4602 2253 4654 mitano
2313 4599 2507 4655 sancti
2560 4599 2744 4666 Sabm,
2801 4606 2860 4654 et
2914 4603 3080 4656 Joan.
3141 4599 3407 4657 Damasc.
3443 4603 3602 4655 hom.
3635 4603 3693 4655 in

2042 4673 2288 4754 Parasc.,
2325 4677 2476 4754 tom.
2502 4672 2571 4754 II,
2605 4689 2736 4754 pag.
2790 4673 2932 4754 ξμς
2984 4672 3087 4726 sed
3127 4673 3690 4754 ci_tra_prz_eceptum,

2043 4743 2333 4816 cujusque
2363 4743 2571 4816 pietati
2607 4742 2708 4816 id"
2741 4742 3014 4798 relictum
3069 4750 3213 4798 erat.
3256 4742 3463 4816 Vigilia
3494 4742 3628 4798 vero
3661 4759 3697 4799 a

2045 4815 2194 4869 feria
2224 4822 2389 4870 sexta
2431 4816 2493 4868 in
2542 4814 2873 4886 sabbatum
2917 4819 3055 4886 toto,
3099 4816 3239 4869 anni
3293 4814 3558 4886 tempore
3589 4830 3695 4886 per

2047 4833 2194 4869 lena
2224 4833 2389 4870 sexta
2431 4833 2493 4868 in
2542 4833 2863 4868 sabbatum
2917 4833 3040 4868 ιοιο
3099 4833 3239 4869 anni
3293 4833 3558 4886 tempore
3631 4833 3695 4869 er

2047 4887 2347 4942 Orientem
2365 4885 2805 4948 observabatur,
2830 4885 2878 4940 si
2903 4885 3201 4940 credimus
3219 4887 3520 4947 Cassiano.
3540 4833 3642 4943 lib.
3659 4903 3695 4941 v

2047 4960 2316 5020 Institut.,
2349 4973 2476 5027 cap.
2501 4959 2554 5022 9,
2579 4957 2804 5028 quihuj
2818 4973 2884 5028 us
2911 4957 3019 5021 rei,
3047 4963 3104 5010 et
3130 4958 3306 5011 soluti
3331 4959 3692 5028 Sabbatoje-

2042 5029 2199 5101 junii
2230 5029 2523 5101 rationem
2549 5027 2769 5101 reddit.
2808 5027 3113 5101 lgdisaltem
3142 5030 3202 5084 in
3233 5031 3551 5085 Parasceve
3576 5027 3693 5084 ser-

2050 5097 2245 5156 vatum
2305 5099 2483 5172 ﬁdem
2541 5097 2682 5153 facit
2733 5099 3121 5172 Epiphanius,
3185 5102 3285 5172 qui
3331 5105 3532 5172 Expos.
3565 5101 3695 5170 ﬁdei

2050 5189 2214 5229 num.
2236 5174 2305 5224 22
2355 5171 2643 5236 observat,
2669 5171 3021 5241 quibusdam
3054 5171 3343 5228 locis’tota
3365 5171 3693 5237 Paschatis,

2051 5262 2154 5300 seu
2188 5243 2398 5313 majori
2432 5242 2822 5308 hebdomada,
2857 5244 3161 5315 pervigilia
3187 5262 3286 5299 sex
3317 5246 3604 5300 celebrari
3640 5250 3698 5300 et

2051 5315 2297 5371 totidem
2331 5331 2613 5384 synaxes;
2648 5315 2780 5369 aliis
2818 5332 2952 5369 vero
3011 5317 3072 5369 in
3131 5315 3275 5370 locis
3307 5318 3367 5372 in
3403 5334 3470 5372 ea
3502 5317 3696 5372 solum

2052 5394 2222 5442 nocte
2280 5403 2410 5456 qum
2467 5385 2674 5440 feriam
2729 5388 2998 5457 quintam
3058 5389 3346 5458 sequitur,
3380 5397 3436 5445 et
3467 5406 3534 5443 ea
3565 5405 3696 5458 quas

2053 5458 2422 5533 Dominicam
2454 5458 2756 5533 Paschatis
2803 5460 2960 5514 diem
2992 5461 3308 5520 antecedit.
3343 5461 3700 5533 vigilariso-

2053 5532 2225 5584 litum
2259 5529 2526 5597 Vigiliam
2552 5536 2683 5599 post
2706 5532 3062 5586 Parascevcn
3087 5529 3463 5588 commendat
3486 5533 3547 5584 in
3575 5530 3700 5583 Hie-

2052 5601 2480 5672 rosolymitana
2509 5601 2770 5656 Ecclesia
2820 5604 3216 5659 Damascenus
3249 5606 3377 5661 loco
3407 5605 3530 5662 cit.,
3565 5614 3695 5669 pag.

2054 5676 2175 5746 815.
2211 5673 2271 5726 ln
2295 5672 2498 5746 Galliis
2525 5673 2724 5736 etiam,
2747 5675 2955 5731 saltem
2987 5675 3047 5730 in
3076 5675 3425 5730 Pictaviensi
3468 5673 3695 5746 Sancta?

2053 5743 2428 5817 Radegundis
2459 5747 2844 5812 monasterio,
2868 5747 3018 5800 forte
3042 5747 3116 5817 ob
3139 5747 3330 5800 crucis
3359 5747 3587 5817 partem
3612 5738 3695 5790 ibi

2053 5807 2432 5890 asserVatam,
2457 5820 2725 5872 eamdem
2751 5834 2786 5874 a
2810 5807 3029 5890 populo
3051 5815 3317 5890 vigiliam
3335 5807 3695 5890 celebratam

2051 5890 2234 5947 fuisse
2264 5877 2431 5945 testis
2462 5893 2554 5944 est
2583 5889 2750 5962 Greg.
2781 5877 3022 5954 Turba,
3051 5877 3154 5940 lib.
3179 5901 3220 5951 ι,
3240 5885 3456 5942 Mirac.,
3479 5891 3608 5943 cap.
3637 5877 3690 5928 5.
