4150 6278
456 443 610 504 1039

1525 436 1590 496 S.
1638 434 1951 498 CYRILLI
1995 433 2409 498 HIEROSOL.
2459 437 2828 500 ARCHIEP.

3715 440 3869 504 ιοιο

530 575 725 629 XVIII.
763 573 1066 642 Praecipue
1097 588 1233 625 vero
1276 570 1426 625 illud
1471 575 1693 637 notate,
1727 571 1884 642 quod
1922 571 2103 643 digito

2289 571 2395 626 III'.
2429 571 2749 646 Ἐξαιρέτως
2806 570 2864 626 δὲ
2918 577 3080 627 τοῦτο
3138 571 3576 644 ἐπισημήνασθε,
3637 574 3721 628 ὅτι
3765 593 3874 648 μοι

457 666 618 720 velut
639 664 908 718 indicans
933 663 1016 716 ait
1037 662 1255 716 Paulus
1280 678 1292 714 :
1320 683 1347 709 «
1377 661 1620 731 Oportet
1642 662 1800 715 enim
1827 662 2111 731 corrupti-

463 779 488 805 ι(
507 756 624 809 bile
641 755 749 809 hoc
765 752 1011 807 induere
1028 750 1655 822 incorruptibilitatem
1671 756 1728 804 et
1742 750 1988 804 mortale
2003 751 2113 805 hoc

463 866 493 898 ιι
515 845 763 899 induere
790 841 1299 896 immortalitatem
1313 841 1377 892 ‘3.
1402 862 1428 887 »
1453 841 1571 893 Hoc
1594 839 1752 892 enim
1777 839 1968 909 ipsum
1993 855 2116 892 cor-

464 952 574 1006 pus
599 937 1010 1003 resurget,non
1033 930 1340 983 inﬁrmum
1365 928 1539 998 quale
1563 932 1670 990 est,
1695 943 1946 982 manens
1969 945 1982 992 ;
2009 925 2114 982 sed

466 1024 623 1078 idem
653 1023 847 1093 ipsum
871 1024 1157 1090 resurget.
1183 1016 1747 1088 Incorruptibilitate
1769 1033 1904 1071 vero
1937 1016 2110 1070 indu-

465 1118 592 1168 tum
627 1109 1143 1166 transformabitur
1167 1123 1178 1163 :
1205 1105 1710 1177 quemadmodum
1741 1106 1965 1160 ferrum
1991 1105 2113 1177 igni

467 1203 774 1256 admotum
798 1199 950 1270 ignis
971 1198 1227 1252 efﬁcitur
1248 1213 1260 1261 ;
1285 1195 1373 1249 vel
1395 1196 1590 1265 potius
1609 1194 2112 1264 quemadmodum

467 1292 628 1347 novit
659 1290 756 1361 qui
792 1288 939 1342 illud
991 1287 1208 1341 excitat
1255 1286 1427 1338 Deus.
1478 1286 1763 1354 Resurget
1793 1285 1973 1355 igitur
2001 1283 2114 1338 hoc

467 1383 662 1452 ipsum
699 1395 931 1448 corpus,
965 1375 1069 1430 sed
1118 1392 1238 1429 non
1296 1373 1411 1428 tale
1443 1373 1728 1440 manebit,
1762 1380 1822 1428 at
1851 1373 2116 1428 manebit

467 1477 776 1526 aeternum.
808 1470 932 1521 Non
965 1466 1222 1536 amplius
1255 1463 1548 1534 ejusmodi
1583 1463 1858 1534 qualibus
1888 1464 2114 1518 utimur

468 1561 635 1624 cibis,
656 1558 728 1613 ad
748 1558 922 1610 vitam
948 1573 1094 1626 Opus
1120 1554 1383 1619 habebit,
1403 1570 1598 1623 neque
1622 1553 1800 1608 scalis
1822 1553 1896 1607 ad
1919 1569 2119 1607 ascen-

467 1665 597 1702 sum
624 1664 635 1699 :
671 1647 772 1701 ﬁet
800 1645 961 1700 enim
985 1644 1258 1714 spirit/ile,
1282 1642 1351 1710 ⁴⁴,
1403 1643 1753 1698 admirabile
1785 1643 2114 1712 quidpiam,

468 1745 526 1792 et
556 1736 730 1807 quale
763 1753 866 1806 pro
923 1734 1208 1806 dignitate
1267 1733 1570 1787 declarare
1611 1749 1728 1786 non
1761 1731 2110 1786 sufﬁcimus.

470 1849 496 1875 ‹‹
523 1828 684 1880 Tunc
726 1824 895 1895 justi,
944 1825 1148 1891 inquit.
1210 1821 1612 1892 splendebunt
1648 1827 1712 1875 ut
1741 1820 1830 1874 sol
1861 1827 1920 1874 et
1951 1820 2111 1886 luna,

471 1937 498 1964 «
521 1921 578 1969 et
603 1915 756 1968 sicut
777 1912 1059 1983 splendor
1077 1911 1436 1966 firmamenti
1460 1909 1520 1962 ‘5.
1549 1933 1575 1958 ››
1595 1914 1674 1964 Ac
1692 1909 1942 1979 pracius
1963 1910 2114 1962 Deus
2145 1950 2192 2014 B

471 2004 782 2058 hominum
798 1999 1595 2071 inﬁdelitatis,exiguissimis
1616 1996 1913 2052 vermibus
1931 1996 2113 2062 dedit,

470 2099 536 2146 ut
559 2098 760 2146 aestate
785 2090 1014 2144 lucidos
1046 2107 1116 2143 ex
1146 2105 1393 2158 corpore
1417 2087 1615 2142 radios
1643 2087 2018 2152 emitterent;
2055 2090 2121 2139 ut

471 2199 540 2236 ex
574 2183 665 2236 his
693 2199 825 2252 quaa
858 2180 1331 2250 conspiciuntur,
1361 2178 1702 2232 crederetur
1729 2177 1789 2230 id
1821 2175 1980 2246 quod
2021 2192 2117 2230 ex-

471 2277 790 2342 spectatur.
816 2271 924 2336 Qui
952 2271 1113 2326 enim
1137 2275 1363 2340 partem
1396 2267 1686 2331 attribuit,
1713 2265 1932 2337 poterit
1953 2271 2010 2319 et
2032 2269 2119 2318 to-

474 2365 597 2414 tum
625 2366 905 2431 praestare
935 2376 947 2426 ;
981 2359 1202 2429 quique
1248 2372 1515 2411 vermem
1546 2355 1774 2410 lumine
1806 2353 2120 2425 splendere

468 2449 629 2516 fecit,
689 2449 877 2504 multo
937 2448 1122 2520 magis
1170 2447 1402 2518 justum
1455 2446 1760 2500 hominem
1805 2443 2120 2515 splendere

473 2538 710 2592 efﬁciet.

541 2629 700 2682 XIX.
733 2627 778 2661 “
808 2629 1202 2696 Resurgemus
1234 2625 1432 2696 igitur,
1466 2628 1689 2678 aeterna
1720 2621 1959 2693 quidem
1993 2639 2118 2677 om-

474 2732 604 2783 nes,
637 2732 757 2770 non
789 2732 996 2769 omnes
1053 2731 1185 2768 vero
1242 2713 1462 2767 similia
1513 2712 1800 2768 habentes
1830 2727 2116 2782 corpora:

471 2821 673 2859 verum
709 2805 757 2859 si
791 2804 891 2874 qui
917 2804 1118 2874 justus
1163 2808 1273 2870 est,
1333 2802 1570 2857 omleste
1602 2818 1816 2872 corpus
1846 2800 2118 2871 accipiet,

471 2900 538 2948 ut
561 2895 749 2964 possit
770 2910 904 2948 cum
930 2892 1158 2964 angelis
1181 2891 1354 2963 digne
1377 2905 1497 2945 una
1516 2890 1734 2945 versari
1766 2907 1778 2957 ;
1813 2890 1862 2944 si
1893 2889 1994 2961 qui
2015 2905 2122 2944 au-

469 2989 589 3036 tem
615 2988 886 3053 peccator
919 2987 1025 3049 est,
1051 2997 1266 3051 corpus
1297 2979 1549 3050 accipiet
1577 2984 1887 3046 internum,
1915 2995 2119 3050 perpe-

469 3072 687 3126 tiendaa
717 3077 1098 3144 peccatorum
1128 3086 1316 3141 paenaa
1348 3085 1551 3140 capax,
1593 3074 1658 3123 ut
1686 3069 1748 3123 iu
1780 3068 1912 3140 igne
1947 3073 2119 3122 aeter-

469 3177 612 3214 num
647 3161 992 3215 combustus
1041 3174 1347 3229 nunquam
1408 3157 1773 3212 absumatur.
1808 3158 1878 3210 Et
1906 3157 2118 3210 merito

472 3249 713 3318 quidem
744 3255 996 3318 utroque
1049 3247 1111 3301 in
1157 3246 1364 3301 ordine
1389 3245 1451 3299 id
1480 3249 1724 3316 praestat
1752 3245 1924 3300 Deus.
1962 3243 2118 3298 Nihil

471 3336 632 3390 enim
665 3354 698 3390 a
727 3336 899 3390 nobis
924 3336 1146 3406 absque
1170 3351 1415 3405 corpore
1449 3339 1538 3388 est
1563 3339 1814 3406 gestum.
1842 3332 2120 3404 Blasphe-
2150 3323 2195 3388 C

476 3442 710 3480 mamus
771 3442 877 3496 per
908 3442 994 3491 os,
1043 3441 1149 3496 per
1178 3441 1243 3479 os
1273 3440 1623 3495 precamur;
1657 3428 1988 3477 scortamur
2016 3439 2121 3494 per

474 3530 824 3585 corpus,per
842 3531 1056 3586 corpus
1074 3514 1394 3585 puritatem
1408 3511 1808 3577 custodimus;
1849 3512 2117 3583 rapimus

477 3618 584 3673 per
615 3620 881 3672 manum,
906 3619 1011 3674 per
1032 3618 1279 3657 manum
1302 3602 1708 3671 eleemosynas
1731 3600 2037 3672 largimur,
2060 3606 2120 3655 et

475 3697 689 3747 caetera
719 3692 1014 3747 similiter.
1051 3691 1294 3756 Quando
1334 3691 1513 3762 igitur
1541 3690 1615 3745 ad
1645 3689 1847 3744 omnia
1876 3689 2117 3744 subser-

470 3781 576 3835 viit
605 3798 841 3852 corpus,
876 3782 939 3836 in
960 3781 1175 3836 futuris
1196 3795 1434 3851 quoque
1457 3778 1797 3835 obventuraa
1829 3779 2006 3834 sortis
2026 3785 2117 3835 est

470 3870 786 3943 particeps.

2219 659 2444 734 νονουχὶ
2479 657 2946 716 δακτυλοδεικτῶν
2992 662 3019 716 ὁ
3080 666 3297 725 Παῦλος
3355 660 3525 736 λέγει’
3560 668 3655 717 Δεῖ
3681 663 3786 738 γὰρ
3809 663 3873 718 τὸ

2223 747 2453 823 φθαρτὸν
2503 752 2666 803 τοῦτο
2753 747 3070 814 ἐνδύσασθαι
3145 749 3444 827 ἀφθαρσίαν
3501 754 3604 824 (1),
3661 753 3752 806 καὶ
3809 752 3873 808 τὸ

2224 835 2417 903 θνητὸν
2516 840 2678 891 τοῦτο
2776 834 3092 893 ἐνδύσασθαι
3197 839 3505 896 ἀθανασίαν.
3586 839 3665 896 Τὸ
3771 840 3873 916 γὰρ

2224 928 2382 995 σῶμα
2426 928 2586 979 τοῦτο
2643 925 2928 1001 ἐγείρεται,
2991 927 3050 982 οὐ
3109 931 3358 983 τοιοῦτον
3413 927 3575 1000 μένον
3635 930 3870 1000 ἀσθενὲς,

2222 1009 2348 1065 ἀλλ’
2379 1011 2507 1066 αὐτὸ
2535 1017 2696 1068 τοῦτο
2725 1012 3012 1089 ἐγείρεται·
3048 1013 3410 1088 ἐνδυσάμενον
3441 1013 3498 1072 δὲ
3527 1019 3627 1085 τὴν
3661 1017 3869 1094 ἀφθαρο

2224 1100 2341 1155 σίαν
2377 1108 2771 1172 μεταποιεῖται,
2823 1103 3004 1176 ὥσπερ
3060 1103 3287 1179 σίδηρος
3335 1108 3466 1179 πυρὶ
3516 1107 3873 1181 προσομιλή-

2221 1210 2315 1250 σας
2345 1189 2552 1265 γίνεται
2581 1195 2709 1268 πῦρ,
2745 1191 2958 1266 μᾶλλον
3023 1193 3081 1249 δὲ
3133 1195 3208 1257 ὡς
3267 1193 3404 1250 οἶδεν
3439 1198 3467 1250 ὁ
3498 1198 3725 1251 ἀνιστῶν
3761 1197 3870 1254 Κύο

2224 1299 2360 1353 ριος.
2420 1281 2722 1354 Ἐγείρεται
2783 1283 2879 1353 μὲν
2937 1281 3029 1338 οὖν
3087 1289 3248 1338 τοῦτο
3305 1287 3368 1338 τὸ
3417 1290 3594 1358 σῶμα·
3647 1283 3774 1342 ἀλλ’
3805 1284 3869 1342 οὖ

2227 1367 2371 1439 μένει
2401 1373 2672 1440 τοιοῦτον,
2734 1369 2880 1426 ἀλλὰ
2939 1375 3082 1445 μένει
3141 1372 3384 1432 αἰώνιον.
3426 1375 3620 1432 Οὐκέτι
3650 1380 3870 1454 τροφῶν

2220 1457 2484 1512 τοιούτων
2517 1459 2705 1534 χρείαν
2739 1457 2858 1534 ἔχει
2887 1463 3022 1536 πρὸς
3053 1462 3222 1531 ζωὴν,
3257 1460 3382 1516 οὐδὲ
3412 1461 3701 1536 κλιμάκων
3731 1464 3872 1540 πρὸς

2224 1542 2502 1602 ἀνάϐασιν·
2559 1555 2761 1623 γίνεται
2815 1551 2918 1626 γὰρ
2995 1555 3383 1626 πνευματικὸν,
3445 1553 3740 1628 θαυμάσιόν
3792 1575 3871 1625 τι,

2223 1641 2313 1689 καί
2344 1639 2459 1690 οἷον
2521 1637 2690 1693 εἰπεῖν
2743 1641 2814 1711 (2)
2870 1642 2988 1695 κατ’
3044 1640 3190 1711 ἀξίαν
3249 1642 3349 1696 οὐκ
3398 1638 3624 1718 ἔχομεν.
3657 1644 3788 1698 Τότε
3818 1644 3873 1699 οἱ

2226 1722 2447 1796 δίκαιοι,
2510 1726 2666 1800 φησὶ,
2728 1726 3037 1802 λάμψουσιν
3098 1731 3172 1791 ὡς
3226 1731 3253 1785 ὁ
3310 1731 3474 1799 ἥλιος
3528 1731 3618 1786 καὶ
3693 1735 3729 1802 ἡ
3785 1754 3872 1788 σε·

2225 1811 2393 1884 λήνη,
2463 1815 2554 1869 καὶ
2639 1816 2714 1878 ὡς
2800 1820 2836 1887 ἡ
2924 1815 3252 1891 λαμπρότης
3311 1824 3412 1873 τοῦ
3471 1822 3872 1895 στερεώματος.

2225 1903 2326 1958 Καὶ
2357 1901 2630 1977 προειδώς
2685 1906 2785 1974 τήν
2843 1911 2950 1961 τῶν
3010 1907 3310 1983 ἀνθρώπων
3367 1908 3614 1963 ἀπιστίαν
3659 1911 3871 1980 ὁΘεὸς,

2222 1989 2463 2061 σκώληξι
2501 1992 2849 2063 μικροτάτοις
2904 1992 2957 2048 ἐν
3017 2000 3098 2068 τῷ
3153 1997 3293 2070 θέρει
3349 1995 3665 2074 φωτοειδεῖς
3698 1994 3872 2052 δέδω-

2220 2099 2308 2134 κεν
2368 2079 2538 2153 αὐγὰς
2597 2080 2831 2153 λάμπειν
2894 2081 2953 2137 ἐκ
3029 2087 3127 2138 τοῦ
3185 2085 3462 2157 σώματος,
3517 2083 3590 2140 ’ἶν’
3649 2087 3708 2141 ἐκ
3760 2091 3871 2141 τῶν

2223 2169 2561 2244 φαινομένων
2612 2172 2873 2244 πιστευθῇ
2930 2171 2992 2226 τὸ
3073 2170 3557 2247 προσδοκώμενον.
3619 2176 3680 2232 Ὀ
3767 2177 3872 2252 γὰρ

2221 2256 2284 2311 τὸ
2317 2257 2480 2330 μέρος
2513 2259 2834 2333 παρασχὼν,
2893 2257 3112 2314 δύναται
3164 2260 3254 2316 καὶ
3296 2262 3358 2317 τὸ
3389 2261 3517 2317 ὅλον
3548 2269 3873 2339 παρασχεῖν·

2222 2345 2314 2402 καὶ
2372 2347 2400 2402 ὁ
2458 2346 2721 2420 σκώληκα
2797 2355 2912 2428 φῶς
2990 2348 3290 2425 ἐκλάμπειν
3363 2355 3617 2425 ποιήσας,
3673 2352 3878 2427 πολλῷ

2229 2435 2438 2508 μᾶλλον
2471 2443 2838 2516 φωτοποιήσει
2875 2438 3081 2496 δίκαιον
3112 2441 3420 2519 ἄνθρωπον.

2295 2619 2395 2674 ΙΘ“.
2459 2619 2812 2694 Ἐγειρόμεθα
2866 2623 2942 2692 (3)
2995 2619 3202 2692 τοίνυν,
3261 2621 3456 2677 αἰώνια
3519 2625 3615 2695 μὲν
3680 2626 3880 2690 πάντες

2224 2702 2444 2781 ἔχοντες
2483 2706 2550 2761 τὰ
2607 2709 2854 2780 σώματα,
2912 2707 2974 2763 οὗ
3027 2710 3223 2773 πάντες
3280 2707 3338 2765 δὶ
3395 2711 3582 2784 ὃμοια.
3637 2712 3795 2770 Ἀλλ’
3827 2713 3876 2769 εἰ

2228 2797 2322 2864 μὲν
2352 2797 2434 2860 τίς
2485 2797 2597 2853 ἐστι
2628 2795 2857 2869 δίκαιος,
2886 2795 3158 2872 λαμϐάνει
3219 2805 3381 2874 σῶμα
3410 2801 3752 2878 ἐπουράνιον,
3781 2802 3876 2859 ’ἱνα

2225 2885 2449 2958 δύνηται
2504 2889 2639 2961 μετὰ
2695 2889 2945 2964 ἀγγέλων
3004 2890 3351 2968 ἀναστρέφειν
3413 2891 3664 2964 ἐπαξίως.
3718 2895 3782 2950 Εἰ
3815 2891 3874 2948 δέ

2221 2997 2304 3038 τις
2335 2976 2662 3050 ἁμαρτωλός
2715 2978 2847 3050 ἐστι,
2909 2975 3177 3052 λαμϐάνει
3237 2985 3396 3054 σῶμα
3447 2980 3689 3050 αἰώνιον,
3731 2982 3875 3038 ὑπο·-

2227 3065 2521 3140 μονητικὸν
2550 3070 2824 3142 τιμωρίας
2863 3063 3170 3145 ἁμαρτιῶν,
3227 3071 3318 3126 ἳνα
3367 3071 3419 3126 ὲν
3473 3073 3599 3147 πυρὶ
3635 3070 3875 3136 αἷωνίως

2222 3159 2511 3232 καιόμενος
2543 3163 2614 3234 (4)
2649 3157 2927 3232 μηδέποτε
2971 3160 3256 3235 ἀναλωθῇ.
3290 3163 3393 3219 Καὶ
3437 3160 3656 3226 δικαίως
3687 3162 3875 3241 ἀμφο-

2220 3249 2401 3320 τέροις
2449 3253 2566 3310 τοῖς
2621 3252 2887 3323 τάγμασιν
2940 3251 2968 3304 ὁ
3018 3251 3150 3314 Θεὸς
3204 3251 3435 3326 παρέχει
3483 3257 3666 3308 τοῦτο·
3718 3251 3875 3310 ούδὶν

2223 3337 2325 3412 γὰρ
2383 3340 2518 3410 ἡμῖν
2581 3340 2757 3413 χωρὶς
2818 3338 3074 3412 σώματός
3130 3361 3182 3394 τι
3236 3341 3561 3416 πέπρακται.
3613 3348 3881 3422 Βλασφη-

2231 3429 2436 3499 μοῦμεν
2497 3423 2586 3480 διὰ
2658 3428 2954 3500 στόματος,
3027 3428 3446 3503 προσευχόμεθα
3524 3427 3614 3485 διὰ
3670 3432 3880 3504 στόμα-

2225 3535 2320 3575 τος
2375 3517 2472 3588 (5)·
2531 3515 2868 3589 πορνεύομεν
2931 3513 3023 3571 διὰ
3079 3517 3356 3590 σώματος,
3432 3519 3728 3595 ὰγνεύομεν
3791 3515 3881 3576 διὰ

2226 3599 2499 3673 σώματος·
2554 3602 2867 3676 ἀρπάζομεν
2917 3600 3006 3658 διὰ
3056 3605 3265 3679 χειρὸς,
3320 3602 3694 3678 ἐλεημοσύνας
3728 3606 3879 3664 δίδο-

2230 3709 2323 3761 μεν
2354 3686 2443 3743 διὰ
2474 3689 2680 3764 χειρός·
2711 3691 2800 3745 καὶ
2851 3693 2919 3746 τὰ
2951 3691 3120 3748 λοιπὰ
3178 3693 3404 3767 ὁμοίως.
3440 3694 3660 3769 Ἐπειδη
3692 3697 3873 3754 τοίνυν

2226 3778 2303 3840 εἰς
2332 3778 2506 3833 πάντα
2536 3779 2915 3854 ὑπηρετήσατο
2943 3782 3008 3836 τὸ
3041 3786 3220 3856 σῶμα,
3243 3783 3333 3840 καὶ
3365 3783 3418 3839 ἐν
3444 3791 3561 3849 τοῖς
3598 3784 3874 3861 μέλλουσι

2225 3867 2588 3922 συναπολαύει
2615 3872 2723 3923 τῶν
2753 3867 3084 3945 γενομένων.

537 4107 582 4142 ⁸³
613 4107 632 4161 Ι
663 4105 796 4162 Cor.
829 4121 920 4173 xv,
952 4105 1039 4158 53.
1116 4103 1162 4138 “
1191 4101 1333 4160 ibid.
1363 4104 1453 4158 44.
1530 4102 1577 4138 ⁴⁸
1607 4103 1809 4159 Matth.
1843 4119 1963 4171 xui,
1996 4102 2067 4157 43
2093 4119 2106 4170 ;

2230 4117 2286 4157 n.
2318 4117 2420 4172 ιιι,
2454 4103 2506 4158 3.
2583 4101 2630 4138 ⁴⁶
2661 4103 2783 4160 Vid.
2814 4111 2920 4162 cat.
2950 4107 3005 4174 4,
3037 4123 3095 4162 n.
3129 4108 3217 4162 30.

541 4327 996 4406 ιυξΕνδύσασθαι
1057 4326 1386 4406 ἀφθαρσίαν,
1439 4334 1550 4385 etc.
1583 4331 1694 4386 Eas
1725 4347 1896 4386 voces
1927 4346 2114 4400 usque

468 4407 541 4462 ad
573 4400 885 4457 ἐνδύσασθαι
917 4400 1212 4463 ἀθανασίαν
1265 4401 1436 4472 exc_l.,
1497 4419 1628 4472 quae
1672 4409 1914 4472 propter
1943 4418 2115 4472 repe-

470 4419 541 4462 ad
573 4419 1203 4463 ενουσασυαιαθανασιαν
1265 4419 1436 4466 exon,
1497 4419 1628 4472 quae
1716 4419 1778 4456 ro

470 4478 740 4532 titionem
789 4490 1023 4541 vocum,
1081 4476 1242 4526 τοῦτο
1299 4469 1641 4540 ἐνδύσασθαι,
1670 4419 1818 4529 Facili

465 4555 626 4610 runt,
658 4547 772 4600 huc
803 4562 1145 4600 revocamus
1194 4561 1265 4599 ex
1304 4545 1474 4599 codd.
1526 4545 1802 4600 Ottobon.
1837 4551 2110 4612 utroque,

465 4620 663 4685 Coisl.,
701 4620 840 4683 Roe,
865 4617 1135 4680 Casaub.,
1157 4616 1328 4670 Grod.
1360 4623 1418 4670 et
1440 4632 1606 4670 sacro
1639 4622 1818 4672 textu.
1845 4616 2111 4672 Similem

465 4692 538 4746 ob
569 4706 809 4746 causam
841 4706 910 4743 ex
943 4688 1202 4760 praafatis
1232 4705 1374 4743 mss.
1409 4688 2018 4760 ascripsimusverba,
2047 4686 2110 4760 οὐ

461 4765 680 4833 τοιοῦτο
714 4764 894 4833 μένον,
929 4758 986 4814 et
1017 4761 1349 4833 sequentia,
1371 4758 1657 4833 usgue‘ad
1677 4758 1939 4833 ἐγείρεται
1969 4759 2108 4833 incl.

464 4837 621 4889 Post.
658 4828 1036 4903 ἐνδυσάμενον,
1070 4828 1422 4903 particulam
1448 4828 1737 4887 Seiisdem
1770 4828 2112 4887 auctoribus

468 4905 818 4976 adjecimus.

534 4969 610 5043 (2)
641 4976 771 5029 Οἷον
805 4973 990 5028 εἰπεῖν.
1025 4973 1227 5038 Coisl.,
1261 4976 1400 5041 Roe,
1434 4973 1708 5040 Casaub.,
1745 4977 1889 5034 θεῖον
1919 4969 2107 5029 εἴπιῖν,

465 5046 656 5099 Ottob.
673 5045 778 5100 ,καὶ
797 5046 1093 5112 θεῖον,οἷον
1121 5044 1311 5097 εἷ’πεῖν·
1336 5065 1362 5096 α
1386 5046 1713 5116 spirituale,
1734 5044 2109 5110 admirabile,

469 5136 497 5163 «
521 5116 860 5197 etdivinum
893 5116 1418 5197 quidpiam,_qua_le
1448 5135 1566 5172 non
1601 5133 1914 5197 possumus
1937 5117 2110 5188 digne

465 5208 487 5234 ‹-
514 5188 696 5239 effari.
716 5209 741 5235 »
760 5189 918 5242 Hanc
931 5188 1218 5241 veriorem
1234 5189 1551 5243 lectionem
1569 5191 1850 5260 puto-Nec
1863 5203 2113 5260 corpora

464 5262 679 5331 nostra
698 5265 829 5331 post
852 5260 1357 5331 resurrectionem
1382 5260 1646 5316 divinum
1678 5259 1986 5331 quidpiam
2020 5259 2108 5314 di-

464 5327 984 5405 (ιιξιτες.,ἲοςιιιίάειιτεδΔ
1035 5330 1355 5405 debemus;
1416 5349 1548 5387 cum
1609 5327 1844 5405 Christi—
1877 5331 2108 5405 corpori

465 5395 684 5448 similia
715 5398 911 5455 futura
939 5401 1078 5467 sint,
1101 5402 1261 5471 quod
1283 5404 1485 5458 Patres
1519 5409 1675 5457 recte
1707 5395 2109 5457 divinum-dici

464 5476 858 5562 censulegunt;
900 5475 986 5527 Ita
1028 5473 1444 5562 Cyrillmepist.
1500 5474 1570 5558 ad
1601 5475 1944 5562 Suqcerf‘sw'n.
1971 5489 2108 5562 P38.

468 5536 604 5614 139:
645 5535 746 5620 ιςᾶν
805 5538 858 5593 εἷ’
899 5563 982 5620 -ςις
1040 5535 1174 5620 αὖτᾷ
1229 5535 1381 5620 λέῇοι
1441 5549 1609 5620 θεῖον,
1660 5543 1757 5597 οὐκ
1783 5542 1843 5620 ἂν
1875 5535 2108 5617 amara;

460 5613 887 5691 ἷξξητξῇέποντος
917 5613 1191 5686 λογισμοῦ
1228 5613 1408 5691 ﬁll-inc
1454 5617 1751 5670 Christum
1783 5613 1954 5691 aiunt
1980 5613 2113 5691 post

458 5685 957 5761 ξεξξιξνξθοιξρηεφ
989 5685 1177 5761 totum
1223 5688 1407 5761 Deum
1439 5692 1713 5761 eﬁectum
1737 5704 1894 5761 esse.
1926 5685 2109 5743 Paulo

457 5747 592 5811 POﬁt
617 5745 877 5817 Cyrinus
906 5759 1023 5814 duo
1055 5759 1189 5814 loca
1219 5757 1558 5828 Scriptum,
1593 5759 1796 5814 Matth.
1826 5761 2114 5830 1111,43,et

1813 4448 2111 4529 e'véx'c'ifié-
2149 4448 2192 4512 D

2227 4327 2490 4403 Danielis
2520 4332 2697 4403 xn,3,
2731 4332 2794 4403 in
2825 4347 3012 4388 unum
3059 4333 3388 4403 confundit,
3421 4351 3490 4391 ac
3519 4338 3592 4392 de
3633 4355 3741 4395 suo
3773 4339 3877 4396 ad-

2225 4400 2456 4473 miscet.
2489 4398 2578 4453 καὶ
2609 4401 2644 4469 ἡ
2678 4401 2906 4473 σελήνη.

2297 4473 2373 4542 (3)
2405 4471 2819 4548 Ἐγειρόμεθαε
2847 4471 2957 4548 etc.
3017 4477 3164 4548 Haac
3204 4476 3500 4548 sententia
3555 4493 3748 4548 usque
3797 4482 3874 4537 ad

2225 4538 2662 4616 βλασφημοῦμέν
2697 4538 2844 4600 excl.
2869 4546 3084 4600 citatur
3111 4545 3184 4599 ab
3217 4546 3472 4600 Antonio
3499 4538 3738 4605 Melissa
3759 4552 3871 4606 sub

2225 4563 2363 4615 μΑασ
2409 4563 2662 4616 ημουμεν
2697 4563 2844 4600 exci.
2869 4563 3084 4600 cnatur
3111 4563 3184 4599 an
3217 4563 3472 4600 amomo
3499 4563 3738 4605 menssa
3759 4563 3868 4606 sub

2219 4563 2420 4697 Cyrilii
2453 4617 2693 4672 nomine
2727 4617 2852 4697 sine
2885 4616 3058 4697 urbis
3075 4616 3273 4697 _t_i_tulo,
3323 4616 3427 4671 lib.
3463 4633 3506 4686 ι,
3538 4635 3717 4674 serm.
3751 4623 3868 4693 20.,

2223 4694 2279 4742 et
2309 4687 2413 4744 lib.
2448 4703 2507 4754 II,
2541 4704 2718 4759 serm.
2752 4690 2840 4759 95,
2874 4704 3004 4759 pag.
3040 4690 3160 4741 157.

2294 4761 2369 4836 (4)
2430 4759 2534 4836 Ἐν,
2577 4757 2719 4836 πυρὶ.
2764 4755 2994 4836 uicus—lim}
3061 4755 3390 4836 (καιόμενος.
3421 4831 3449 4836 _
3479 4761 3588 4836 Pro
3635 4759 3872 4836 _aigovt¢p

2219 4828 2464 4900 κείμενος
2498 4828 2843 4900 ᾔθεοι-ἱροὶ,
2874 4835 2942 4884 ut
2987 4835 3077 4884 est
3129 4828 3219 4884 in
3247 4829 3377 4885 cod.
3411 4831 3589 4887 Coisl.
3622 4828 3870 4891 Codices

2223 4899 2360 4970 Roe,
2393 4899 2663 4972 Cas_aub.,
2695 4899 2895 4972 Ottob.
2944 4905 3002 4955 et
3047 4901 3221 4956 Grod.
3267 4902 3508 4972 habent,
3543 4902 3784 4963 αἶωνίιυς
3813 4905 3868 4960 ιν

2219 4971 2349 5047 πυρὶ
2380 4970 2689 5047 καιόμενος,
2744 4971 2903 5047 quod
2951 4972 3109 5028 idem
3160 4979 3268 5029 est.
3305 4970 3541 5030 Melissa
3571 4975 3867 5047 laudatus,

2221 5043 2272 5099 ἐν
2297 5039 2434 5114 ’πυρί
2463 5039 3010 5114 αίωνίῳγκαῖὄμενος.

2291 5111 2841 5190 (ὅχηροσευχὸμεθα
2890 5111 2979 5169 διὰ
3033 5114 3328 5190 στόματος.
3387 5121 3527 5174 Eam
3582 5119 3868 5190 plirasim,

2221 5185 2352 5258 quae
2378 5185 2658 5261 ineditis
2687 5185 2822 5261 post
2843 5185 3183 5261 aopvet’iopév
3209 5190 3456 5261 scripta
3485 5185 3695 5258 exs—tat,
3729 5185 3866 5247 ante

2261 5259 2528 5330 osuimus
2582 5275 2652 5314 ex
2711 5259 2882 5314 codd.
2929 5259 3133 5316 'Ottob.
3189 5259 3442 5329 duobus,
3493 5263 3693 5324 Coisl.,
3724 5264 3864 5330 Roe,

2263 5329 2493 5398 asaub.,
2529 5330 2702 5386 Grod.
2735 5337 2795 5386 et
2825 5331 3026 5391 Morel.
3061 5337 3126 5386 ut
3177 5341 3509 5389 servaretur
3553 5329 3867 5390 antithesis

2220 5417 2397 5472 quam
2431 5402 2693 5456 instituit
2719 5403 2973 5472 Cyrillus
2994 5403 3150 5458 inter
3177 5403 3364 5460 bonas
3393 5412 3450 5460 et
3479 5405 3666 5461 malas
3691 5405 3870 5460 actio-

2221 5489 2349 5548 nes,
2383 5489 2514 5548 qua;
2545 5473 2617 5548 ab
2650 5490 2768 5528 uno
2801 5475 3065 5548 corporis
3084 5475 3353 5548 membro
3386 5476 3864 5548 proficiscuntur.

2222 5545 2368 5629 Loco
2402 5543 2490 5598 διὰ
2503 5544 2798 5629 ξώματος,
2821 5543 2979 5616 quod
3005 5546 3170 5629 prius
3192 5547 3285 5602 hic
3306 5543 3628 5629 legebatur,
3655 5547 3868 5629 iisdem

2220 5615 2391 5691 codd.
2425 5615 2908 5691 suﬂragantibus,
2961 5615 3230 5691 στόματος
3279 5615 3648 5691 scripsimus.
3682 5618 3864 5691 Paulo

2220 5633 2391 5670 coaa.
2425 5633 2908 5742 suuraganunus,
2961 5633 3230 5687 στοματος
3279 5635 3648 5691 scripSimus.
3682 5633 3864 5676 Paulo

2218 5688 2408 5763 infra,
2428 5704 2594 5763 exco
2643 5687 2700 5742 d.
2733 5690 2852 5745 Roe
2885 5693 2944 5744 et
2993 5689 3241 5745 Casaub.
3276 5684 3496 5762 δίδομεν
3557 5690 3868 5763 posuimus

2217 5758 2349 5816 loco
2383 5753 2661 5831 διδοῦμεν.
