4148 6286
300 374 454 435 1041

912 369 1388 435 CATECHESIS
1429 371 1648 433 XVIII.
1694 371 1798 431 DE
1840 367 2139 430 GARNIS
2185 369 2870 448 RESURRECTIONE,
2915 375 3083 435 ETC.

3557 373 3712 436 1042

373 505 444 559 Κ’.
481 502 807 574 Φεισώμεθα
833 503 1036 573 τοίνυν,
1069 500 1321 580 ἀδελφοὶ,
1368 508 1476 558 τῶν
1533 501 1823 573 σωμάτων,
1856 499 1935 554 καῖ

2135 501 2283 558 295
2309 505 2421 558 XX.
2444 503 2488 540 ‘7
2510 507 2927 576 Temperemus
2951 507 3170 576 itaque,
3193 507 3425 576 fratres,
3451 510 3708 580 corpori-

301 593 378 666 μὴ
412 593 486 654 ὡς
515 591 836 664 ἀλλοτρίοις
867 590 1050 654 αὐτοῖς
1111 593 1618 667 παραχρησώμεθα.
1672 592 1784 659 Μὴ,
1817 590 1955 644 κατὰ

294 681 426 746 τοὺς
456 682 780 756 αἱρετικοὺς,
823 680 1092 756 λέγωμεν,
1143 682 1226 737 ὅτι
1273 681 1568 757 ἀλλότριος
1621 680 1765 736 ἐστιν
1798 681 1826 734 ὁ
1857 683 1953 733 τοῦ

297 772 557 844 σώματος
599 778 788 844 χιτών·
845 769 971 826 ἀλλ’
1030 771 1104 833 ὡς
1163 769 1304 826 ἰδίου
1362 772 1696 845 φεισώμεθα.
1729 774 1820 824 Δεῖ
1847 769 1951 843 γὰρ

294 862 446 932 ἡμᾶς
478 858 662 914 δοῦναι
695 857 862 932 λόγον
891 862 972 930 τῷ
1027 859 1213 934 Κυρίῳ
1270 860 1395 934 περί
1428 861 1644 914 πάντων
1704 862 1811 912 τῶν
1862 854 1952 912 διὰ

290 954 390 1004 τοῦ
449 950 704 1021 σώματος
761 947 1180 1022 πεπραγμένων.
1239 949 1328 1018 Μὴ
1384 946 1561 1022 εἴπῃς·
1623 945 1816 1009 Οὐδείς
1883 965 1950 1016 με

291 1039 413 1112 ὁρᾷ·
455 1035 597 1110 μηδὲ
650 1035 908 1109 νομίσῃς,
966 1035 1050 1091 ὅτι
1113 1035 1316 1110 μάρτυς
1371 1041 1480 1092 τῶν
1520 1035 1819 1113 γινομένων
1847 1035 1951 1090 οὐκ

289 1123 458 1182 ἔστιν.
489 1126 815 1197 Ἀνθρωπος
866 1127 962 1198 μὲν
991 1126 1094 1199 γὰρ
1152 1125 1428 1188 πολλάκις
1479 1125 1578 1180 οὐκ
1636 1124 1800 1179 ἔστιν·
1831 1125 1858 1178 ὁ
1890 1121 1949 1178 δὲ

290 1215 542 1286 πλάστης
572 1215 822 1282 ἀπλανὴς
855 1216 931 1288 (1)
989 1216 1216 1290 μάρτυς,
1274 1216 1422 1288 μένει
1476 1215 1528 1270 ἐν
1589 1214 1804 1288 οὐρανῷ
1853 1235 1948 1267 πι-

291 1305 441 1376 στὸς,
468 1304 560 1359 καὶ
591 1303 783 1379 βλέπει
810 1303 872 1357 τὸ
911 1304 1222 1378 γινόμενον·
1282 1304 1372 1358 καὶ
1431 1305 1483 1359 οἱ
1531 1302 1720 1359 σπιλοι
1752 1300 1810 1357 δὲ
1835 1307 1943 1356 τῶν

290 1398 573 1469 ἁμαρτιῶν
639 1391 888 1466 μένουσιν
917 1393 970 1448 ἐν
1021 1398 1102 1465 τῷ
1157 1395 1374 1467 σώματι
1583 1397 1787 1468 ’Ὠσπερ
1843 1392 1942 1468 γὰρ

289 1483 518 1559 πληγῆς
557 1483 1006 1558 προχωρησάσης
1048 1482 1101 1536 ἐν
1132 1487 1213 1554 τῷ
1271 1484 1504 1556 σώματι,
1537 1481 1631 1537 κᾶν
1689 1482 1947 1552 θεραπεία

287 1571 513 1649 γίνηταί
541 1593 650 1639 τις,
683 1572 835 1643 ὅμως
867 1574 901 1639 ἡ
935 1569 1074 1640 οὐλή
1111 1573 1280 1643 μὲνει·
1325 1571 1468 1627 οὕτω
1510 1571 1599 1626 καὶ
1629 1574 1663 1640 ἡ
1710 1569 1946 1644 ἁμαρτία

288 1661 525 1732 πλήσσει
564 1661 663 1729 τήν
718 1661 904 1734 ψυχὴν
961 1659 1052 1714 καὶ
1105 1660 1169 1714 τὸ
1222 1664 1404 1732 σῶμα,
1461 1660 1551 1715 καὶ
1611 1659 1858 1731 μένουσιν
1892 1658 1944 1712 οἱ

287 1751 450 1806 τύποι
509 1753 618 1804 τῶν
679 1746 860 1804 οὐλῶν
916 1747 968 1803 ἐν
1019 1754 1170 1804 πᾶσι³
1229 1753 1634 1825 περιαιροῦνται
1665 1745 1723 1802 δὲ
1779 1746 1942 1820 μόνον

2056 590 2188 655 bus,
2205 608 2399 662 neque
2416 599 2698 665 tanquam
2715 596 2926 649 alienis
2943 595 3087 666 ipsis
3102 596 3433 651 abutamur.
3455 600 3560 670 Nej
3572 605 3711 653 uxta

2055 680 2366 736 haereticos
2390 682 2676 746 dicamus,
2701 683 2959 738 alienam
2983 685 3143 738 hanc’
3165 701 3294 739 esse
3321 689 3585 758 corporis
3612 705 3708 742 ve-

2055 775 2227 836 stem,
2262 771 2366 828 sed
2389 773 2472 825 uti
2497 773 2749 844 propriae
2773 789 3085 843 parcamus
3111 790 3123 839 ;
3157 780 3388 844 oportet
3419 778 3576 830 enim
3600 794 3708 831 nos

2054 858 2301 913 Domino
2343 861 2590 915 reddere
2647 862 2939 916 rationem
2987 863 3057 916 de
3106 863 3384 917 omnibus
3443 882 3572 934 quae
3605 884 3710 936 per

2053 962 2268 1017 corpus
2299 949 2594 1019 egerimus
2620 948 2686 1002 ‘3.
2714 951 2792 1003 Ne
2825 950 3003 1003 dicito
3030 966 3043 1004 :
3077 951 3257 1004 Nemo
3285 967 3380 1005 me
3431 954 3587 1007 videt
3613 953 3658 989 ⁴⁹
3694 973 3706 1008 :

2050 1051 2245 1105 neque
2277 1037 2580 1092 existimes
2612 1043 2822 1094 testem
2873 1055 3077 1092 eorum
3111 1056 3242 1108 quas
3285 1041 3440 1112 geris
3473 1043 3706 1098 nullum

2051 1141 2201 1180 esse.
2239 1129 2422 1182 Homo
2456 1130 2615 1182 enim
2643 1129 2997 1199 plerumque
3031 1130 3236 1199 [testis
3262 1131 3278 1201 ]
3303 1147 3422 1185 non
3452 1138 3578 1197 est;
3604 1135 3704 1203 qui

2049 1232 2183 1270 vero
2216 1232 2325 1271 nos
2357 1217 2528 1271 ﬁnxit
2549 1218 2820 1273 inerrans
2848 1219 3036 1285 testis,
3071 1223 3277 1273 manet
3297 1219 3357 1272 in
3379 1221 3527 1275 ccelo
3558 1223 3706 1276 ﬁde-

2050 1304 2124 1358 lis
2143 1303 2213 1369 ⁵ο,
2238 1311 2296 1359 et
2323 1305 2482 1360 videt
2511 1307 2668 1376 quod
2699 1307 2893 1377 agitur
2917 1323 2930 1359 :
2964 1307 3214 1361 macula;
3239 1325 3476 1378 quoque
3500 1325 3705 1380 pecca-

2049 1398 2244 1447 torum
2277 1395 2338 1448 in
2361 1411 2606 1466 corpore
2631 1402 2890 1449 manent.
2919 1397 2991 1450 Ut
3013 1395 3172 1449 enim
3190 1402 3505 1467 postquam
3531 1399 3704 1471 plaga

2051 1482 2113 1536 in
2143 1499 2389 1553 corpore
2430 1489 2694 1555 grassata
2726 1489 2836 1550 est,
2871 1485 3052 1538 etiam
3087 1484 3135 1538 si
3167 1486 3398 1540 medela
3429 1488 3702 1557 quaedam

2050 1570 2421 1639 adhibeatur,
2455 1571 2699 1626 cicatrix
2722 1577 2920 1626 tamen
2944 1578 3146 1626 manet
3169 1590 3182 1625 :
3208 1573 3292 1627 sic
3316 1580 3373 1627 et
3393 1583 3703 1645 peccatum

2051 1660 2313 1714 animam
2345 1665 2403 1714 et
2432 1677 2647 1730 corpus
2671 1660 2981 1730 imprimit,
3009 1667 3065 1715 et
3095 1662 3438 1716 cicatricum
3463 1671 3619 1719 notae
3641 1667 3702 1721 in

2050 1749 2341 1804 ambobus
2370 1755 2652 1803 manent:
2685 1749 3002 1804 abolentur
3023 1767 3156 1804 vero
3189 1753 3600 1807 tantummodo
3629 1755 3701 1810 ab

292 1841 399 1896 άπὸ
428 1843 536 1894 τῶν
571 1832 963 1911 λαμϐανόντων
988 1839 1050 1892 τὸ
1105 1837 1356 1912 λουτρόν.
1417 1839 1498 1894 Τὰ
1557 1839 1650 1910 μὶν
1681 1838 1772 1892 οὗν
1800 1857 1935 1912 παρ-

2051 1841 2124 1895 iis
2156 1841 2255 1912 qui
2287 1841 2584 1896 lavacrum
2616 1841 2933 1912 accipiunt.
2962 1841 3001 1876 ⁶¹
3035 1843 3328 1898 Praeterea
3363 1844 3541 1915 igitur
3570 1847 3699 1900 ani-

293 1929 521 1994 ελθόντα
578 1929 766 2002 ψυχῆς
819 1926 909 1980 καὶ
969 1927 1222 2000 σώματος
1289 1925 1574 2000 τραύματα
1658 1924 1940 2000 θεραπεύει

299 2019 430 2081 Θεὸς
486 2015 574 2071 διὰ
613 2021 712 2071 τοῦ
771 2016 1184 2091 βαπτίσματος,
1239 2015 1377 2089 πρὸς
1428 2013 1486 2070 δὲ
1541 2017 1607 2070 τὰ
1666 2013 1941 2089 μέλλοντα

296 2107 494 2164 λοιπὸν
527 2105 751 2168 ἑαυτοὺς
807 2104 1236 2179 ἀσφαλιζώμεθα
1293 2109 1367 2180 (3)
1424 2109 1579 2179 κοινῇ
1613 2101 1943 2167 πάντες’⁹ίνα

293 2197 526 2271 καθαρὸν
557 2197 748 2252 τοῦτον
776 2199 874 2250 τοῦ
904 2197 1158 2268 σώματος
1190 2195 1281 2250 τὸν
1323 2201 1534 2271 χιτῶνα
1582 2194 1943 2270 διατηρήσαν-

289 2307 404 2353 τες,
451 2286 652 2359 καὶμὴ
693 2282 763 2340 δι’
821 2281 1018 2360 ὀλίγης
1066 2284 1317 2359 πορνείας
1370 2286 1460 2340 καὶ
1520 2282 1870 2354 ἡδυπαθείας,
1902 2282 1939 2355 ἤ

287 2396 435 2440 τινος
461 2373 643 2444 ἄλλης
687 2373 954 2445 ἁμαρτίας
1009 2375 1223 2445 πρᾶξιν,
1274 2371 1632 2447 ἀπολέσωμεν
1689 2373 1939 2444 οὐράνιον

289 2463 584 2538 σωτηρίαν⁸
624 2460 752 2516 ἀλλ’
780 2461 871 2515 ἳνα
926 2458 1446 2534 κληρονομήσωμεν
1498 2461 1773 2536 βασιλείαν
1807 2465 1940 2516 Θεοῦ

288 2550 537 2620 αἰώνιον⁹
568 2549 637 2619 ἧς
663 2551 865 2612 πάντας
915 2549 1056 2622 ὑμᾶς
1111 2552 1188 2623 (4)
1243 2552 1312 2623 τῇ
1371 2549 1562 2604 ἑαυτοῦ
1592 2550 1778 2626 χάριτι
1811 2570 1937 2604 κατ·

290 2641 566 2712 αξιώσειεν
600 2639 627 2692 ὁ
651 2638 800 2696 Θεός.

365 2729 486 2784 KA'.
523 2728 619 2784 Καὶ
648 2730 814 2781 ταῦτα
866 2727 960 2799 μὶν
1029 2726 1270 2800 εἰρήσθω
1319 2727 1456 2802 πρὸς
1511 2724 1784 2797 ἀπόδειξιν
1838 2734 1940 2796 τῆς

292 2821 400 2874 τῶν
432 2819 632 2888 νεκρῶν
689 2814 1048 2877 ἀναστάσεως.
1080 2817 1144 2871 Ἦ
1180 2812 1236 2870 δὲ
1290 2821 1392 2884 τῆς
1447 2815 1680 2877 πίστεως
1714 2814 1936 2890 ἐπαγγε-

294 2906 407 2972 λία,
455 2903 621 2960 πάλιν
682 2903 811 2976 ὗμῖν
868 2903 954 2980 ὑφ’
1011 2904 1174 2978 ἡμῶν
1225 2903 1449 2980 ρηθεῖσα
1504 2905 1638 2976 μετᾶ
1691 2902 1937 2973 σπουδῆς

287 2995 468 3065 πάσης
496 2992 584 3049 ἐπὶ
614 2991 811 3062 λέξεως
847 2991 1015 3062 αὐτῆς
1080 2992 1166 3070 ὑφ’
1216 2991 1368 3066 ὑμῶν
1403 2995 1480 3066 (5)
1509 2990 1936 3068 ἆπαγγελλὲσθω

286 3106 346 3141 τε
375 3085 464 3140 καὶ
497 3105 604 3157 μνη
615 3081 940 3156 μονευὲσθω.

357 3202 400 3237 ⁸⁷
438 3201 563 3257 νεά.
599 3205 707 3256 cat.
741 3199 795 3266 4,
821 3215 882 3254 n.
912 3199 1004 3252 22.
1079 3195 1127 3232 ⁸⁸
1156 3198 1206 3254 II
1236 3198 1366 3255 Cor.
1415 3215 1468 3263 v,
1531 3199 1616 3254 10.
1696 3197 1744 3232 ⁴⁹
1771 3199 1930 3254 Eccli

2049 3215 2168 3265 xm,
2202 3199 2270 3251 28
2299 3215 2312 3264 ;
2346 3197 2480 3262 Isai,
2533 3214 2688 3263 χχιχ,
2754 3201 2834 3258 15,
2871 3198 2955 3252 16.

281 3275 327 3312 ⁵¹
360 3275 481 3333 Cat.
517 3275 600 3338 15,
629 3288 689 3326 n.
721 3272 811 3342 23,
843 3275 902 3326 et
928 3275 1034 3327 cat.
1068 3270 1122 3340 3,
1153 3286 1213 3325 n.
1247 3273 1334 3324 16.
1409 3270 1457 3306 ⁸³
1493 3271 1620 3327 Vid.
1652 3278 1760 3326 cat.
1797 3273 1885 3338 15,
1918 3287 1978 3326 n.
2013 3273 2102 3324 23.

2051 1947 2162 1984 mae
2194 1946 2260 1985 ac
2292 1931 2558 2001 corporis
2587 1929 2833 1985 vulnera
2863 1936 3034 1985 sanat
3058 1932 3212 1985 Deus
3228 1948 3332 2001 per
3361 1932 3655 2004 baptisma
3681 1953 3693 2003 ;

2048 2017 2099 2053 ⁶²
2155 2019 2260 2074 sed
2316 2019 2628 2074 adversum
2687 2019 2887 2074 futura
2962 2020 3243 2091 deinceps
3301 2024 3699 2094 nosmetipsos

2051 2109 2450 2163 communiter
2505 2108 2848 2163 muniamus
2905 2124 3151 2175 omnes;
3187 2107 3237 2142 ⁵³
3293 2116 3360 2164 ut
3415 2113 3699 2167 mundam

2051 2197 2203 2252 hanc
2234 2198 2500 2268 corporis
2530 2204 2752 2252 vestem
2785 2198 3211 2260 custodiamus,
3258 2215 3368 2252 nec
3416 2216 3522 2269 per
3572 2217 3700 2255 mo-

2049 2285 2196 2340 dicas
2228 2286 2641 2340 forniCationis
2673 2291 2731 2340 et
2773 2285 3052 2352 lasciviae,
3107 2291 3210 2340 aut
3258 2287 3518 2356 cujusvis
3549 2289 3703 2342 alius

2049 2376 2274 2446 peccati
2305 2375 2830 2446 perpetrationem,
2860 2375 3118 2429 caelestis
3150 2375 3358 2430 salutis
3405 2376 3703 2446 jacturam

2048 2463 2370 2518 subeamus
2400 2480 2414 2529 ;
2448 2463 2551 2518 sed
2578 2469 2644 2516 ut
2667 2468 2958 2518 ueternum
3011 2463 3112 2516 Dei
3172 2479 3418 2535 regnum
3450 2464 3706 2518 haeredi-

2047 2553 2182 2606 date
2213 2552 2495 2607 adeamus
2525 2569 2538 2607 :
2571 2569 2687 2622 quo
2717 2568 2818 2606 vos
2866 2567 3077 2607 omnes
3127 2568 3234 2606 sua
3284 2553 3471 2622 ipsius
3519 2553 3705 2625 gratia

2049 2640 2260 2713 dignos
2302 2642 2454 2695 Deus
2487 2639 2725 2695 efficiat.

2118 2729 2260 2784 XXI.
2295 2730 2364 2782 Et
2391 2729 2518 2784 hinc
2549 2728 2790 2798 quidem
2841 2729 2916 2784 ad
2960 2728 3488 2783 demonstrandam
3538 2746 3699 2784 mor-

2046 2821 2282 2872 tuorum
2314 2819 2810 2872 resurrectionem
2835 2817 2993 2873 dicta
3024 2818 3340 2872 sufﬁciant.
3381 2818 3540 2871 Fidei
3562 2835 3696 2872 vero

2045 2906 2358 2977 professio,
2391 2905 2570 2966 vobis
2623 2906 2841 2961 iterum
2871 2923 2905 2961 a
2937 2906 3112 2960 nobis
3161 2907 3436 2976 repetita,
3469 2923 3503 2960 a
3534 2907 3696 2961 vobis

2045 2995 2208 3050 omni
2239 2993 2554 3049 sedulitate
2580 2994 2847 3050 adhibita
2893 2995 3038 3065 ipsis
3083 2994 3278 3048 verbis
3331 2996 3694 3057 enuntietur,

2045 3100 2113 3140 ac
2143 3083 2450 3138 memoriae
2481 3083 2779 3154 inﬁgatur.

3050 3195 3096 3232 ⁸ο
3119 3197 3270 3254 Psal.
3302 3215 3571 3268 Lxxxvm,
3604 3202 3691 3257 38.

2206 3271 2251 3304 ⁵³
2291 3269 2415 3326 Vid.
2448 3275 2555 3323 cat.
2588 3271 2645 3337 4,
2673 3285 2732 3324 n.
2766 3271 2854 3323 22.

355 3421 430 3491 (1)
459 3418 521 3474 '0
552 3412 610 3491 δι
638 3410 897 3491 πλάστης
916 3409 1333 3491 διπλανήςε-ειι),
1369 3414 1543 3491 Deest
1570 3414 1631 3491 ip
1662 3413 1934 3491 hoc_loco

2049 3413 2403 3491 assignatus,
2420 3410 2586 3491 quod
2618 3411 2668 3484 ej
2680 3429 2746 3466 us
2769 3427 2879 3482 ope
2897 3411 3146 3491 occulta,
3167 3412 3424 3491 e_t_nulli_s
3446 3414 3695 3491 testibus

282 3483 532 3556 πλάστης
563 3489 626 3543 in
657 3485 828 3542 codd.
861 3485 1048 3552 Colb.,
1071 3483 1260 3542 Bodl..
1284 3485 1487 3556 Morel,
1511 3484 1736 3556 etGrod
1763 3486 1938 3556 Deest

283 3554 528 3630 ἀπλανής
559 3565 618 3616 et
645 3556 865 3630 πιστᾷς.
886 3557 1095 3630 inlice
1121 3562 1180 3630 et
1208 3555 1454 3630 casaub.
1486 3558 1660 3630 Deest
1685 3554 1935 3630 ἀπλανὴς

331 3623 513 3701 ἀρτυς,
549 3638 607 3687 et
634 3628 825 3701 πιστός
854 3629 915 3701 in
947 3626 1128 3701 Cpisl._
1149 3628 1216 3681 1n
1249 3627 1443 3701 Otto_b_.
1465 3627 1788 3701 2habetur,
1830 3623 1937 3701 ᾄδὲ

322 3695 600 3771 πλάνη-τος
635 3700 838 3772 μάρτυς
871 3697 947 3752 ἔνι
991 3695 1042 3751 ἒν
1076 3695 1343 3772 οὐρανοῖς.
1382 3699 1484 3753 Hic
1533 3698 1787 3769 Cyrillus
1819 3699 1935 3754 duo

287 3770 530 3836 miscuit
558 3770 873 3845 Scripturaa
903 3773 1068 3845 loca:
1094 3770 1348 3842 primam
1374 3774 1602 3838 partem
1625 3772 1934 3826 sententia:

286 3847 578 3924 expressit
607 3842 894 3924 ex'lsaia;
943 3842 1047 3898 sed
1086 3858 1328 3897 sensum
1360 3848 1596 3896 secutus
1653 3848 1883 3897 tantum
1919 3859 1931 3897 :

283 3915 534 3980 alteram
559 3934 628 3973 ex
659 3915 886 3988 psalmo
920 3931 1184 3968 Lxxxvm.

357 3999 433 4061 (2}
466 3992 554 4046 ’Ev
585 3983 1448 4061 rcb'céuatt.~Praaposi_tionem
1479 3983 1935 4061 suppeditarunt

281 4056 429 4123 mss.
461 4056 661 4127 Coisl.,
695 4062 813 4115 Roe
846 4064 908 4128 et
935 4057 1184 4128 Casaub.
1202 4058 1302 4128 ‘Ita
1332 4056 1487 4128 infra
1515 4056 1722 4128 scribit
1744 4056 1933 4128 Cyril-

281 4138 398 4197 lus,
436 4124 682 4206 μένουσιν
716 4129 768 4182 οἱ
796 4126 958 4206 τύποι
989 4130 1095 4206 τῶν
1123 4124 1311 4206 οὐλ-ῷν
1337 4125 1388 4179 ἐν
1418 4130 1614 4206 ,πᾶσικ
1652 4127 1754 4182 Hic
1784 4124 1930 4206 quo-

325 4227 398 4264 ue
428 4197 649 4262 textum
679 4219 749 4256 ex
781 4200 950 4254 codd.
986 4197 1202 4265 Ottob.,
1236 4201 1376 4262 Roe,
1411 4198 1658 4253 Casaub.
1692 4205 1750 4252 et
1788 4197 1933 4254 Gro-

325 4227 398 4264 ue
428 4227 649 4262 texuuru
679 4227 749 4256 ϐλ
781 4227 950 4254 υυυυ.
986 4227 1202 4265 υιιιυυ.,
1238 4227 1376 4262 nuc,
1411 4227 1658 4253 uaaauu.
1692 4227 1750 4252 Ub
1788 4227 1931 4254 uru-

280 4227 408 4336 ﬂec.
435 4275 878 4334 emendavimus
903 4288 916 4338 ;
940 4269 1242 4325 ferebatur
1263 4269 1423 4322 enim
1452 4267 1629 4336 ἥλων,
1651 4270 1931 4325 clavorum

278 4369 387 4424 pro
420 4347 622 4403 οὐλῶν.
656 4344 912 4424 hia-cules
943 4341 1379 4424 exﬂcommisslis
1411 4341 1689 4410 peccatis.
1718 4358 1873 4424 quas
1895 4359 1931 4396 θ,

277 4411 500 4495 ‘Cyrillo
557 4416 797 4495 vestigia
825 4413 1048 4495 peccati
1116 4427 1249 4491 per.
1279 4411 1499 4492 oleum.
1536 4412 1929 4495 e_xorcizat_um

279 4481 529 4552 urenda,
555 4494 666 4546 cat.
696 4481 785 4553 ΞΟ,
812 4481 977 4540 num.
1013 4485 1064 4542 3,
1090 4481 1389 4537 nominari
1413 4482 1708 4543 existimo,
1731 4483 1792 4536 in
1825 4484 1931 4538 ho-

280 4567 442 4621 mine
453 4563 736 4625 residere,
753 4564 918 4612 vetus
941 4553 1310 4625 estdoctrina
1326 4559 1670 4625 sanctorum
1689 4554 1928 4625 Patrum

282 4637 463 4692 etiam
485 4624 910 4701 antiquiOrum,
932 4632 1000 4682 ut
1021 4627 1253 4701 Hermia
1274 4624 1377 4701 lib.
1423 4641 1504 4686 in,
1547 4624 1926 4701 Similitud.8,

279 4725 410 4779 cap.
437 4705 524 4760 ult
547 4722 566 4779 ;_
593 4696 878 4779 01ig_enis_
892 4699 1049 4779 hom.
1075 4696 1196 4779 _3_in
1224 4697 1418 4779 Levita
1453 4713 1582 4767 pag.
1636 4698 1756 4779 160,
1790 4703 1926 4762 etc.;

2048 3483 2383 3556 commissa.
2420 3484 2727 3537 hominum
2755 3488 2996 3556 peccata
3025 3483 3087 3538 in
3107 3484 3334 3553 judicio
3369 3486 3696 3556 deprehen-

2047 3555 2132 3610 dit
2157 3557 2328 3610 Deus.
2354 3556 2680 3624 Utrumque
2711 3555 2956 3609 maculae
2979 3571 3165 3626 genus
3195 3573 3230 3610 a
3259 3555 3476 3627 Cyrillo
3499 3559 3688 3614 indis-

2043 3628 2227 3682 tincte
2251 3627 2463 3696 respici
2495 3633 2716 3697 putem.
2751 3628 3040 3680 Caeterum
3063 3643 3196 3680 cum
3237 3627 3533 3697 baptisma
3564 3633 3690 3686 solo

2043 3698 2309 3754 maculas
2336 3697 2470 3752 illas
2518 3697 2742 3752 aboleri
2787 3697 2950 3760 dicit,
2985 3698 3044 3751 id
3078 3698 3203 3751 vult
3248 3699 3514 3754 fortassis
3562 3703 3688 3757 solo

2042 3769 2337 3841 baptismo
2371 3769 2452 3823 ita
2482 3769 2703 3841 remitti
2725 3774 2986 3838 peccata,
3021 3775 3084 3822 ut
3117 3768 3281 3841 nulla
3311 3771 3561 3826 macula.
3598 3775 3690 3826 ni-

2043 3840 2134 3894 hil
2154 3846 2360 3912 postea
2388 3840 2675 3895 luendum
2721 3841 2994 3911 supersit.
3055 3840 3391 3910 Eademque
3422 3842 3692 3898 doctrina

2042 3919 2134 3968 est
2162 3912 2467 3966 Athanasii
2498 3912 2559 3965 in
2591 3912 2763 3983 epist.
2795 3917 2828 3964 4
2858 3912 2932 3966 ad
2986 3913 3359 3983 Serapionem,
3409 3929 3572 3967 num.
3605 3917 3687 3982 t3,

2040 3983 2103 4038 in
2127 3985 2238 4044 hoc
2265 3982 2678 4055 baptismum’a
2704 3983 3052 4054 paenitentia
3075 3982 3513 4053 distinguentis,
3531 3985 3688 4055 quod

2041 4056 2166 4111 haec
2186 4057 2497 4111 vulnerum
2530 4055 2856 4119 cicatrices,
2889 4061 2955 4109 ut
2983 4055 3114 4120 iste,
3157 4071 3276 4109 non
3313 4055 3564 4111 aboleat.
3600 4058 3686 4111 Si-

2040 4127 2199 4182 milis
2231 4135 2320 4181 est
2350 4127 2866 4198 Nazianzeniiorat.
2901 4143 2990 4198 χιι,
3010 4142 3139 4196 pag.
3163 4127 3287 4198 641,
3315 4127 3415 4196 qui
3442 4145 3546 4197 per
3569 4146 3689 4198 pm-

2040 4200 2351 4254 nitentiam
2385 4215 2537 4269 aagre
2569 4197 2810 4268 quidem
2843 4197 2947 4252 sed
2980 4204 3176 4251 tamen
3208 4197 3418 4252 obduci
3452 4197 3689 4254 cicatri-

2039 4287 2167 4324 cem
2199 4277 2434 4334 censet;
2469 4269 2655 4324 deleri
2689 4276 2886 4323 tamen
2919 4285 3048 4323 eam
3080 4269 3268 4339 magis
3291 4276 3474 4340 optat,
3509 4287 3689 4341 quam

2041 4341 2450 4413 speretsldem
2483 4341 2585 4413 ait,
2619 4347 2763 4413 orat.
2801 4342 2956 4395 Cant.
2999 4343 3299 4409 episcopos,
3333 4347 3473 4395 tom.
3526 4344 3594 4404 ΙΙ,
3631 4359 3687 4413 ρ.

2039 4415 2163 4477 305,
2196 4411 2307 4466 col.
2343 4415 2395 4464 2.
2433 4411 2573 4465 Vide
2606 4411 2868 4466 Nicetam
2910 4413 2972 4465 in
3003 4417 3148 4466 orat.
3185 4428 3274 4476 XL,
3307 4413 3435 4466 Naz.
3471 4419 3594 4467 not.
3632 4411 3682 4466 Β.

2039 4487 2112 4536 At
2145 4483 2438 4552 baptismo
2488 4482 2660 4552 plene
2725 4484 2958 4554 purgari
3019 4483 3287 4537 omnium
3343 4485 3544 4554 opinio
3577 4490 3684 4540 est.

2039 4554 2180 4608 Vide
2212 4559 2324 4608 cat.
2357 4557 2440 4617 15,
2476 4570 2639 4607 num.
2674 4556 2762 4609 23.

2109 4627 2184 4696 (3)
2219 4623 2675 4696 Ασφαλιζώμεθα.
2729 4624 3116 4696 Restituimus
3148 4625 3466 4680 lectionem
3489 4627 3683 4680 More-

2037 4695 2124 4772 ]ii,
2147 4695 2327 4772 codd.
2360 4696 2783 4772 Boe,_Casaub.
2819 4701 2876 4749 et
2906 4695 3076 4772 Grod.
3112 4696 3482 4772 fultam,lo_co
3509 4696 3682 4772 άσφα-

279 4764 460 4852 ειιιάω
493 4764 670 4832 etiam
696 4764 1017 4852 Eusebius,
1075 4768 1207 4852 lib.‘
1240 4784 1326 4852 xu.
1372 4764 1676 4849 Praeparat.
1710 4783 1929 4852 evang?

2049 4765 2320 4852 λιςὸμεθοξ.
2358 4770 2498 4822 Post
2521 4768 2649 4823 loco
2671 4769 2866 4851 τοῦτου
2891 4767 2986 4817 τοῦ
3005 4765 3287 4852 σώματηοςθ.
3313 4764 3679 4852 scripsimus,

277 4839 408 4922 cap.
442 4853 492 4912 6,
524 4863 654 4922 pag.
689 4846 810 4922 5_78,
874 4841 1136 4922 Platonis
1194 4839 1536 4922 testimonio
1593 4840 1924 4922 conﬁrmat.

275 4911 390 4979 Eas
420 4911 685 4977 maculas
707 4916 765 4971 in
788 4928 1034 4984 corpore
1057 4917 1115 4966 et
1143 4912 1355 4984 anima
1369 4911 1748 4984 peccantium
1774 4911 1920 4984 resi-

274 4995 415 5051 dere
447 5008 583 5048 cum
613 4986 829 5058 Cyrillo
871 4981 954 5058 ait
995 4982 1204 5058 Euseb:
1259 4981 1754 5058 Gallica_n.__h_om.
1787 4983 1925 5058 {De

271 5065 535 5122 Paschate
546 5081 566 5127 ;
584 5054 828 5116 sanctus
850 5055 1144 5127 prraam.
1154 5056 1243 5127 De
1248 5056 1448 5127 futuro
1454 5054 1704 5127 judicio.
1718 5071 1777 5127 p.‘
1797 5057 1921 5108 231:

271 5124 554 5200 Basilius,
566 5136 624 5187 in
637 5130 780 5200 psal.
800 5124 1053 5200 vufpag.
1076 5125 1203 5200 118ζ
1224 5124 1338 5200 Has
1357 5124 1678 5200 quoq_ue_in_
1690 5124 1923 5200 inferno

270 5223 517 5267 manere
535 5195 911 5260 ait-Basilius
955 5210 1131 5250 serm.
1167 5196 1242 5248 De
1283 5195 1924 5267 futurojudicio._apud

271 5265 545 5336 sanctum
606 5272 897 5343 Ephraern,
931 5281 1058 5343 pag.
1120 5267 1240 5343 243.
1298 5265 1408 5318 Sed
1439 5281 1584 5343 cum
1616 5265 1926 5343 dup_1ex_i_n

269 5335 543 5410 doctrina
571 5335 812 5398 Patrum
833 5335 1235 5410 distinguatur
1262 5335 1496 5390 macula
1522 5335 1745 5404 peccati
1772 5353 1784 5389 :
1809 5336 1927 5390 alia

272 5406 412 5481 ante
444 5421 736 5478 sanatum,
768 5406 1406 5481 alia_pos_t__d_im_issum
1458 5411 1727 5481 curatum
1786 5423 1922 5481 pec-

272 5476 474 5552 catum
501 5505 512 5541 :
546 5476 743 5540 utram
769 5481 863 5536 hic
890 5476 1168 5552 intelligit
1189 5476 1441 5552 Cyrinus,
1457 5477 1484 5532 αῖ
1506 5476 1817 5547 περ,ωήοῆ
1843 5478 1924 5552 ἰᾷ,

273 5549 368 5622 vet
399 5554 762 5629 comparatio
793 5549 1040 5629 maculae
1063 5564 1132 5602 ex
1163 5555 1402 5629 peccato
1429 5549 1662 5629 inustas,
1689 5565 1824 5603 cum
1850 5549 1924 5603 ci-

277 5618 495 5694 catrice
518 5618 940 5702 postsanatam
963 5620 1193 5702 plagam
1214 5618 1469 5702 residua.
1503 5619 1766 5702 Priorem
1791 5636 1926 5702 vero

276 5690 586 5766 insinuare
619 5697 848 5753 videtur
880 5690 1126 5749 maculas
1166 5690 1344 5762 hujus
1377 5692 1618 5748 eﬂ‘ectus
1648 5708 1682 5748 a
1709 5691 1927 5763 Cyriuo

2035 4841 2250 4907 τοῦτον,
2284 4840 2425 4893 Ιιαηο
2482 4841 2725 4907 corporis
2779 4843 2993 4902 vestem,
3045 4853 3115 4891 ex
3169 4838 3353 4904 Colb.,
3402 4841 3538 4902 Roe.
3574 4838 3682 4896 Caé

2035 4909 2430 4979 saub.,gGrod.
2479 4915 2538 4963 et
2593 4907 2888 4979 similibus
2946 4907 3092 4962 locis
3124 4914 3234 4979 cat.
3268 4912 3321 4976 4,
3355 4927 3520 4965 num.
3564 4916 3629 4968 23
3666 4929 3680 4979 ;

2033 4981 2124 5046 Μὴ
2161 4978 2405 5052 μολύνῃς
2438 4999 2533 5033 σου
2563 4983 2661 5044 τὴν
2711 4975 3014 5044 καλλίστην
3059 4977 3256 5047 ταύτην
3291 4981 3515 5050 στολήν,
3551 4975 3680 5055 ευρ,

2034 5069 2200 5108 num.
2237 5055 2286 5108 1.

2102 5124 2179 5194 (4)
2239 5120 2446 5196 Πάντας
2506 5119 2668 5189 ὑμᾶς,
2728 5137 2818 5176 vos
2870 5136 3068 5196 omnes.
3129 5123 3247 5176 Roe
3295 5127 3354 5177 et
3407 5123 3680 5196 Casaub.,

2032 5192 2233 5254 πάντας
2261 5195 2427 5261 ἡμᾶς,
2461 5208 2558 5247 nos
2582 5209 2782 5258 omnes,
2818 5198 2882 5246 ut
2923 5192 3078 5247 infra
3107 5210 3270 5247 num.
3310 5199 3356 5248 1.

2106 5269 2180 5348 (5)
2205 5264 2319 5348 Ὑφ’
2351 5263 2524 5348 ὑμῶν.
2564 5263 3122 5348 scripsimusex
3155 5266 3280 5320 sola
3305 5266 3681 5348 Grodecianse

2033 5335 2321 5391 versionis
2353 5335 2724 5400 auctoritate,
2753 5351 2887 5390 cum
2935 5336 3218 5406 scriptum
3268 5344 3426 5392 esset
3455 5339 3513 5392 in
3546 5341 3681 5394 edi-

2035 5409 2130 5474 tis,
2168 5407 2250 5484 ὑφ’
2281 5408 2464 5478 ἡμῶν·
2500 5412 2560 5460 at
2589 5423 2799 5484 sensus
2828 5407 3090 5484 postulat
3139 5409 3493 5484 scripturam
3536 5427 3677 5484 nos-

2037 5477 2228 5534 tram':
2276 5496 2414 5534 nam
2463 5479 2690 5548 statuit
2722 5477 3156 5548 oppositionem
3207 5477 3361 5535 inter
3411 5481 3537 5535 haec
3563 5481 3678 5536 duo

2035 5551 2322 5624 membra,
2356 5549 2440 5624 bc?’
2472 5551 2632 5624 ἡμῶν
2668 5546 3006 5624 ῥηθεῖσαηβί
3035 5550 3121 5624 ὑφ’
3153 5549 3313 5624 ὑμῶν
3338 5547 3676 5624 ἀπάγγελλε-

2035 5632 2166 5682 σθω.
2192 5619 2413 5677 Deinde
2446 5619 2803 5691 quibusnam
2829 5621 3040 5676 indicit
3067 5619 3133 5676 ut
3159 5619 3503 5692 Symbolum
3532 5637 3670 5689 pro—

2035 5693 2335 5761 fiteantur,
2358 5699 2417 5748 et
2444 5693 2748 5750 memorias
2777 5709 2847 5749 ea
2869 5691 3217 5748 recitatione
3239 5692 3355 5747 alte
3386 5691 3669 5757 infigant;
