4150 6278
404 328 565 392 1043

1454 326 1515 389 S.
1565 328 1886 393 CYRILLI
1930 328 2350 394 HIEROSOL.
2397 331 2763 397 ARCHIEP.

3658 337 3815 401 1044

860 457 963 514 Hic
990 457 1310 528 Symbolum
1332 460 1495 532 prius
1525 478 1560 518 a
1590 462 1798 533 Cyrillo
1844 467 2164 535 repetitum,
2195 465 2507 522 memoriter
2549 467 2805 523 redditur
2846 468 2915 523 ab
2943 467 3347 524 illuminandis.

471 556 645 614 XXII.
675 556 822 615 Cum
850 574 987 613 vero
1019 559 1329 615 enuntiata
1356 558 1529 616 Fides
1578 561 1730 618 serie
1777 578 1884 617 sua
1911 579 2054 619 con-

2237 563 2361 621 KB’.
2394 565 2511 632 Τῆς
2543 560 2602 619 δὲ
2654 562 3147 639 άπαγγελλομένης
3200 565 3443 627 Πίστεως
3499 564 3817 630 ἂκολούθως

401 646 589 702 tineat
612 645 800 701 illud:
842 648 912 702 Et
965 649 1028 701 in
1083 664 1260 703 unum
1307 649 1577 719 baptisma
1626 652 1970 720 plenitentiee
2002 653 2062 706 in

404 736 774 791 remissionem
788 742 1180 806 peccatorum:
1211 738 1281 791 Et
1311 739 1371 792 in
1396 753 1566 793 unam
1595 745 1845 794 sanctam
1873 740 2061 795 catho-

405 826 568 881 licam
588 824 883 880 Ecclesiam
904 842 923 879 :
954 831 1005 881 et
1033 824 1096 880 in
1146 828 1328 883 carnis
1375 830 1825 883 resurrectionem
1857 844 1875 882 :
1904 829 1973 883 Et
2002 831 2062 883 in

403 915 577 969 vitam
631 919 932 979 aeternam;
994 914 1066 969 de
1121 915 1417 987 baptismo
1476 922 1535 972 et
1591 917 1943 989 poenitentia
1998 918 2060 974 in

404 1004 704 1077 prioribus
751 1005 907 1062 296
959 1006 1367 1063 catechesibus
1415 1007 1707 1077 diximus;
1741 1008 1788 1043 “
1816 1024 1885 1064 ea
1914 1025 2061 1080 quo-

406 1109 521 1165 que
580 1111 712 1165 quae
769 1093 842 1149 de
914 1094 1354 1152 resurrectione
1429 1101 1804 1152 mortuorum
1882 1095 2062 1151 modo

408 1190 553 1242 sunt
574 1184 752 1256 dicta,
783 1188 1026 1257 propter
1052 1184 1207 1241 hanc
1254 1185 1634 1256 sententiam,
1666 1188 1743 1241 Et
1788 1186 1850 1240 in
1879 1187 2063 1241 carnis

405 1278 878 1343 resurrectionem,
901 1274 1203 1347 disputata
1234 1279 1392 1330 sunt.
1420 1275 1699 1333 Dicamus
1731 1277 1911 1349 igitur
1931 1293 2062 1347 quas

405 1366 693 1422 hactenus
745 1368 1087 1435 supersunt,
1146 1368 1390 1435 propter
1444 1364 1616 1432 illud,
1667 1368 1739 1421 Et
1786 1368 1845 1423 in
1893 1381 2064 1421 unam

403 1461 651 1512 sanctam
679 1453 1007 1511 catholicam
1035 1453 1367 1522 Ecclesiam;
1410 1454 1484 1510 de
1520 1471 1643 1526 qua
1691 1472 1828 1511 cum
1874 1454 2067 1511 multa

406 1544 523 1601 dici
548 1548 813 1615 possent,
847 1543 1055 1615 paucis
1083 1542 1468 1599 disseremus.

478 1633 676 1688 XXIII.
712 1630 1017 1688 Catholica
1043 1632 1343 1688 enimvero
1370 1633 1389 1704 [
1412 1649 1516 1688 seu
1539 1633 1931 1704 universalis]
1960 1650 2062 1689 vo-

2170 651 2536 726 περιεχούσης
2587 652 2687 723 τὸ,
2749 652 2849 708 Καὶ
2923 653 2998 717 εἰς
3067 652 3118 709 ἔν
3177 657 3253 729 (1)
3315 656 3597 730 βάπτισμα
3651 678 3815 730 μετα-

2168 738 2317 804 νοίας
2347 740 2425 803 είς
2476 741 2660 817 ἄφεσιν
2720 744 3020 819 ἁμαρτιῶν·
3083 744 3181 799 Καὶ
3234 744 3313 807 εἷς
3368 745 3495 818 μίαν
3555 745 3708 820 ἁγίαν
3739 749 3813 821 (2)

2168 828 2467 899 καθολικὴν
2528 830 2858 903 Ἐκκλησίαν
2890 850 2905 865 ·
2966 831 3066 889 Καὶ
3149 834 3227 896 εἷς
3312 834 3510 909 σαρκὸς
3587 834 3817 891 ἀνάστα-

2169 937 2276 973 σιν·
2333 919 2432 975 Καὶ
2488 920 2565 983 εἷς
2621 922 2765 991 ζωήν
2818 921 3078 978 αἰώνιον·
3137 923 3259 998 περὶ
3320 924 3414 995 μὶν
3472 927 3571 979 τοῦ
3620 923 3816 999 βαπτί-

2170 1027 2377 1080 σματος
2422 1008 2510 1064 καὶ
2568 1011 2666 1077 τῆς
2726 1009 3031 1083 μετανοίας,
3088 1010 3140 1066 ἐν
3197 1016 3317 1073 ταῖς
3376 1012 3620 1087 πρώταις
3676 1015 3811 1086 ἡμῖν

2170 1096 2383 1173 εἴρηται
2411 1101 2774 1175 κατηχήσεσι·
2832 1100 2924 1156 καὶ
2971 1103 3039 1156 τὰ
3092 1100 3219 1178 περὶ
3272 1101 3611 1166 ἀναστάσεως
3640 1101 3699 1158 δὲ
3724 1123 3812 1159 νει

2169 1192 2314 1262 κρῶν
2349 1186 2608 1264 λεχθέντα
2646 1193 2762 1260 νῦν,
2816 1187 2906 1248 διὰ
2932 1190 3014 1262 τό,
3065 1190 3163 1246 Καὶ
3212 1190 3291 1255 είς
3336 1191 3534 1266 σαρκὸς
3583 1193 3815 1248 ἀνάστα-

2168 1296 2274 1345 σιν,
2306 1274 2538 1352 εῗρηται.
2575 1276 2826 1352 Λεγέσθω
2884 1276 2944 1333 δὲ
2971 1279 3143 1352 (3)τᾶ
3190 1277 3452 1335 λείποντα
3504 1280 3595 1336 καὶ
3651 1282 3812 1352 τέως,

2170 1362 2260 1419 διὰ
2287 1365 2370 1435 τὸ,
2402 1366 2506 1422 Καὶ
2561 1364 2636 1429 εἷς
2696 1366 2819 1438 μίαν
2875 1368 3025 1442 ἁγίαν
3082 1370 3158 1442 (4)
3213 1370 3517 1439 καθολικὴν
3576 1369 3814 1442 Ἐκκλη-

2170 1452 2310 1510 σίαν·
2340 1455 2461 1528 περὶ
2490 1456 2558 1524 ἧς
2584 1454 2773 1512 πολλὰ
2804 1456 2899 1530 μὲν
2941 1456 3112 1513 εἷπεῖν
3172 1454 3398 1513 δυνατὸν
3429 1460 3523 1528 ἦν·
3581 1456 3652 1514 δι’
3682 1458 3811 1515 ὀλί-

2166 1565 2281 1618 γων
2311 1541 2369 1598 δὲ
2393 1542 2622 1619 ἐροῦμεν
2652 1548 2745 1619 (5).

2241 1633 2359 1694 Kl".
2390 1631 2679 1703 Καθολικὴ
2705 1633 2801 1707 μὶν
2861 1635 2954 1690 οὖν
3012 1635 3091 1708 (6)
3144 1633 3413 1703 καλεῖται,
3474 1633 3564 1692 διὰ
3589 1636 3653 1692 τὸ
3677 1624 3819 1694 κατὰ

404 1726 577 1779 catur
607 1736 676 1776 eo
709 1720 869 1792 quod
900 1737 1008 1792 per
1033 1725 1223 1776 totum
1254 1721 1459 1777 orbem
1491 1722 1564 1777 ab
1582 1723 1864 1778 extremis
1891 1727 2063 1779 terrea

2180 1721 2348 1790 πάσης
2378 1721 2511 1777 εἶναι
2565 1725 2666 1791 τῆς
2724 1723 3075 1797 οἰκουμένης,
3135 1724 3241 1779 ἀπὸ
3299 1725 3544 1799 περάτων
3578 1733 3680 1799 γῆς
3709 1723 3817 1789 ἕως

409 1812 629 1868 ﬁnibus
660 1812 735 1868 ad
756 1818 1052 1869 extremos
1077 1828 1266 1883 usque
1288 1813 1443 1869 ﬁnes
1464 1812 1683 1870 diﬂ'usa
1700 1819 1811 1869 est.
1835 1815 1906 1868 Et
1925 1814 2067 1885 quia

2180 1811 2441 1887 περάτων·
2479 1810 2572 1866 καὶ
2612 1808 2703 1867 διὰ
2744 1813 2810 1868 τὸ
2856 1810 3126 1868 διδάσκειν
3171 1813 3482 1877 καθολικῶς
3532 1815 3621 1870 καὶ
3651 1814 3817 1871 ἀνελ-

408 1904 681 1960 universe
720 1907 780 1958 et
833 1902 1056 1973 absque
1087 1902 1322 1959 defectu
1379 1902 1554 1961 docet
1599 1904 1806 1961 omnia
1835 1921 1966 1975 quas
1999 1906 2061 1960 in

2180 1897 2378 1961 λειπῶς
2435 1898 2645 1955 ἅπαντα
2714 1900 2783 1956 τὰ
2828 1899 2907 1963 εἲς
2991 1904 3191 1977 γνῶσιν
3278 1902 3577 1979 ἀνθρώπων
3637 1902 3817 1967 ἐλθεῖν

409 1994 723 2051 hominum
751 1992 1026 2048 notitiam
1045 1993 1245 2049 venire
1263 1991 1481 2049 debent
1509 1992 1802 2067 dogmata,
1837 1994 1955 2050 sive
1985 1994 2059 2051 de

409 2082 742 2138 visibilibus
773 2081 1282 2150 etinvisibilibus,
1333 2081 1452 2138 sive
1509 2082 1582 2140 de
1629 2083 1972 2140 caelestibus
2002 2088 2061 2140 et

410 2170 791 2228 terrestribus
818 2169 1016 2225 rebus.
1051 2171 1200 2226 Tum
1230 2170 1409 2227 etiam
1438 2188 1531 2239 eo,
1564 2171 1727 2242 quod
1754 2189 1930 2229 omne
1960 2173 2064 2228 ho-

410 2261 640 2317 minum
667 2276 853 2332 genus
882 2263 1045 2316 recto
1083 2259 1270 2315 cultui
1327 2260 1630 2333 subjiciat,
1664 2262 1965 2334 principes
2006 2267 2067 2317 et

410 2350 689 2423 privatos,
721 2349 925 2407 doctos
957 2353 1017 2405 et
1062 2349 1390 2421 imperitos.
1409 2349 1456 2385 ⁵⁵
1499 2353 1582 2406 Ac
1612 2350 1892 2423 denique,
1924 2350 2067 2422 quia

411 2438 770 2513 generaliter
798 2437 1043 2508 quidem
1070 2454 1246 2494 omne
1277 2442 1660 2509 peccatorum
1698 2456 1884 2513 genus
1932 2457 2063 2511 qua)

412 2544 520 2601 per
541 2527 806 2583 animam
826 2531 886 2581 et
905 2542 1119 2597 corpus
1139 2532 1579 2599 perpetrantur,
1603 2534 1773 2585 curat
1792 2533 1852 2584 et
1873 2534 2061 2585 sanat:

415 2616 624 2673 eadem
647 2631 782 2671 vero
815 2631 992 2669 omne
1020 2615 1305 2686 possidet,
1339 2617 1546 2687 quovis
1562 2617 1809 2673 nomine
1837 2618 2066 2691 signiﬁ-

414 2711 604 2775 cetur,
634 2703 867 2761 virtutis
894 2718 1104 2776 genus,
1136 2704 1200 2758 in
1239 2704 1413 2761 factis
1444 2710 1504 2762 et
1530 2705 1746 2775 verbis,
1779 2711 1840 2761 et
1888 2706 2064 2779 spiri-

2173 1986 2463 2064 ὀφείλοντα
2519 1985 2768 2063 δόγματα
2798 2034 2815 2062 ,
2871 1989 2998 2067 περὶ
3049 2010 3110 2046 τε
3165 1992 3372 2067 ὁρατῶν
3420 1993 3511 2048 καὶ
3569 1991 3816 2068 ἀοράτων

2166 2076 2520 2152 πραγμάτων,
2554 2076 2883 2154 ἐπουρανίων
2936 2101 2993 2135 τε
3048 2080 3137 2135 καὶ
3194 2079 3464 2154 ἐπιγείων·
3515 2081 3607 2137 καὶ
3638 2078 3729 2137 διὰ
3755 2081 3818 2137 τὸ

2172 2171 2274 2221 πᾶν
2304 2165 2458 2239 γένος
2508 2165 2808 2241 ἀνθρώπων
2866 2168 2945 2232 εἷς
3000 2164 3271 2225 εὐσέϐειαν
3326 2170 3666 2238 ὑποτάσσειν,
3713 2170 3816 2245 ἀρ-

2173 2254 2386 2332 χόντων
2415 2275 2474 2310 τε
2503 2257 2592 2312 καὶ
2624 2252 2970 2332 ἀρχομένων,
3022 2256 3235 2334 ληγίων
3293 2280 3352 2314 τε
3406 2259 3495 2315 καὶ
3555 2257 3814 2317 ἰδιωτῶν.

2170 2345 2262 2403 καὶ
2293 2343 2383 2401 διὰ
2437 2346 2500 2401 τὸ
2554 2347 2867 2409 καθολικῶς
2925 2347 3158 2420 ῗατρύειν
3218 2349 3311 2421 μὶν
3359 2349 3451 2404 καὶ
3502 2350 3814 2425 θεραπεύειν

2175 2436 2311 2492 ἅπαν
2339 2435 2406 2490 τὸ
2431 2440 2539 2491 τῶν
2589 2437 2872 2512 ἁμαρτιῶν
2904 2434 3067 2501 εἶδος,
3113 2442 3221 2493 τῶν
3252 2435 3342 2493 διὰ
3369 2441 3555 2514 ψυχῆς
3584 2439 3678 2494 καὶ
3709 2442 3817 2495 σώ-

2176 2546 2346 2599 ματος
2375 2522 2839 2599 ἐπιτελουμένων·
2871 2528 3160 2596 κεκτῆσθαι
3208 2524 3266 2582 δὲ
3320 2528 3395 2602 (7)
3424 2526 3479 2582 ἐν
3525 2529 3666 2603 αὐτῇ
3710 2533 3819 2583 πᾶ-

2175 2635 2269 2669 σαν
2332 2611 2474 2669 ἰδέαν
2524 2613 2933 2689 ὀνομαζομένης
2993 2616 3209 2691 ἀρετῆς,
3271 2616 3323 2671 ἐν
3378 2613 3568 2693 ἔργοις
3621 2638 3681 2673 τε
3727 2619 3818 2673 καὶ

2175 2701 2376 2778 λέγοις,
2407 2703 2498 2759 καὶ
2526 2709 2910 2776 πνευματικῆς
2938 2704 3218 2769 παντοίοις
3246 2704 3603 2782 χαρίσμασιν.
3751 2722 3755 2725 ‘

417 2793 678 2850 tualibus
708 2792 974 2863 cujusvis
1003 2792 1222 2863 speciei
1253 2792 1448 2852 donis.

486 2881 693 2939 XXIV.
727 2881 994 2937 Ecclesia
1022 2897 1158 2937 vero
1181 2886 1198 2949 [
1218 2898 1322 2939 seu
1343 2882 1685 2940 convocatio
1709 2882 1726 2956 ]
1757 2884 2066 2956 aptissimo

2247 2885 2357 2941 ΚΔ.
2417 2879 2717 2953 Ἐκκλησία
2773 2880 2834 2939 δὲ
2886 2881 3134 2939 καλεῖται
3193 2883 3552 2959 φερωνύμως,
3610 2880 3699 2939 διὰ
3755 2887 3821 2940 τὸ

417 2971 706 3031 vocabulo
738 2970 1093 3043 appellatur,
1121 2971 1280 3043 quod
1308 2989 1523 3030 omnes
1553 2979 1835 3030 convocet
1863 2979 1921 3029 et
1948 2990 2071 3030 una

2180 2972 2375 3035 πάντας
2404 2971 2745 3037 ἐκκαλεῖσθαι
2795 2972 2887 3027 καὶ
2944 2973 3084 3046 ὁμοῦ
3142 2974 3408 3047 συνάγειν,
3454 2973 3630 3035 καθὼς
3660 2972 3712 3030 ἒν
3739 2978 3822 3047 τῷ

413 3066 607 3134 cogat,
638 3060 792 3116 sicut
843 3061 908 3115 in
964 3060 1217 3116 Levitico
1262 3062 1347 3117 ait
1389 3063 1720 3119 Dominus:
1756 3066 1831 3119 Et
1859 3080 2070 3119 omnem

2180 3066 2447 3133 Λευῖτικῷ
2505 3082 2667 3136 φησιν
2701 3062 2728 3115 ὁ
2762 3061 2982 3135 Κύριος·
3043 3063 3150 3117 Καὶ
3207 3063 3354 3137 πάσῃ
3407 3067 3478 3137 τῇ
3538 3065 3824 3137 συναγωγῇ

412 3153 889 3224 congregationem
944 3167 1200 3221 convoca,
1259 3149 1641 3221 ἐκκλησίασον,
1692 3160 1841 3210 ante.
1869 3156 2070 3210 ostium

2181 3148 2539 3222 έκκλησίασον
2646 3147 2735 3204 ἐπὶ
2833 3157 2933 3221 τῆς
3013 3149 3178 3226 θύρας
3255 3158 3356 3222 τῆς
3450 3158 3655 3222 σκηνῆς
3730 3154 3827 3207 τοῦ

414 3236 758 3298 tabernaculi
778 3242 1072 3296 testimonii
1109 3239 1175 3294 ⁵⁸.
1210 3243 1421 3299 Notatu
1449 3259 1625 3314 porro
1665 3243 1911 3316 dignum
1954 3248 2064 3312 est,

2183 3241 2500 3316 μαρτυρίου.
2587 3240 2935 3312 Σημειωτέον
2993 3236 3098 3312 δὲ,
3158 3241 3239 3296 ὅτι
3295 3242 3382 3311 τὸ,
3441 3238 3824 3311 ἐκκλησίασον,

485 3357 534 3392 δ’·
565 3357 683 3414 Cat.
707 3359 741 3410 2
768 3362 822 3411 et
849 3356 903 3410 3.
1005 3356 1051 3391 ⁸⁸
1086 3355 1208 3413 Vid.
1242 3359 1416 3429 infra,
1450 3375 1509 3413 n.
1546 3359 1632 3413 l2.
1709 3358 1757 3393 ⁵⁸
1780 3360 1958 3416 Levit.
1991 3376 2113 3427 vm,
2144 3361 2199 3417 3.

420 3473 738 3548 sibineipsi
769 3490 837 3528 ac
860 3473 1136 3530 ﬁdelibus
1160 3475 1469 3548 baptizatis
1489 3479 1517 3533 ?
1545 3493 1744 3531 nonne
1764 3477 1911 3548 ipsis
1932 3477 2068 3548 qui-

420 3546 532 3621 bus
562 3546 645 3600 ita
673 3553 1037 3621 praeceperat
1065 3552 1176 3602 cat.
1227 3546 1281 3615 5,
1327 3566 1491 3603 num.
1527 3552 1631 3605 12:
1665 3546 1965 3621 memet
1986 3547 2069 3601 ἐπ’
2178 3554 2387 3621 quaest.
2421 3551 2509 3606 37.
2542 3550 2850 3621 pag.7316,7
2872 3547 2972 3602 ubi
3006 3549 3133 3621 haec
3185 3548 3292 3604 sub
3345 3546 3591 3605 nomine
3619 3546 3823 3621 Cyrilli

424 3615 593 3694 αὐτῆς
648 3615 748 3694 τῇς
797 3615 993 3686 λέξεως
1054 3623 1506 3694 ,μνημονεῦσαιμ
1551 3621 1691 3694 ὑμᾶς
1744 3617 2019 3694 βορλομαι
2056 3662 2071 3687 ,

2180 3615 2401 3691 absque
2432 3615 2975 3694 alia'déclaratione
2989 3620 3067 3694 de
3094 3615 3681 3694 quoloquaturtsibi'
3697 3638 3830 3693 pro-

424 3687 514 3742 καὶ
536 3687 663 3757 παρ’
693 3688 903 3749 ἑαυτοῖς
940 3687 1277 3761 μετὶπάσής
1308 3688 1547 3757 σπουδῆς
1583 3687 1904 3764 ἆπαγγεῖλαι
1925 3687 1962 3746 ’τ

497 3762 605 3820 (10)
628 3759 727 3820 Τὸ.
770 3759 872 3816 Καὶ
930 3760 1005 3820 εἷς
1053 3757 1131 3820 ἓν.
1184 3765 1543 3819 Particulam
1594 3763 1685 3817 καί
1745 3764 2072 3820 adiecimus

2180 3687 2347 3820 popit
2367 3698 2427 3746 et
2444 3693 2782 3779 respondet.
2811 3687 3235 3779 Κορίλλου-’Διὰ
3261 3687 3377 3759 τίῆ
3408 3687 3716 3761 me.sz
3738 3712 3831 3746 κα-

2220 3783 2356 3817 ειται
2388 3761 2706 3820 Ἐκκλησια.
2725 3763 2813 3816 καὶ
2835 3760 2922 3818 δια
2941 3763 2992 3816 τί
3022 3760 3303 3820 Καθολική
3332 3781 3347 3820 :
3384 3764 3827 3820 «Quamobrem

497 3762 605 3831 (10)
622 3759 727 3835 Τὸ,
752 3759 885 3835 ΫΚαὶγ
930 3757 1005 3835 εἷς
1048 3757 1131 3835 ἓν,
1184 3757 1543 3819 Particulam
1594 3757 2072 3835 xal'adjecimus

2180 3757 2356 3820 λεῖται
2388 3757 2706 3830 Ἐνικλησία,
2725 3763 2813 3816 καὶ
2835 3757 2922 3818 διᾶ
2941 3763 2992 3816 τί
3022 3760 3303 3832 Καθολική
3332 3781 3347 3831 ς
3369 3757 3411 3814 ἰι
3428 3757 3827 3830 Quamobrem

430 3850 500 3908 ex
530 3833 701 3908 codd.
735 3834 931 3908 Ottob:
961 3834 1161 3908 Coisl..
1196 3837 1333 3905 Roe,
1362 3835 1608 3891 Casaub.
1642 3833 1832 3908 Grod.
1853 3842 1911 3891 et
1958 3835 2074 3891 alia
2182 3836 3836 3908 ccEcclesiavocaturEcclesia,etquapropterCatholica?»

427 3905 587 3961 brevi
615 3905 872 3961 formula
900 3905 1180 3976 Symboli.
1202 3902 1431 3970 cat.19,
1463 3924 1522 3963 n.
1556 3911 1588 3961 9
1621 3909 1740 3962 Vox
1769 3902 1846 3972 ἓν,
1878 3923 2071 3974 unum,

2180 3907 2524 3976 Ἀπόκρισις·
2550 3904 2848 3976 Ἐκκλησία
2875 3907 2990 3976 μὲν,
3008 3902 3204 3960 ⁷διιΞι-τὸ
3223 3902 3431 3968 πάντας
3463 3906 3827 3961 ἐκκαλεῖσθαι·

428 3977 802 4053 desideratur
830 3978 891 4053 in
927 3974 992 4029 ed
1043 3978 1242 4032 Morel.
1275 3979 1715 4053 et_codd.Colb.
1746 3986 1808 4053 et
1836 3979 2006 4053 Bodl.

2187 3974 2469 4053 Καθολική
2504 3974 2582 4053 δὲ,
2617 3974 2759 4053 διότι
2794 3974 2929 4053 καθ’,
2962 3976 3105 4053 Ϋὸλου
3135 3983 3231 4053 τοῦ
3281 3979 3494 4052 κόσμου
3552 3980 3832 4053 κεχυμένη

499 4052 580 4124 (_2)_
605 4048 812 4124 Ἀγίαν.
850 4051 1009 4124 Hauc
1040 4065 1240 4124 vucem
1285 4050 1471 4124 adjcci
1533 4068 1600 4124 ex
1656 4051 1825 4106 codd.
1854 4050 2072 4124 Ottob..

2189 4052 2445 4124 ὑπάρχει·
2483 4072 2510 4099 «ς
2543 4051 2805 4107 Ecclesia
2836 4052 3079 4123 quidem
3128 4052 3365 4116 dicitur,
3390 4048 3467 4107 eo
3516 4048 3675 4123 quod
3700 4048 3837 4108 om;

427 4120 628 4196 Qois‘lq
689 4122 837 4196 Hoc:
891 4119 1159 4187 Casaub.,
1193 4119 1371 4196 Grodi
1393 4123 1679 4196 _C)_'rillu:=
1712 4123 1914 4196 paucis
1946 4128 2079 4193 post
2187 4147 2215 4174 ‹‹
2249 4119 2703 4196 ιιιὲέοοιὶνοοειε
2732 4119 3034 4179 Catholica
3056 4140 3191 4179 vero
3214 4125 3370 4196 quod
3395 4142 3500 4196 per
3528 4119 3717 4180 totum
3751 4141 3841 4178 or-

428 4191 627 4268 ]ineis.
661 4199 715 4246 et
746 4191 901 4268 infra
948 4207 1112 4245 num.
1157 4194 1244 4268 26_.
1280 4191 1555 4268 Ecclesiaa
1597 4191 2078 4268 articulumcum
2193 4216 2219 4247 α
2246 4195 2544 4268 ῂθωίῑιιδει
2574 4195 2806 4250 existat.
2836 4219 2861 4245 »ι
2899 4196 3009 4268 Sed
3044 4201 3162 4251 tota
3195 4191 3320 4252 hinc
3352 4191 3628 4268 periocha
3650 4212 3842 4266 usque

429 4264 692 4339 hacvoce
716 4263 932 4339 repetit
957 4279 971 4316 :
997 4270 1054 4339 et
1078 4268 1198 4318 tota
1214 4264 1324 4319 hac
1341 4265 1634 4320 catechesi
1662 4265 1897 4339 titulum
1924 4267 2072 4320 hunc

2189 4266 2262 4322 ad
2293 4267 2665 4339 verbanum.
2696 4270 2784 4327 24.
2818 4267 2914 4320 Καὶ
2972 4265 3024 4320 ἐν
3061 4263 3470 4339 Δευτερονομίῳ
3502 4268 3648 4321 excl.
3684 4263 3841 4322 cita-

430 4336 709 4392 Ecclesiae
739 4336 1031 4408 mentioni
1064 4352 1369 4408 nunquam
1402 4354 1523 4391 non
1557 4338 1881 4408 coniungit:
2191 4345 2289 4394 tur
2312 4338 2385 4393 ab
2413 4337 2539 4392 Elia
2557 4340 2825 4393 Cretensi
2857 4344 3041 4395 notat
3076 4341 3136 4393 in
3159 4336 3306 4394 orat.
3332 4355 3405 4393 ιιι
3435 4338 3487 4391 S.
3515 4339 3681 4406 Greg.
3707 4340 3840 4393 Naz.

504 4410 581 4483 (3)
637 4407 884 4483 Λεγέσθω
911 4402 1009 4483 δέ.
1045 4402 1320 4483 Additum
1356 4402 1952 4483 iniimpres‘sis‘itailw
1986 4425 2072 4463 re-

2193 4410 2301 4466 sub
2334 4410 2595 4483 generali
2630 4411 2873 4483 nomine
2906 4412 3241 4483 divinorum
3275 4413 3533 4483 Patrum.

430 4477 747 4547 movimus,
778 4479 951 4541 codd,
985 4479 1182 4551 Coisl.,
1224 4482 1364 4547 Boe,
1413 4477 1683 4549 Casaub.,
1737 4481 1908 4537 Grod.
1945 4497 2072 4535 auc-

2262 4477 2363 4550 (7)⁷
2394 4487 2692 4548 Κεκτῆσθαι
2738 4479 2813 4534 δέ.
2871 4481 3225 4536 Particulam
3276 4477 3331 4532 δέ
3377 4477 3717 4551 addidimus
3765 4494 3839 4531 ex

435 4553 650 4630 Γίίὲέθλ
713 4620 724 4630 .
852 4623 897 4630 __
1013 4621 1026 4630 ,
1077 4619 1088 4630 ,
1168 4548 1201 4630 γ,
1233 4622 1245 4630 ,
1327 4622 1344 4630 _
1465 4628 1471 4630 _
1512 4624 1524 4630 _
1672 4548 1707 4630 ί,
1796 4623 1828 4630 _
1874 4623 1884 4630 ,
1924 4622 1939 4630 _
2067 4628 2072 4630 _
2112 4563 2158 4628 Ι)
2189 4548 3582 4630 codd.Coisl.._Roe.tIasau_b..Grodec.,propter
3612 4548 3709 4630 μέν
3735 4564 3834 4602 su-

503 4626 578 4694 (4)
607 4620 810 4697 Ἁγίαν,
852 4623 972 4676 Vox
991 4619 1152 4697 *ἁγίαν
1185 4622 1282 4678 hic
1312 4622 1480 4697 deest
1509 4624 1574 4697 in
1591 4623 1760 4697 cod.‘
1788 4622 1993 4697 Coisl.,
2023 4628 2072 4677 al

2192 4626 2393 4697 perius
2424 4631 2558 4697 post
2590 4622 2871 4697 ίατρεᾷειν.
2907 4626 3052 4677 Nota
3082 4619 3575 4697 communiaiilis
3606 4625 3837 4697 tempo-

424 4691 629 4751 vocem
660 4691 749 4746 καὶ
780 4691 1173 4762 ἀποπολικήν,
1207 4712 1338 4766 quas
1369 4696 1508 4759 huc,
1560 4695 1942 4750 librariorum
1972 4695 2086 4750 for-
2192 4691 2357 4752 ribus
2387 4691 2709 4766 gratiarum
2737 4696 2910 4757 dona,
2945 4710 3075 4763 quae
3106 4694 3284 4766 etiam
3316 4691 3572 4766 Cyrillus
3603 4692 3663 4745 in
3688 4691 3839 4763 prm-

2178 3476 2286 3531 sub
2317 3476 2563 3560 nomine
2596 3475 3144 3560 sancti‘mhanasii,
3163 3480 3305 3560 tom.
3338 3476 3389 3530 II
3408 3477 3666 3560 Operum
3693 3477 3829 3560 ejus

428 4767 607 4841 mulas
638 4766 744 4841 GP.
770 4771 1159 4841 iassuetorum
1184 4765 1716 4841 velincogitantia,
1749 4766 1839 4821 vel
1870 4766 2081 4841 inco_n_-
2192 4770 2365 4841 cipuo
2395 4765 2674 4841 Ecclesiae
2694 4766 2936 4841 nomine
2958 4770 3016 4819 et
3036 4765 3206 4841 titulo
3231 4765 3685 4841 comprehensa,
3713 4780 3839 4819 non

431 4840 585 4894 sulta
617 4837 956 4905 sedulitate,
1015 4845 1148 4909 post
1205 4836 1503 4907 καθολικῆν
1538 4838 1878 4910 irrepserat.
1907 4837 2080 4893 codd.
2194 4836 2364 4897 se'cus
2395 4846 2570 4964 atque
2601 4837 2759 4918 ipsas
2776 4836 3059 4918 .virtutes,
3108 4836 3181 4891 ab
3231 4836 3383 4919 ipsa;
3420 4836 3684 4918 separari
3717 4852 3837 4891 non

434 4909 638 4964 Coisl..
680 4912 818 4964 Roe.
848 4910 1025 4964 Ottb..
1085 4910 1334 4964 Casaub.
1391 4911 1738 4964 auctoritate
1797 4910 2086 4964 submovi-
2191 4928 2366 4964 nosse
2396 4911 2456 4964 iu
2502 4909 2687 4963 icav1t.
2726 4908 2867 4963 Vide
2893 4913 2953 4962 et
2989 4924 3157 4964 num.
3189 4911 3277 4963 27.
3314 4910 3406 4964 Sic
3436 4915 3494 4963 et
3524 4908 3836 4964 Miltiades.

434 4909 638 4984 Coisl._.
680 4912 818 4967 Roe.
848 4908 1032 4984 Ottb,’
1085 4910 1334 4984 casaub.
1391 4908 1738 4984 auctoritate
1797 4910 2086 4984 submovi-
2191 4928 2366 4984 posse
2388 4908 2687 4981 judicavit.
2726 4908 2869 4984 Vide
2893 4913 2953 4962 et
2976 4924 3167 4984 num.
3189 4908 3406 4984 27'.”_Sic
3436 4915 3494 4963 et
3524 4908 3836 4984 Miltiades,

432 4998 586 5055 mus.
608 4980 736 5034 Jam
784 4998 962 5055 supra
982 4983 1109 5055 sine
1130 4983 1239 5038 hoc
1275 4983 1445 5038 titulo
1471 4982 1747 5037 Ecclesiae
1768 4981 2082 5036 articulum
2192 4979 2469 5055 antiquus
2486 4986 2706 5055 auctor,
2732 4980 3246 5055 velApollinarius
3272 4980 3588 5055 Hierapol..
3611 4981 3712 5055 qui
3731 4979 3839 5055 sub

434 5052 800 5124 recitaverat,
836 5052 1083 5107 inferius
1115 5071 1350 5124 quoque
1396 5072 1559 5110 num.
1620 5057 1687 5109 26
1743 5054 1954 5108 recitat
1981 5055 2085 5124 Cy-

433 5122 642 5196 ryllus.
676 5124 858 5196 Abest
886 5122 1187 5196 quoque—ﬂ
1217 5122 1387 5180 titulo
1437 5126 1783 5183 catechesis.
1819 5122 2082 5196 Denique

435 5193 498 5269 in
530 5193 707 5269 hujus
738 5195 970 5269 articuli
1004 5193 1441 5269 explanatione,
1467 5198 1701 5253 nullum
1742 5193 2086 5269 appellatio-

435 5266 530 5323 nis
550 5265 732 5340 hujus
760 5265 1527 5340 vestigium’deprehendas.
1563 5265 1904 5340 quanquam
1950 5269 2081 5324 aliae

436 5336 700 5394 studiose
727 5336 1113 5407 explicentur.
1147 5336 1206 5393 et
1233 5340 1438 5396 crebro
1468 5336 1865 5397 inculcantur.

508 5411 577 5477 «5)
610 5407 896 5477 Ἐροῦμεν.
956 5411 1268 5466 Maluimus
1310 5412 1395 5469 ita
1423 5413 1682 5469 scribere
1741 5429 1876 5468 cum
1908 5411 2077 5467 codd.

435 5478 634 5565 Qoisl.,
669 5479 807 5560 liae,
840 5478 1086 5535 Casaub.
1130 5488 1189 5536 et
1217 5483 1416 5552 Grod.,
1475 5501 1653 5554 quam
1705 5481 1913 5558 ἐρῶμεν
1947 5500 2079 5540 cum

437 5565 767 5622 Impressis.

509 5616 584 5695 (Β)
619 5616 892 5695 Καθολική
930 5622 1024 5695 μὶν
1084 5620 1198 5689 οὖν,
1233 5629 1344 5681 etc.
1414 5626 1548 5682 Haec
1606 5626 1734 5681 sine
1784 5626 1964 5682 dubio
2018 5625 2082 5680 in

438 5693 859 5769 compendium
888 5694 1128 5754 redacta
1155 5697 1299 5754 citat
1321 5703 1528 5754 auctor
1554 5698 1780 5769 scripti,
1823 5698 1918 5754 cui
1945 5696 2082 5769 titu-

439 5767 534 5826 lus
551 5765 739 5825 :Dicta
758 5771 810 5823 et
827 5769 1306 5840 inierpretationes
1335 5765 1733 5842 parabolamm
1769 5765 2078 5841 Evangelii,

2193 5051 2373 5110 ﬁnem
2396 5053 2595 5109 saeculi
2619 5053 2860 5108 secundi
2882 5051 3162 5109 adversus
3180 5055 3309 5108 Mon
3319 5051 3563 5108 lanistas
3581 5051 3838 5123 scripsit,

2192 5126 2347 5198 apud
2379 5125 2615 5193 Euseb.,
2648 5124 2752 5180 lib.
2786 5142 2817 5178 v
2845 5126 2986 5180 Hist.
3037 5127 3246 5193 eccles.,
3303 5141 3430 5198 cap.
3466 5128 3555 5198 l7,
3586 5122 3839 5198 apoStoli

2192 5193 2356 5252 Pauli
2382 5197 2735 5253 auctoritate
2765 5198 3097 5257 conﬁrmat.
3155 5193 3482 5269 prophetiae
3524 5193 3747 5269 donum
3777 5193 3841 5269 in

2191 5270 2467 5324 universa
2489 5269 2750 5324 Ecclesia
2772 5286 2961 5340 usque
2985 5269 3058 5324 ad
3088 5264 3453 5344 postremum
3475 5267 3712 5344 Domini
3735 5264 3841 5344 ad-

2191 5347 2430 5395 ventum
2463 5339 2923 5411 permansurum
2975 5339 3123 5396 esse.
3156 5341 3320 5396 Idem
3350 5341 3432 5395 ait
3475 5339 3749 5394 Basilius.
3780 5339 3841 5392 in

2190 5414 2412 5495 lsaiam,
2442 5411 2656 5495 vision:
2687 5413 2739 5478 3,
2798 5429 2929 5484 pag.
2953 5415 3066 5495 ‘96,
3080 5418 3393 5495 potestque
3441 5411 3695 5495 alior‘um
3727 5411 3841 5464 Pa-

2193 5489 2349 5538 trum
2381 5482 2705 5554 astipulatu
2736 5482 2815 5539 ea
2837 5482 3133 5538 sententia
3164 5482 3527 5539 confirmari.
3561 5485 3631 5536 Et
3660 5497 3841 5554 quan-

2191 5572 2368 5627 quam
2398 5553 2535 5627 post
2536 5554 2991 5680 (promulgatum
3044 5555 3408 5611 sufﬁcienter
3462 5553 3842 5627 Evangelium

2191 5628 2416 5680 rariora
2444 5626 2506 5680 in
2580 5627 2663 5680 ies
2705 5627 2861 5680 facta
2916 5628 3035 5680 sint
3066 5626 3361 5680 eiusmodi
3393 5626 3568 5680 dona.
3603 5625 3838 5680 nullum

2190 5625 2420 5683 rariora
2444 5626 2506 5681 in
2536 5625 2663 5698 dies
2705 5625 2861 5682 facta
2892 5628 3035 5698 sint
3066 5626 3361 5698 ejusmodi
3393 5626 3568 5693 dona,
3603 5625 3838 5681 nullum

2191 5704 2390 5754 tamen
2420 5696 2697 5753 Ecclesiae
2726 5697 3011 5770 saeculum
3068 5696 3282 5755 horum
3334 5714 3578 5770 prorsus
3626 5712 3838 5769 expers

2190 5770 2372 5826 fuisse
2402 5787 2524 5826 non
2554 5784 2706 5842 aagre
2735 5769 3106 5841 probaretur.
