4148 6286
372 337 531 400 1047
1421 338 1487 399 S.
1534 338 1850 400 CYBILLI
1894 339 2029 400 HIE

2143 342 2309 404 SOL.
2354 342 2720 405 ARCHIEP.
3641 338 3818 401 1048

376 491 405 520 κ
438 470 501 525 in
531 470 707 525 domo
733 469 836 525 Dei
859 470 1103 540 versari,
1128 487 1260 543 quaa
1291 474 1382 527 est
1404 469 1668 527 Ecclesia
1692 472 1792 528 Dei
1824 473 2024 528 viven-

2143 481 2235 545 ιιῆς
2291 474 2618 547 Ἐκκλησίας
2671 472 2865 553 γράφει
2921 475 3058 550 πρὸς
3125 474 3397 547 Τιμόθεον
3457 474 3486 529 ὁ
3541 472 3811 535 Παῦλος·

378 582 407 609 ‹‹
436 559 533 627 tis,
565 558 848 615 columna
875 563 935 615 et
963 559 1436 616 stabilimentum
1466 561 1729 616 veritatis
1748 560 1813 614 ⁸⁸.
1849 582 1877 610 »

2143 565 2241 620 Ἰνα
2298 563 2449 640 εἷ’δῇς
2504 566 2557 621 ἐν
2615 563 2753 637 οἴκῳ
2808 568 2943 620 Θεοῦ
2999 569 3117 628 πῶς
3195 563 3278 620 δεῖ
3332 563 3808 639 ἀναπρέφεσθαι,

2127 654 2249 722 ¹ἣτις
2303 652 2447 709 ἐστὶν
2508 651 2809 724 Ἐκκλησία
2874 657 3008 709 Θεοῦ
3100 657 3328 723 ζῶντος,
3412 650 3617 716 στύλος
3711 650 3812 708 καὶ

2129 739 2413 819 ἰδραίωμα
2441 749 2543 813 τῆς
2570 742 2853 813 ἀληθείας.

2201 832 2308 901 KC.
2343 829 2565 902 Ἐπειδὴ
2618 828 2675 886 δὲ
2718 831 2782 886 τὸ
2828 836 2930 900 τῆς
2988 829 3320 900 Ἐκκλησιας
3345 828 3522 903 ὄνομα
3549 833 3691 907 περὶ
3729 835 3812 904 (2)

2130 917 2403 996 διαφόρων
2494 918 2706 994 λέγεται
2789 925 3148 994 πραγμάτων·
3210 921 3285 981 ὡς
3353 921 3446 976 καὶ
3502 920 3638 996 περὶ
3702 924 3815 975 τοῦ

2129 1004 2331 1084 ὄχλου,
2361 1012 2460 1065 τοῦ
2512 1007 2565 1063 ἐν
2596 1012 2677 1081 τῷ
2708 1008 2916 1081 θεάτρῳ
2969 1012 3078 1064 τῶν
3139 1008 3424 1087 Ἐφεσίων,
3456 1008 3809 1083 γέγραπται·

2130 1098 2234 1152 Καὶ
2288 1101 2454 1152 ταῦτα
2534 1096 2726 1169 εἰπὼν,
2806 1097 3054 1167 ἂπήλυσε
3128 1098 3227 1165 τὴν
3308 1096 3637 1167 ἐκκλησίαν·
3703 1119 3815 1152 κυ-

2131 1187 2267 1261 ρίως
2328 1184 2387 1240 δὲ
2446 1185 2506 1240 ἄν
2558 1206 2641 1249 τις
2696 1181 2841 1240 εἷ’ποι
2898 1185 2987 1239 καὶ
3047 1185 3275 1256 ἀληθῶς
3319 1183 3617 1257 ἐκκλησίαν
3657 1189 3811 1241 εἶναι

2129 1278 2613 1348 πονηρευομένων,
2640 1275 2709 1330 τὰ
2754 1278 3074 1348 συστήματα
3119 1280 3225 1330 τῶν
3281 1277 3592 1351 αἱρετικῶν,
3632 1278 3814 1351 Μαρ-

2128 1370 2429 1421 κιωνιστῶν
2459 1363 2631 1442 λέγω,
2655 1365 2746 1420 καὶ
2788 1366 2864 1438 (3)
2912 1364 3259 1440 Μανιχαίων,
3284 1365 3374 1420 καὶ
3404 1370 3512 1420 τῶν
3546 1363 3808 1420 λοιπῶν·

2132 1452 2221 1509 διὰ
2248 1456 2409 1509 τοῦτό
2440 1475 2525 1509 σοι
2557 1455 2647 1508 νῦν
2698 1450 3126 1525 ἠσφαλισμένως
3178 1450 3491 1529 παρέδωκεν
3524 1456 3561 1525 ἡ
3596 1454 3809 1515 Πίστις

2128 1542 2215 1612 τὸ,
2246 1542 2347 1597 Καὶ
2376 1543 2455 1603 εἰς
2516 1542 2664 1614 μίαν,
2725 1542 2895 1618 ἁγίαν,
2956 1546 3031 1615 (4)
3088 1540 3391 1613 καθολικὴν
3425 1542 3805 1613 Ἐκκλησίαν·

2125 1629 2219 1686 ’ίνα
2247 1630 2461 1685 ἐκείνων
2499 1631 2593 1705 μὲν
2649 1631 2719 1686 τά
2771 1631 2943 1706 μιαρὰ
2973 1633 3294 1702 συστήματα
3350 1631 3579 1708 φεύγῃς,
3614 1653 3810 1706 παρα-

446 829 635 885 XXVI.
687 830 979 895 Quoniam
1026 847 1162 886 vero
1209 830 1462 886 Ecclesiae
1508 847 1728 886 nomen
1774 831 2023 886 diversis

376 919 862 975 accommodatur
885 917 1080 988 rebus,
1106 924 1172 974 ut
1195 925 1255 974 et
1281 919 1355 974 de
1383 919 1767 976 multitudine
1798 936 1929 991 quae
1959 920 2023 974 in

376 1008 608 1063 theatro
640 1006 1029 1079 Ephesiorum
1074 1014 1220 1076 erat,
1250 1009 1535 1081 scriptum
1568 1014 1695 1065 est:
1729 1032 1755 1058 α
1789 1011 1860 1063 Ει
1888 1026 2023 1064 cum

378 1119 406 1148 α
425 1097 550 1152 haec
563 1095 828 1158 dixisset.
843 1096 1395 1153 dimisitecclesiam
1406 1097 1492 1147 δ’»
1511 1099 1638 1170 [seu
1650 1097 2021 1170 concionem]

379 1185 617 1258 proprie
638 1190 836 1240 autem
859 1191 918 1240 et
940 1202 1073 1241 vere
1095 1186 1229 1257 quis
1258 1186 1477 1242 dixerit
1506 1187 1819 1243 ecclesiam
1840 1187 2022 1242 mali-

376 1274 686 1348 gnantium
717 1290 844 1329 esse
867 1274 1281 1330 hereticorum
1301 1276 2021 1345 ccetus,Marcionistarum

377 1363 533 1433 dico,
582 1368 641 1418 et
696 1363 1172 1431 Manichaeorum,
1223 1365 1750 1437 reliquorumque:
1803 1364 2021 1420 idcirco

377 1467 538 1507 nunc
560 1451 901 1507 cautissime
931 1450 1039 1506 tibi
1069 1451 1316 1507 tradidit
1342 1452 1513 1508 Fides
1538 1454 1622 1509 ita
1651 1453 1975 1508 tenendum
2006 1471 2018 1508 :

375 1563 404 1591 (ι
425 1543 496 1595 Ει
518 1541 579 1595 in
601 1556 780 1595 unam
803 1546 1069 1596 sanctam
1094 1541 1448 1597 catholicam
1474 1542 1795 1598 Ecclesiam
1814 1559 1828 1609 ;
1847 1540 1894 1577 7°
1910 1564 1935 1592 η
1958 1547 2024 1597 ut

375 1646 580 1685 eorum
600 1629 1003 1685 abominanda
1014 1629 1264 1703 collegia
1276 1630 1529 1703 fugiens,
1546 1631 1850 1687 adhmreas
1866 1647 2024 1686 sem-

373 1735 481 1791 per
493 1724 711 1775 sanctse
725 1718 1032 1774 catholicas
1045 1720 1323 1775 Ecclesiae
1336 1720 1397 1775 in
1412 1736 1530 1791 qua
1542 1726 1851 1776 etrenatus
1867 1721 2026 1775 es.Et

2135 1721 2296 1793 μένῃς
2330 1717 2387 1775 δὶ
2414 1724 2484 1785 τῇ
2525 1720 2654 1795 ἁγίᾳ
2707 1717 2983 1794 καθολικῇ
3041 1719 3326 1792 Εκκλησίᾳ
3354 1718 3446 1775 διὰ
3475 1722 3714 1791 παντὸς,
3752 1722 3808 1776 ἐν

378 1807 427 1864 si
445 1807 683 1879 quando
706 1807 1116 1880 peregrinatus
1134 1808 1319 1864 fueris
1341 1809 1403 1863 in
1423 1809 1859 1875 civitatibus,ne
1880 1809 2023 1864 sim-

2143 1809 2169 1879 ἧ
2221 1808 2311 1863 καὶ
2364 1808 2743 1883 ἀνεγεννήθης.
2799 1806 2902 1863 Κᾶν
2963 1828 3096 1863 ποτε
3150 1807 3432 1882 ἐπιδημῇς
3478 1810 3533 1864 ἐν
3564 1809 3807 1881 πόλεσι,

379 1897 617 1969 pliciter
644 1897 916 1967 requiras
943 1896 1045 1952 ubi
1078 1899 1156 1952 sit
1185 1898 1563 1953 Dominicum
1605 1899 1721 1969 (l);
1766 1898 1926 1969 (nam
1967 1903 2026 1953 et

381 1991 610 2043 caeteras
643 1985 963 2057 impiorum
997 1992 1170 2041 sectas
1202 1992 1379 2057 atque
1410 1986 1669 2042 haereses
1699 2003 1837 2043 suas
1867 1987 2029 2059 ipso-

386 2089 522 2132 rum
552 2074 866 2147 speluncas
923 2075 1358 2131 dominicorum
1415 2076 1659 2131 nomine
1713 2076 2029 2131 honestare

304 2220 307 2221 ν
389 2164 666 2220 nituntur
688 2166 727 2236 ;)
754 2181 949 2236 neque
972 2165 1069 2220 ubi
1096 2165 1173 2219 sit
1193 2164 1545 2236 simpliciter
1564 2164 1716 2221 298
1739 2164 2027 2231 Ecclesia;

388 2254 494 2310 sed
525 2255 627 2310 ubi
653 2254 728 2310 sit
758 2255 1030 2310 catholica
1058 2253 1321 2310 Ecclesia
1348 2271 1360 2308 :
1395 2253 1507 2309 hoc
1536 2254 1694 2308 enim
1724 2253 2031 2325 proprium

387 2359 609 2399 nomen
649 2349 739 2399 est
766 2343 949 2415 hujus
997 2348 1241 2408 sanctae,
1290 2346 1350 2397 et
1394 2342 1602 2398 matris
1624 2343 1891 2397 omnium
1921 2359 2030 2397 n0-

387 2437 576 2488 strum
603 2449 615 2486 :
666 2449 797 2502 quae
849 2430 1091 2502 quidem
1121 2437 1180 2485 et
1210 2447 1430 2503 sponsa
1460 2437 1549 2486 est
1577 2432 1813 2487 Domini
1847 2431 2033 2487 nostri

387 2526 525 2580 Jesu
553 2523 771 2579 Christi
794 2522 1088 2595 unigeniti
1114 2522 1244 2576 Filii
1265 2523 1367 2577 Dei
1391 2523 1701 2593 (scriptum
1731 2529 1822 2578 est
1846 2525 2029 2579 enim:

392 2636 413 2664 ι
440 2614 604 2670 Sicut
622 2618 680 2667 et
692 2612 959 2668 Christus
981 2610 1190 2666 dilexit
1210 2611 1551 2679 Ecclesiam,
1573 2616 1632 2666 et
1646 2613 2034 2683 semetipsum

389 2724 419 2753 ‹‹
440 2702 684 2759 tradidit
698 2718 803 2773 pro
826 2717 895 2757 ea
907 2698 1013 2770 7‘,»
1032 2706 1090 2755 et
1104 2701 1309 2756 omnia
1324 2717 1455 2771 quas
1473 2702 1963 2772 consequuntur),
1977 2706 2036 2757 et

391 2793 640 2866 ﬁguram
661 2808 782 2864 praa
810 2806 872 2846 se
893 2789 1011 2845 fert
1029 2794 1207 2860 atque
1227 2789 1623 2845 imitationem
1656 2812 1676 2839 ι
1710 2790 2035 2861 superioris

392 2904 420 2932 ‹‹
453 2880 844 2949 Hierusalem,
878 2896 1009 2951 quea
1040 2878 1230 2935 libera
1286 2883 1393 2945 est,
1442 2883 1503 2934 et
1547 2883 1739 2934 mater
1767 2880 2036 2935 omnium

392 2993 420 3022 α
453 2976 724 3026 nostrum
743 2968 811 3026 τ’.
836 2991 864 3020 ››
892 2970 1030 3035 Quae
1061 2985 1197 3024 cum
1225 2968 1391 3040 prius
1421 2968 1641 3023 sterilis
1670 2968 2036 3035 fuerit,nunc

391 3063 482 3114 est
509 3074 845 3114 numerosa)
874 3056 1061 3128 prolis
1091 3071 1308 3128 parens
1328 3055 1393 3111 ⁷⁸.

459 3148 678 3203 XXVII.
701 3147 903 3202 Priore
927 3161 1185 3217 namque
1205 3144 1536 3217 repudiata,
1559 3145 1623 3200 in
1639 3144 1919 3212 secunda,
1943 3162 2036 3202 ca-

387 3236 612 3293 tholica
628 3236 905 3292 videlicet
922 3234 1207 3303 Ecclesia,
1227 3236 1391 3299 Deus,
1411 3234 1498 3289 uti
1519 3233 1739 3289 Paulus
1757 3234 1860 3302 ait,
1874 3256 1901 3283 α
1927 3251 2033 3306 po-

390 3350 418 3380 ‹‹
441 3329 563 3384 suit
579 3328 840 3399 primum
861 3326 1183 3398 apostolos,
1209 3326 1469 3382 secundo
1492 3326 1832 3397 prophetas,
1856 3327 2029 3381 tertio

2138 1897 2214 1969 μὴ
2245 1895 2436 1959 ἁπλῶς
2467 1895 2693 1968 ἐξέταζε,
2744 1901 2852 1952 ποῦ
2898 1898 2961 1952 τὸ
3010 1899 3275 1973 Κυριακόν
3307 1897 3419 1953 ἐστι
3450 1899 3565 1971 (καὶ
3593 1899 3714 1973 γὰρ
3747 1900 3807 1953 αἱ

2134 1984 2325 2041 λοιπαὶ
2379 1990 2485 2040 τῶν
2567 1981 2773 2041 ἀσεϐῶν
2850 1985 3083 2061 αἱρέσεις
3156 1986 3389 2062 κυριακά
3443 1988 3511 2042 τὰ
3576 1988 3803 2042 ἑαυτῶν

2136 2075 2382 2144 σπήλαια
2410 2073 2596 2130 καλεῖν
2629 2075 3023 2150 ἐπιχειροῦσιν
3078 2072 3241 2146 μηδὲ,
3280 2076 3387 2131 ποῦ
3419 2071 3560 2130 ἔστιν
3593 2075 3807 2139 ἁπλῶς

2135 2166 2170 2232 ἡ
2203 2162 2504 2231 Ἐκκλησία
2550 2165 2646 2237 (5)·
2699 2162 2865 2232 ἀλλὰ,
2914 2167 3020 2218 ποῦ
3068 2160 3209 2218 ἔστιν
3259 2166 3294 2233 ἡ
3343 2164 3613 2234 καθολικὴ
3666 2166 3804 2223 Ἐκ-

2135 2251 2359 2322 κλησία.
2391 2255 2561 2306 Τοῦτο
2610 2251 2714 2327 γὰρ
2766 2249 2938 2307 ἰδικόν
2990 2247 3168 2325 ὄνομα
3209 2252 3466 2329 τυγχάνει
3496 2260 3597 2323 τῆς
3635 2256 3808 2328 ἁγίας

2135 2339 2357 2409 ταύτης,
2386 2338 2477 2393 καὶ
2533 2338 2742 2413 μητρὸς
2788 2342 2949 2412 ἡμῶν
3007 2338 3280 2394 ἁπάντων·
3312 2336 3437 2410 ἥτις
3469 2342 3663 2418 νύμφη
3701 2343 3805 2414 μὲν

2137 2427 2248 2484 ἔστι
2296 2433 2395 2483 τοῦ
2440 2432 2643 2503 Κυρίου
2692 2432 2857 2502 ἡμῶν
2909 2432 3087 2498 Ἰησοῦ
3135 2431 3395 2504 Χριστοῦ,
3423 2436 3522 2486 τοῦ
3558 2452 3803 2506 μονογε-

2138 2521 2263 2580 νοῦς
2327 2516 2454 2573 Υἱοῦ
2511 2522 2646 2574 Θεοῦ
2727 2517 3054 2595 (γέγραπται
3136 2519 3263 2595 γὰρ·
3350 2520 3547 2583 Καθὼς
3606 2522 3711 2576 καὶ
3777 2521 3806 2574 ὁ

2138 2607 2369 2682 Χριστὸς
2470 2606 2721 2683 ἠγάπησε
2800 2608 2901 2675 τὴν
2979 2605 3329 2678 Ἐκκλησίαν,
3404 2609 3496 2664 καὶ
3601 2609 3800 2664 ἑαυτὸν

2138 2692 2449 2771 παρέδωκεν
2513 2696 2647 2770 ὑπὲρ
2706 2696 2899 2767 αὐτῆς,
2955 2696 3049 2751 καὶ
3108 2694 3213 2751 δλα
3268 2699 3336 2752 τὰ
3395 2698 3562 2771 ἑξῆς),
3618 2697 3801 2753 τύπον

2141 2783 2199 2841 δὲ
2253 2779 2371 2862 ἔχει
2428 2785 2518 2842 καὶ
2576 2787 2808 2859 μίμημα
2879 2793 2980 2855 τῆς
3058 2785 3168 2842 ἅνω
3222 2787 3610 2862 Ἰερουσαλὴμ,
3672 2787 3794 2859 ἥτις

2139 2874 2394 2952 ἐλευθέρα
2449 2875 2583 2942 ἐστὶ,
2640 2874 2732 2930 καὶ
2786 2876 2978 2948 μήτηρ
3048 2875 3264 2931 πάντων
3316 2879 3499 2949 ἡμῶν·
3560 2880 3595 2947 ἡ
3655 2878 3792 2951 πρό-

2138 2984 2292 3039 τερον
2324 2964 2421 3037 μὶν
2454 2968 2660 3037 στεῖρα,
2691 2966 2779 3017 νῦν
2816 2960 2874 3018 δὲ
2902 2961 3231 3027 πολύτεκος.

2216 3143 2337 3199 ΚΖ’.
2370 3145 2482 3212 Τῆς
2532 3142 2634 3217 γὰρ
2690 3143 2915 3216 πρώτης
2973 3137 3407 3214 ἀποϐληθείσης,
3467 3143 3519 3200 ἐν
3572 3145 3644 3215 τῆ
3673 3141 3796 3200 δευ-

2143 3230 2273 3307 τέρᾳ
2327 3228 2597 3303 καθολικῇ
2651 3229 2975 3304 Ἐκκλησία,
3030 3232 3212 3295 καθὼς
3270 3233 3485 3296 Παῦλός
3544 3254 3737 3311 φησιν,
3770 3234 3797 3289 ὁ

2142 3320 2270 3383 Θεὸς
2328 3317 2474 3375 ἔθετο
2530 3323 2753 3395 πρῶτον
2826 3320 3191 3393 ἀποστόλους,
3263 3318 3510 3397 δεύτερον
3568 3323 3796 3400 προφή-

390 3441 417 3469 ‹‹
431 3418 937 3488 doctores,postea
946 3420 1420 3488 potestates,tum
1433 3415 1651 3488 gratias
1664 3415 2029 3471 curationum

2143 3431 2256 3484 τας,
2312 3410 2494 3486 τρίτον
2557 3405 2942 3481 διδασκάλους,
3002 3408 3187 3467 ἔπειτα
3263 3409 3545 3485 δυνάμεις,
3606 3407 3798 3468 ἔπειτα

386 3529 414 3556 ‹‹
432 3504 1590 3578 cpitulationes,gubernationes,genera
1601 3505 1990 3578 linguarum“
2003 3526 2029 3555 »

2143 3519 2457 3576 χαρισματα
2559 3496 2829 3572 ἷάμάτων,
2959 3497 3304 3573 ἀντιλήψεις,
3410 3495 3801 3578 κυϐερνήσεις,

388 3600 447 3649 et
466 3610 705 3650 omnem
721 3594 1044 3666 cujuslibet
1058 3594 1289 3649 virtutis
1307 3593 1563 3666 speciem
1583 3610 1595 3647 :
1613 3592 1662 3627 ⁷⁵
1679 3595 2029 3665 sapientiam

2143 3590 2269 3664 γένη
2304 3586 2595 3663 γλωσσῶν,
2642 3587 2734 3642 καὶ
2790 3588 2967 3659 πάσης
3026 3589 3222 3663 ἀρετῆς
3282 3588 3420 3644 ἅπαν
3478 3586 3647 3652 εἶδος·
3698 3611 3795 3646 σο·-

390 3684 521 3741 dico
545 3689 605 3739 et
631 3683 1111 3756 intelligentiam,
1143 3683 1598 3755 temperantiam
1630 3688 1689 3738 et
1709 3683 2029 3755 justitiam,

2143 3677 2261 3756 (ρίαν
2295 3678 2440 3754 Λέγω
2490 3677 2579 3731 καὶ
2630 3675 2861 3747 σύνεσιν,
2909 3675 3269 3753 σωφροσύνην
3301 3699 3361 3733 τε
3387 3677 3481 3733 καὶ
3513 3676 3796 3734 δικαιοσῦ-

386 3772 861 3830 misericordiam
886 3778 945 3828 et
971 3772 1424 3840 humanitatem,
1448 3772 2029 3845 insuperabilemque

2143 3789 2261 3837 νην,
2317 3764 2696 3839 ἐλεημοσύνην
2754 3785 2815 3820 τε
2870 3765 2961 3820 καὶ
3020 3764 3460 3843 φιλανθρωπίαν,
3517 3766 3607 3821 καὶ
3656 3768 3792 3822 ὑπο·-

390 3864 453 3919 in
510 3862 1021 3935 persecutionibus
1077 3861 1445 3931 patientiam.
1479 3861 1617 3926 Quas
1658 3861 1898 3932 quidem
1929 3878 2029 3933 per

2146 3858 2319 3927 μονὴν
2344 3856 2443 3922 τὴν
2477 3853 2530 3910 ἐν
2563 3851 2831 3929 διωγμοῖς
2881 3854 3333 3930 ἀκαταγώνιστον.
3362 3858 3527 3913 "Huc
3563 3854 3653 3911 διὰ
3681 3861 3790 3912 τῶν

390 3969 555 4010 arma
576 3952 823 4023 justitizr
880 3952 1082 4004 dextra
1143 3966 1212 4004 ac
1269 3949 1529 4003 sinistra.
1565 3967 1671 4020 per
1696 3950 1943 4022 gloriam
1977 3954 2029 4005 et

2143 3944 2332 4001 ὅπλων
2383 3951 2483 4014 τῆς
2543 3941 2893 4013 δικαιοσύνης
2951 3948 3056 3998 τῶν
3112 3943 3298 4019 δεξιῶν
3347 3947 3434 4001 καὶ
3468 3947 3793 4020 ἀριστερῶν,

387 4041 779 4115 ignominiam
799 4041 864 4106 ⁷⁸,
897 4039 1152 4111 primum
1188 4038 1244 4091 in
1294 4037 1807 4110 persecutionihus
1838 4043 1898 4093 et
1927 4054 2029 4094 an-

455 4167 505 4204 “
532 4168 557 4222 Ι
585 4167 732 4223 Tim.
764 4181 846 4231 ιιι,
875 4165 961 4219 15.
1038 4162 1087 4197 ⁸9
1117 4168 1242 4218 Act.
1280 4180 1396 4227 xix,
1428 4166 1517 4218 40.
1595 4164 1641 4198 7°
1680 4164 1805 4217 Vid.
1839 4168 1946 4217 cat.
1975 4166 2029 4231 6,

2148 4166 2235 4219 35.
2312 4163 2356 4200 τί
2393 4162 2606 4234 Ephes.
2643 4179 2694 4232 ν,
2730 4165 2817 4217 25.
2895 4161 2941 4197 ⁷³
2972 4160 3254 4233 Galat.1v,
3286 4164 3375 4218 26.

2144 4033 2234 4090 8ιά
2265 4032 2425 4104 δόξης
2454 4033 2543 4087 καὶ
2597 4031 2842 4105 ἀτιμίας,
2889 4032 3156 4108 πρότερον
3193 4035 3290 4108 μὶν
3322 4034 3374 4090 ἐν
3407 4033 3672 4110 διωγμοῖς
3703 4039 3793 4090 καὶ

3451 4161 3498 4196 ⁷³
3522 4161 3648 4217 ibid
3702 4165 3790 4217 27.

383 4240 433 4277 ⁷⁸
460 4241 485 4295 Ι
514 4239 643 4294 Cor.
676 4254 772 4294 ιιι.
802 4238 891 4292 28.
969 4236 1012 4270 ⁷⁵
1060 4235 1181 4290 Vid.
1213 4240 1316 4288 cat.
1348 4250 1471 4305 sup.
1506 4250 1562 4287 η.
1598 4237 1684 4288 23.
1761 4235 1805 4269 ⁷⁸
1836 4237 1881 4289 ll
1907 4239 2029 4291 Cor.

2171 4238 2224 4302 7,
2251 4236 2304 4291 8.

456 4354 535 4425 (1)
562 4352 845 4425 Ecclesia:
872 4356 932 4425 et
957 4351 1107 4425 sacri
1140 4358 1466 4425 contentus
1501 4349 1678 4425 mdes.

458 4419 534 4497 (2)
565 4424 714 4494 Περί.
748 4422 924 4490 Editi,
976 4420 1126 4476 κατὰ.
1153 4421 1377 4497 Atloislq
1413 4425 1551 4497 liae,
1587 4419 2033 4497 Casaubq‘mpi'

389 4492 539 4572 quos
595 4492 661 4572 ut
710 4511 1099 4572 sequeremur
1139 4492 1338 4572 fecere
1388 4492 1931 4572 rerbausequentia,
1961 4492 2035 4572 ὡς

388 4563 478 4625 καὶ
504 4567 629 4640 περὶ
658 4572 755 4623 τοῦ
787 4563 988 4640 ὅγλου,
1021 4571 1080 4621 et
1105 4565 1319 4621 similis
1370 4563 1605 4620 dicendi
1637 4564 1894 4621 formula
1923 4570 2035 4621 cat.

393 4646 480 4709 16,
511 4639 675 4697 num.
713 4642 800 4707 13,
827 4639 966 4696 init.

465 4704 541 4779 (3)
589 4704 1020 4781 Μαρκιὼνιστῶν
1066 4704 1235 4781 λέγω,
1283 4706 1392 4781 καὶ,
1429 4708 1558 4781 _Eas
1607 4705 1902 4781 dictiones
1941 4723 2035 4762 re-

2150 4349 2389 4405 veniens
2415 4349 2730 4415 videretur,
2758 4353 2825 4403 ut
2846 4349 2944 4420 qui
2966 4346 3304 4421 baptizandi
3328 4352 3517 4421 erant,
3546 4364 3791 4421 regene-

2145 4421 2256 4476 rati
2285 4421 2646 4476 dicerentur.
2706 4423 2780 4475 At
2826 4419 3080 4492 C’yrillu’s
3115 4419 3334 4492 ubique
3362 4419 3791 4492 illuminandos

2148 4499 2374 4565 spectat
2389 4500 2666 4565 tanquam
2683 4490 2959 4563 baptismi
2976 4490 3151 4545 bonis
3166 4491 3487 4561 anticipate
3506 4490 3787 4565 fruentes.

2148 4511 2173 4547 S
2197 4511 2374 4547 )eClﬂl;
2389 4511 2666 4565 tanquam
2684 4511 2959 4563 Dapusml
2976 4511 3151 4545 DOHIS
3166 4511 3487 4561 anucnpate
3506 4511 3787 4547 "1181.11.85.

2147 4511 2294 4618 liinc
2324 4566 2541 4619 Procat.
2583 4580 2747 4618 num.
2786 4566 2869 4629 13,
2894 4568 3209 4633 postquam
3248 4578 3465 4617 nomen
3497 4563 3570 4617 ad
3602 4562 3789 4633 bapti-

2147 4651 2341 4691 smum
2369 4635 2678 4697 dederant,
2714 4634 2867 4688 filios
2896 4633 3174 4689 Ecclesia»
3197 4633 3385 4688 iactos
3415 4633 3598 4696 dicit;
3632 4633 3789 4705 quod

2145 4706 2748 4769 conﬁrmatinferius,
2769 4706 2908 4761 dum
2934 4705 3255 4760 Ecclesiam
3281 4704 3543 4776 appellat
3563 4704 3787 4759 Matrem

394 4776 697 4841 stituimus
729 4802 797 4843 ex
829 4783 999 4840 codd.
1032 4776 1251 4846 Ottob.,
1290 4778 1490 4844 Coisl.,
1527 4782 1664 4837 noe,
1699 4778 1944 4833 Casaub.
1980 4783 2039 4833 et
2067 4781 2113 4846 Π
2145 4780 2386 4832 omnium
2415 4785 2703 4841 nostrum;
2730 4782 2841 4832 cat.
2882 4781 2930 4844 1,
2954 4793 3119 4831 num.
3157 4782 3206 4842 1,
3240 4776 3669 4831 illuminandos
3692 4793 3787 4830 vo-

394 4857 567 4913 Grod.
601 4859 783 4913 Erant
811 4854 1013 4929 Cyrilli
1046 4851 1410 4929 temporibus
1448 4850 1509 4904 in
1542 4849 1859 4929 Palaestina
1890 4850 2035 4929 Mar-

393 4929 649 4987 cionitaa.
675 4936 820 4985 teste
844 4920 1049 4998 Epiph.
1074 4920 1218 4998 hair.
1244 4940 1374 4986 XLII,
1395 4938 1560 4976 num.
1581 4925 1776 4998 l_.quai
1805 4920 2035 4976 occasio

390 4999 504 5053 fuit
544 5005 613 5053 ut
659 5016 761 5055 eos
810 4994 929 5054 non
954 4994 1307 5067 'praiteriret
1337 4994 1772 5067 noster._Erant
1802 5009 2036 5067 quoque

391 5068 613 5125 ibidem
638 5070 964 5133 Manichzni,
980 5064 1359 5137 habebatque
1382 5065 1442 5120 in
1466 5065 1761 5120 auditorio
1782 5064 2036 5137 Cyrillus

389 5157 459 5196 ex
488 5141 601 5195 hac
631 5149 791 5197 secta
820 5156 1154 5205 conversos,
1208 5136 1317 5193 cat.
1370 5138 1456 5199 15,
1505 5153 1671 5193 num.
1708 5138 1775 5205 3;
1821 5136 1947 5190 vide
1982 5142 2039 5191 et

387 5217 499 5268 cat.
536 5214 588 5275 6,
623 5228 785 5267 num.
820 5214 907 5268 36.
942 5209 1307 5281 Epiphanius
1349 5208 1560 5281 hazresi
1601 5225 1748 5281 Law,
1782 5224 1945 5281 num.
1982 5208 2031 5274 1,

385 5289 727 5338 Veternnum
761 5280 1078 5354 quemdam
1112 5285 1335 5354 Acuam
1384 5280 1626 5354 nomine
1656 5280 1809 5334 hanc
1842 5280 2028 5354 heare-

386 5355 499 5410 sim
532 5371 601 5409 ex
637 5350 1055 5425 Mesopotamia
1101 5351 1608 5422 Eleutheropolim
1657 5350 2032 5405 transtulisse

384 5427 554 5483 testis
584 5430 694 5481 est.

457 5500 536 5570 (4)
565 5496 769 5569 Ἁγίαν.
803 5494 1106 5570 iliadeest
1162 5508 1241 5570 ea
1284 5508 1395 5570 ιζοιε
1444 5492 1507 5570 i_n
1538 5491 1710 5548 codd.
1745 5491 1939 5570 φησι).
1977 5492 2029 5570 1,

387 5560 598 5626 Βόσόι
620 5560 870 5627 Casaub.
905 5562 1087 5637 Paulo
1118 5569 1252 5637 post
1293 5563 1574 5637 inferius,
1606 5581 1710 5635 pro
1742 5560 2027 5637 ἀνεγεννή-

390 5652 511 5717 om,
543 5644 896 5717 regeneratus
914 5654 986 5706 es,
1011 5630 1193 5692 iidem
1213 5630 1860 5717 habentfolummodo,
1880 5630 2028 5708 εγεν-

386 5703 781 5788 νήθης,ἶιαεαε
803 5727 898 5777 es;
929 5703 1065 5768 cum
1112 5705 1386 5779 scriptori
1431 5703 1699 5762 fortassis
1736 5722 1857 5762 non
1886 5703 2026 5762 con-

2149 4855 2243 4905 cat
2272 4851 2653 4920 mysteriorum
2675 4849 2876 4903 Christi
2888 4850 3192 4918 participes
3213 4850 3495 4903 vocatione
3514 4866 3536 4911 ;
3566 4855 3678 4903 cat.
3703 4850 3785 4912 11,

2150 4937 2311 4976 num.
2348 4924 2401 4987 9,
2434 4936 2533 4974 eos
2562 4919 2704 4988 ﬁlios
2732 4921 2825 4973 Dei
2854 4922 2996 4988 efﬁci
3028 4920 3216 4983 docet.
3251 4924 3360 4974 etc.

2217 4992 2291 5061 (5)
2315 4990 2376 5045 'H
2410 4988 2728 5057 Ἐκκλησία.
2762 4990 3061 5045 Articulus
3110 5007 3143 5045 a
3194 4989 3366 5046 nobis
3397 4991 3691 5061 ascriptus
3720 5004 3789 5042 ex

2146 5060 2320 5118 Coisl.
2341 5067 2401 5117 et
2420 5065 2537 5118 Roe
2556 5079 2698 5117 mss.
2721 5062 3036 5118 Catholica;
3059 5078 3300 5118 nomen.
3320 5078 3469 5116 verm
3492 5060 3784 5125 Ecclesia,

2146 5136 2227 5188 uti
2252 5135 2557 5205 proprium
2592 5150 2941 5205 cognomen,
2977 5150 3214 5205 semper
3233 5133 3585 5205 adhaesisse,
3602 5147 3721 5205 nec
3737 5131 3787 5185 ei

2145 5206 2217 5261 ab
2252 5203 2549 5261 hmreticis
2580 5203 2846 5276 unquam
2878 5205 3026 5275 eripi
3058 5203 3231 5276 posse
3282 5220 3417 5260 cum
3438 5203 3658 5276 Cyrillo
3690 5203 3789 5257 do-

2143 5282 2237 5359 cet
2265 5280 2406 5359 Aug.
2471 5283 2661 5332 contra
2720 5279 2880 5347 epist,
2938 5277 3255 5359 ῌαῃὶοξιξιλί,
3292 5293 3419 5359 cap.
3454 5279 3506 5336 4,
3537 5291 3700 5330 num.
3735 5276 3782 5355 ὅτ

2144 5343 2516 5404 Dominicum
2554 5364 2684 5403 vero
2710 5343 2930 5403 nomen
2955 5348 3064 5401 fuit
3088 5347 3229 5402 olim
3257 5343 3380 5401 aedi
3401 5348 3460 5402 in
3494 5363 3610 5418 qua
3639 5343 3787 5401 sacri

2142 5426 2469 5475 conventus
2501 5419 2847 5493 agebantur,
2870 5425 2929 5493 et
2950 5419 3271 5493 aliquando
3302 5419 3616 5493 ipsiusacro
3645 5432 3785 5493 con-

2140 5492 2339 5547 ventui
2370 5497 2429 5546 et
2458 5490 2752 5562 sacriﬁcio
2779 5492 2840 5545 in
2869 5491 2995 5562 ipso
3026 5490 3323 5546 celebrato
3355 5490 3663 5562 tributum.
3694 5490 3785 5562 ln-

2139 5564 2247 5636 fra,
2276 5579 2385 5635 pro
2418 5562 2571 5636 ἁγίας
2596 5559 2822 5636 ταύτης,
2876 5557 2995 5618 Roe
3054 5566 3112 5616 et
3164 5561 3441 5632 Casaub.,
3485 5557 3784 5625 καθολικῆς

2135 5632 2358 5704 ταύτης,
2394 5632 2681 5693 catholica:
2711 5635 2892 5705 hujus.
