4148 6286
334 427 494 490 1049

950 427 1431 491 CATECHESIS
1473 425 1696 491 XVIII.
1745 428 1846 488 DE
1891 427 2173 490 CARNIS
2218 428 2908 505 RESUltRECTlONE,
2955 432 3129 494 ETC.

3586 435 3744 499 1050

332 556 578 632 θλίψεσι,
608 557 734 620 τοὺς
783 557 969 633 ἁγίους
1029 559 1305 635 μάρτυρας
1358 563 1476 624 τοῖς
1533 562 1635 624 τῆς
1695 559 1977 631 ὑπομονῆς

2095 559 2306 633 gustiis
2319 565 2556 618 sanctos
2580 568 2868 636 martyres
2889 563 3137 620 diversis
3167 569 3227 620 et
3253 565 3571 640 multiplici
3596 567 3744 624 ﬂore

331 645 615 703 ποικίλοις
641 647 731 702 καὶ
761 644 1120 712 πολυανθέσιν
1153 645 1338 723 ἔστεψε
1394 648 1695 725 στεφάνοις·
1755 645 1873 702 νυνὶ
1927 644 1985 701 δὶ

334 736 390 792 ιν
422 741 637 812 καιροῖς
670 735 917 811 εἰρήνης,
950 741 1085 791 Θεοῦ
1115 735 1324 813 χάριτι,
1357 739 1426 794 τὰ
1460 745 1559 807 τῆς
1618 731 1982 814 ὀφειλομένης

335 820 458 900 ἔχει
487 833 656 899 τιμῆς
692 826 795 880 ὑπὸ
831 824 1124 900 βασιλέων,
1155 826 1244 881 καὶ
1274 831 1379 882 τῶν
1439 826 1492 882 ἐν
1541 827 1838 901 ὑπεροχαῖς
1894 820 1986 878 ὅν-

332 936 446 970 των
480 919 576 987 (1),
602 918 694 970 καί
723 916 922 976 παντὸς
951 914 1250 991 ἀνθρώπων
1306 914 1485 979 εἷ’δους
1542 937 1601 971 τε
1627 917 1713 971 καὶ
1772 915 1980 992 γένους

339 1003 609 1079 βασιλέων
646 1004 740 1077 μὲν
769 1008 880 1058 τῶν
911 1004 1047 1058 κατᾶ
1093 1004 1259 1059 τόπον
1293 1003 1460 1070 ἐθνῶν
1513 1007 1612 1078 (2),
1666 1010 1766 1074 τῆς
1824 1003 1980 1074 ἐξου-

333 1092 456 1154 σίας
483 1092 644 1166 ὅρους
676 1091 940 1167 ἰχόντωνο
978 1092 1147 1165 μόνης
1207 1092 1265 1149 δὲ
1319 1101 1420 1164 τῆς
1476 1093 1628 1169 ἁγίας
1683 1092 1986 1164 καθολικῆς

333 1181 690 1252 Ἐκκλησίας,
745 1182 884 1236 κατὰ
931 1183 1031 1251 τὴν
1089 1181 1418 1258 οἰκουμένην
1478 1190 1651 1238 πᾶσαν
1701 1183 1982 1259 άπεριόρι-

332 1291 458 1327 στον
492 1269 732 1346 ἐχούσης
750 1272 852 1340 τήν
884 1268 1135 1344 δύναμιν.
1195 1275 1397 1343 Ἔθηκε
1452 1272 1554 1348 γὰρ
1614 1272 1642 1327 ὁ
1674 1272 1822 1342 Θεὸς,
1849 1273 1985 1328 κατὰ

327 1359 394 1414 τὸ
421 1362 828 1436 γεγραμμένου,
857 1361 922 1416 τὸ
948 1359 1098 1436 ὅριον
1156 1359 1325 1426 αὐτῆς
1373 1360 1620 1437 εἰρήνην.
1681 1361 1810 1435 Περὶ
1842 1364 1880 1430 ἦ
1936 1361 1982 1416 εἰ

328 1449 507 1505 πάντα
538 1448 714 1525 λέγειν
747 1446 1087 1523 ἐϐουλόμην,
1117 1450 1277 1526 χρεία
1308 1451 1367 1506 ἄν
1413 1448 1494 1521 εἴη
1560 1472 1652 1524 μοι
1711 1449 1981 1506 πλειόνων

329 1540 490 1613 ὡρῶν
523 1539 600 1602 εἰς
630 1537 904 1614 διήγησινο

406 1631 534 1686 KH‘.
569 1631 660 1688 'Ev
691 1628 861 1704 ταύτῃ
892 1634 961 1704 τῇ
994 1629 1120 1706 ἁγίᾳ
1173 1629 1444 1704 καθολικῇ
1495 1628 1795 1702 Ἐκκλησία
1841 1627 1985 1685 διδα-

2099 649 2266 705 nexis
2298 651 2598 723 patientia:
2629 654 2866 710 coronis
2895 654 3229 722 redimivit;
3261 656 3304 690 ⁷⁷
3334 673 3495 713 nunc
3512 674 3650 713 vero
3682 659 3742 714 in

2096 739 2259 810 pacis
2291 741 2676 812 temporibus,
2712 743 2814 798 Dei
2845 743 3033 816 gratia
3061 742 3293 799 debitos
3313 745 3569 802 honores
3589 748 3741 804 reci-

2097 829 2184 900 pit
2213 845 2247 884 a
2277 831 2535 903 regibus,
2566 837 2626 888 et
2653 833 2793 888 viris
2823 833 3179 905 dignitatum
3209 834 3574 891 sublimitate
3605 854 3744 892 con-

2099 918 2340 988 spicuis,
2373 925 2432 974 et
2462 921 2626 975 omni
2659 922 2916 993 denique
2947 923 3257 977 hominum
3279 940 3498 996 genere
3528 942 3593 980 ac
3616 943 3742 997 spe-

2097 1005 2187 1059 cie
2220 1004 2264 1038 ⁷⁷
2289 1008 2307 1026 ⁸
2332 1007 2596 1078 Cumque
2628 1025 2795 1081 reges
2826 1009 3277 1066 distributarum
3318 1011 3564 1067 diversis
3593 1013 3738 1069 locis

2095 1095 2384 1167 gentium,
2415 1114 2533 1152 sua:
2565 1100 2870 1169 potestatis
2905 1099 3124 1155 limites
3171 1100 3462 1169 habeant;
3495 1103 3622 1157 sola
3652 1110 3742 1158 est

2097 1190 2303 1240 sancta
2332 1186 2626 1242 catholica
2654 1187 2938 1252 Ecclesia,
2968 1205 3099 1259 quea
3147 1206 3254 1261 per
3296 1190 3502 1246 orbem
3552 1197 3740 1248 totum

2096 1273 2560 1332 indeterminata
2587 1276 2804 1349 gaudet
2830 1283 3142 1350 potestate.
3167 1279 3541 1335 Posuitenim
3564 1283 3739 1349 Deus,

2095 1368 2160 1417 ut
2191 1364 2476 1435 scriptum
2510 1371 2616 1432 est,
2652 1367 2974 1422 terminum
3007 1369 3136 1440 ejus
3186 1385 3392 1440 pacem
3420 1368 3484 1423 ⁷⁸.
3511 1371 3591 1426 Dc
3623 1388 3741 1442 qua

2095 1451 2144 1508 si
2177 1453 2382 1508 omnia
2411 1453 2608 1510 dicere
2636 1455 2868 1519 vellem,
2913 1457 3236 1513 multarum
3283 1458 3429 1513 mihi
3460 1459 3739 1517 horarum

2095 1539 2369 1594 habenda
2396 1547 2554 1596 esset
2583 1542 2790 1598 oratio.

2164 1628 2412 1684 XXVIII.
2439 1629 2505 1685 In
2536 1630 2645 1686 hac
2676 1637 2881 1688 sancta
2938 1633 3230 1690 catholica
3284 1633 3549 1690 Ecclesia
3600 1653 3735 1692 cum

334 1720 597 1792 σκόμενοί
650 1740 710 1774 τε
766 1720 856 1775 καὶ
906 1721 1368 1799 ἀναστρεφόμενοι
1434 1719 1643 1790 καλῶς,
1716 1721 1817 1790 τήν
1873 1725 1977 1776 τῶν

2093 1718 2404 1789 prmceptis
2419 1723 2543 1774 tum
2560 1719 2823 1776 moribus
2837 1721 3139 1792 praeclaris
3154 1721 3424 1778 instructi
3435 1723 3736 1790 ,cmlorum

332 1809 580 1885 οὐρανῶν
626 1809 904 1884 βασιλείαν
964 1808 1175 1884 ἕξομεν,
1233 1812 1321 1866 καὶ
1375 1812 1520 1880 ζωὴν
1571 1810 1792 1866 αἰώνιον
1842 1811 1977 1882 κλη-

2092 1821 2341 1879 regnum
2373 1805 2744 1878 habebimus,
2775 1814 2834 1864 et
2864 1810 3210 1866 hasreditate
3237 1810 3636 1883 adipiscemur
3654 1815 3738 1867 vi-

334 1901 743 1975 ρονομήσομεν·
782 1897 850 1954 δι’
883 1897 950 1969 ἤν
982 1899 1076 1955 καὶ
1101 1902 1272 1956 πάντα
1297 1901 1598 1974 κάμνομεν,
1656 1899 1806 1966 ὅπως
1837 1902 1977 1977 παρᾶ

2093 1900 2208 1949 tam
2235 1901 2536 1961 aeternam;
2567 1904 2808 1970 propter
2836 1914 3016 1970 quam
3047 1899 3330 1955 nimirum
3363 1901 3568 1956 omnia
3614 1918 3738 1956 sus-

329 1994 428 2044 τοῦ
463 1989 669 2064 Κυρίου
731 1988 937 2058 ταύτης
987 1988 1414 2064 ἀπολαύσωμεν.
1449 1989 1526 2048 Ού
1558 1989 1661 2064 γὰρ
1707 1990 1830 2066 περὶ
1893 2012 1977 2064 μι-

2091 1984 2374 2052 tinemus,
2397 1991 2464 2040 ut
2509 2001 2639 2041 eam
2695 2003 2729 2041 a
2785 1987 3036 2043 Domino
3092 2004 3550 2060 consequamur.
3610 1991 3736 2046 Non

330 2082 478 2154 κρῶν
511 2080 708 2151 ήμῖνὸ
765 2078 994 2150 σκοπὸς,
1053 2076 1200 2134 ἀλλὰ
1256 2079 1382 2152 περὶ
1442 2081 1587 2149 ζωῆς
1644 2079 1868 2134 αἰωνίου
1922 2081 1977 2136 τὸ

2091 2075 2252 2130 enim
2268 2073 2592 2130 modicisin
2607 2075 2786 2131 rebus
2807 2077 2964 2132 sistit
2988 2079 3266 2149 prmﬁxus
3286 2078 3458 2134 nobis
3483 2095 3696 2151 scopus
3721 2097 3734 2148 ;

331 2166 794 2240 σπουδαζόμενον.
825 2169 1023 2243 Διόπερ
1079 2167 1130 2223 ἐν
1188 2172 1258 2242 τῇ
1315 2174 1416 2238 τῆς
1469 2169 1702 2231 πίστεως
1760 2166 1977 2245 ἔπαγγε-

2092 2163 2195 2219 sed
2219 2163 2347 2218 vita:
2375 2169 2613 2219 aeterna:
2637 2165 2897 2236 adeptio,
2920 2166 3046 2222 hinc
3076 2173 3280 2224 nostra
3300 2167 3600 2224 contentio
3624 2173 3732 2225 est.

331 2254 429 2328 λίᾳ
454 2255 844 2330 διδασκόμεθα,
887 2258 1023 2330 μετὰ
1050 2257 1132 2327 τὸ,
1196 2256 1300 2314 Καὶ
1349 2261 1423 2330 (3)
1482 2256 1559 2322 εἰς
1603 2259 1801 2334 σαρκὸς
1855 2257 1977 2312 ἀνά-

2091 2254 2412 2324 Propterea
2440 2254 2503 2308 in
2535 2253 2673 2308 ﬁdei
2705 2254 3080 2311 confessione
3112 2255 3415 2326 docemur,
3470 2263 3538 2312 ut
3580 2263 3734 2328 post,

331 2367 537 2418 στασιν,
596 2351 741 2402 τοῦτ’
799 2345 910 2402 ἔστι
962 2349 1062 2416 τήν
1103 2351 1212 2402 τῶν
1273 2351 1502 2423 νεκρῶν,
1559 2348 1683 2422 περὶ
1751 2350 1819 2417 ἧς
1875 2344 1977 2402 διε·

2091 2341 2258 2409 illud,
2287 2345 2361 2398 Et
2389 2345 2448 2398 in
2479 2342 2662 2398 carnis
2689 2343 3162 2411 resurrectionem,
3195 2345 3308 2400 hoc
3353 2352 3442 2400 est
3469 2351 3734 2401 mortuo-

334 2433 644 2510 λέχθημεψ
677 2435 950 2491 πιστεύειν
986 2435 1083 2490 Καὶ
1119 2435 1196 2498 εἰς
1247 2437 1392 2506 ζωὴν
1446 2437 1692 2510 αἰώνιον,
1744 2438 1864 2511 περί
1917 2439 1977 2506 ἧς

2091 2447 2242 2496 rum,
2274 2431 2346 2486 de
2373 2448 2491 2504 qua
2520 2431 2971 2504 disputavimus,
2995 2434 3307 2491 credamus
3343 2437 3412 2490 Et
3458 2439 3517 2489 in
3563 2437 3735 2490 vitam

326 2529 446 2578 τοῖς
479 2527 830 2597 Χριστιανοῖς
862 2528 998 2598 ἡμῖν
1041 2524 1182 2581 ἐστιν
1217 2526 1245 2580 ὁ
1275 2525 1446 2600 ἁγών.

403 2615 525 2670 ΚΘ’.
559 2615 622 2670 Ἠ
655 2615 751 2686 μὶν
785 2615 875 2669 οὗν
908 2611 1080 2677 δντως
1133 2615 1248 2684 ζωή
1306 2614 1396 2670 καὶ
1453 2614 1700 2686 ἀληθῶς,
1759 2611 1900 2671 ἔστιν
1952 2615 1980 2670 ὁ

329 2705 544 2776 Πατήρο
580 2703 607 2756 ὁ
640 2699 709 2756 δι’
742 2703 870 2758 Υἱοῦ
899 2707 978 2776 (4)
1009 2709 1126 2766 τοῖς
1171 2705 1390 2774 ἅπασιν,
1424 2703 1476 2758 ἐν
1509 2703 1649 2779 ἁγίῳ
1681 2704 1980 2778 Πνεύματι,

328 2791 429 2852 τὰς
459 2789 814 2865 ἐπουρανίους
846 2793 1112 2867 πηγάζων
1143 2789 1369 2867 δωρεάς·
1427 2791 1518 2848 διὰ
1568 2789 1626 2848 δὶ
1679 2795 1778 2863 τὴν
1837 2792 1976 2849 ἑκεί-

332 2900 429 2935 νου
460 2878 894 2955 φιλανθρωπίαν,
923 2882 1014 2936 καὶ
1067 2883 1203 2956 ἡμῖν
1240 2887 1359 2944 τοῖς
1418 2882 1727 2958 ἀνθρώποις
1781 2882 1850 2938 τὰ
1875 2889 1976 2953 τῆς

332 2967 562 3023 αἰωνίου
598 2975 744 3038 ζωῆς
775 2968 1026 3044 ἀψευδῶς
1063 2969 1418 3047 ἐπήγγελται.
1481 2971 1596 3029 Ούκ
1651 2971 1976 3040 ἀπιστητέον

329 3055 386 3113 δὶ
416 3062 576 3114 τοῦτο
603 3058 740 3114 εἰναι
773 3056 1021 3117 δυνατόν.
1073 3060 1151 3118 Ού
1220 3063 1325 3137 γὰρ
1358 3061 1496 3137 πρὸς
1550 3063 1650 3132 τὴν
1703 3064 1974 3138 ἡμετεραν

329 3146 625 3218 ἀσθένειαν,
655 3147 966 3223 ἀλλὰπρὸς
1030 3151 1129 3220 τήν
1189 3151 1395 3207 ἐκείνου
1453 3149 1682 3225 δύναμιν
1728 3153 1977 3231 ἀφορῶν-

323 3257 419 3300 τας
475 3241 574 3312 (5),
629 3239 901 3294 πιστεύειν
962 3242 1098 3315 χρή·
1158 3241 1335 3298 Πάντα
1406 3243 1507 3317 γὰρ
1587 3239 1783 3297 δυνατὰ
1829 3243 1975 3316 παρὰ

325 3331 406 3398 τῷ
436 3331 572 3398 Θεῷ.
606 3327 708 3383 Καὶ
741 3329 826 3382 ὅτι
879 3348 940 3404 γε
996 3326 1217 3384 δυνατόν
1277 3327 1389 3384 ἐστι
1444 3334 1628 3400 τοῦτο,
1679 3331 1768 3385 καὶ
1830 3333 1974 3400 ζωήν

332 3415 554 3471 αἰώνιον
602 3416 1020 3490 προσδοκῶμεν,
1079 3415 1224 3494 λέγει
1277 3418 1371 3492 μὶν
1431 3417 1659 3490 Δανιήλ’
1719 3420 1818 3476 Καὶ
1871 3419 1978 3474 ἀπὸ

326 3508 435 3559 τῶν
469 3502 694 3560 δικαίων
724 3511 831 3560 τῶν
890 3506 1143 3576 πολλῶν,
1201 3507 1277 3570 ὡς
1337 3508 1389 3562 οὶ
1437 3507 1654 3583 ἀστιρες
1714 3508 1790 3572 εἰς
1847 3508 1978 3571 τοὺς

327 3593 550 3666 αἰῶνας,
580 3603 672 3650 καὶ
703 3590 804 3651 ἔτι.
839 3597 985 3665 Φησὶ
1014 3595 1071 3651 δὶ
1125 3597 1153 3651 ὁ
1200 3594 1436 3658 Ηαῦλοςο
1499 3597 1596 3652 Καὶ
1648 3597 1792 3652 οὕτω
1845 3599 1979 3652 πάν-

398 3765 445 3801 ⁷⁷
482 3766 613 3822 Vid.
643 3774 760 3824 cat.
798 3772 885 3839 17,
918 3785 978 3824 ιι.
1016 3771 1102 3822 10.
1178 3764 1252 3801 ⁷⁷¹
1291 3769 1418 3823 Vid.
1450 3773 1558 3822 cat.
1592 3767 1682 3835 17,
1708 3783 1768 3822 n.
1801 3769 1890 3823 24.
1967 3766 1977 3800 τ

2093 3767 2202 3824 sal.
2243 3784 2443 3834 cnvn,
2477 3768 2562 3822 14.
2653 3766 2699 3802 ⁷⁸
2729 3767 2928 3823 Matth.
2953 3784 3070 3836 xix,
3100 3771 3190 3822 26.

399 3972 486 4042 (1)Δ
531 3969 654 4042 Τῶν
713 3966 805 4042 ἔνᾉ
836 3969 1149 4042 Δᾧπεροχαῖς
1233 3962 1426 4024 ὄντων.
1485 3968 1662 4024 Coisl.
1730 3967 1979 4042 ῨΙΙάντων

327 4035 438 4093 τῶν
469 4037 522 4093 ὲν
556 4040 806 4114 ὑπεροχῇ
833 4035 1146 4096 tvm-"Ab
1177 4042 1427 4097 omnibus
1456 4043 1554 4112 qui
1606 4043 1663 4094 in
1704 4041 1979 4110 dignitate

329 4116 619 4168 constituti
641 4121 788 4169 sunt.

401 4185 473 4253 (2)
531 4185 650 4238 Τῶν
699 4182 836 4237 κατᾶ
885 4183 1052 4236 τόπον
1111 4181 1298 4244 ἐθνῶν.
1367 4184 1632 4240 Alterum
1688 4186 1796 4236 τῶν
1839 4188 1976 4238 ante

331 4253 499 4308 ἐθνῶν
532 4256 594 4310 in
626 4255 798 4310 editis
830 4255 1109 4326 positum,
1144 4255 1492 4310 auctoritate
1523 4255 1692 4311 codd.
1751 4256 1871 4326 Roe
1921 4260 1978 4312 et

332 4327 578 4398 Casaub.
617 4325 1039 4398 expunximus;
1070 4325 1544 4398 subaudiendum
1570 4333 1660 4381 est
1688 4325 1864 4378 πάντα
1886 4327 1976 4381 vel

328 4393 552 4450 ἕκαστον
582 4393 718 4453 ante
747 4396 938 4464 τόπον,
991 4403 1051 4451 et
1096 4397 1222 4450 haec
1281 4396 1592 4450 familiaris
1625 4403 1715 4452 est
1762 4398 1976 4452 Grmcis

2084 2528 2366 2590 aeternam,
2401 2521 2473 2576 de
2495 2537 2613 2593 qua
2643 2522 2814 2577 nobis
2839 2523 3191 2580 Christianis
3218 2529 3516 2580 certamen
3551 2528 3657 2579 est.

2157 2610 2354 2666 XXIX.
2391 2611 2576 2684 Igitur
2604 2611 2721 2667 vita
2763 2613 2958 2684 reipsa
3006 2618 3065 2667 et
3110 2613 3353 2669 veritate
3403 2615 3576 2668 Pater
3623 2619 3730 2680 est,

2085 2700 2184 2772 qui
2211 2716 2318 2772 per
2357 2699 2569 2755 Filium
2625 2701 2901 2757 omnibus
2949 2702 3009 2756 in
3064 2701 3283 2774 Spiritu
3330 2707 3534 2758 sancto
3577 2703 3728 2758 299

2085 2791 2348 2847 coelestia
2378 2791 2535 2847 dona
2562 2795 2844 2864 tanquam
2875 2808 2945 2848 ex
2976 2792 3134 2848 fonte
3161 2791 3504 2864 profundit:
3538 2798 3598 2848 at
3627 2809 3736 2864 per

2083 2897 2214 2952 eJus
2234 2881 2662 2955 benignitatem
2685 2881 2859 2938 nobis
2876 2898 3112 2953 quoque
3134 2882 3476 2938 hominibus
3498 2887 3733 2936 aeternas

2081 2970 2214 3026 vitea
2245 2971 2403 3026 bona
2431 2972 2720 3027 veraciter
2745 2972 3039 3043 promissa
3087 2977 3244 3026 sunt.
3296 2974 3496 3043 Neque
3548 2972 3599 3026 ei
3647 2972 3733 3027 rei

2082 3065 2368 3131 tanquam
2417 3060 2773 3132 impossibili
2831 3060 3199 3116 detrahenda
3253 3059 3433 3115 ﬁdes:
3489 3060 3732 3116 credere

2083 3149 2243 3204 enim
2274 3165 2384 3204 nos
2405 3153 2662 3220 oportet,
2689 3166 2810 3205 non
2841 3149 2915 3204 ad
2944 3149 3416 3205 imbecillitatem
3439 3155 3730 3211 nostram.

2088 3240 2192 3295 sed
2213 3239 2288 3296 ad
2317 3239 2480 3296 illius
2502 3239 2831 3310 potentiam
2861 3239 3247 3310 respicientes
3273 3256 3331 3293 :«
3359 3241 3571 3296 Omnia
3591 3243 3734 3296 enim

2088 3353 2114 3380 ‹‹
2136 3329 2446 3401 possibilia
2457 3328 2763 3400 suntapud
2778 3329 2961 3384 Deum
2974 3326 3022 3361 7°
3038 3352 3058 3376 ι
3072 3328 3255 3393 .Quod
3269 3334 3464 3384 autem
3479 3328 3539 3384 id
3553 3329 3736 3400 possi-

2090 3419 2210 3474 bile
2235 3419 2331 3489 sit,
2363 3425 2766 3490 aaternamque
2809 3418 2983 3473 vitam
3027 3424 3426 3490 expectemus,
3453 3418 3597 3474 dicit
3622 3420 3734 3474 Da-

2091 3509 2242 3566 niel:
2268 3532 2294 3560 «
2320 3509 2632 3581 Etajustis
2657 3507 2884 3576 multis,
2909 3513 3195 3580 tanquam
3215 3508 3730 3576 stellaainsaacula,

2091 3621 2120 3648 ‹‹
2144 3605 2201 3654 et
2222 3599 2380 3654 ultra
2401 3597 2449 3634 ⁸⁸
2469 3616 2482 3665 ;
2499 3621 2527 3649 »
2553 3599 2784 3654 aitvero
2808 3597 3026 3653 Paulus
3046 3615 3060 3653 :
3084 3619 3112 3648 ‹‹
3146 3599 3216 3654 Ει
3236 3599 3320 3655 sic
3340 3615 3576 3671 semper
3596 3615 3732 3655 cum

3295 3767 3343 3803 ⁸ο
3373 3769 3517 3824 Dan.
3550 3785 3646 3834 xu,
3675 3771 3731 3824 3.

2087 3968 2224 4022 dem
2247 3967 2515 4022 omnium
2546 3983 2750 4023 earum
2800 3969 3231 4024 sententiarum
3282 3968 3365 4024 vis
3414 3973 3524 4035 est,
3585 3974 3731 4026 teste

2087 4041 2251 4111 Gaeg.
2286 4040 2570 4110 Nysseno.
2605 4039 2705 4108 qui
2738 4043 2987 4111 utraque
3038 4040 3319 4111 loquendi
3368 4041 3599 4095 ratione
3646 4042 3731 4098 sic

2085 4110 2274 4166 utitur
2303 4115 2444 4165 tom.
2478 4111 2574 4171 ΙΙΙ,
2609 4115 2758 4168 orat.
2791 4111 2864 4165 ad
2901 4110 3087 4165 Ablab
3115 4127 3128 4166 :
3154 4111 3308 4177 Quod
3334 4128 3446 4166 non
3465 4119 3594 4166 sunt
3621 4119 3729 4169 tres

2085 4180 2599 4257 dii:_’EE_s1:aiCovrec
2639 4179 2803 4257 πόθεν
2845 4183 2991 4257 -ἡμῖν
3046 4181 3235 4254 γέγονε
3287 4185 3538 4257 τοιοῦτον
3598 4183 3726 4257 ἀγα-

2086 4253 2176 4327 θὸν
2203 4249 2390 4327 ίζωῄ),
2423 4251 2745 4327 εύρίσκομεν
2779 4249 2868 4306 διὰ
2890 4249 2990 4327 τῆς
3047 4249 3178 4327 τῶν⁸
3205 4257 3432 4327 Γραφῶν
3481 4249 3728 4327 ὁδηγίας,

2085 4325 2167 4397 δτι
2199 4323 2258 4378 ἐκ
2287 4322 2521 4397 Ηατρὸς,
2550 4322 2660 4397 καὶ-ί
2687 4324 2837 4389 Υἰοῦ,
2897 4325 2986 4378 καὶ
3016 4322 3358 4397 ,Ηνεύματος
3409 4322 3727 4397 ἁγίουῼηἩ

2086 4394 2219 4464 αύτὴ
2257 4397 2368 4463 ζωὴ
2400 4393 2489 4468 καὶ
2517 4395 2664 4468 παρά
2703 4399 2799 4448 τοῦ
2861 4395 3068 4468 Ηγατρὸς
3126 4393 3465 4468 ἐνεργεῖται,’
3498 4397 3588 4450 καὶ
3640 4394 3730 4468 διὸ.

333 4469 672 4524 auctoribus
714 4462 980 4542 locutio,
1059 4469 1229 4542 cujus
1266 4467 1604 4542 innumera
1662 4474 1977 4542 occurrunt

2091 4471 2182 4522 τοῦ
2212 4462 2365 4542 'rips’
2412 4462 2773 4542 ἑτοιμάζεται,
2827 4467 2916 4520 καὶ
2974 4462 3074 4534 τῆς
3098 4541 3105 4542 7
3129 4462 3226 4521 τοῦ
3258 4462 3587 4539 Ἠνεύματος
3644 4467 3730 4542 ἐξ·

337 4542 624 4612 exempla,
659 4540 731 4595 ad
765 4540 1221 4613 significandum
1254 4541 1309 4613 in
1341 4539 1609 4613 omnibus,
1634 4539 1724 4613 vel
1743 4541 1975 4613 singulis

333 4614 479 4667 locis.
511 4607 695 4668 Linea
726 4607 1018 4683 sequenti,
1055 4617 1188 4683 post
1215 4608 1403 4680 μόνης.
1439 4609 1794 4683 particulam
1817 4607 1874 4662 δὲ
1906 4627 1976 4665 ex

333 4701 473 4738 mss.
511 4685 626 4739 Roe
660 4691 716 4738 et
745 4681 986 4740 Casaub.
1010 4681 1588 4740 addidimusConl‘er
1611 4681 1975 4736 hunclocum

333 4771 467 4810 cum
500 4762 612 4809 cat.
640 4758 727 4817 12,
778 4774 837 4811 n.
899 4758 966 4809 24
1045 4756 1318 4818 Inferius,
1382 4753 1614 4825 phrasis
1663 4748 1973 4825 ἔφηκεγάρ,

331 4843 518 4900 usque
543 4825 765 4900 ξιάηπερὲ
797 4827 862 4896 ἦς
895 4827 1041 4900 excl.
1073 4827 1240 4882 deest
1268 4827 1330 4900 in
1361 4823 1531 4881 codd.
1565 4823 1976 4880 Ottobonianis

331 4898 584 4966 duobus,
623 4897 760 4965 Roe,
793 4899 1041 4956 Casaub.
1077 4904 1137 4954 et
1167 4897 1340 4954 Grod.

404 4971 477 5040 (3)
551 4962 700 5025 Μετᾶ
749 4962 838 5038 τὸ,
893 4968 1006 5036 καί,
1081 4977 1192 5027 etc.
1275 4967 1621 5040 Praapositio
1687 4962 1823 5038 μετά
1881 4966 1976 5022 hic

331 5058 574 5113 prorsus
605 5043 942 5098 necessaria
981 5043 1042 5096 in
1094 5041 1275 5113 editis
1320 5039 1974 5113 pratermissakerat;

333 5109 510 5182 quam
543 5129 610 5168 ex
643 5113 813 5169 codd.
849 5112 1145 5179 Genovef.,
1179 5109 1396 5177 Ottob,
1459 5117 1574 5166 Roe
1629 5117 1688 5165 et
1725 5109 1972 5165 Casaub.

331 5185 719 5240 restituimus.

404 5258 478 5324 14)
505 5260 564 5309 'U
600 5256 809 5326 Ηατηρ·
840 5255 868 5307 ὁ
901 5251 970 5307 δι’
1015 5251 1166 5326 Υἰοῦ,
1196 5321 1209 5326 _
1236 5257 1346 5307 etc.
1398 5251 1578 5326 Codd.
1620 5325 1623 5326 ν
1659 5250 1800 5326 ξίοθ,
1858 5253 1974 5326 βᾶτ-

334 5320 498 5381 saub.
533 5333 591 5381 et
613 5320 831 5394 Ottob,
859 5326 921 5380 Ὀ
955 5325 1139 5395 Ηατήρ
1193 5321 1324 5385 ἔστι,
1382 5321 1472 5374 καὶ
1530 5321 1558 5374 ὁ
1618 5321 1768 5395 Υἱὸς,
1794 5320 1884 5395 καὶ
1913 5321 1975 5375 τὸ

331 5396 485 5470 ἅγιον
521 5398 763 5469 Ηνεῦμα,
797 5393 907 5470 etc.
931 5393 1226 5470 Pater'est,
1248 5465 1261 5470 _
1285 5401 1356 5470 et_
1372 5395 1602 5470 Filius,_
1636 5399 1709 5470 et.
1733 5393 1976 5470 Spiritus

330 5459 569 5529 sdnctus.
597 5459 707 5522 etc.
742 5467 934 5524 Ottob.
969 5470 1002 5521 2
1026 5472 1082 5520 et
1113 5459 1265 5520 Grod
1299 5505 1310 5522 .
1341 5463 1404 5517 '0
1452 5463 1641 5535 Ηττήρ
1691 5459 1826 5526 ἐστι,
1883 5462 1974 5515 καὶ

334 5539 362 5592 ὁ
393 5539 516 5599 Υἱὸς
548 5544 663 5599 τοῖς
693 5544 823 5592 πᾶσι
855 5537 947 5591 σὺν
982 5535 1117 5610 ἁγίῳ
1150 5535 1460 5610 Ηνεύμίατι,
1506 5541 1617 5590 etc.
1676 5535 1848 5610 Pater
1877 5541 1974 5610 est,

334 5618 386 5668 et
407 5611 581 5667 Filius
611 5610 858 5667 omnibus
888 5605 1038 5665 cum'
1066 5605 1255 5663 sancto
1274 5676 1279 5677 ί
1300 5605 1574 5677 δρὶνὶιιικ
1607 5610 1716 5660 etc.
1795 5605 1972 5677 Coisl.

333 5682 513 5738 habet
543 5688 607 5738 ut
632 5682 796 5751 editi,
833 5688 1060 5739 tantum
1087 5678 1202 5733 fert
1222 5676 1323 5751 σύν,
1343 5673 1508 5733 Ἱοοο
1557 5674 1608 5730 ἐν
1664 5682 1802 5732 ante
1831 5673 1974 5749 ἁγίῳ

334 5751 632 5826 Ηνεύματι.
665 5750 787 5813 Roe
811 5759 871 5810 et
915 5751 1163 5807 Casaub.
1222 5750 1493 5805 omittunt
1535 5752 1654 5808 τοῖς
1681 5751 1832 5804 πᾶσι.
1865 5751 1974 5805 Ea—

2084 4539 2688 4614 inra_tﬂouA1$eetoc._«
2723 4540 2869 4592 Dum
2917 4541 3248 4614 quaaritnus
3292 4541 3448 4614 unde
3499 4539 3728 4614 tantum

2086 4635 2112 4661 «
2143 4611 2316 4667 nobis
2346 4611 2842 4684 prodivitbonum
2866 4613 2882 4684 t
2890 4612 2954 4665 de
2972 4613 3088 4665 vita
3116 4611 3729 4684 loquitur),Scripturis

2089 4703 2110 4731 α
2145 4683 2364 4738 sanctis
2395 4683 2663 4744 ducibus,
2693 4683 3026 4737 invenimus
3057 4699 3121 4738 ex
3154 4685 3345 4745 Patre.
3381 4689 3439 4737 et
3467 4683 3636 4749 Filio,
3670 4689 3729 4740 et

2087 4777 2112 4803 ‹‹
2145 4755 2362 4825 Spiritu
2395 4762 2598 4810 sancto
2631 4753 2992 4825 proﬁcisci...
3027 4753 3243 4808 Eadem
3274 4755 3390 4810 vita
3410 4761 3469 4810 et
3494 4772 3528 4810 a
3554 4757 3727 4811 Patre

2084 4847 2111 4875 «
2146 4825 2422 4899 efﬁcitur,
2457 4834 2515 4881 et
2542 4843 2648 4899 per
2678 4825 2902 4899 Filium
2923 4831 3374 4899 praepararatur.
3407 4833 3465 4882 et
3495 4843 3566 4882 ex
3597 4828 3728 4899 Spi-

2082 4918 2110 4945 ‹‹
2144 4897 2292 4968 ritus
2323 4899 2510 4953 sancti
2541 4896 2841 4953 voluntate
2872 4896 3168 4968 dependet
3192 4919 3238 4948 κ.
3264 4898 3435 4952 Vides
3457 4896 3729 4954 eamdem

2083 4967 2260 5041 trium
2293 4969 2608 5026 actionem.
2650 4984 2994 5041 quanquam
3050 4968 3298 5023 diversis
3355 4969 3727 5041 singulorum

2082 5039 2524 5120 characteribus
2551 5039 3168 5120 notatamzy-eriorem
3203 5039 3479 5120 putamus
3526 5042 3728 5120 Cyrilli

2083 5109 2400 5164 lectionem
2433 5128 2610 5180 quam
2660 5111 2720 5166 in
2774 5109 2948 5165 editis
3005 5109 3383 5175 retinuimus,
3443 5118 3547 5168 aut
3573 5109 3727 5169 'eam

2083 5197 2260 5254 quam
2291 5180 2465 5254 Coisl.
2500 5181 2921 5254 cod._exhibet.
2953 5184 3092 5237 Nam
3118 5183 3371 5254 Cyrillus
3391 5184 3729 5252 promiscue

2082 5249 2270 5324 utitur
2298 5251 2607 5324 particulis
2639 5249 2691 5304 ἐν
2725 5260 2783 5307 et
2803 5252 2894 5304 σύν
2911 5249 3256 5324 Ιοῳιθῐιέὼ
3280 5249 3498 5324 Spiritu
3521 5263 3726 5312 sancto

2083 5323 2145 5378 in
2173 5321 2490 5397 phrasibus
2520 5322 2660 5397 illis,
2694 5324 2754 5377 in
2779 5321 3005 5397 quibus
3046 5321 3397 5397 particulam
3442 5321 3530 5378 διά
3577 5329 3724 5384 Filio

2082 5390 2370 5468 attribuit.
2406 5393 2702 5468 Particula
2731 5390 2822 5444 σύν
2857 5390 3184 5453 utitur-cat.
3222 5401 3307 5465 16,
3342 5413 3402 5454 n.
3438 5401 3488 5467 1,
3533 5406 3591 5454 et
3617 5402 3724 5468 24;

2082 5464 2374 5536 particula
2404 5461 2478 5530 ἐν,
2508 5470 2620 5519 cat.
2660 5468 2746 5521 17.
2775 5481 2938 5536 numq.
2973 5468 3024 5522 3.

2153 5538 2228 5606 (5)
2253 5536 2639 5611 ςιβιφορῶνταςἱ
2689 5537 2775 5611 E15
2826 5535 2954 5611 cod.
3013 5538 3188 5611 Coisl.
3247 5541 3330 5597 ita
3381 5540 3728 5611 scripsimus

2081 5604 2573 5682 ΙφοοἺάφόρῶντες.
2622 5606 2685 5661 In
2744 5605 2936 5662 Ottob.
3085 5609 3356 5677 habetur,
3412 5604 3722 5682 ἀφόρῶντα,

2082 5678 2232 5750 sing.
2267 5675 2432 5735 num.
2467 5679 2624 5745 Post,
2656 5683 2792 5750 ante
2825 5675 3052 5750 Δανιήλ,
3085 5675 3435 5750 particulam
3458 5675 3545 5732 imit
3568 5680 3724 5735 male

2082 5749 2394 5817 intrusam,
2427 5765 2496 5805 ex
2527 5751 2668 5818 Roe,
2701 5749 2946 5810 Casaub.
2981 5756 3040 5805 et
3068 5749 3240 5807 Grod.
3271 5751 3684 5820 expunximus.
