4150 6278
355 344 512 409 1053

962 340 1447 404 GATECHESIS
1486 341 1700 405 xvm.
1745 342 1848 404 DE
1891 339 2167 404 manus
2213 303 2889 413 nasuaaec'rloum,
2933 340 3105 403 ETG.

3605 349 3755 414 1054

350 475 548 548 άνέῳξε
595 474 697 537 τὰς
748 472 914 550 θύρας
971 474 1112 548 πρὸς
1171 474 1234 529 τὸ
1285 474 1490 535 πάντας
1541 472 1873 544 ἀπολαῦσαι,
1930 473 1994 530 τδ

2112 476 2414 548 ingressus
2441 473 2503 528 in
2533 473 2712 529 vitam
2743 475 2900 534 300
2928 478 3216 534 aaternam
3245 478 3480 551 aperuit
3509 481 3750 553 januaa,

354 567 476 621 ὅσον
508 565 592 620 ἐπ’
623 562 798 636 αὐτῷ,
826 562 1032 634 ταύτης
1089 561 1411 626 ἀκωλύτως.
1473 565 1638 620 Ταῦθ’
1703 565 1832 636 ἡμῖν
1863 564 2003 627 τέως

350 655 437 710 καὶ
468 654 592 728 περὶ
624 659 726 722 τῆς
754 651 982 708 αἰωνίου
1033 657 1177 722 ζωῆς
1229 652 1440 728 εἴρηται
1499 653 1856 727 συμμέτρως,
1885 654 2004 722 ἣτις

355 743 462 800 ἰστὶ
493 747 603 798 τῶν
637 740 1138 817 ἐπαγγελλομένων
1168 741 1220 796 ὲν
1250 744 1320 816 τῇ
1353 741 1536 796 Πίστει
1581 743 1643 798 τὸ
1689 747 1998 798 τελευταῖον

362 830 621 906 δίδαγμα,
653 831 744 886 καὶ
772 827 954 892 τέλος.
986 832 1088 893 Ἦς
1143 832 1354 905 γένοιτο
1411 832 1617 894 πάντας
1675 833 1843 904 ἡμᾶς,
1873 831 2001 894 τοὺς

351 942 410 976 τε
441 918 792 983 διδάσκοντας
832 920 926 975 καὶ
974 918 1105 982 τοὺς
1151 919 1449 982 ἀκούοντας
1499 920 1825 991 ἀπολαῦσαι,
1864 924 2002 976 Θεοῦ

353 1009 542 1087 χάριτι
580 1011 593 1067 l

417 1191 542 1248 AB‘.
575 1189 806 1257 Λοιπὸν,
839 1185 1067 1265 ἀδελφοὶ
1095 1187 1394 1263 ἀγαπητοὶ,
1446 1186 1754 1263 παρακαλεῖ
1799 1207 2000 1251 πάντας

352 1280 488 1352 ὑμᾶς
519 1280 548 1334 ὁ
569 1280 670 1347 τῆς
701 1275 1058 1339 διδασκαλίας
1087 1276 1280 1352 λόγος,
1314 1276 1620 1350 ἑτοιμάζειν
1669 1279 1768 1346 τὴν
1814 1279 1999 1353 ψυχὴν

349 1370 485 1444 πρὸς
545 1365 830 1443 ὑποδοχὴν
882 1371 990 1422 τῶν
1051 1364 1385 1441 ἐπουρανίων
1446 1366 1822 1442 χαρισμάτων.
1871 1368 1999 1442 Περί

354 1459 448 1531 μὶν
479 1457 570 1512 οὖν
605 1463 705 1527 τῆς
735 1453 1138 1532 παραδοθείσης
1190 1453 1320 1528 ὑμῖν
1352 1455 1427 1517 εἰς
1487 1453 1808 1531 ἐπαγγελίαν
1841 1455 2000 1531 ἁγίας

348 1547 436 1602 καὶ
458 1545 840 1616 άποστολικῆς
865 1544 1093 1618 πίστεω,
1117 1542 1245 1607 δσας
1269 1543 1512 1620 ἐγχωρεῖ
1529 1546 1866 1619 γατηχήσεις
1897 1548 1996 1619 (1),

349 1633 437 1691 διὰ
517 1637 619 1705 τὴν
703 1639 800 1690 τοῦ
891 1633 1090 1708 Κυρίου
1175 1634 1336 1710 χάριν
1391 1634 1709 1710 εἰρήκαμεν,
1770 1633 1821 1688 ἐν
1876 1639 1996 1697 ταῖς

347 1722 694 1787 διελθούσαις
776 1723 997 1786 ταύταις
1084 1729 1186 1792 τῆς
1242 1726 1694 1796 Τεσσαρακοστῆς
1740 1721 1994 1800 ἡμέραιςθ

346 1814 454 1890 οὐχ
507 1812 592 1869 ὅτι
637 1817 806 1869 ταῦτα
839 1813 980 1886 μόνα
1034 1811 1203 1867 εἰπεῖν
1260 1811 1586 1890 ὠφείλομεν
1645 1811 1833 1868 πολλά
1889 1815 1992 1889 γὰρ

345 1903 452 1959 ἐστι
509 1905 578 1959 τὰ
633 1903 1093 1980 παραλειφθέντα,
1146 1901 1238 1957 καὶ
1298 1901 1560 1975 μειζόνως
1591 1904 1666 1976 (2)
1722 1901 1851 1965 ἴσως
1888 1903 1989 1958 ὑπὸ

343 1997 452 2048 τῶν
483 1987 796 2048 καλλιόνων
849 1988 1188 2046 διδασκάλων
1237 1990 1526 2064 νοούμενον
1585 1989 1884 2063 ἐνεστώσης
1932 1990 1990 2048 8t

349 2084 547 2140 λοιπὸν
574 2090 678 2152 τῆς
705 2081 861 2158 ἁγίας
891 2086 988 2138 τοῦ
1038 2081 1230 2158 Πάσχα
1259 2084 1490 2159 ἡμέρας,
1521 2081 1610 2138 καὶ
1664 2089 1764 2152 τῆς
1796 2085 1989 2157 ύμετὲο

344 2196 439 2252 ρας
471 2174 524 2231 ἐν
584 2179 825 2249 Χριστῷ,
885 2171 975 2229 διὰ
1027 2173 1262 2248 λουτροῦ
1313 2174 1741 2249 παλιγγενεσίας,
1777 2176 1988 2250 ἀγάπης

344 2264 749 2344 φωτιζομὲνης·
785 2261 1180 2340 διδαχθήσεσθε
1218 2261 1383 2319 πάλιν
1414 2265 1483 2319 τὰ
1528 2264 1824 2340 πρέποντα,
1857 2271 1990 2322 Θεοῦ

344 2354 624 2420 θέλοντος·
695 2353 814 2426 μεθ’
869 2352 1002 2424 ὅσης
1066 2354 1160 2427 μὲν
1190 2348 1462 2414 εὐσεϐείας
1519 2357 1592 2426 (3)
1645 2355 1740 2409 καὶ
1791 2355 1992 2427 τάξεως

343 2441 602 2499 εἰσελθεῖν
638 2443 749 2517 χρὴ
781 2439 1174 2515 καλουμένους·
1233 2441 1386 2503 τίνος
1417 2439 1474 2497 δὲ
1521 2439 1696 2498 ἕνεκεν
1729 2442 1988 2501 ἐπιτελεῖ-

341 2554 431 2589 ται
460 2529 683 2587 ’ἑκαστον
713 2535 822 2586 τῶν
863 2531 1028 2607 ἁγίων
1058 2534 1156 2586 τοῦ
1217 2531 1591 2606 βαπτίσματος
1649 2533 1986 2609 μυστηρίων·

354 2622 470 2695 μεθ’
503 2619 634 2693 ὅσης
665 2617 724 2676 δὶ
751 2615 1034 2682 εὐλαϐείας
1063 2621 1156 2675 καὶ
1185 2622 1412 2690 τάξεως,
1444 2622 1555 2696 χρή
1594 2622 1698 2676 ἀπὸ
1744 2620 1841 2678 τοῦ
1893 2625 1988 2699 βα.

357 2709 654 2783 πτίσματος
709 2711 848 2785 πρὸς
897 2711 959 2764 τὸ
1008 2710 1162 2785 ἅγιον
1193 2714 1289 2766 τοῦ
1344 2714 1478 2766 Θεοῦ
1531 2709 1991 2787 προσελεύσεσθαι

354 2801 754 2874 θυσιαστήριον,
785 2797 876 2854 καὶ
906 2803 1014 2854 τῶν
1046 2799 1232 2863 αὐτόθι
1280 2805 1658 2872 πνευματικῶν
1691 2800 1780 2856 καὶ
1827 2801 1988 2858 ἐπου-
2029 2869 2036 2875 ρ

351 2888 542 2964 ρανίων
575 2888 872 2944 ἀπολαύειν
932 2891 1009 2963 (4)
1071 2888 1402 2964 μυστηρίων·
1433 2888 1523 2943 ἳνα
1576 2896 1675 2958 τῆς
1730 2891 1991 2968 ὑμετέρας

416 3069 492 3139 (1)
521 3067 684 3129 Ὅσας
714 3065 955 3141 ἐγχωρεῖ
999 3087 1138 3138 κατη
1186 3069 1360 3138 ήσεις.
1412 3070 1486 3126 Le
1525 3071 1545 3125 i
1590 3071 1682 3127 vel
1713 3071 1831 3128 lem
1862 3071 1990 3136 ’ὀσας

416 3138 630 3196 εγώοει.
661 3147 796 3196 auat
828 3140 984 3196 licuit
1014 3087 1330 3196 catecxheses.
1358 3086 1677 3196 Grmfecius
1708 3143 1990 3196 interpre-

349 3138 630 3214 ἐνεχώρει,
661 3138 984 3216 ᾳμρϊζίὸαίί
1014 3138 1330 3216 catecheses.
1358 3138 1677 3198 Grodecius
1708 3143 1992 3216 interpre-

2109 569 2175 620 ut
2195 579 2423 628 omnes,
2447 568 2733 634 quantum
2753 564 2813 618 in
2836 564 2964 634 ipso
2985 570 3092 633 est,
3109 583 3178 623 ea
3198 568 3364 624 nullo
3387 570 3752 642 impediente

2106 653 2506 727 perfruantur.
2538 654 2670 708 Haac
2703 653 2876 708 nobis
2908 654 3169 724 interim,
3205 664 3434 714 servata
3472 661 3635 717 modi
3657 678 3754 718 ra-

2107 743 2289 813 tione,
2323 742 2395 798 de
2425 743 2546 798 vita
2565 759 2804 814 quoque
2829 748 3052 798 aeterna
3081 745 3239 800 dicta
3265 752 3442 815 sunt;
3475 766 3605 820 quas
3626 752 3753 822 qui-

2107 833 2244 889 dem
2276 849 2481 888 eorum
2512 832 2746 903 quaain
2805 831 2943 886 Fide
3000 834 3351 904 profitemur
3399 842 3750 907 postrenum

2106 922 2554 990 documentum,
2579 939 2647 978 ac
2679 921 2815 977 ﬁnis
2848 927 2957 979 est.
2977 924 3102 988 Qua
3122 924 3352 980 utinam
3378 941 3487 981 nos
3517 943 3750 998 omnes,

2106 1017 2166 1069 et
2194 1013 2295 1084 qui
2327 1013 2610 1068 docemus
2663 1016 2723 1067 et
2753 1011 2855 1082 qui
2897 1012 3137 1083 auditis,
3168 1014 3272 1070 Dei
3331 1016 3540 1086 gratia,
3570 1017 3750 1089 potiri

2106 1101 2413 1174 contingat
2434 1101 2446 1155 I

2173 1190 2402 1246 XXXII.
2429 1191 2741 1258 Caeterum,
2763 1189 2976 1246 fratres
2997 1189 3223 1259 dilecti,
3244 1209 3347 1249 vos
3375 1209 3583 1251 omnes
3609 1196 3748 1252 hor-

2107 1285 2262 1336 tatur
2291 1280 2707 1352 praeceptionis
2727 1279 2906 1350 hujus
2924 1297 3140 1346 sermo,
3171 1286 3237 1336 ut
3258 1283 3518 1339 animam
3541 1285 3616 1341 ad
3635 1303 3749 1343 cce-

2103 1369 2347 1425 lestium
2377 1369 2669 1424 donorum
2700 1369 3105 1440 receptionem
3127 1373 3502 1443 comparatis.
3529 1375 3608 1430 De
3641 1381 3750 1432 tra-

2104 1459 2228 1514 dita
2251 1458 2413 1515 vobis
2429 1458 2502 1514 ad
2533 1458 2940 1514 conﬁtendum
2973 1462 3588 1532 sanctaetapostolica
3609 1465 3748 1532 ﬁde,

2103 1553 2252 1620 quot
2277 1547 2419 1604 licet
2438 1547 2778 1604 catecheses
2804 1548 2867 1602 in
2891 1549 3210 1619 praeteritis
3229 1549 3393 1606 hisce
3415 1553 3749 1627 Quadrage-

2103 1638 2270 1693 sima:
2285 1636 2494 1692 diebus
2511 1653 2618 1707 per
2629 1636 2857 1692 domini
2877 1637 3126 1707 gratiam
3141 1637 3399 1695 diximus
3424 1657 3438 1696 :
3453 1657 3573 1696 non
3587 1643 3746 1713 quod

2103 1743 2174 1783 ea
2195 1727 2608 1782 tantummodo
2631 1725 2890 1782 dicenda
2909 1726 3151 1782 luerunt
3175 1747 3190 1795 ς
3213 1727 3402 1784 multa
3423 1730 3582 1785 enim
3607 1737 3749 1788 sunt

2102 1817 2524 1889 pratermissa,
2556 1815 2801 1886 haecque
2832 1815 3146 1872 sublimius
3176 1816 3445 1874 fortassis
3476 1835 3511 1874 a
3537 1820 3747 1876 melio-

2103 1906 2267 1961 ribus
2279 1904 2576 1977 magistris
2589 1904 3008 1976 cogitarentur.
3029 1905 3293 1960 Instante
3311 1922 3446 1962 vero
3467 1906 3748 1980 deinceps

2102 2000 2306 2051 sancto
2337 1994 2644 2050 Paschatis
2675 1993 2790 2061 die,
2823 1993 2965 2048 dum
2987 1999 3179 2050 vestra
3198 1995 3261 2050 in
3274 1996 3505 2052 Christo
3535 2014 3641 2069 per
3659 1998 3748 2054 la-

2099 2101 2338 2142 vacrum
2350 2083 2816 2156 regenerationis
2829 2082 2986 2140 chari
2996 2083 3750 2160 tasilluminabitur;(5)ite-

2101 2192 2235 2230 rum
2250 2176 2365 2229 Deo
2388 2173 2623 2229 volente
2653 2173 2725 2228 de
2748 2173 2820 2228 iis
2841 2189 2973 2243 quas
2995 2179 3400 2230 consentanea
3418 2181 3579 2245 sunt,
3609 2193 3743 2232 eru-

2101 2263 2351 2320 diemini
2377 2280 2389 2318 :
2415 2267 2637 2334 quanta
2665 2262 2950 2318 nimirum
2981 2279 3114 2318 cum
3147 2262 3386 2334 pietate,
3419 2281 3606 2335 quove
3636 2283 3740 2322 or-

2101 2354 2240 2410 dine
2253 2358 2486 2408 vocatos
2497 2352 2728 2425 ingredi
2745 2357 3040 2422 oporteat;
3055 2353 3225 2424 cujus
3241 2354 3326 2408 rei
3339 2370 3518 2411 causa
3529 2371 3744 2410 unum-

2102 2445 2379 2518 quodque
2393 2447 2733 2498 sanctorum
2751 2441 3028 2512 baptismi
3046 2443 3466 2514 mysteriorum
3479 2445 3746 2516 perﬁcia-

2102 2543 2231 2602 tur;
2263 2541 2323 2590 et
2343 2538 2568 2606 quanta
2587 2549 2722 2588 cum
2745 2531 3074 2588 reverentia
3089 2538 3266 2604 atque
3315 2533 3524 2589 ordine
3567 2552 3743 2607 opor-

2101 2631 2225 2682 teat
2249 2642 2284 2681 a
2299 2625 2654 2696 baptismate
2676 2621 2752 2678 ad
2772 2627 3045 2678 sanctum
3067 2622 3170 2677 Dei
3187 2623 3374 2690 altare
3396 2624 3742 2695 procedere,

2102 2713 2630 2788 spiritualibusque
2662 2717 2721 2767 et
2748 2711 3110 2776 caelestibus,
3143 2729 3274 2784 quia
3304 2712 3384 2768 ibi
3415 2713 3744 2770 distribuu-

2101 2811 2216 2871 tur,
2241 2803 2542 2877 mysteriis
2567 2801 2703 2867 frui,
2739 2806 2804 2856 ut
2835 2801 3037 2857 anima
3074 2805 3268 2856 vestra
3322 2817 3427 2872 per
3456 2802 3739 2860 doctrinm

2103 2909 2441 2950 sermonem
2461 2891 2626 2964 prius
2656 2890 2972 2961 illustrata,
2991 2906 3097 2962 per
3117 2888 3350 2963 singula
3368 2891 3738 2963 cognoscatis

2099 3071 2316 3142 νομίαν·
2372 3070 2772 3142 Spiritualibus
2806 3113 2820 3136 ,
2868 3069 3169 3126 caelestibus
3201 3109 3216 3134 ,
3263 3072 3736 3138 incontaminatis,

2100 3145 2307 3214 vivﬁcis
2355 3160 2419 3199 ac
2470 3142 2763 3198 tremendis
2812 3142 3018 3198 Christi
3050 3142 3392 3212 participare
3420 3143 3736 3212 mysteriis;

352 3211 509 3268 tatur
528 3211 708 3284 'quasi
722 3211 997 3288 legisset,
1013 3212 1113 3288 ὅσα
1142 3211 1377 3287 ἐγχωρει
1400 3215 1732 3288 κατήχησις,
1764 3211 1991 3274 αηᾱιιιτη

2105 3220 2161 3273 in
2188 3211 2678 3285 sanctiﬁcationem
2702 3215 3014 3288 animarum
3039 3229 3100 3267 ac
3130 3229 3438 3288 corporum,
3469 3211 3530 3268 in
3558 3217 3742 3288 remis-

353 3301 546 3356 capere
564 3283 755 3354 potuit
792 3283 1101 3356 catechesis,
1163 3283 1267 3340 seu
1297 3283 1610 3356 quantum
1665 3287 1991 3344 institutio—

353 3355 654 3412 nivestrm
706 3355 1002 3429 satiserat
1030 3360 1166 3412 ante
1210 3355 1607 3429 baptismum;
1639 3358 1770 3414 vide
1797 3365 1910 3416 cat.
1944 3363 1998 3429 4,

355 3445 415 3483 n.
449 3429 537 3502 23__.
570 3429 635 3482 ln
669 3427 1019 3502 codUCoisI.
1059 3427 1651 3502 ιθεὶιιιιυξκατήχησις,
1684 3432 1788 3486 sed
1819 3427 1997 3492 habe;

356 3505 471 3566 tur,
498 3497 648 3558 ὅσας.
681 3498 837 3554 Nihil
867 3497 1228 3556 maxime'ad
1256 3518 1408 3567 rem,
1444 3497 1687 3557 riitrovis
1720 3503 1892 3558 modo
1923 3505 2002 3559 le-

357 3577 544 3644 gatur.
579 3571 729 3644 Loco
787 3567 1025 3644 ταύταις,
1086 3571 1303 3644 legitur
1361 3572 1421 3628 in
1452 3572 1657 3644 iCoisI.
1692 3581 1749 3630 et
1777 3576 1998 3644 Ottob.,

355 3639 577 3710 ταύτης,
610 3641 776 3711 hujus
807 3639 1265 3712 Quadragesiinw.
1302 3643 1524 3700 Similis
1555 3645 1806 3700 habetur
1835 3639 2001 3701 locu;

361 3713 710 3791 tio-epistol;
757 3714 830 3768 ad
867 3721 1173 3791 Constant,
1207 3732 1370 3772 num.
1403 3718 1438 3770 4
1461 3733 1473 3770 :
1497 3715 1619 3791 “'Ev
1655 3721 1774 3778 ταῖς
1823 3717 1999 3791 ἁγίαις

358 3781 577 3844 ταύταις
605 3781 836 3858 ἡμέραις
866 3790 966 3852 τῆς
997 3781 1579 3858 ἁγίαςΠεντηκοστῆς.

426 3859 503 3931 (2)
535 3855 830 3931 Msigéymc.
892 3859 976 3931 Ita
1025 3855 1371 3929 scripsimus
1428 3877 1534 3931 pro
1595 3857 1884 3930 μειζόνων,
1928 3879 2000 3918 ex

357 3929 527 3985 codd.
562 3927 762 3991 Coisl.,
797 3929 1012 3995 Ottob.,
1073 3927 1212 3997 Roe,
1265 3927 1511 3986 Casaub.
1566 3927 1624 3985 et
1653 3931 1825 3990 Grod.
1860 3935 2000 3989 Post

354 3997 483 4060 ἴσως
515 3999 866 4072 particulam
899 4000 1009 4066 καί,
1043 4018 1174 4072 quas
1221 4002 1281 4057 in
1312 4002 1511 4071 Coisl.,
1546 4003 1736 4059 Ottob.
1780 4021 1846 4060 ac
1878 4007 1997 4061 Roe

356 4073 578 4139 deerat,
630 4073 1070 4144 expunximus:_
1098 4074 1212 4144 _qui
1266 4079 1384 4129 tres
1424 4074 1657 4130 codices
1709 4076 1838 4131 loco
1869 4074 1996 4143 ὑπὸ,

356 4144 577 4200 habent
627 4140 789 4212 παρὰ.
842 4146 954 4199 Pro
986 4140 1320 4212 καλλιόνων,
1354 4147 1413 4200 in
1447 4147 1638 4202 Ottob.
1669 4151 1702 4202 2
1733 4154 1790 4202 et
1821 4140 1994 4206 Grod;

358 4224 447 4273 est
477 4214 873 4281 solummodo,
923 4213 1127 4269 καλὼν.
1186 4217 1378 4272 Ottob.
1412 4222 1433 4271 1
1471 4220 1709 4275 omittit.
1744 4214 1999 4274 διδασκά-

355 4286 490 4342 λων.
522 4290 725 4353 Voces,
758 4287 1022 4356 μειζόνως
1049 4286 1341 4357 νοούμενα,
1365 4289 1613 4345 multam
1645 4291 1997 4348 afﬁnitatem

351 4361 574 4415 habent
600 4375 735 4433 cum
765 4359 1063 4433 similibus
1109 4360 1322 4423 verbis,
1386 4361 1649 4430 μειζόνων
1711 4359 1996 4433 ῥηματων,

353 4433 557 4506 homil.
588 4432 645 4506 in
693 4431 942 4501 Paraiyt.
977 4431 1109 4506 sub_
1141 4433 1343 4498 ﬁnem,
1375 4449 1432 4506 n‘.
1481 4435 1570 4494 20,
1612 4431 1797 4489 Paulo
1842 4431 1997 4506 post,

352 4505 548 4566 verba,
585 4502 802 4574 ἀγαπης
837 4503 1240 4573 φωτιζομένης,
1303 4503 1658 4558 omittuntur
1704 4505 1763 4559 in
1823 4502 1993 4563 codd.

351 4574 761 4659 Qttobonianis
793 4574 1042 4638 duobus.
1068 4574 1432 4659 Coisl‘uRoe.
1467 4575 1713 4632 Casaub.
1736 4582 1793 4659 et
1819 4579 1990 4659 (ἦρά.
2024 4595 2071 4659 D

353 4648 472 4723 Hoc
502 4647 673 4701 titulo
707 4663 888 4723 saepe
905 4663 1078 4723 suum
1123 4646 1485 4703 auditorium
1540 4648 1856 4719 compellat
1883 4651 1994 4723 Cy-

350 4718 543 4784 rillus,
577 4724 640 4772 ut
677 4723 787 4773 cat.
826 4720 910 4785 i7,
945 4735 1000 4772 n.
1037 4720 1087 4774 3.

420 4783 688 4862 (3)77Ms0'
747 4783 1035 4862 ὅσης-,μὶν
1091 4783 1431 4862 εὐσεϐείας.Δ
1476 4790 1836 4862 Particulam
1895 4788 1989 4862 μέν

346 4853 703 4918 addidimus.
756 4853 1079 4929 Εὐλαϐὲίας,
1113 4863 1242 4918 loco
1274 4855 1572 4932 εὐσεϐείας,
1622 4853 1905 4919 scribitur
1931 4865 1993 4919 in

345 4934 536 4992 Ottob.
573 4939 851 5002 utroque,
876 4939 933 4988 et
958 4936 1074 4990 Roe
1107 4951 1175 4991 ac
1201 4933 1448 4990 Casaub.
1483 4934 1653 4991 codd.

416 5001 858 5076 (4)Ἀπολαῦειν.
903 5007 1054 5077 _Eam
1111 5022 1312 5060 veram
1371 5007 1547 5077 hujus
1574 5007 1730 5062 vocis
1787 5007 1991 5063 lectio-

346 5075 484 5150 nem
517 5094 586 5133 ex
616 5077 777 5134 CoIb.
812 5075 1015 5150 codice
1064 5077 1334 5144 restitui;
1393 5075 1522 5150 quin
1555 5079 1990 5150 vitiosaAlibra-

347 5149 569 5232 riorum
604 5149 1090 5232 pronuntiatione
1147 5144 1522 5232 mutata‘est
1546 5151 1630 5232 oin
1669 5144 1992 5232 ἀπολαϐεῖν,

351 5222 506 5293 quod
537 5219 756 5293 legitur
780 5221 842 5276 in
886 5221 1213 5293 impressis.
1248 5219 1409 5276 Codd
1461 5221 1617 5276 Coisl
1646 5263 1661 5285 ,
1703 5223 1844 5290 Roe,
1875 5223 1991 5278 Ca-

349 5293 512 5348 saub.
563 5293 786 5348 habent
819 5333 832 5360 ,
887 5289 1278 5354 ἆπολαύεσθαι.
1311 5291 1513 5361 Ottob.;
1539 5296 1591 5358 2,
1618 5289 1990 5361 ἀπολαύσητε,

349 5364 541 5435 Ottob.
580 5368 628 5429 I,
661 5358 1020 5431 ἀπολαύσετε,
1055 5364 1244 5432 Bodl.,
1271 5358 1620 5435 μεταλαϐεῖν.
1645 5365 1756 5422 Sed
1787 5366 1848 5422 in
1877 5358 1990 5422 hoc

349 5434 552 5508 codice
573 5435 788 5508 legitur
817 5436 943 5491 haac
975 5434 1278 5492 sententia
1299 5454 1434 5492 cum
1465 5436 1849 5493 nonullorum
1869 5454 1992 5493 ver-

342 5506 554 5562 borum
584 5506 950 5577 accessione,
983 5509 1044 5564 in
1095 5509 1254 5564 hunc
1311 5509 1594 5565 modum:
1625 5510 1746 5565 Τῶν
1799 5508 1988 5564 αὐτόθι

342 5583 722 5654 πνευματικῶν
753 5625 772 5654 ρ
829 5579 918 5634 καὶ
971 5577 1333 5654 ἐπουρανίων,
1388 5580 1477 5634 καὶ
1538 5579 1846 5654 ἀχράντων,
1898 5580 1985 5635 καὶ

343 5647 648 5728 ζωοποιῶν,
678 5649 770 5728 καὶ
802 5655 1046 5728 «potntch
1087 5647 1185 5728 τοῦ
1238 5647 1475 5728 Χριστοῦ
1507 5647 1842 5728 μεταλαϐεῖν
1885 5673 1992 5728 p.9—

345 5719 639 5799 gnpiwv
684 5722 760 5784 εἰς
805 5719 1079 5799 Ϋάγιασμόν
1115 5719 1337 5799 Δτίν-[χῶν
1391 5724 1479 5799 καὶ
1507 5719 1852 5799 empti-tice,
1886 5719 1986 5787 ἐίς

348 5789 532 5872 ἄφεσιν
588 5789 893 5871 ἁμαρτιῶν,
940 5789 1028 5852 καὶ
1085 5789 1163 5861 εἰς
1195 5789 1472 5873 βᾶσιλείας
1507 5789 1752 5874 οὐρανῶν
1777 5789 1990 5873 κληρο-

2105 3291 2310 3345 sionem
2334 3293 2701 3358 peccatorum,
2755 3291 2804 3339 et
2844 3285 2926 3358 _ad
2971 3286 3400 3358 consequendam
3445 3287 3606 3358 regni
3633 3303 3736 3342 cce-

2108 3362 2252 3416 lestis
2283 3356 2678 3417 héreditatem.
2716 3356 2898 3411 Paulo
2947 3362 3097 3428 post,
3132 3357 3260 3411 loco
3307 3356 3599 3430 ἡμετερας,
3630 3373 3738 3430 po-

2064 3485 2070 3492 .
2107 3432 2357 3496 suimus,
2389 3429 2672 3501 ὑμετέρας.
2704 3446 2772 3483 ex
2804 3431 2944 3484 Roe.
2977 3430 3222 3484 Casaub.
3259 3434 3317 3483 et
3349 3428 3515 3484 Bodl.

2175 3505 2251 3573 (5)
2283 3507 2488 3558 Iterum
2515 3503 2582 3556 de
2604 3502 2687 3573 his
2707 3517 2828 3570 quae
2859 3507 3216 3573 consentanea
3242 3507 3368 3555 sunt
3395 3502 3739 3558 erudiemini.

2105 3572 2248 3629 Cum
2281 3575 2339 3629 in
2372 3572 2782 3628 catechesibus
2821 3579 2956 3627 ante
2995 3572 3358 3643 baptismum
3387 3577 3554 3629 neIas
3588 3579 3745 3630 esset

2105 3645 2468 3717 baptizandis
2501 3644 2783 3715 mysteria
2822 3644 3074 3715 aperire,
3131 3660 3239 3717 nec
3299 3649 3496 3717 tamen
3529 3662 3628 3700 eos
3672 3645 3745 3701 ad

2103 3716 2207 3773 illa
2241 3719 2560 3789 imparatos
2580 3733 2647 3789 ac
2677 3732 2920 3789 prorsus
2953 3731 3156 3770 eorum
3179 3716 3502 3789 inscientes
3532 3717 3748 3772 admit—

2105 3795 2228 3845 tere
2258 3787 2593 3861 op‘orteret;
2624 3787 2833 3861 fusiori
2854 3787 3090 3861 Illorum
3117 3787 3487 3858 expositione
3515 3789 3574 3843 in
3602 3789 3743 3861 sub-

2105 3859 2359 3931 sequens
2393 3866 2625 3930 tempus
2657 3859 2858 3917 dilata.
2892 3859 2953 3913 in
2984 3860 3107 3930 ipsa
3151 3865 3323 3914 nocte
3373 3860 3640 3931 Paschali
3672 3861 3743 3916 de

2103 3930 2249 4004 ipsis
2280 3932 2554 3994 breviter,
2580 3936 2637 3985 et
2666 3935 2954 4004 quantum
2983 3935 3353 4004 per_te_mpus
3385 3930 3601 3987 licebat
3629 3948 3737 3987 an-

2103 4001 2340 4076 tequam
2368 4004 2442 4059 ad
2473 4020 2555 4076 ea_
2569 4002 2937 4076 accederent,
2967 4001 3410 4076 erudiebantur.
3441 4005 3507 4058 In
3533 4004 3746 4076 Constig

2105 4073 2207 4132 tut.
2241 4077 2502 4159 apostol.,
2542 4074 2645 4130 lib.
2689 4091 2782 4139 vn,
2838 4091 2965 4156 cap.
3010 4076 3112 4156 _49,
3155 4074 3516 4201 prmcipitur,
3549 4080 3617 4131 ut
3646 4073 3747 4146 qui

2105 4149 2498 4201 cotecbizatus
2548 4152 2655 4201 est.
2689 4162 2823 4200 cum
2881 4162 3124 4201 iamiam
3176 4153 3287 4201 erit
3378 4147 3746 4201 antizandus.

2104 4145 2498 4204 cotecbizatus
2535 4152 2823 4218 Aest,_cum
2873 4146 3124 4218 jamjam
3156 4145 3287 4201 ierit
3336 4145 3746 4217 baptizandus,

2103 4218 2227 4273 ὅταν
2326 4218 2461 4292 πρὸς
2489 4216 2619 4272 αὐτὸ
2663 4216 2888 4292 λοιπὸνς
2917 4216 2978 4270 τὸ
3003 4216 3012 4217 ί
3041 4216 3452 4292 βαπτισθῆναιίᾷ
3483 4219 3752 4292 addiscat

2104 4309 2235 4362 quae
2263 4289 2342 4347 ab
2372 4289 3004 4362 abrenuntiationisiet
3026 4289 3184 4362 pacti
3226 4306 3364 4362 cum
3396 4289 3626 4362 Christo
3658 4290 3745 4362 in-

2105 4360 2282 4418 eundi
2301 4363 2539 4418 modum
2563 4363 2881 4432 pertinent.
2905 4360 3159 4431 Cyrillus
3176 4360 3609 4432 Alexandrinus
3623 4360 3749 4432 Gla-

2103 4436 2449 4507 pbyrorum,
2473 4436 2532 4487 in.
2553 4431 2867 4507 Leviticnm,
2897 4448 3026 4507 pag.
3051 4434 3153 4486 366
3173 4439 3231 4487 et
3255 4433 3378 4495 367,
3402 4431 3486 4507 ait
3505 4431 3746 4507 partici-

2104 4503 2405 4578 pationem
2445 4505 2842 4578 Eucharistim
2870 4503 3177 4578 continere
3225 4503 3745 4578 annuntiationem

2105 4575 2313 4634 inortis
2337 4583 2394 4632 et
2423 4577 2880 4632 resurrectionis
2911 4575 3122 4629 Christi
3149 4593 3161 4643 ;
3197 4582 3256 4630 et
3282 4575 3462 4646 hujus
3484 4575 3568 4630 rei
3602 4591 3743 4630 con-

2101 4650 2420 4706 fessionem
2450 4650 2615 4721 prius
2644 4649 2796 4721 exigi
2827 4648 2902 4721 ab_
2931 4647 3002 4721 iis
3034 4646 3135 4721 qui
3166 4646 3584 4721 crediderunt;
3619 4652 3744 4721 tum

2101 4721 2176 4777 ad
2212 4717 2488 4801 sanctum
2513 4717 3069 4801 baptisma'adduci,
3104 4723 3161 4773 et
3187 4719 3486 4801 “sanguine
3535 4717 3742 4801 interni

2104 4794 2443 4850 testamenti
2475 4789 2718 4847 initiari.
2753 4793 2959 4847 Niceas
2990 4789 3089 4845 ille
3117 4791 3208 4846 vel
3229 4789 3509 4846 Anicetus
3541 4793 3747 4846 Roma-

2103 4882 2315 4920 norum
2349 4865 2659 4937 episcopus
2689 4863 2778 4918 vel
2811 4862 3141 4937 presbyter,
3167 4864 3266 4934 qui
3299 4862 3462 4937 apud
3512 4864 3744 4937 Genna-

2103 4937 2284 4998 dium,
2322 4935 2573 5004 Cdtalogi
2602 4952 2728 5006 cap.
2763 4937 2851 5001 23,
2886 4951 2987 4989 sex
3037 4935 3447 4991 instructionis
3477 4935 3551 4990 ad
3583 4950 3746 4991 com-

2102 5014 2371 5080 petentes
2402 5007 2638 5062 libellos
2668 5007 3004 5080 scripserat,
3030 5014 3261 5080 sextum
3284 5007 3628 5080 etultimum
3653 5006 3741 5064 in-

2103 5078 2421 5150 scripserat
2463 5081 2534 5132 De
2564 5078 2699 5148 agni
2721 5078 3000 5150 paschalis
3028 5078 3272 5134 victima.
3309 5080 3558 5134 Sanctus
3590 5079 3742 5134 Gau-

2101 5148 2338 5207 dentius
2371 5150 2711 5211 Brixiensis.
2764 5148 3023 5220 primum
3073 5156 3134 5205 et
3191 5151 3520 5206 secundum
3570 5166 3742 5205 suum

2101 5239 2440 5279 sermonem
2473 5221 2545 5276 ad
2576 5220 2903 5292 neophytos
2936 5220 3142 5276 habuit
3162 5221 3460 5293 invigiliis
3490 5221 3746 5278 Pascha-

2101 5296 2212 5362 tis;
2247 5293 2575 5366 secundum
2609 5299 2833 5366 autem,
2849 5293 3203 5366 rregressisa
3223 5292 3385 5348 fonte
3407 5295 3742 5366 neophytis,

2099 5367 2268 5425 dixit.
2292 5372 2353 5421 ut
2384 5365 2577 5420 edendi
2603 5363 2883 5436 paschalis
2910 5365 3170 5434 sacriﬁcii
3197 5363 3548 5436 disciplinain
3579 5363 3743 5421 rudes

2098 5437 2360 5508 neophyti
2389 5438 2678 5500 discerent,
2712 5434 2868 5508 quod
2901 5440 3163 5508 _testatur
3191 5434 3368 5491 serui.
3403 5440 3455 5492 5.
3510 5437 3617 5492 Sed
3650 5437 3740 5492 hat

2099 5506 2303 5582 Cyrilli
2317 5508 2742 5582 instructiones
2760 5507 2887 5582 ipso
2900 5506 3274 5582 baptismatis
3290 5514 3552 5582 tempore
3567 5508 3742 5582 datin,

2096 5578 2370 5637 videntur
2399 5580 2588 5636 multo
2619 5578 2916 5634 breviores
2959 5579 3145 5636 fuisse
3196 5581 3385 5635 sancti
3414 5578 3741 5636 'Gaudentii

2099 5652 2495 5720 sermonibus,
2529 5657 2588 5708 et
2607 5650 3116 5708 admonitionibus
3147 5669 3252 5723 pro
3274 5658 3546 5723 tempore
3564 5650 3740 5723 datis,

2097 5741 2277 5798 quam
2315 5723 2703 5782 concionibus
2733 5741 2764 5781 e
2797 5730 3072 5798 suggestu
3119 5721 3340 5788 habitis
3396 5721 3737 5779 similiores.
