4150 6278
355 335 510 399 1055

1401 331 1467 392 S.
1513 329 1820 392 CYRILLI
1863 328 2279 394 HIEROSOL.
2324 333 2690 397 ARCHIEP.

3605 338 3762 402 1056

351 468 788 541 impertitorum
831 465 997 522 vobis
1043 482 1080 523 a
1125 463 1243 522 Deo
1292 463 1586 522 donorum
1635 464 1994 540 magnitudi-

2111 465 2298 540 ψυχῆς
2330 462 2418 519 διὰ
2446 469 2544 520 τοῦ
2572 473 2670 535 τῆς
2706 463 3055 530 διδασκαλίας
3101 465 3277 542 λόγου
3331 469 3758 542 προφωτιζομέ·

351 573 511 614 nem.

424 737 670 794 XXXlll.
697 741 837 794 Post
857 744 1130 795 sanctum
1156 753 1292 792 vero
1319 741 1378 792 et
1397 735 1721 792 salutarem
1749 733 2008 790 Pascha-

355 829 432 883 tis
463 828 644 895 diem,
676 828 747 883 ab
780 827 1044 883 secunda
1094 827 1484 882 Sabbatorum
1513 823 1610 879 die
1642 822 2002 887 inchoando,

356 918 605 991 singulis
624 918 1128 987 consequentibus
1151 914 1539 971 hebdomadas
1563 911 2002 978 diebus,statim

353 1011 489 1078 post
519 1007 789 1078 synaxim
823 1007 883 1061 in
915 1012 1188 1062 sanctum
1219 1002 1672 1060 resurrectionis
1698 1001 1892 1055 locum
1917 999 2002 1053 in-

357 1095 714 1168 gredientes,
738 1095 905 1162 alias,
933 1096 1049 1150 Deo
1075 1095 1326 1161 volente,
1351 1091 1691 1147 catecheses
1710 1088 1964 1144 audietis
1987 1106 2001 1155 ;

356 1185 419 1238 in
443 1184 658 1255 quibus
671 1201 911 1240 rursum
940 1183 1306 1250 singularum
1326 1199 1458 1253 quae
1482 1181 1567 1252 [in
1589 1177 1776 1251 vobis]
1799 1194 2002 1248 perac~

357 1278 432 1328 tua
462 1273 686 1327 fuerint
706 1274 852 1328 τοι
889 1289 1090 1328 rerum
1121 1272 1382 1326 rationes
1420 1275 1480 1325 et
1523 1285 1733 1324 causas
1767 1265 2002 1322 erudie-

359 1362 507 1417 mini
534 1379 548 1429 ;
574 1368 752 1433 atque
777 1367 897 1417 tam
937 1378 1008 1416 ex
1038 1361 1235 1416 Veteri
1268 1376 1448 1431 quam
1495 1374 1565 1414 ex
1596 1360 1749 1413 Novo
1797 1361 1999 1411 Testa-

360 1457 562 1507 mento
592 1451 1132 1506 demonstrationes
1161 1449 1485 1521 accipietis.
1507 1447 1552 1483 9‘
1578 1447 1846 1502 Primum
1870 1445 2005 1515 qui-

362 1540 496 1596 dem
517 1541 588 1595 de
609 1540 700 1595 his
717 1555 850 1610 quas
875 1546 1012 1594 ante
1035 1540 1332 1611 baptisma
1344 1538 1542 1593 statim
1567 1541 1806 1608 peracta
1821 1537 1962 1589 sunt
1987 1549 2000 1586 :

358 1629 403 1664 "
434 1627 657 1683 Deinde
688 1643 823 1682 vero
855 1627 1155 1698 quomodo
1188 1626 1458 1682 mundati
1500 1625 1641 1681 estis
1679 1640 1714 1680 a
1742 1621 2001 1696 peccatis

357 1734 465 1788 per
496 1717 812 1772 Dominum
836 1717 1067 1773 lavacro
1098 1733 1267 1788 aqum
1290 1716 1353 1772 in
1373 1715 1551 1771 verbo
1589 1715 1634 1749 ⁸³
1659 1730 1672 1768 :
1695 1711 1744 1747 ⁹⁴
1765 1714 1834 1767 Et
1855 1726 2002 1782 quo-

358 1806 535 1862 modo
567 1806 941 1862 sacerdotum
972 1806 1034 1861 in
1063 1821 1291 1860 morem
1329 1803 1750 1877 appellationis
1781 1799 2000 1856 Christi

356 1895 675 1966 participes
705 1895 842 1950 facti
874 1897 1054 1963 estis;
1087 1911 1274 1967 quove
1305 1893 1480 1949 modo
1504 1889 1874 1963 signaculum
1903 1904 1998 1943 vo-

359 1983 452 2039 bis
473 1984 1029 2040 communicationis
1049 1985 1239 2040 sancti
1263 1983 1514 2055 Spiritus
1535 1981 1612 2036 sit
1629 1980 1854 2034 datum.
1871 1977 1914 2012 ⁹⁶
1935 1977 2006 2032 Ει

361 2072 433 2129 de
454 2073 528 2128 iis
549 2091 681 2145 quas
711 2075 772 2128 in
803 2074 974 2130 altari
1005 2073 1302 2129 habentur
1321 2073 1459 2128 Novi
1482 2067 1842 2126 Testamenti
1873 2083 2004 2136 my-

357 2163 575 2225 steriis,
599 2180 729 2234 qua;
752 2163 890 2218 hinc
910 2164 990 2237 (1)
1021 2164 1260 2218 initium
1281 2177 1592 2233 accepere;
1617 2157 1904 2229 quidnam
1930 2154 2001 2211 de

353 2251 428 2306 iis
459 2251 671 2307 divina
694 2253 1010 2324 Scriptura
1025 2252 1400 2319 tradiderint,
1433 2264 1634 2321 quisve
1655 2247 1898 2302 illorum
1925 2243 2004 2299 sit

357 2342 442 2395 vis
472 2357 540 2396 ac
570 2340 914 2412 potestas.“
935 2342 1006 2394 Et
1025 2339 1468 2412 quonammodo
1491 2337 1566 2393 ad
1593 2353 1662 2392 ea
1701 2332 1999 2391 acceden-

357 2429 500 2485 dum
527 2431 620 2498 sit,
643 2437 702 2485 et
730 2431 990 2501 quando,
1013 2447 1081 2486 ac
1107 2429 1404 2501 quomodo
1435 2429 1541 2483 illa
1560 2423 1837 2482 habenda
1859 2423 2000 2477 sint.

359 2520 634 2576 Omnium
665 2527 865 2576 autem
896 2526 1260 2591 postremum
1295 2520 1394 2590 (2),
1427 2534 1543 2588 quo
1593 2520 1763 2588 pacto
1810 2529 1910 2568 vos
1942 2511 2004 2567 in

360 2610 732 2680 subsequens
754 2616 988 2680 tempus
1010 2613 1300 2681 oporteat,
1323 2613 1448 2662 tum
1472 2604 1662 2660 verbis
1687 2613 1810 2658 tum
1833 2600 2003 2656 factis

361 2699 538 2755 modo
569 2702 757 2772 gratia
785 2704 1030 2770 accepta
1067 2697 1269 2770 digno,
1301 2695 1521 2752 versari
1565 2698 1625 2748 et
1653 2693 1865 2764 degere
1894 2710 1909 2756 ;
1943 2693 2010 2744 ut

359 2805 461 2844 vos
489 2804 697 2843 omnes
715 2793 940 2844 aeterna
959 2789 1076 2842 vita
1095 2787 1321 2859 perfrui
1348 2783 1610 2857 possitis.
1639 2783 1710 2836 Et
1725 2781 1851 2835 haec
1877 2778 2008 2850 qui-

359 2878 516 2942 dem,
547 2877 596 2932 si
627 2879 780 2933 Deus
808 2877 1084 2943 voluerit,
1107 2893 1143 2932 a
1173 2875 1344 2930 nobis
1385 2871 1862 2945 explicabuntur.

358 2967 598 3023 XXXIV.
632 2968 789 3034 Quod
835 2972 1100 3038 superest,
1130 2969 1356 3034 fratres.
1405 2963 1640 3034 gaudete
1679 2963 1737 3014 in
1769 2957 2004 3016 Domino

355 3073 565 3128 semper
588 3075 610 3122 ;
648 3059 846 3112 iterum
895 3057 1096 3123 dicam,
1126 3055 1360 3125 gaudete
1389 3051 1436 3088 ’7
1457 3070 1477 3108 :
1534 3048 2007 3123 appropinquavit

357 3146 518 3201 enim
549 3129 852 3215 rederripti-o
878 3149 1061 3198 vestra
1081 3141 1164 3208 98;
1199 3147 1258 3197 et
1315 3141 1568 3197 salutem
1615 3145 1870 3194 vestram
1902 3153 1993 3192 ex-

2107 574 2225 624 νης,
2257 553 2337 618 εἷς
2365 553 2587 610 ἕκαστον
2620 556 2956 631 γνωρίζηται
3017 559 3095 631 (3)
3149 562 3259 611 τῶν
3293 555 3352 612 ἐκ
3381 562 3517 613 Θεοῦ
3551 555 3759 633 δωρου-

2111 639 2285 716 μένων
2334 646 2460 717 ὑμῖν
2494 645 2849 720 χαρισμάτων
2879 646 2943 701 τὸ
2977 646 3222 723 μέγεθος.

2177 737 2296 791 AI".
2329 735 2481 791 Μετά
2519 732 2576 789 δὲ
2619 737 2719 804 τὴν
2773 734 2926 810 ἁγίαν
2981 737 3071 791 καὶ
3131 739 3405 811 σωτήριον
3434 742 3532 792 τοῦ
3564 740 3758 814 Πάσχα

2107 820 2340 898 ἡμέραν,
2397 824 2502 878 ἀπὸ
2557 831 2658 892 τῆς
2716 822 2966 900 δευτέρας
3022 829 3130 880 τῶν
3190 822 3510 896 Σαϐϐάτων,
3573 827 3751 901 εὐθὺς,

2106 914 2224 976 καθ’
2255 913 2486 982 ἑκάστην
2517 915 2726 989 ἡμέραν
2757 914 2808 967 ἐν
2843 921 2966 976 ταῖς
2995 914 3116 985 ἑξῆς
3143 923 3244 984 τῆς
3275 911 3582 989 ἑϐδομάδος
3613 919 3753 989 ἡμὲ-

2107 1023 2248 1076 ραις,
2285 1003 2421 1074 μετᾶ
2448 1005 2545 1072 τὴν
2579 1003 2790 1073 σύναξεν
2823 1006 2900 1077 (4)
2941 1004 3017 1066 εἷς
3049 1006 3140 1059 τὸν
3193 1006 3340 1078 ἅγιον
3392 1014 3491 1075 τῆς
3524 1008 3759 1061 ἆταστά-

2107 1112 2240 1153 σεως
2272 1093 2436 1147 τόπον
2488 1091 2887 1167 εἶ’σερχόμενοι,
2938 1114 3303 1168 κατηχησεων
3362 1095 3545 1150 ἄλλων
3588 1096 3752 1151 ἀκού-

2107 1181 2276 1251 σεσθε,
2309 1185 2443 1236 Θεοῦ
2499 1179 2777 1244 θέλοντος·
2811 1180 2861 1236 ἐν
2893 1183 2975 1244 αἶς
3008 1182 3172 1237 πάλιν
3228 1184 3350 1259 περὶ
3387 1185 3613 1239 ἑκάστου
3643 1190 3750 1241 τῶν

2105 1269 2500 1344 γεγενημένων,
2563 1269 2953 1345 διδαχθήσεσθε
3002 1273 3097 1336 τὰς
3152 1272 3349 1337 αίτίας,
3401 1273 3458 1328 ἐκ
3505 1271 3751 1338 Παλαιᾶς

2107 1355 2164 1412 δὶ
2193 1357 2282 1413 καὶ
2318 1365 2521 1430 Καινῆς
2552 1361 2826 1429 Διαθήκης
2851 1360 3091 1433 λήψεσθε
3124 1361 3217 1422 τὰς
3243 1360 3564 1433 ἀποδείξεις·
3599 1369 3756 1438 πρῶ-

2102 1467 2194 1502 τον
2231 1448 2352 1519 μὲν,
2383 1449 2504 1520 περὶ
2538 1452 2644 1502 τῶν
2676 1449 2781 1518 πρὸ
2819 1453 2917 1503 τοῦ
2971 1449 3344 1522 βαπτίσματος
3401 1451 3561 1513 εὐθὺς
3589 1473 3753 1526 γενο-

2109 1537 2306 1607 μένων·
2367 1534 2555 1591 ἔπειτα
2587 1534 2663 1604 δὲ,
2698 1557 2816 1599 πως
2873 1536 3264 1612 ἐκαθαρίσθητε
3309 1544 3417 1594 τῶν
3473 1542 3755 1616 ἁμαρτιῶν

2105 1624 2208 1679 ὑπὸ
2231 1628 2330 1680 τοῦ
2370 1625 2572 1700 Κυρίου
2626 1630 2706 1697 τῷ
2764 1624 2981 1701 λουτρῷ
3039 1631 3134 1681 τοῦ
3188 1625 3382 1691 ὕδατος
3434 1629 3484 1682 ἐν
3519 1629 3748 1705 ῥήματι·

2101 1716 2190 1770 καὶ
2250 1716 2402 1777 ὅπως
2456 1716 2740 1790 ἱερατικῶς
2803 1718 2879 1786 (5)
2937 1723 3036 1786 τῆς
3092 1720 3325 1791 Χριστοῦ
3382 1720 3754 1794 προσηγορίας

2107 1802 2360 1878 γεγόνατε
2406 1803 2688 1870 κοινωνοὶ,
2747 1805 2836 1857 καὶ
2895 1805 3030 1865 ὅπος
3059 1806 3094 1873 ἡ
3129 1803 3358 1882 σφραγίς
3419 1805 3545 1878 ὑμῖν
3589 1804 3751 1879 ἐδόθη

2107 1899 2208 1961 τῆς
2234 1891 2522 1954 κοινωνίας
2546 1895 2619 1964 (5)
2645 1896 2742 1947 τοῦ
2779 1891 2932 1965 ἁγίου
2990 1891 3320 1964 Πνεῦματος·
3371 1896 3458 1949 καὶ
3493 1897 3614 1968 περὶ
3644 1902 3751 1951 τῶν

2109 1979 2162 2036 ἐν
2187 1980 2555 2056 θυσιαστηρίῳ
2612 1987 2713 2050 τῆς
2766 1984 2962 2049 Καινῆς
3020 1984 3298 2051 Διαθήκης
3349 1985 3687 2058 μυστηρίων,
3722 1983 3754 2041 ἃ

2105 2071 2205 2138 τήν
2238 2071 2416 2146 ἀρχὴν
2475 2068 2711 2125 ἐντεῦθεν
2768 2068 2982 2147 εἴληφε·
3037 2091 3158 2124 τινα
3218 2071 3314 2143 μὲν
3359 2074 3416 2126 αἱ
3447 2079 3584 2136 θεῖαι
3618 2080 3756 2148 Γρα-

2108 2159 2202 2235 φαὶ
2252 2156 2706 2234 παραδεδώκασι,
2763 2158 2844 2220 τίς
2903 2157 2961 2214 δὲ
3004 2161 3038 2228 ἡ
3095 2159 3302 2214 τούτων
3363 2157 3612 2234 δύναμις·
3662 2162 3752 2216 καὶ

2108 2249 2258 2312 ὅπως
2315 2249 2595 2324 προσιέναι
2653 2249 2891 2319 τούτοις,
2949 2255 3039 2304 καί
3093 2251 3225 2304 πότε
3281 2252 3369 2306 καὶ
3429 2257 3547 2313 πῶς
3602 2250 3751 2327 ἔχειν

2109 2341 2243 2414 χρή·
2280 2339 2398 2393 Ἐπὶ
2428 2337 2574 2394 τὲλει
2606 2336 2664 2393 δὲ
2694 2339 2931 2405 πάντων,
2962 2340 3108 2401 ὅπως
3137 2340 3275 2412 ὑμᾶς
3307 2339 3383 2402 εἰς
3413 2343 3504 2395 τὸν
3535 2339 3754 2396 ἐπιόιτα

2109 2428 2332 2504 χρόνον,
2378 2425 2556 2503 ἔργοις
2609 2448 2672 2481 τε
2723 2427 2813 2482 καὶ
2865 2426 3050 2502 λόγοις
3111 2427 3343 2498 ἐπαξίως
3386 2436 3486 2498 τῆς
3519 2450 3752 2506 χαριτος

2107 2517 2454 2592 ἀναστρέφειν
2514 2514 2616 2585 δεῖ,
2677 2517 2813 2592 πρὸς
2870 2517 2933 2571 τὸ
2992 2514 3290 2586 δυνηθῆναι
3349 2539 3553 2581 παντας
3615 2521 3754 2593 ὑμᾶς

2106 2605 2414 2661 ἀπολαῦσαι
2469 2613 2569 2674 τῆς
2657 2605 2879 2660 αἰωνίου
2931 2611 3097 2674 ζωῆς.
3160 2606 3260 2662 Καὶ
3313 2605 3479 2662 ταῦτα
3530 2610 3648 2681 μὲν,
3705 2609 3751 2663 εἰ

2107 2696 2236 2758 Θεὸς
2269 2695 2436 2768 θέλει,
2469 2695 2816 2771 λεχθήσεται.

2179 2965 2304 3022 AA‘.
2337 2963 2411 3019 Τὸ
2470 2961 2688 3030 λοιπὸν,
2750 2957 3001 3036 ἀδελφοὶ,
3063 2963 3284 3038 χαίρετε
3323 2963 3374 3018 ἐν
3411 2965 3584 3038 Κυρίῳ
3613 2963 3744 3019 πάν-

2106 3075 2250 3124 τοτε,
2308 3053 2474 3108 πάλιν
2533 3051 2660 3122 ἐρῶ,
2710 3049 2952 3126 χαίρετε·
3021 3049 3220 3125 ἤγγικε
3284 3053 3389 3127 γὰρ
3447 3055 3481 3122 ἡ
3541 3053 3748 3108 ἀπολύ.

2107 3163 2308 3218 τρωσις
2338 3142 2515 3214 ὑμῶν,
2547 3141 2638 3194 καὶ
2687 3141 2784 3208 τὴν
2847 3139 3108 3214 ὑμετέραν
3143 3138 3419 3216 ἐκδέχεται
3477 3143 3748 3220 σωτηρίαν

356 3239 583 3306 spectat
604 3203 859 3289 ccclestis
887 3203 1238 3305 angelorum
1290 3232 1606 3288 exercitus.
1640 3233 1709 3286 Et
1735 3247 1845 3286 v0.2:
1865 3230 1994 3301 jam

2111 3203 2562 3305 ὁιτῶνᾶγγὲλων
2623 3203 2942 3303 ἐπουράνιος
3003 3203 3411 3305 στρατός.“Καὶ
3471 3203 3751 3309 φωνηιμὲν

357 3322 670 3379 exauditur
699 3322 986 3378 clamantis
1015 3323 1074 3376 in
1102 3321 1312 3376 deserto
1337 3337 1348 3374 ;
1381 3323 1584 3376 Parate
1613 3323 1758 3377 viam
1805 3321 1994 3377 Domi-

422 3420 468 3494 'l
499 3420 740 3494 Cat._19,
763 3424 933 3494 myst.‘
955 3423 1004 3473 1.
1037 3417 1140 3494 Α-θξ
1156 3419 1280 3494 _Ca_t_.
1312 3421 1401 3485 20,
1432 3424 1593 3489 myst.
1653 3424 1704 3474 2.
1782 3419 1830 3455 "3
1859 3423 2073 3494 Ephes.
2133 3439 2187 3479 v.
2221 3424 2308 3494 25.

2103 3319 2212 3392 ἤδη
2250 3321 2493 3396 βοῶντος
2553 3317 2604 3372 ἐν
2662 3321 2732 3391 τῇ
2782 3317 2996 3391 ἐρήμῳ.
3045 3319 3404 3392 Ἑτοιμὰσατε
3465 3323 3566 3390 τὴν
3626 3321 3750 3378 ὁδὸν

2411 3417 2460 3453 ⁹⁴
2491 3419 2610 3474 Cat.
2662 3418 2752 3482 21,
2810 3423 2968 3488 myst.
2994 3420 3045 3473 3.
3123 3416 3171 3452 95
3203 3421 3320 3474 Cat.
3378 3424 3466 3488 22,
3503 3430 3644 3493 myst
3697 3426 3751 3481 4.

348 3490 397 3525 ⁹⁶
429 3493 537 3547 Cat
589 3492 681 3558 23,
710 3497 872 3560 myst.
906 3491 958 3544 5.
1035 3487 1079 3524 '7
1110 3490 1368 3562 Philipp.
1397 3507 1477 3558 ιιι,
1495 3487 1533 3545 ’1
1566 3509 1580 3558 ;
1614 3508 1688 3558 iv,
1719 3495 1773 3549 4.
1850 3487 1998 3550 ’θίυ

2111 3511 2208 3562 ιιι,
2237 3493 2326 3547 28.

421 3590 500 3678 (ἐξ
530 3588 616 3678 ﬁt?
641 3588 1094 3678 Εὲἐῗοὲρέγφὶἓῖ

423 3661 503 3729 (2)
535 3661 791 3716 Omnium
819 3665 1000 3714 autem
1025 3666 1382 3730 postremum,
1417 3664 1525 3716 etc.
1562 3661 1798 3717 Sextam
1843 3663 1998 3719 hanc

354 3731 700 3806 promittere
727 3731 958 3786 videtur
985 3731 1458 3806 mystagogicam
1476 3734 1834 3806 catechesim
1863 3735 1997 3806 ;qui

355 3803 555 3859 tamen
574 3803 817 3874 quintae,
841 3819 972 3873 qua)
1003 3809 1062 3856 et
1081 3803 1290 3856 ultima
1313 3808 1421 3868 est,
1446 3803 1636 3862 initio.
1663 3803 1999 3862 testatur—se

356 3873 1011 3947 spiritaliaudientium
1045 3873 1439 3947 institutionis
1471 3875 1722 3931 aedificio
1765 3878 1998 3932 coroni-

356 3945 493 4002 d'em
525 3953 584 4001 et
612 3946 792 4000 ﬁnem
825 3946 1152 4017 imponere.
1178 3945 1280 4017 Veil
1304 3961 1438 4017 ergo
1462 3948 1814 4016 promissam
1848 3950 2000 4004 hanc

354 4018 712 4090 catechesim
743 4034 863 4072 non
896 4015 1182 4090 exhibuit,
1215 4015 1613 4090 obice—aliquo
1636 4019 1960 4090 impeditus
1986 4037 1998 4075 :

355 4107 532 4162 quem
564 4089 876 4162 defectum
905 4087 1212 4162 supplevit
1263 4087 1432 4162 _b_revi
1489 4087 1897 4145 exhortatione
1928 4091 2003 4146 ad

356 4159 577 4232 quinta:
603 4161 640 4234 fi
650 4177 784 4234 nem
807 4159 1029 4234 addita.
1046 4175 1186 4234 quae
1208 4159 1281 4234 ad
1303 4159 1413 4214 hoc
1434 4168 1848 4234 argumentum
1868 4179 2002 4234 per-

354 4229 545 4289 tinere
577 4233 842 4287 videatur
865 4249 878 4286 :
901 4229 1009 4302 vel,
1042 4229 1101 4302 id
1125 4230 1282 4302 quod
1301 4231 1488 4302 magis
1506 4229 1900 4294 crediderim".
1922 4235 1999 4289 si-

359 4305 602 4386 gnificat
631 4302 936 4386 homiliam
968 4300 1218 4386 sabbato
1261 4300 1558 4386 paschalis
1593 4303 2000 4386 hebdomadas,

359 4372 421 4431 in
452 4374 820 4458 depositione
870 4372 1278 4458 oandidaru‘m‘
1315 4375 1564 4458 vestium
1597 4376 1998 4458 .habendam:

361 4465 498 4504 nam
531 4443 594 4520 in
626 4448 862 4520 Patrum
889 4444 1149 4500 homiliis
1169 4445 1282 4520 illa
1301 4443 1393 4499 die
1426 4446 1663 4520 habitis,
1690 4464 2002 4520 argumen-

359 4525 482 4575 tum
515 4517 664 4574 illud
695 4523 1009 4588 postremas
1033 4516 1318 4588 orationis
1355 4533 1388 4570 a
1417 4518 1634 4588 Cyrillo
1668 4516 1997 4588 promissas,

358 4591 593 4647 tractari
626 4587 911 4645 videmus.
946 4587 1236 4653 Quoniam
1263 4587 1475 4643 autem
1494 4595 1616 4644 tota
1654 4587 1758 4645 illa
1807 4607 1996 4646 mora-

355 4662 430 4717 lis
455 4667 598 4728 erat,
635 4677 826 4733 neque
853 4659 932 4733 ad
964 4659 1421 4733 explicationem
1466 4660 1604 4733 ﬁdei
1643 4666 1757 4733 aut
1804 4679 1996 4718 sacra-

355 4741 713 4806 mentorum.
733 4731 804 4806 in
827 4732 946 4787 illis
967 4733 1034 4784 23
1056 4731 1466 4806 catechesibus
1494 4731 1844 4806 absolutam,
1867 4750 1996 4806 per-

355 4806 615 4871 tinebat;
651 4805 868 4860 idcirco
901 4819 1030 4857 eam
1063 4802 1134 4857 ab
1166 4803 1259 4866 iis,
1293 4803 1393 4873 qui
1423 4803 1624 4874 Cyrilli
1658 4802 1995 4861 catecheses

351 4879 739 4949 collegerunt,
761 4874 1224 4949 praetermissam
1246 4881 1388 4946 puto
1416 4891 1428 4928 :
1453 4891 1630 4946 quam
1645 4877 1875 4932 utinam
1906 4876 1992 4931 illi

353 4966 472 5005 non
503 4947 676 5004 nobis
708 4947 1075 5002 in’vidissent.

423 5017 886 5091 (3)1‘vmptcmaz.
949 5018 1157 5091 Mirum
1207 5017 1268 5072 in
1300 5016 1466 5072 nullo
1515 5017 1719 5091 codice
1764 5019 1990 5088 haberi,

349 5089 688 5164 γνὼρίζητε,
709 5106 886 5160 quam
916 5090 999 5143 uti
1049 5105 1230 5144 unam
1288 5105 1482 5154 veram
1541 5089 1879 5162 lectionem,
1930 5092 1991 5148 in

350 5160 730 5233 terpretando
757 5176 1003 5233 sequor.

424 5230 503 5303 (ἶ)
535 5231 685 5288 Μετά
713 5230 809 5298 τὴν
845 5230 1073 5303 σύναξινῃ.
1111 5230 1438 5286 Articulum
1497 5232 1595 5298 τῆν
1652 5232 1989 5289 addidimus

347 5300 649 5369 ex'Coisl.,
682 5305 821 5371 Rue,
855 5300 1102 5371 Casaub.
1140 5303 1458 5371 Sequentia
1488 5305 1571 5359 sic
1603 5304 1899 5361 habentur
1927 5305 1989 5360 in

344 5376 536 5434 Ottob.
571 5369 844 5445 utroque,
881 5369 968 5425 ἐπὶ
1026 5371 1115 5445 τρν
1149 5369 1298 5443 ἅγιον
1357 5379 1456 5440 τῆς
1513 5373 1851 5436 ἀναστάσεως
1891 5379 1988 5429 τοῦ

347 5453 608 5525 Σωτῆρος
634 5440 799 5525 τρίπον
832 5440 1250 5525 συνερχόμενοι.
1307 5445 1584 5518 Designat
1623 5454 1838 5525 auctor
1867 5465 1987 5504 non

346 5515 657 5576 eccleSiam
680 5515 1171 5588 Resurrectionis,
1202 5515 1262 5571 in
1294 5534 1412 5588 qua
1432 5515 1669 5588 s'ynaxis
1691 5519 1989 5576 celebrata

345 5594 576 5658 fuerat;
611 5589 714 5644 sed
744 5585 1080 5644 Anastasim
1103 5603 1204 5643 seu
1235 5585 1422 5660 ipsam
1446 5585 1672 5645 Sanctm
1705 5593 1983 5648 Resurre-

346 5663 562 5722 ctionis
593 5660 959 5734 speluncam,
989 5660 1064 5714 ita
1094 5675 1124 5713 ri
1145 5661 1770 5734 Constantinoadditis
1798 5663 1986 5734 operi:

347 5737 459 5794 bus
488 5752 580 5792 am
589 5732 932 5809 pliﬁcatam,
956 5735 1102 5790 utin
1134 5749 1202 5788 ea
1224 5732 1430 5787 concio
1452 5732 1656 5788 haberi
1689 5732 1889 5804 posset
1911 5732 1982 5790 ad

2105 3590 2433 3663 populum:
2493 3604 2632 3663 nam
2689 3587 3103 3663 Hieronymus.
3155 3589 3325 3663 epist.
3375 3593 3464 3657 61,
3499 3609 3630 3646 nov.
3657 3593 3749 3650 ed.

2108 3660 2204 3736 38,
2229 3662 2410 3736 refert
2428 3660 2826 3736 Epiph‘anium
2869 3660 3148 3736 audiente
3195 3662 3428 3736 Joanne
3451 3666 3748 3736 episcopo,

2108 3734 2339 3790 clericis
2369 3738 2428 3787 et
2457 3731 2696 3802 populo,
2731 3731 2791 3784 in
2825 3747 2894 3784 eo
2927 3731 3054 3786 loco
3086 3738 3222 3787 ante
3266 3731 3605 3804 sepulcrum
3638 3731 3747 3792 Do?

2107 3806 2255 3861 mini
2301 3804 2676 3876 praedicasse.

2179 3879 2254 3952 (Ei)
2282 3872 2610 3952 Ἱερατιιιὼς,
2640 3872 3011 3952 _Sa_c_erdo_tum
3043 3875 3353 3952 tumorem.
3396 3878 3569 3952 Grod.
3601 3879 3742 3952 ἱερα-

2108 3945 2288 4021 τικῆς,
2319 3945 2675 4021 sacci-dotatis
2705 3945 2910 4021 Christi
2961 3946 3368 4021 appellationis.
3403 3951 3483 4004 Ea
3518 3945 3747 4021 simpli-

2110 4020 2235 4075 cior
2294 4025 2350 4073 et
2408 4017 2735 4088 elegantior
2789 4016 3021 4070 videtur
3078 4017 3272 4073 lectio.
3325 4021 3543 4075 Eodem
3598 4016 3752 4078 redit

2108 4091 2418 4160 utriusque
2451 4089 2761 4160 sententiae
2793 4104 3023 4144 sensus.
3055 4088 3228 4144 Sacro
3252 4091 3571 4149 chrismate
3594 4094 3752 4148 Chri-

2109 4163 2182 4218 sti
2217 4159 2533 4233 participes
2556 4159 3013 4233 efﬁcimur._cat.
3047 4163 3134 4224 21,
3169 4179 3223 4215 n.
3263 4166 3311 4215 1.
3347 4165 3612 4220 Christus
3643 4183 3749 4222 au-

2111 4230 2290 4288 tenia
2322 4230 2651 4287 sacerdotio
2711 4230 3066 4302 appellatur,
3118 4238 3229 4287 cat.
3276 4236 3361 4301 10,
3393 4252 3451 4290 n.
3489 4240 3572 4290 11.
3613 4237 3748 4294 Vide

2111 4311 2222 4360 cat.
2256 4307 2342 4365 21,
2371 4322 2432 4359 n.
2467 4307 2518 4370 6,
2539 4303 2643 4375 ubi
2661 4303 2968 4375 aitauctor
2990 4303 3048 4357 in
3074 4304 3244 4358 nobis
3275 4321 3380 4375 per
3409 4307 3748 4365 chrismatis

2110 4381 2547 4431 sacramentum
2579 4374 2927 4445 adimpletos
2954 4380 3179 4428 veteres
3213 4374 3374 4445 typos
3406 4379 3619 4430 summi
3652 4396 3744 4433 sa-

2111 4447 2575 4529 cerdotis-taque.
2604 4451 2740 4529 ante
2772 4445 3530 4529 ablutiouam-chr‘ismate
3567 4449 3743 4529 perli-

2111 4524 2372 4575 neretur.
2399 4518 2678 4590 Origenes
2710 4518 2868 4590 hom.
2903 4520 2934 4570 9
2966 4519 3023 4590 in
3053 4519 3222 4590 Leuit-
3249 4533 3261 4568 :
3287 4518 3488 4590 Omnes
3517 4521 3744 4587 quicun-

2107 4607 2210 4661 que
2240 4585 2526 4660 unguento
2547 4590 2691 4661 sacri
2720 4585 3030 4661 carismatis
3063 4585 3462 4661 delibutisunt,
3493 4585 3744 4645 sacerdo-

2109 4657 2184 4717 tes
2213 4657 2394 4732 effecti
2423 4667 2566 4716 sunt.
2611 4659 2832 4713 Similis
2876 4657 3261 4732 Origenianaaf
3290 4657 3379 4712 illi
3439 4666 3529 4715 est
3557 4661 3747 4718 altera

2109 4729 2296 4789 sancti
2329 4733 2537 4788 Leonis
2567 4747 2733 4802 papas
2765 4745 2942 4802 serm.
2977 4729 3007 4781 3
3039 4731 3096 4781 in
3129 4731 3508 4802 anniversario
3531 4736 3746 4789 Assum-

2098 4807 2309 4876 ptionis
2329 4821 2438 4876 sua
2465 4798 2759 4876 sententia
2783 4816 2794 4865 ;
2819 4798 2920 4876 ubi
2951 4815 3265 4876 commune
3288 4801 3438 4876 illud
3469 4805 3745 4862 Christia-

2104 4870 2502 4950 nis‘omnibus
2545 4870 2964 4950 sacerdotium,
3005 4872 3148 4926 scite
3207 4873 3520 4948 distinguit
3549 4894 3582 4932 a
3612 4895 3745 4950 spe-

2103 4948 2238 5003 ciali
2271 4946 2644 5002 sacerdotum
2674 4942 3028 4998 ministerio.

2173 5021 2245 5090 (67)
2275 5021 2384 5086 Τῆς
2416 5015 2719 5077 κοινωνίας.
2757 5015 2821 5090 ln
2853 5013 3029 5090 editis
3056 5013 3378 5090 legebatur,
3411 5015 3470 5071 ἐκ
3497 5020 3596 5084 τῆς
3625 5039 3744 5072 κοι-

2099 5085 2316 5150 νωνίας.
2345 5085 2513 5144 Hanc
2572 5085 3054 5159 praepositionem
3110 5085 3459 5145 sustulimus
3489 5093 3740 5148 auctori-

2101 5167 2220 5217 tate
2251 5160 2419 5216 codd.
2473 5158 2629 5214 Coisl
2662 5201 2674 5224 ,
2708 5158 2902 5214 Ottob.
2934 5158 3268 5230 utriusque,
3302 5163 3442 5230 Roe,
3475 5164 3740 5229 Casaub.,

2101 5233 2274 5289 Grod.
2308 5233 2626 5302 Perspicua
2647 5231 2743 5284 hic
2776 5230 3118 5302 continetur
3146 5231 3360 5288 allusio
3392 5233 3464 5288 ad
3495 5251 3562 5289 ea
3591 5235 3743 5289 anti-

2101 5322 2230 5376 quas
2246 5300 2672 5376 Graecorumjn
2685 5300 3044 5376 conferendo
3059 5303 3537 5376 confirmationis
3557 5323 3742 5362 sacra-

2099 5370 2302 5431 mento
2353 5374 2623 5446 formula;
2672 5372 2891 5446 verba:
2927 5372 3164 5446 Σφραγῖς
3199 5370 3402 5446 δωρεᾶς
3436 5380 3530 5429 τοῦ
3567 5377 3738 5430 mea-

2101 5467 2268 5518 ματος
2300 5445 2480 5517 ἁγίου.
2513 5445 2872 5518 Siqnaculum
2904 5445 3308 5518 doniSpiritus
3331 5451 3524 5503 sancti.
3571 5450 3740 5505 Forte

2095 5513 2294 5575 tamen
2323 5513 2387 5572 ut
2415 5518 2552 5590 huic
2580 5513 3133 5590 formulmsin‘iilior
3161 5517 3510 5590 redderetur
3538 5520 3743 5590 Cyriili

2097 5591 2412 5648 sententia.
2445 5589 2643 5660 ablata
2671 5592 2761 5660 est
2790 5603 2830 5660 al
2855 5587 3112 5642 librariis
3153 5589 3422 5644 codicum
3465 5587 3612 5660 quos
3644 5611 3731 5648 se.

2097 5664 2221 5719 cuti
2245 5678 2472 5729 sumus,
2497 5657 2791 5733 particula
2817 5655 2896 5710 ἐκ.
