4150 6278
317 341 470 402 106⁸1

1364 331 1430 391 S.
1477 323 1791 392 CYRILLI
1836 316 2248 381 HIEROSOL.
2292 312 2673 410 ARCHIEP.‘

3558 308 3714 370 1068

316 473 690 537 erudiamus;
713 473 781 524 ut
796 469 911 524 vim
934 468 1099 523 illam
1121 470 1298 537 atque
1321 463 1726 536 operationem
1748 471 1960 529 cogno-

2111 447 2217 522 ἐρε,
2248 451 2415 502 ταῦτα
2448 447 2587 519 ὑμᾶς
2638 438 2878 520 ἀκριϐῶς
2931 437 3335 514 παιδεόσῶμεν,
3393 439 3487 494 ἳνα
3540 436 3721 509 είδῆτε

316 562 515 625 scatis,
548 578 679 633 quae
710 560 773 615 in
803 558 967 614 vobis
999 558 1104 613 illa
1140 555 1515 627 baptismatis
1545 565 1788 623 vespera
1817 548 1959 605 clie-

317 658 411 708 cta
439 657 547 707 est.

391 742 457 797 Il.
484 741 749 796 Primum
771 738 1024 811 ingressi
1048 737 1188 791 estis
1214 737 1275 790 in
1300 735 1487 790 aedem
1510 749 1642 803 qum
1674 728 1959 801 baptiste-

314 832 405 887 rio
438 837 528 885 est
553 847 656 901 pro
688 830 858 895 atrio,
891 834 1068 897 atque
1098 825 1465 881 occidentem
1487 838 1689 877 versus
1739 822 1963 873 stantes

319 921 646 984 audivistis,
665 919 940 991 jussique
960 917 1100 971 estis
1121 930 1363 970 manum
1386 911 1725 975 extendere,
1751 913 1810 963 et
1831 912 1961 962 tan-

320 1026 499 1082 quam
520 1008 798 1081 prassenti
820 1004 1284 1062 abrenuntiastis
1303 1002 1550 1057 Satanm.
1584 1000 1743 1054 Scire
1765 1002 1964 1052 autem

318 1118 423 1155 vos
450 1104 683 1171 oportet
702 1097 881 1169 hujus
902 1096 987 1149 rei
1017 1095 1264 1163 ﬁguram
1287 1092 1348 1146 in
1369 1091 1550 1146 veteri
1564 1088 1812 1144 histeria
1833 1103 1967 1142 con-

320 1189 679 1245 tineri.Cum
704 1184 1121 1242 acerbissimus
1144 1188 1202 1237 et
1218 1180 1655 1236 immitissimus
1678 1184 1966 1251 tyrannus

321 1278 550 1333 Pharao
583 1276 836 1330 liberum
869 1290 933 1328 ac
964 1287 1317 1344 generosum
1350 1270 1729 1325 Hebraeorum
1780 1281 1966 1337 popu-

322 1366 447 1422 lum
478 1364 858 1437 opprimeret,
892 1363 1043 1416 Deus
1075 1363 1273 1415 Mosen
1304 1358 1610 1429 delegavit,
1636 1356 1737 1428 qui
1768 1372 1868 1410 eos
1897 1370 1968 1408 ex

322 1472 500 1529 prava
528 1454 929 1525 Egyptiorum
960 1451 1237 1506 servitute
1258 1449 1553 1503 educeret.
1579 1449 1660 1501 Ae
1681 1445 1969 1517 sanguine

324 1545 565 1616 quidem
588 1543 723 1613 agni
746 1545 943 1612 postes
964 1539 1431 1611 ungebantur,ut
1448 1537 1651 1591 domos
1665 1532 1970 1606 sanguinis

325 1635 491 1706 signo
524 1631 831 1686 denotatas
861 1634 1117 1683 vastator
1172 1627 1539 1698 praeteriret:
1590 1624 1971 1679 Hebraaoruni

322 1741 459 1779 vero
486 1722 740 1795 populus
771 1720 939 1775 miris
969 1719 1145 1790 plane
1176 1717 1368 1773 modis
1399 1718 1461 1771 in
1512 1716 1846 1770 libertatem
1878 1729 1970 1768 as-

326 1818 518 1870 sertus
549 1818 658 1867 est.
696 1811 767 1865 Ut
798 1826 929 1863 vero
960 1808 1243 1863 liberatos
1272 1807 1462 1862 hostis
1484 1809 1829 1877 persecutus
1861 1806 1970 1869 est,

325 1909 385 1958 et
413 1918 576 1957 mare
608 1900 773 1971 ipsis,
814 1898 1034 1953 mirum
1091 1896 1272 1964 dictu,
1328 1896 1475 1951 807
1531 1894 1784 1949 divisum
1832 1906 1972 1948 con-

319 1994 604 2065 jungens,
636 1987 1052 2059 extemploque
1084 1984 1430 2040 submersus
1462 1989 1551 2039 est
1578 1982 1761 2039 Rubri
1794 1981 1977 2037 maris

330 2080 611 2136 ﬂuctibus
634 2076 1038 2149 praecipitatus
1070 2075 1133 2128 1'.

402 2169 498 2225 IlI.
530 2169 695 2223 Nunc
726 2165 870 2220 mihi
905 2182 940 2220 a
971 2163 1267 2218 veteribus
1297 2162 1371 2218 ad
1403 2179 1574 2228 nova,
1607 2177 1641 2217 a
1680 2160 1868 2232 figura
1904 2158 1978 2214 ad

328 2258 636 2315 veritatem
657 2253 1086 2327 transgredere.
1108 2253 1235 2307 Illic
1259 2254 1483 2323 Moyses
1519 2252 1581 2305 in
1608 2253 1916 2321 Aigyptum
1944 2266 1980 2303 a

330 2350 450 2404 Deo
484 2346 774 2402 mittitur:
807 2345 904 2399 hic
932 2344 1199 2398 Christus
1232 2343 1294 2395 in
1327 2341 1616 2397 mundum
1653 2340 1977 2411 delegatur.

326 2439 456 2504 Ille,
492 2442 557 2491 ut
588 2450 938 2506 oppressum
971 2432 1257 2503 populum
1291 2448 1361 2486 ex
1389 2433 1632 2503 JEgypto
1667 2429 1977 2496 educeret;

328 2527 619 2592 Christus,
644 2530 710 2579 ut
728 2522 1067 2577 laborantes
1088 2521 1150 2575 in
1172 2521 1393 2575 mundo
1418 2520 1525 2574 sub
1552 2535 1732 2574 onere
1754 2517 1981 2590 peccati

329 2615 630 2670 liberaret.
668 2612 795 2668 Illic
826 2611 959 2683 agni
992 2609 1251 2682 sanguis,
1286 2608 1595 2664 vastatoris
1626 2623 1981 2662 averrunca-

330 2706 411 2760 tio
440 2703 589 2770 fuit;
622 2702 718 2757 hic
744 2700 893 2773 Agni
917 2698 1282 2755 immaculati
1314 2698 1360 2733 ²⁰
1406 2699 1541 2752 Jesu
1585 2696 1801 2751 Christi
1847 2713 1982 2751 san-

327 2794 455 2866 guis
485 2794 582 2863 (l),
615 2791 957 2846 daemonum
982 2788 1275 2860 expultrix
1297 2804 1475 2842 causa
1491 2785 1983 2858 constitutus.Ty-

330 2898 556 2938 rannus
586 2880 689 2935 ille
719 2884 977 2934 veterem
1007 2877 1178 2931 illum
1209 2876 1494 2948 populum
1525 2874 1600 2930 ad
1628 2890 1788 2930 mare
1824 2874 1982 2929 inse-

330 2976 501 3027 cutus
533 2974 653 3025 est:
688 2973 745 3024 te
781 2983 1017 3039 quoque
1049 2965 1241 3021 audax
1268 2964 1391 3032 ille,
1418 2963 1737 3035 impudens
1770 2968 1828 3018 et
1856 2980 1980 3020 ma-

331 3061 525 3116 lorum
556 3058 838 3131 princeps
869 3056 1123 3123 daemon,
1156 3055 1230 3109 ad
1261 3054 1551 3109 salutares
1573 3069 1762 3124 usque
1787 3052 1983 3108 fontes

330 3148 778 3220 insequebatur.
815 3146 920 3201 Ille
952 3145 1015 3201 in
1046 3144 1195 3200 mari
1220 3143 1527 3199 demersus
1551 3148 1670 3197 est:
1705 3148 1763 3197 et
1787 3142 1898 3197 iste
1920 3142 1983 3198 in

336 3237 581 3294 salutari
622 3251 775 3307 aqua
805 3234 1120 3291 evanescit.

405 3488 498 3543 IV.
533 3486 750 3541 Verum
781 3482 886 3537 tibi
917 3482 1158 3554 praecipi
1212 3481 1403 3547 audis,
1456 3486 1523 3536 ut
1561 3486 1805 3538 extensa
1850 3487 1985 3539 tan-

340 3593 523 3649 quam
557 3575 631 3631 ad
661 3577 1020 3645 priesentem
1051 3587 1252 3634 manu,
1287 3570 1479 3625 dicat:
1506 3573 1851 3627 Abi-enuntio
1879 3572 1986 3627 tibi

410 3665 457 3699 ‘9
486 3663 665 3720 Exod.
698 3680 809 3731 xxv,
842 3663 931 3729 2'3,
965 3662 1054 3716 30.
1131 3659 1177 3694 ²⁰
1207 3659 1229 3716 Ι
1261 3662 1417 3715 Petr.
1452 3677 1491 3726 ι,
1528 3664 1612 3715 19.

411 3782 487 3851 (1)
517 3782 642 3836 Jesu
673 3778 879 3835 Christi
910 3778 1170 3851 sanguis.
1221 3780 1332 3832 etc.
1380 3776 1683 3851 Quomodo
1743 3778 1819 3851 in_
1852 3780 1989 3834 Jesu

343 3849 557 3909 Christi
582 3851 867 3923 sanguine
889 3849 1358 3923 Christianorum
1381 3849 1731 3923 corporibus
1752 3849 1989 3905 admoto

343 3932 402 3980 et
422 3918 721 3980 diabolum
744 3918 1463 3993 eiTugante,adimpleatur
1486 3918 1671 3993 ﬁgura
1683 3923 1992 3993 sanguinis

344 3996 476 4068 agni
510 3994 826 4067 paschalis,
852 3989 951 4063 qui
978 3992 1354 4068 Hebraeorum
1380 3989 1654 4068 domibus
1676 3989 1992 4068 applicitus

345 4062 621 4140 anget—um
654 4062 1669 4140 vastatm'emarcebattvarieesta
1702 4062 1874 4119 variis
1895 4082 1991 4119 ex-

347 4132 651 4221 plicatum.
680 4135 937 4217 suntqui
960 4134 1106 4221 illud
1131 4132 1553 4221 intelligantde
1578 4134 1743 4221 signo
1769 4138 1990 4204 crucis;

348 4206 433 4266 ita
467 4208 816 4265 Prudentius
848 4210 907 4260 in
939 4206 1235 4275 Apotlwosi
1264 4213 1457 4258 contra
1484 4206 1708 4261 Judwos
1736 4224 1753 4260 :

351 4341 379 4367 ι(
405 4317 606 4392 Passio
637 4332 766 4386 quae
792 4318 1053 4392 nostram
1076 4311 1340 4392 defendit
1366 4311 1649 4392 sanguine
1669 4312 1921 4369 frontem
1943 4336 1995 4385 η,
2032 4328 2076 4392 D

354 4412 381 4439 ‹‹
414 4383 888 4460 Corporeamque
919 4387 1159 4439 domum
1192 4384 1418 4455 signato
1450 4383 1681 4439 collinit
1708 4402 1807 4441 ore
1842 4410 1889 4441 ››.

356 4496 646 4553 Caesarius
669 4493 828 4548 hom.
854 4494 885 4546 6
914 4516 937 4539 «ι
962 4492 1041 4546 De
1064 4490 1346 4563 Paschate
1372 4507 1385 4545 :
1410 4491 1653 4554 Quando
1679 4498 1874 4563 postes
1896 4493 1999 4548 do-

358 4592 385 4620 «
412 4584 637 4623 morum
657 4565 939 4635 sanguine
957 4562 1757 4635 illius.)ubenturinscribi,id
1772 4572 1860 4619 est
1876 4582 2006 4621 cru-

361 4665 381 4691 ι
410 4641 493 4696 cis
516 4639 686 4693 titulo
710 4634 876 4692 mens
900 4636 1064 4707 [forte
1081 4634 1263 4703 frons]
1290 4640 1492 4687 nostra
1514 4634 2001 4707 depingimCyril.

356 4713 521 4768 Alex.
557 4709 762 4765 homil.
801 4711 864 4761 10
894 4705 1125 4765 Pasch..
1161 4721 1288 4776 pag.
1327 4707 1469 4771 132;
1505 4705 1751 4761 Primas.
1784 4708 1845 4761 in
1865 4705 1999 4763 Heb.

357 4802 440 4851 xi,
468 4785 517 4837 8.
553 4781 667 4836 Alii
692 4781 763 4835 de
787 4784 959 4850 epoto
982 4777 1197 4839 Christi
1217 4776 2002 4851 sanguineinterpretantur.

360 4850 448 4911 Ita
468 4853 755 4908 Eusebius
775 4853 1008 4917 Caesam,
1033 4856 1223 4903 caten.
1242 4850 1299 4902 in
1320 4850 1508 4902 Luc.c.
1534 4864 1669 4911 xxn,
1693 4853 1723 4902 7
1746 4866 1758 4904 :
1779 4872 1805 4900 ‹‹
1822 4851 2005 4906 suum

370 4948 390 4974 ι
409 4925 759 4995 sanguinem
774 4940 877 4993 pro
906 4927 1125 4976 nostra)
1157 4919 1532 4995 salutislytro
1555 4919 1733 4973 dedit.
1768 4923 1847 4995 Eo
1878 4922 2009 4977 ani-

367 5021 395 5049 (ι
410 4991 566 5051 mam
580 4991 909 5066 corpusque
923 4999 1190 5047 nostrum
1203 4991 1582 5066 obsignantes
1593 5008 1659 5046 ac
1672 4993 2009 5066 munientes

369 5092 396 5120 «
423 5084 598 5122 omne
615 5062 1162 5139 genus—daemonum
1190 5062 1361 5139 nobis
1382 5062 1791 5139 insidiantium
1827 5066 2008 5136 ejeci-

369 5162 398 5191 α
418 5155 573 5203 mus;
588 5134 643 5192 et
657 5138 871 5191 festum
888 5136 1171 5191 transitus
1184 5134 1550 5189 celebrantes
1563 5134 1845 5191 addivina
1859 5134 2011 5192 tran-

370 5235 399 5262 (ι
419 5212 535 5265 sire
552 5207 795 5281 satagim
807 5224 873 5281 us
888 5205 1511 5281 mthysostomﬂhom.
1526 5207 1587 5259 t6
1606 5208 2007 5281 ιιιΗεὺνηρειεζ.

369 5284 471 5337 847
488 5300 502 5346 ;
519 5277 769 5351 Cyrilfus
786 5277 1298 5351 A_lex.Glaphyr.in
1321 5278 1586 5351 Erod.,p.
1611 5278 1735 5351 270,
1752 5277 2012 5337 θιίιιὈοι.

370 5348 727 5409 lectanéis.ad
747 5349 969 5403 calcem
986 5354 1123 5402 tom.
1157 5350 1305 5418 ηρ.
1330 5351 1426 5415 2Ο;
1457 5348 2012 5408 MissaleGothicum

370 5424 524 5498 apud
556 5420 797 5487 Mabill.,
830 5422 1043 5498 Liturq.
1078 5417 1203 5498 Qui:
1235 5417 1453 5498 libuit,
1487 5421 1677 5498 n_._30,
1706 5426 1921 5498 p.240,
1957 5428 2016 5479 et

370 5489 640 5557 G'allican.
673 5498 843 5555 vetus,
870 5506 929 5546 n.
964 5493 1051 5555 22,
1086 5489 1228 5545 ibid.
1261 5508 1318 5557 p,
1353 5491 1455 5544 356
1481 5507 1493 5555 ;
1523 5489 1753 5548 Nicetas
1780 5495 1841 5549 in
1862 5500 2011 5552 orat.

370 5508 640 5557 Gallican.
673 5508 843 5555 vetus,
870 5508 929 5546 n.
964 5508 1051 5555 zz,
1086 5508 1228 5545 una.
1306 5531 1318 5556 ,
1353 5508 1455 5544 σου
1481 5508 1493 5555 ;
1523 5508 1753 5548 mcetas
1780 5511 1841 5549 in
1862 5508 2011 5552 orat.

370 5586 460 5644 xy.
483 5585 498 5634 ;
523 5569 563 5622 Ν
571 5583 651 5622 az.
689 5579 868 5644 num._
888 5508 1327 5644 4,laliique.Afii
1344 5560 1580 5644 tandem
1596 5562 1925 5644 simplicius
1941 5567 2015 5623 de

374 5632 581 5699 virtute
606 5633 904 5711 passionis
934 5632 1168 5703 Christi,
1201 5634 1370 5706 cujus
1399 5633 1611 5690 merito
1650 5632 1951 5697 daemones
1980 5653 2017 5696 α

2066 540 2166 607 τήν
2225 535 2455 615 ἔμφασιν
2511 537 2611 604 τήν
2665 534 2801 610 πρὸς
2851 532 2993 606 ὑμᾶς
3048 532 3165 586 κατ’
3222 529 3433 601 ἐκείνην
3493 549 3722 605 γεγενη-

2070 625 2240 700 μένην
2378 629 2480 681 τοῦ
2517 624 2895 700 βαπτίσματος
2920 623 3020 691 τήν
3054 621 3305 696 ἑσπέραν.

2143 718 2218 774 Β“.
2255 716 2503 789 Εἷσῄειτε
2527 719 2744 790 πρῶτον
2778 713 2855 778 εἷς
2891 714 2982 768 τὸν
3032 710 3333 787 προαύλιον
3379 713 3476 765 τοῦ
3529 709 3724 785 βαπτι-

2072 806 2299 881 στηρίου
2360 809 2439 879 (3)
2505 806 2679 876 οἷκον,
2735 804 2826 859 καὶ
2878 802 3015 869 πρὸς
3073 800 3169 864 τάς
3228 797 3437 874 δυσμὰς
3497 797 3723 861 ἑστῶτες

2070 894 2340 965 ἠκούσατε
2396 895 2485 949 καὶ
2567 894 2990 968 προσετάττεσοε
3068 889 3315 947 ἐκτείνειν
3370 890 3469 958 τὴν
3543 893 3723 963 χεῖρα’

2072 984 2162 1039 καὶ
2221 983 2294 1045 ὡς
2351 984 2577 1055 παρόντι
2635 981 2992 1046 ἀπετάττεσθε
3041 985 3124 1054 τῷ
3185 982 3417 1049 Σατανᾷ.
3481 979 3605 1049 Χρή
3668 972 3728 1032 δὶ

2069 1076 2232 1128 τοῦτο
2263 1073 2403 1145 ὑμᾶς
2434 1069 2655 1141 εἰδέναι,
2686 1071 2770 1126 ’ὀτι
2802 1071 2854 1127 ἐν
2881 1070 3089 1127 παλαιιᾶ
3141 1069 3358 1145 ἱστορίᾳ
3406 1067 3565 1129 οὗτος
3614 1069 3728 1121 κεῖ-

2071 1184 2161 1218 ται
2213 1163 2240 1217 ὁ
2297 1165 2490 1225 τύπος.
2551 1166 2680 1219 Ὅτε
2722 1160 2823 1237 γὰρ
2881 1161 3107 1233 Φαραὼ,
3167 1159 3195 1213 ὁ
3250 1157 3579 1231 πικρότατος
3635 1153 3727 1210 καὶ

2075 1251 2361 1326 ὠμότατος
2419 1251 2695 1327 τύραννος,
2754 1245 3045 1314 κατέθλιϐε
3123 1251 3231 1303 τῶν
3313 1242 3581 1321 Ἐὅραίων
3637 1243 3732 1300 τὸν

2077 1339 2358 1417 ἐλεύθερον
2412 1338 2543 1396 λαὸν
2600 1341 2690 1395 καὶ
2749 1338 2964 1414 εὐγενῆ,
3025 1338 3054 1392 ὁ
3111 1336 3241 1399 Θεὸς
3297 1334 3583 1391 ἀπέστειλε
3635 1333 3726 1388 τὸν

2079 1431 2308 1499 Μωσῆν,
2341 1428 2540 1505 ἐξάγειν
2596 1427 2797 1492 αὐτοὺς
2837 1428 2897 1485 ἐκ
2942 1435 3042 1497 τῆς
3099 1429 3342 1501 πονηρᾶς
3396 1429 3505 1480 τῶν
3564 1422 3727 1500 Αἰγυ-

2076 1517 2251 1574 πτίων
2281 1515 2549 1579 δουλείας.
2583 1519 2683 1575 Καὶ
2731 1517 2921 1591 αἳματι
2983 1517 3077 1590 μὲν
3134 1516 3311 1589 ἀμνοῦ
3367 1512 3621 1590 ἐχρίοντο
3673 1512 3729 1567 αἱ

2080 1606 2235 1686 φλιαὶ
2287 1607 2377 1661 ’ἱνα
2407 1606 2552 1685 φύγῃ
2587 1607 2615 1661 ὁ
2646 1604 2955 1681 ἀλοθρεύων
2988 1605 3116 1666 τοὺς
3143 1603 3207 1659 τὸ
3238 1609 3468 1676 σημεῖον
3500 1599 3730 1677 ἔχοντας

2077 1699 2174 1751 τοῦ
2202 1693 2434 1768 αἵματος
2466 1693 2672 1757 οἷ’κους’
2705 1691 3025 1767 παραδόξως
3054 1694 3113 1748 δὲ
3166 1690 3532 1767 ἠλευθεροῦτο
3563 1691 3592 1745 ὁ
3622 1693 3731 1745 τῶν

2084 1782 2347 1862 Ἑϐραίων
2382 1784 2534 1850 λαός.
2561 1782 2785 1855 Ἐπειδὴ
2847 1783 2905 1840 δὲ
2950 1783 3041 1840 καί
3091 1780 3547 1857 ἐλευθερωθέντας
3577 1780 3606 1835 ὁ
3636 1779 3733 1856 ἐχ-

2088 1877 2215 1951 θρὸς
2242 1872 2552 1946 κατεδίωξε,
2616 1874 2705 1930 καὶ
2765 1870 3086 1951 παραδόξως
3145 1869 3251 1927 εἶδε
3307 1872 3407 1940 τήν
3464 1869 3735 1927 θάλασσαν

2086 1967 2274 2028 αὐτοῖς
2319 1964 2688 2038 τεμνομένην·
2748 1963 2903 2037 ὅμως
2957 1960 3158 2038 ἐχώρει
3217 1964 3314 2034 (4),
3373 1958 3500 2036 ἴχνη
3563 1958 3736 2035 ἴχνεσι

2086 2049 2449 2128 συμϐάΑλων,
2478 2052 2567 2108 καὶ
2598 2059 2945 2127 παραχρῆμα
2975 2046 3313 2127 ὁποϐρόχιος
3363 2048 3593 2125 ἐγένετο,
3640 2069 3737 2105 κα·

2084 2142 2524 2217 ταποντούμενος
2556 2141 2606 2198 ἐν
2640 2140 2878 2216 θαλάσσῃ
2896 2142 3154 2217 Ἐρυθρᾷ.

2158 2230 2232 2286 Γ’.
2261 2224 2543 2301 Μετάϐηθί
2569 2249 2662 2303 μοι
2695 2227 2894 2284 λοιπὸν
2945 2229 3051 2283 ἀπὸ
3098 2231 3206 2282 τῶν
3253 2224 3505 2283 παλαιῶν
3552 2225 3641 2282 ἐπὶ
3669 2226 3738 2283 τὰ

2088 2321 2201 2389 νέα,
2231 2319 2339 2374 ἀπὸ
2366 2323 2462 2374 τοῦ
2487 2319 2660 2374 τύπου
2707 2317 2796 2373 ἐπὶ
2842 2319 2945 2387 τήν
2991 2317 3273 2388 ἀλήθειαν.
3324 2317 3473 2373 Ἐκεῖ
3529 2318 3739 2386 Μωσῆς

2090 2408 2165 2471 εἴς
2222 2405 2494 2485 Αἴγυπτον
2548 2407 2653 2463 ἀπὸ
2736 2411 2833 2462 τοῦ
2894 2411 3026 2462 Θεοῦ
3082 2402 3453 2480 πεμπόμενος·
3515 2404 3738 2469 ἐνταῦθα

2089 2498 2320 2574 Χριστὸς
2352 2497 2412 2554 ἐκ
2430 2498 2525 2553 τοῦ
2554 2498 2762 2571 Ηατρὸς
2792 2497 2869 2560 εἰς
2923 2498 3015 2552 τὸν
3073 2496 3281 2570 κόσμον
3323 2493 3736 2568 ἀποστελλόμε-

2089 2605 2203 2643 νον⁸
2236 2586 2343 2643 ὧδε
2372 2588 2630 2663 Χριστὸς,
2648 2586 2741 2642 ’ἱνα
2772 2586 2997 2664 ῥύσηται
3026 2585 3156 2651 τοὺς
3184 2585 3235 2641 ἐν
3267 2589 3346 2658 τῷ
3385 2585 3580 2658 κόσμῳ
3633 2584 3736 2640 ὑπὸ

2089 2685 2189 2748 τῆς
2220 2680 2487 2753 ἁμαρτίας
2511 2678 3020 2751 καταπονουμένους
3052 2680 3147 2751 (5).
3183 2676 3328 2733 Ἐκεῖ
3375 2678 3515 2748 αἷμα
3562 2675 3737 2749 ἀμνοῦ

2094 2766 2426 2844 ἀλοθρευτοῦ
2455 2769 2521 2837 ἦν
2554 2768 2947 2841 ἀποτρόπαιον·
2984 2766 3213 2822 ἐνταῦθα
3240 2769 3338 2821 τοῦ
3393 2767 3595 2840 Ἀμνοῦ
3639 2770 3739 2821 τοῦ

2093 2857 2331 2931 ἀμώμου
2389 2859 2569 2929 Ἰησοῦ
2625 2861 2856 2933 Χριστοῦ
2915 2857 2976 2912 τὸ
3035 2859 3173 2929 αἷμα
3258 2853 3530 2930 δαιμόνων
3607 2856 3740 2910 καθ-

2092 2947 2284 3019 ἔστηκε
2339 2947 2789 3024 φυγαδευτήριον.
2834 2949 3129 3013 Ἐκεῖνοςὸ
3158 2947 3419 3022 τύραννος
3466 2943 3736 3001 κατεδίω-

2206 3034 2229 3057 ..
2466 3039 2475 3053 .
2687 3038 2700 3055 ς
2952 3038 2965 3055 .
3138 3041 3161 3052 ..
3584 3033 3598 3051 ε

2091 3057 2178 3092 κεν
2208 3058 2309 3100 εως
2343 3037 2617 3108 θαλασσης
2648 3057 2739 3092 τον
2770 3034 3004 3092 παλαιόν
3051 3035 3259 3091 ἐκεινον
3309 3032 3463 3090 λαόν*
3513 3055 3602 3090 και
3650 3033 3736 3089 σοὶ

2093 3124 2346 3195 ὁίταμὸς
2407 3127 2436 3181 ὁ
2494 3125 2850 3202 ἀναίσχυντος
2901 3126 2990 3181 καὶ
3050 3123 3351 3200 ἀρχέκακος
3411 3124 3569 3187 οὗτος
3623 3120 3738 3179 δαί-

2100 3235 2241 3287 μων,
2268 3210 2372 3276 ἕως
2404 3213 2579 3269 αὐτῶν
2623 3212 2919 3284 ἠκολούθει
2966 3218 3074 3269 τῶν
3128 3213 3411 3289 σωτηρίων
3461 3215 3740 3287 ναμάτων.

2096 3304 2337 3367 Ἐκεῖνος
2372 3300 2714 3381 ὑποϐρύχιος
2760 3302 2975 3380 γέγονεν
3035 3303 3087 3359 ἐν
3133 3302 3394 3377 θαλάσσῃ·
3443 3302 3533 3357 καὶ
3582 3302 3741 3367 οὗτος

2094 3392 2147 3449 ἐν
2172 3397 2253 3465 τῷ
2280 3394 2541 3469 σωτηρίῳ
2569 3393 2726 3449 ὕδατι
2757 3393 3089 3468 ἀφανίζεται.

2166 3491 2236 3539 Δ’.
2293 3480 2449 3537 ⁴Λλλ’
2504 3484 2739 3552 ὃκουεις,
2796 3483 3059 3556 τεταμένῃ
3115 3503 3182 3556 τῃ
3228 3480 3378 3557 χειρὶ
3467 3482 3542 3543 ὡς
3605 3480 3743 3558 πρὸς

2093 3571 2331 3647 παρόντα
2383 3571 2576 3642 εἰπεῖν,
2623 3569 3032 3644 ’Λποτάσσομαί
3085 3591 3196 3644 σοι,
3254 3576 3487 3628 Σατανᾶ.
3535 3569 3745 3628 Βούλο-

2098 3779 2272 3835 nobis
2302 3784 2464 3836 arcet
2494 3780 2668 3846 Deus,
2696 3779 2900 3850 eisque
2923 3777 3241 3833 resistendi
3272 3779 3389 3834 vim
3448 3777 3624 3850 nobis
3657 3777 3747 3832 in-

2100 3853 2305 3923 spirat.
2337 3853 2475 3907 Tres
2528 3852 2676 3923 ferte
2726 3849 2936 3905 sensus
2974 3850 3122 3923 illos
3169 3850 3428 3923 respexit
3473 3849 3749 3923 Cyrillus.

2103 3921 2407 3979 Secundus
2438 3922 2511 3978 ad
2544 3922 2801 3976 litteram
2837 3921 3020 3993 magis
3047 3921 3307 3988 accedit;
3343 3938 3530 3993 eoque
3567 3921 3753 3976 liben-

2103 3996 2218 4050 tius
2250 3995 2418 4049 illum
2449 4011 2571 4065 pra:
2595 3993 2785 4065 oculis
2816 3993 3095 4049 habuisse
3127 4000 3429 4049 auctorem
3479 3998 3751 4048 nostrum

2103 4063 2468 4127 existimem.—
2490 4063 2648 4135 quod
2680 4070 2791 4118 cat.
2819 4065 2909 4131 23,
2935 4081 2993 4137 n7.
3026 4067 3112 4137 22,
3139 4065 3313 4136 jubet
3338 4071 3471 4137 post
3490 4079 3752 4137 commu-

2104 4139 2346 4193 nionem
2378 4134 2673 4192 calicisex
2701 4138 2947 4190 humore
2966 4134 3502 4191 labiis—adhaerente
3524 4134 3751 4203 oculos,

2101 4210 2357 4264 frontem
2391 4215 2448 4263 et
2477 4207 2741 4278 reliquos
2772 4224 2983 4262 sensus
3040 4209 3415 4263 consecrari:
3470 4207 3570 4278 qui
3620 4221 3751 4261 mos

2107 4282 2283 4335 etiam
2320 4280 2570 4335 aliarum
2602 4279 2995 4333 Ecclesiarum
3031 4280 3360 4334 Grzrcarum
3394 4286 3536 4333 erat.

2181 4355 2251 4419 t2,
2285 4353 2398 4417 Τήν
2452 4348 2841 4423 γεγεγημένην.
2905 4352 2987 4405 Ita
3042 4367 3250 4423 omnes
3307 4350 3476 4404 codd.
3541 4350 3754 4423 Legeno

2110 4424 2253 4478 dum
2285 4418 2483 4478 tamen
2514 4418 2813 4476 videretur
2838 4424 2943 4474 τῶν
2974 4422 3363 4493 γεγενημένων,
3415 4418 3573 4489 quod
3605 4418 3750 4489 legit

2110 4496 2202 4551 vel
2236 4494 2546 4567 supposuit
2575 4494 2749 4548 Grod.

2184 4568 2261 4636 (3)
2308 4555 2424 4640 ’[οῇ
2473 4561 2886 4640 βαπτιστηρίμου.
2941 4562 3164 4640 Coisl.,
3197 4563 3295 4616 τοῦ
3354 4555 3748 4640 βαπτίσματος.

2114 4631 2617 4695 Ηοογρδιίὺιὶιιιῐη
2650 4631 2977 4707 baptisterii
3007 4638 3174 4707 vocat
3212 4631 3474 4707 num._1t
3509 4631 3758 4707 exterio-

2112 4727 2228 4765 rem
2248 4711 2435 4776 aedem,
2462 4702 2923 4780 ἐξώτερον-οἷκον,
2973 4710 3038 4759 ut
3081 4702 3759 4780 ab__ipso_ba_ptisterio,

2116 4781 2276 4852 quod
2306 4775 2955 4852 _Sanctumr'sanc_torum
3009 4775 3292 4852 appellat.
3337 4775 3758 4852 distinguatur.

2118 4844 2265 4907 Loco
2294 4850 2663 4917 ἀπετάττεσθε,
2696 4849 2861 4904 valde
2915 4844 3186 4920 suspicor
3231 4844 3578 4920 legendum,
3616 4844 3762 4920 ἀπο-

2114 4924 2418 4990 τάττεσθαι,
2448 4915 2856 4979 abrenuntiare.
2907 4915 3073 4984 Quod
3126 4915 3365 4975 secutus
3410 4925 3500 4975 est
3528 4915 3767 4990 ~Grode-

2117 4996 2266 5067 cius.
2299 4988 2481 5050 Paulo
2514 5000 2667 5067 post,
2688 4992 2830 5067 loco
2862 4991 3063 5067 οὕτως,
3094 4991 3462 5067 scripsimus,
3485 4988 3669 5056 οὗτος,
3693 5001 3765 5044 ex

2118 5065 2289 5124 codd.
2322 5070 2463 5133 Roe,
2496 5063 2770 5131 Casaub,
2798 5063 2990 5120 Ottob.
3026 5069 3085 5117 et
3121 5063 3299 5119 Coisl.

2189 5140 2265 5209 (4)
2314 5127 2505 5208 Ὀμὼς
2559 5127 2782 5209 ἐχώρει.
2844 5136 3181 5209 Legendum
3240 5134 3533 5202 existimo,
3594 5127 3767 5204 ὁμόσε

2120 5209 2343 5283 ἐχώρει,
2370 5211 2613 5264 cominus
2641 5209 2861 5283 institit.

2195 5277 2267 5347 ιδ)
2299 5279 2846 5350 Καταπονουμὲνους.
2891 5280 3036 5334 Cum
3083 5277 3226 5333 editi
3282 5277 3559 5350 habeant,
3610 5290 3773 5350 θεατα-

2124 5346 2544 5423 ποντευμὲνους,
2576 5346 3269 5423 άέηιενερεειέειὶιιιίωυβ
3295 5365 3365 5404 ex
3403 5346 3769 5423 codd._Ro_e,

2125 5414 2421 5489 Genovef.,
2445 5414 2661 5490 Ottob.,
2685 5421 2976 5478 ambobus
2999 5421 3198 5489 Coisl.,
3220 5420 3467 5476 Casaub.
3494 5424 3553 5474 et
3572 5414 3771 5490 Grod.,

2123 5484 2658 5567 καταπονουμένους(
2683 5510 2814 5567 quis
2846 5510 2954 5567 vox
2979 5492 3165 5567 multo
3186 5484 3412 5548 melius
3453 5484 3778 5562 respondet

2125 5568 2301 5625 verbo
2332 5557 2585 5626 membri
2617 5557 2962 5638 superioris,
3004 5557 3349 5637 θλιϐόμενον.
