4148 6286
430 332 456 390 i
467 329 586 391 069

1429 330 1911 395 CATECHESIS
1956 329 2113 392 XIX.
2161 331 2718 394 MYSTAGOGICA
2761 335 2810 394 Ι.

3686 337 3842 400 1070

436 486 532 540 μαι
568 466 651 537 (1)
679 463 769 519 καὶ
799 464 946 527 τίνος
978 461 1152 521 ἕνεκεν
1206 463 1424 521 ἴστασθε
1452 466 1591 541 πρὸς
1632 462 1863 539 δυσμὰς,
1885 465 2075 520 εἰπεῖν’

2220 469 2420 522 ἶαίαηα.
2455 467 2599 523 Volo
2632 472 2691 522 et
2710 466 2883 540 cujus
2909 467 2993 524 rei
3012 469 3201 541 gratia
3229 468 3304 525 ad
3337 469 3713 527 occidentem
3736 477 3852 529 ste-

435 555 729 628 ἀναγκαῖον
761 550 886 628 γάρ.
922 550 1147 622 Ἐπειδὴ
1204 558 1302 608 τοῦ
1354 554 1684 629 φαινομένου
1716 553 1941 615 σκότους
1994 553 2085 608 τό-

436 662 538 704 πος
571 641 625 696 αἱ
658 638 878 713 δυσμαί·
911 639 1113 704 ἐκεῖνος
1148 641 1206 697 δὲ
1238 642 1431 705 σκότος
1462 644 1776 719 τυγχάνων,
1810 642 1863 697 ἐν
1908 644 2087 716 σκότῳ

436 723 553 804 ἔχει
584 729 675 785 καὶ
704 730 767 784 τὸ
815 728 1034 802 κράτος*
1066 730 1262 787 τούτου
1321 733 1483 807 χάριν
1540 728 1892 805 συμϐολικῶς
1952 733 2089 806 πρὸς

438 816 644 893 δυσμὰς
726 813 1155 891 ἀποϐλέποντες,
1245 820 1605 877 ἀποτάσσεσθε
1665 826 1743 893 τῷ
1828 825 2089 894 σκοτεινῷ

436 906 625 981 ἐκείνῳ
661 908 752 963 καὶ
814 914 1025 986 ζοφερῷ
1074 906 1327 985 ἄρχοντι.
1388 912 1449 965 Τί
1507 911 1599 965 οὖν
1664 913 1818 983 ὑμῶν
1867 907 2090 973 ἕκαστος

437 996 604 1058 ἑστὼς
636 995 877 1072 ἔλεγεν;
940 999 1352 1072 Ἀποτάσσομαί
1406 1021 1513 1069 σοι,
1575 1004 1804 1070 Σατανᾶ,
1866 1000 1951 1055 σοὶ
2008 1004 2089 1073 τῷ

434 1090 664 1160 πονηρῷ
691 1086 783 1140 καὶ
814 1086 1089 1160 ὠμοτάτῳ
1126 1088 1386 1164 τυράννῳ.
1423 1087 1533 1145 Οὐκ
1588 1085 1665 1144 ἔτι
1722 1111 1820 1144 σου
1850 1086 2087 1161 δέδοικα,

438 1174 632 1252 λέγων,
663 1177 762 1245 τήν
795 1174 978 1232 ἶσχόν.
1013 1176 1284 1233 Κατέλυσε
1307 1179 1408 1254 γὰρ
1469 1178 1669 1250 ταύτην
1721 1179 1971 1253 Χριστὸς,
2006 1178 2090 1233 αἳν

443 1266 612 1339 ματός
649 1285 744 1339 μοι
774 1266 865 1320 καὶ
896 1268 1093 1343 σαρκὸς
1130 1270 1493 1339 κοινωνήσας,
1520 1266 1613 1323 ’ἵνα
1655 1266 1744 1323 διὰ
1770 1267 1977 1324 τούτων
2012 1270 2089 1344 (2)

438 1355 760 1430 καταργήσῃ
814 1355 1030 1428 Θανάτῳ
1076 1357 1170 1411 τὸν
1230 1357 1483 1428 θάνατον,
1542 1356 1695 1420 ὅπως
1751 1358 1827 1432 μὴ
1861 1354 2089 1413 διαπαν-

440 1443 532 1505 τὸς
565 1441 766 1519 ἔνοχος
822 1444 1066 1520 γένωμαι
1123 1442 1394 1509 δουλείας.
1457 1445 1866 1519 ’Λποτάσσομαί
1898 1467 1981 1501 σοι
2012 1450 2089 1519 τῷ

442 1529 655 1608 δολερῷ
710 1532 800 1588 καὶ
855 1535 1284 1610 πανουργοτάτῳ
1342 1532 1485 1613 ὄφει.
1547 1535 1958 1608 Ἀποτάσσομαί
2006 1554 2090 1589 σοι

442 1616 728 1695 ἐπιϐούλῳ
759 1616 898 1692 ὄντι,
948 1623 1038 1678 καὶ
1069 1627 1433 1700 προσποιήσει
1465 1623 1651 1703 φιλίας
1681 1625 1938 1702 πράξαντι
1987 1628 2091 1679 πᾶ-

444 1731 537 1766 σαν
568 1711 937 1787 παρανομίαν,
963 1713 1052 1767 καὶ
1089 1711 1451 1786 έμποιήσαντι
1480 1719 1602 1777 τοῖς
1632 1713 1923 1790 ἡμετέροις
1956 1732 2092 1789 προ-

445 1795 625 1878 γόνοις
681 1800 1030 1859 ἀποστασίαν.
1106 1806 1514 1879 Ἀποτάσσομαί
1574 1825 1681 1876 σοι,
1726 1809 1958 1872 Σατανᾶ,
2014 1807 2094 1876 τῷ

448 1891 625 1962 πάσης
653 1890 842 1953 κακίας
876 1887 1203 1969 δημιουργῷ
1222 1893 1313 1949 καὶ
1333 1898 1596 1971 συνεργῷ.

524 2073 598 2128 Ε’.
631 2073 761 2128 Εἶτα
808 2071 860 2128 ἐν
895 2070 1116 2150 δευτέρᾳ
1171 2073 1311 2145 λέξει
1374 2076 1659 2148 μανθάνεις
1740 2075 1937 2150 λέγειν·
1995 2073 2100 2132 Καὶ

454 2165 584 2215 πᾶσι
641 2166 759 2223 τοῖς
808 2155 1000 2236 ἔργοις
1056 2183 1173 2218 σου.
1233 2165 1406 2239 Ἔργα
1464 2162 1523 2220 δὲ
1577 2169 1677 2219 τοῦ
1736 2167 1951 2220 Σατανᾶ
2003 2165 2100 2237 (3),

452 2253 598 2307 πᾶσά
652 2251 798 2307 ἐστιν
886 2255 921 2322 ἡ
975 2253 1232 2329 ἁμαρτία,
1290 2253 1327 2330 ᾗ
1381 2256 1472 2310 καὶ
1555 2254 1947 2319 ἄποτάσσεσθαι
2002 2255 2100 2309 ἀν-

454 2346 702 2416 αγκαῖονο
739 2341 869 2397 ὡσεὶ
916 2343 1007 2397 καὶ
1062 2342 1323 2416 τύραννόν
1374 2365 1458 2407 τις
1513 2344 1830 2423 ἀποφυγὼν,
1883 2344 2101 2404 πάντως

449 2451 557 2486 που
586 2431 679 2486 καὶ
727 2431 795 2486 τὰ
844 2431 1046 2487 τούτου
1106 2431 1253 2488 ὅπλα
1308 2433 1570 2511 ἀπέφυγε.
1628 2440 1779 2489 Ιιᾶσα
1836 2431 1926 2489 οὖν
1984 2432 2102 2487 κατ’

451 2517 592 2582 εἶδος
634 2521 874 2594 ἁμαρτία
928 2519 1327 2595 ἐγκατείλεκται
1366 2527 1484 2584 τοῖς
1539 2526 1637 2577 τοῦ
1694 2517 1957 2577 διαϐόλου
2017 2518 2103 2597 ἕρτ

452 2629 592 2683 γοις.
621 2607 774 2678 Πλὴν
804 2613 966 2666 τοῦτο
989 2609 1126 2680 ⁷ἰσθι,
1189 2612 1273 2666 ὅτι
1332 2613 1433 2666 ὅσα
1487 2611 1682 2685 λέγεις,
1721 2608 1961 2685 μάλιστα
1989 2595 2103 2665 κατ’

458 2696 668 2767 ἐκείνην
694 2699 795 2767 τὴν
852 2696 1295 2773 φρικωδεστάτην
1356 2698 1524 2771 ὣραν,
1582 2698 1830 2779 ἔγγραφᾶ
1887 2698 1998 2754 ἐστι
2056 2698 2108 2754 ἐν

453 2790 573 2848 τοῖς
604 2789 678 2860 (4)
706 2791 802 2842 τοῦ
834 2792 966 2843 Θεοῦ
995 2784 1257 2864 βιϐλίοις.
1319 2786 1570 2847 Ἐπειδὰν
1626 2788 1808 2844 τοίνυν
1868 2788 2104 2844 ἐναντίον

458 2896 512 2930 τι
540 2872 1005 2952 διαπραττόμενος
1030 2877 1250 2941 τούτοις
1281 2879 1368 2950 ᾖς,
1403 2879 1479 2942 ὡς
1531 2874 1850 2955 παραϐάτης
1902 2879 2106 2953 κριθή-

454 2986 546 3041 an.
581 2963 888 3041 Ἀποτὸίσσῃ
915 2966 1096 3022 τοίνυν
1129 2972 1247 3030 τοῖς
1277 2964 1458 3044 ἔργοις
1488 2972 1586 3023 τοῦ
1618 2972 1852 3037 Σατανᾶ,
1911 2967 2107 3031 πάσαις

458 3053 603 3133 φημὶ
635 3056 857 3131 πράξεσι
889 3056 981 3111 καὶ
1013 3054 1242 3119 ἐννοίαις
1272 3058 1419 3134 παρὰ
1451 3055 1614 3133 λόγον
1659 3057 2019 3134 γενομέναις..

2197 555 2689 624 teritis,edicere;
2718 573 2963 613 necesse
2996 562 3086 612 est
3116 558 3298 613 enim.
3333 560 3623 624 Quoniam
3654 562 3847 616 sensi-

2198 643 2410 699 bilium
2442 645 2825 701 tenebrarum
2856 646 3023 702 locus
3047 650 3136 701 est
3167 647 3465 712 occidens,
3486 648 3589 704 ille
3617 666 3756 705 vero
3788 650 3852 705 in

2204 733 2464 789 tenebris
2495 735 2812 807 imperium
2842 734 3042 804 habet,
3099 751 3234 790 cum
3283 735 3409 806 ipse
3442 737 3519 791 sit
3539 738 3802 795 tenebras
3838 755 3853 793 :

2198 822 2416 878 idcirco
2433 824 2505 879 ad
2522 825 2874 880 servandam
2889 823 3144 896 symboli
3169 824 3463 881 rationem
3485 825 3559 880 ad
3577 844 3855 884 occasum

2196 911 2934 981 respicientes,tenebroso
2949 911 3038 966 illi
3062 917 3119 966 et
3139 912 3461 984 caliginoso
3474 914 3733 987 principi
3753 916 3855 971 ab-

2198 999 2579 1055 renuntiatis.
2608 999 2759 1064 Quid
2782 999 2961 1072 igitur
3011 1005 3173 1055 stans
3205 1000 3354 1056 dixit
3382 1007 3643 1058 vestrum
3668 1020 3857 1059 unus-

2200 1089 2497 1160 quisque?
2531 1090 2879 1145 Abrenuntio
2912 1090 3013 1145 tibi
3044 1090 3274 1158 Satana,
3328 1090 3436 1146 tibi
3467 1091 3728 1164 maligno
3784 1109 3854 1149 ac

2200 1176 2501 1234 dirissimo
2534 1181 2942 1250 tyranno.Non
2969 1179 3366 1250 amplius,ais,
3399 1180 3519 1236 vim
3546 1188 3710 1237 tuam
3730 1182 3852 1238 for-

2198 1266 2397 1323 mido:
2430 1269 2585 1323 hanc
2617 1269 2780 1324 enim
2839 1268 3108 1324 dissolvit
3136 1268 3425 1338 Christus,
3462 1272 3769 1343 sanguinis
3795 1275 3855 1327 et

2200 1358 2395 1413 carnis
2416 1374 2650 1413 mecum
2677 1359 2974 1430 particeps
3005 1358 3287 1426 factus,ut
3315 1376 3421 1431 per
3450 1360 3575 1415 haec
3599 1365 3853 1416 mortem

2198 1450 2389 1502 morte
2431 1447 2788 1515 aboleret,ut
2805 1463 2881 1503 ne
2896 1452 3181 1518 perpetuo
3215 1447 3508 1505 obnoxius
3528 1466 3721 1506 essem
3738 1466 3858 1506 ser-

2200 1537 2367 1590 vituti
2400 1535 2468 1592 ²¹.
2500 1539 2847 1593 Abrenuntio
2878 1538 2982 1593 tibi
3013 1536 3230 1593 callido
3282 1544 3341 1593 et
3388 1539 3699 1596 vaferrimo
3731 1557 3855 1597 ser-

2202 1626 2386 1698 penti.
2418 1625 2764 1680 Abrenuntio
2796 1626 3028 1696 tibi,qui
3062 1625 3384 1682 insidiator
3413 1645 3495 1696 es,
3530 1634 3589 1683 et
3616 1645 3857 1687 omnem

2203 1715 2582 1771 simulatione
2600 1716 2877 1771 amicitiae
2899 1715 3279 1787 iniquitatem
3301 1717 3856 1790 peperisti,primis-

2203 1820 2318 1875 que
2348 1804 2569 1859 nostris
2591 1804 2938 1876 parentibus
2961 1803 3360 1861 defectionem
3383 1805 3709 1877 inspirasti.
3734 1808 3853 1862 Ab-

2201 1895 2460 1949 renuntio
2491 1892 2615 1957 tibi.
2648 1893 2877 1962 Satana,
2901 1893 3163 1965 cujusvis
3220 1894 3623 1968 improbitatis
3655 1901 3714 1951 et
3740 1913 3843 1953 au-

2203 1983 2351 2038 ctori
2382 1988 2440 2038 et
2470 1982 2822 2039 administro
2849 1983 2918 2041 η.

2278 2074 2341 2127 V.
2384 2071 2607 2127 Deinde
2639 2072 2701 2127 in
2733 2072 2996 2129 secunda
3042 2073 3302 2130 formula
3342 2073 3573 2131 doceris
3620 2081 3687 2132 ut
3715 2092 3855 2149 pro-

2207 2162 2447 2217 nunties
2473 2179 2485 2215 :
2517 2165 2590 2217 Et
2621 2162 2869 2218 omnibus
2893 2164 3147 2234 operibus
3197 2167 3324 2220 tuis.
3386 2164 3577 2236 Opera
3605 2165 3859 2234 Satanas,

2209 2251 2609 2322 quodcunque
2652 2257 2961 2323 peccatum
2995 2258 3106 2322 est,
3138 2253 3231 2308 cui
3256 2253 3408 2309 308
3442 2253 3862 2311 abrenuntiare

2210 2357 2453 2396 necesse
2486 2347 2611 2408 est;
2645 2341 3150 2412 quemadmodum
3173 2342 3223 2397 si
3249 2343 3383 2414 quis
3415 2349 3735 2414 tyrannum
3755 2360 3860 2399 au-

2208 2428 2378 2502 fugit,
2411 2446 2654 2500 prorsus
2685 2446 2851 2485 arma
2876 2447 3114 2503 quoque
3161 2432 3349 2503 ipsius
3406 2431 3643 2504 abjecit.
3674 2433 3861 2489 Omne

2211 2518 2390 2591 igitur
2414 2519 2638 2589 peccati
2688 2536 2896 2592 genus,
2929 2520 3153 2576 diaboli
3185 2520 3463 2593 operibus
3493 2528 3860 2578 accensetur.

2215 2609 2636 2663 Verumtamen
2684 2609 2834 2664 illud
2904 2614 2957 2664 te
3017 2610 3168 2665 scire
3211 2615 3465 2682 oportet,
3491 2628 3864 2683 quascunque

2213 2696 2318 2752 illa
2347 2698 2680 2769 praesertim
2712 2697 3076 2755 formidabili
3100 2699 3247 2754 hora
3278 2699 3448 2767 dicis,
3473 2700 3535 2755 in
3557 2700 3660 2755 Dei
3692 2699 3863 2756 libris

2217 2785 2437 2857 scripto
2473 2786 2821 2859 consignata
2879 2786 3107 2842 haberi.
3154 2787 3398 2852 Quando
3424 2787 3603 2860 igitur
3632 2804 3866 2860 cunque

2215 2874 2308 2929 his
2336 2874 2640 2946 quidpiam
2663 2875 2943 2931 contrarii
2963 2874 3591 2946 :idmiseris,tanquam
3608 2876 3865 2933 foedifra-

2214 2978 2321 3035 gus
2342 2962 3065 3035 judicaberis.Renuntias
3088 2964 3287 3035 itaque
3311 2965 3539 3020 Satanas
3561 2965 3862 3037 Operibus,

2216 3050 2494 3107 omnibus
2526 3051 2770 3123 inquam
2804 3058 2862 3107 et
2917 3053 3252 3109 actionibus
3304 3058 3364 3109 et
3408 3054 3863 3127 cogitationibus

2217 3158 2348 3213 quas
2380 3157 2414 3196 a
2433 3141 2662 3196 ratione
2687 3140 3022 3199 discedunt.

530 3235 590 3302 ζ’.
654 3235 785 3288 Εἶτα
840 3231 1038 3310 λέγεις,
1125 3235 1229 3291 Καὶ
1309 3236 1452 3311 πάσῃ
1531 3239 1600 3311 τῇ
1660 3240 1860 3311 πομπῇ
1918 3235 2102 3294 αὐτοῦ.

2289 3232 2379 3288 VI.
2414 3236 2619 3287 Postea
2647 3230 2798 3286 dicis
2832 3248 2845 3286 :
2877 3233 2946 3287 Et
2977 3230 3126 3287 omni
3172 3248 3392 3304 pompae
3421 3233 3591 3290 illius.
3642 3236 3867 3308 Pompa

460 3322 663 3396 Πομπή
698 3319 756 3377 δὲ
778 3317 1042 3378 διαϐόλου
1069 3322 1179 3379 ἐστὶ
1218 3325 1619 3398 θεατρομανίαι,
1668 3326 1758 3380 καὶ
1815 3323 2098 3401 ἱπποδρο-

462 3412 601 3485 μίαι,
660 3410 972 3487 κυνηγεσία,
1034 3413 1122 3468 καὶ
1182 3419 1327 3468 πᾶσα
1376 3414 1602 3485 τοιαύτη
1665 3416 1983 3488 ματαιότηςο
2042 3417 2110 3484 ἧς

463 3500 764 3574 εὐχόμενος
837 3499 1272 3578 έλευθερωθῆναι
1328 3505 1356 3558 ὁ
1415 3504 1566 3580 ἅγιος
1621 3508 1703 3577 τῷ
1761 3505 1878 3577 Θεῴ
1937 3501 2105 3578 λέγει·

462 3591 832 3666 Ἀπόστρεψον
899 3591 1028 3656 τοὺς
1097 3591 1415 3669 ὀφθαλμούς
1474 3614 1578 3666 μου
1635 3597 1732 3649 τοῦ
1819 3595 1896 3667 μή
1976 3591 2108 3648 ίδεῖν

474 3680 833 3755 ματαιότητα.
886 3680 977 3750 Μὴ
1033 3681 1498 3756 περισπούδαστός
1544 3703 1629 3737 σοι
1686 3680 1824 3738 ἔστω
1900 3686 1935 3752 ἡ
1988 3694 2108 3747 θεα-

463 3772 760 3847 τρομανία,
791 3765 916 3835 ἔνθα
970 3772 1068 3835 τάς
1122 3769 1406 3847 ἀσελγείας
1467 3776 1542 3846 (5)
1593 3776 1702 3827 τῶν
1740 3771 1925 3846 μίμων
1982 3768 2109 3847 ὄψῃ,

467 3854 652 3934 ὕϐρεσι
682 3862 1063 3936 πεπραγμένας
1114 3860 1203 3915 καὶ
1261 3861 1404 3935 πάσῃ
1445 3860 1831 3936 ἀσχημοσύνῃ,
1888 3860 2111 3933 ἐκτεθη-

466 3943 754 4021 λυσμὲνων
814 3968 873 4003 τε
931 3945 1140 4025 ἀνδρῶν
1201 3948 1463 4023 ἐμμανεῖς
1537 3949 1821 4025 ὀρχήσεις
1885 3952 2024 4022 μήτε
2074 3952 2110 4020 ἡ

464 4034 570 4091 τῶν
605 4040 680 4111 (6)
738 4035 792 4091 ἐν
841 4037 1126 4113 κυνηγίοις
1209 4038 1431 4101 ἑαυτοὺς
1484 4041 1705 4114 θηρίοις
1763 4034 2111 4111 ἐκδιδόντων,

2220 3338 2356 3377 vero
2387 3320 2606 3376 diaboli
2638 3321 3121 3389 est,theatrorum
3144 3321 3710 3396 insanim,equorum
3735 3341 3867 3380 cur-

2218 3428 2320 3466 sus
2342 3411 2404 3465 in
2435 3409 3216 3481 hippodromis,venationes
3248 3412 3312 3467 in
3336 3413 3513 3483 circo,
3549 3419 3608 3469 et
3636 3413 3870 3485 reliqua

2220 3497 2631 3571 hujuscemodi
2652 3499 2905 3568 vanitas,
2939 3498 3011 3554 de
3043 3516 3160 3571 qua
3188 3500 3432 3557 liberari
3464 3518 3525 3556 se
3556 3502 3864 3575 postulans

2220 3595 2460 3646 sanctus
2485 3594 2597 3643 Deo
2628 3588 2810 3644 dicit:
2842 3590 3042 3644 Averte
3097 3589 3277 3646 oculos
3304 3607 3470 3657 meos,
3523 3608 3591 3646 ne
3640 3592 3865 3648 videant

2218 3682 2517 3736 vanitatem
2537 3677 2604 3734 93.
2628 3680 2707 3734 Ne
2728 3678 2832 3733 tibi
2859 3677 3053 3735 studio
3081 3684 3140 3734 et
3167 3680 3329 3735 cordi
3361 3681 3436 3736 sit
3459 3681 3672 3736 theatri
3703 3683 3864 3738 insa-

2220 3771 2342 3837 nia,
2374 3768 2474 3823 ubi
2493 3766 2825 3839 conspicias
2837 3768 3154 3823 mimorum
3170 3768 3530 3840 petulantias
3546 3772 3708 3825 omni
3722 3787 3862 3826 con-

2222 3856 2469 3914 tumelia
2498 3862 2556 3911 et
2578 3856 2866 3912 dedecore
2895 3856 3471 3929 abundantes,atque
3492 3859 3868 3915 eﬁ‘eminato-

2221 3965 2356 4004 rum
2384 3946 2646 4001 virorum
2664 3944 2882 4001 furoris
2896 3951 2955 4001 et
2978 3946 3253 4001 amentiae
3274 3946 3485 4018 plenas
3497 3946 3866 4017 saltationes,

2221 4053 2417 4109 neque
2447 4035 2552 4092 illa
2581 4052 2787 4091 eorum
2816 4036 2918 4106 qui
2949 4036 3011 4090 in
3056 4035 3424 4092 circensibus
3454 4037 3868 4095 venationibus

535 4138 578 4173 ²¹
612 4136 786 4192 Hebr.
817 4154 875 4205 11,
900 4139 988 4207 44,
1018 4141 1105 4195 14.
1140 4139 1189 4174 η
1219 4140 1354 4195 Vide
1383 4147 1492 4197 cat.
1526 4143 1580 4210 2,
1611 4158 1669 4198 η.
1701 4144 1754 4209 2,
1789 4142 1841 4207 3,
1865 4142 1918 4195 4.
1952 4139 2105 4195 ³³1)εὲ

2220 4154 2398 4203 min,
2431 4137 2518 4190 37.

542 4252 618 4324 (1)
650 4247 959 4324 Βούλομαι,
986 4258 1099 4309 etc.
1125 4256 1206 4309 Ex
1227 4254 1398 4311 codd.
1453 4255 1655 4315 Coisl..
1704 4255 1923 4323 Ottob.,
1975 4257 2115 4323 Roe,

468 4323 714 4400 Oasaub.
751 4330 811 4379 et
844 4325 1017 4400 Grod.
1053 4327 1205 4381 hanc
1233 4343 1434 4382 vocem
1468 4328 1743 4382 substitui
1767 4327 1959 4389 alteri,
1988 4325 2120 4400 βου-

474 4392 731 4468 λόμενος,
765 4413 897 4467 qua)
929 4397 1151 4468 absque
1183 4399 1626 4454 constructione
1650 4405 1793 4453 erat.
1819 4392 2119 4465 Ροεῑβκό-

2227 4252 2340 4307 bus
2371 4250 2638 4324 Qoislin.,
2672 4251 2810 4324 139e,
2842 4250 3126 4324 Casaub.;
3160 4252 3333 4308 ambo
3365 4256 3564 4307 tamen
3582 4254 3867 4324 postremi

2227 4328 2370 4397 post
2390 4320 2611 4397 ἐνεοῖς,
2637 4320 2863 4397 addunt
2891 4320 3235 4397 γραφόμενα.
3332 4394 3346 4397 _
3583 4320 3614 4346 ⁷

2301 4392 2600 4469 (5)]Ὲνοα
2628 4390 2738 4469 ’τὰς
2786 4390 3098 4469 decliuich
3153 4395 3263 4469 Hic
3330 4394 3498 4469 locus
3527 4396 3867 4469 corruptis:

470 4462 599 4542 τορς
624 4462 814 4542 τόποξ,
848 4462 1195 4542 tenebrarum
1227 4471 1395 4537 locus,
1452 4471 1662 4542 scripsi
1713 4487 1782 4525 ex
1814 4462 1985 4525 codd.
2019 4469 2114 4542 Ot-
2149 4471 2196 4533 ι)
2228 4462 2376 4542 sime
2403 4464 2465 4518 in
2496 4462 2666 4542 codd.
2700 4462 2975 4542 CoislinI,
3001 4466 3207 4542 Roe‘et
3234 4467 3481 4542 Casaub.
3525 4462 3747 4542 legitur
3794 4468 3868 4523 ad

472 4538 592 4595 tob.
629 4537 881 4610 duobus,
909 4541 1110 4610 Coisl.,
1134 4544 1275 4607 Roe,
1293 4537 1607 4598 Casaub.e't
1624 4542 1821 4609 Grod.,
1839 4542 1969 4597 loco
1993 4539 2118 4594 σκό-

452 4628 602 4685 τους
630 4608 821 4685 τόπος,
855 4608 1202 4668 tenebrarum
1228 4618 1410 4683 ﬁgura
1430 4632 1453 4679 ;
1484 4630 1551 4669 eo
1583 4614 1741 4685 quod
1771 4614 1845 4668 de
1870 4612 2116 4685 Oriente

475 4680 650 4757 dicat,
674 4681 830 4738 infra
859 4700 917 4738 n.
947 4687 1045 4757 10,7
1065 4685 1207 4740 dum
1228 4680 1335 4740 isti
1390 4680 1988 4757 simile'mysterium
2022 4701 2122 4739 ex-

474 4752 676 4876 plicat,
706 4769 836 4810 eam
870 4771 999 4810 esse
1031 4756 1181 4812 lucis
1210 4757 1537 4830 regionem,
1563 4760 1659 4810 τοῦ
1704 4752 1886 4834 ἱρωτὸς
1912 4754 1974 4809 τὸ
2006 4773 2123 4829 χω-

478 4841 506 4876 ο
536 4844 616 4876 ον.

536 4844 616 4879 ον.

478 4841 620 4978 mg}
650 4894 1022 4978 Διᾲητοῦτων,
1056 4901 1222 4978 __Po_st
1266 4903 1393 4958 haec
1474 4902 1665 4978 yerba
1690 4899 2006 4978 subjicitur
2061 4898 2123 4954 in

474 4966 934 5044 editis_al_iisqu_e
965 4971 1411 5042 codicibus,vox
1431 4976 1539 5026 τῶν
1567 4974 1712 5040 παθη
1724 4966 1924 5044 μάτων·
1944 4986 2124 5044 quam

474 5038 536 5113 i_n
567 5038 697 5095 cod.
728 5038 972 5096 Coislin.
1008 5038 1489 5113 praetermissam,
1522 5052 1589 5100 ut
1619 5038 1734 5100 hoc
1763 5045 1890 5099 loco
1910 5038 2125 5097 redun—

475 5109 717 5166 dantem
751 5109 1041 5167 erasimus
1068 5129 1081 5166 :
1105 5112 1374 5170 immissa
1414 5115 1648 5171 videtur
1684 5131 1720 5170 a
1749 5114 2029 5179 librariis,
2063 5116 2128 5166 ut

477 5181 697 5257 erilli
713 5184 1014 5257 sententia
1035 5185 1219 5257 magis
1237 5186 1548 5241 accederet
1567 5188 1642 5242 ad
1662 5186 1839 5257 verba
1859 5183 2126 5255 Apostoli

479 5251 734 5308 dicentis
764 5255 1064 5310 Christum
1095 5251 1626 5313 communicavisse
1645 5256 1810 5312 carni
1834 5251 2053 5310 nostras
2069 5260 2129 5309 et

479 5324 775 5397 sanguini,
795 5331 860 5381 ut
879 5343 987 5397 per
1014 5333 1289 5393 mortem,
1324 5324 1414 5381 διὰ
1440 5331 1537 5381 τοῦ
1573 5326 1825 5394 θανάτου,
1857 5326 2130 5381 destrue-

475 5402 569 5451 ret
598 5396 733 5469 eum
766 5396 1097 5469 quiimortis
1126 5398 1447 5469 imperium
1478 5399 1753 5455 habebat.

548 5469 626 5537 (3)
646 5463 827 5543 ’Ἐργᾶ
858 5463 1313 5543 δὴτοῆΣατανᾶ..
1339 5472 1426 5525 Ita
1454 5470 1659 5543 Coisl_.,
1691 5469 1864 5543 Ἔργα
1924 5463 1984 5543 δξ
2025 5469 2127 5543 Ιιίο-ῖὶ

478 5534 696 5613 Σατανῗέ.
723 5534 1005 5613 ἆμαρτίαι,
1030 5534 1104 5613 ὧν
1143 5538 1538 5603 ἀποτάσσεσθαι
1598 5534 1913 5613 ἀναγκαῖον.
1946 5538 2129 5595 Codd.

476 5622 620 5681 vero
660 5609 780 5665 Roe
810 5609 870 5664 et
897 5609 1145 5667 Casaub.
1176 5613 1478 5681 omittunt,
1509 5611 1657 5668 πᾶσά
1684 5609 1824 5667 ἐστιν
1856 5612 1916 5680 ἡ.

548 5679 629 5762 (4)
658 5681 752 5737 Ἐν
778 5684 918 5745 τοῖς.
950 5683 1444 5759 Ρτωροεὶιίοηεω
1466 5679 1531 5741 ’ἐν
1561 5685 1755 5762 adjeci
1794 5679 1889 5742 ex’
1913 5680 2131 5740 codici-

2229 4538 2387 4610 hunc
2417 4535 2658 4610 modum
2673 4551 2701 4610 ξ
2731 4535 2897 4610 Ἔνθα
2927 4534 3312 4610 αἶ’-ἀσέλγειαί
3361 4535 3495 4591 εἶσιν
3543 4534 3651 4592 τῷν
3684 4537 3870 4610 μίμων

2227 4603 2381 4684 ὄψεις
2410 4609 2638 4684 _(Roe_et
2665 4606 2936 4684 Casaub.,
2994 4604 3143 4684 ϐψις)
3183 4603 3387 4684 ’ὕϐρεσι
3441 4603 3868 4684 πεπραγμένἀις,

2230 4676 2320 4733 καὶ
2350 4676 2527 4745 πάσης
2546 4676 2973 4748 ἀσχημοσύνης.
3003 4676 3071 4733 In
3101 4676 3378 4736 Genoiref.
3429 4686 3488 4736 et
3514 4676 3707 4738 Ottob.
3738 4683 3823 4738 ita
3853 4676 3868 4738 ξ

2231 4751 2394 4835 Ἐξνθα
2426 4745 2786 4835 οξὰσελγεῖς
2836 4750 3078 4821 (Ottob.,
3136 4751 3192 4835 αἱ
3248 4748 3546 4835 ἀσέλγειαι)
3605 4752 3717 4835 sici.
3759 4755 3870 4807 τῶν

2237 4821 2421 4898 μίμων
2456 4816 3267 4898 ὄψεις,,ὕϐρεσι-πεπραγμέναι-
3311 4816 3406 4877 καῖ
3453 4816 3650 4898 πάσαις
3694 4823 3871 4898 ἆσγητ

2238 4892 2514 4967 pob-3m;-
2557 4894 2658 4948 Ubi
2686 4892 2955 4962 impudici
2993 4892 3137 4967 sunt
3192 4896 3483 4951 mimorum
3544 4892 3777 4961 vultusf
3800 4892 3874 4952 ad

2234 4964 2587 5038 Contumelias
2610 4969 2660 5017 et
2690 4980 2847 5038 omne
2887 4964 3084 5038 probri
3100 5035 3107 5038 _
3136 4981 3307 5034 genus
3348 4970 3649 5038 compositi.
3678 4968 3872 5024 Thea-

2234 5043 2390 5092 trum
2416 5035 2708 5090 Adrianus
2737 5033 2807 5111 in_
2829 5033 3153 5111 urbe_.»E_lia
3180 5033 3550 5094 exstruxerat
3575 5056 3588 5094 :
3621 5040 3877 5111 Cyrillus

2234 5113 2460 5191 uestem
2491 5122 2726 5186 sacram.
2753 5104 3026 5191 distraxit
3052 5106 3116 5191 in
3145 5125 3288 5191 usus
3308 5125 3644 5191 _egenorum
3667 5104 3877 5182 iquam

2236 5179 2542 5235 dicebatur
2568 5176 2838 5232 scenicus
2870 5176 2931 5231 in
2963 5178 3193 5234 theatro
3223 5176 3510 5237 induisse.

2307 5248 2563 5322 (ϐὶΜήτε
2592 5247 2918 5322 ἠίειιρριο,
2966 5248 3184 5322 μανία)
3237 5254 3368 5319 τῶν,
3422 5258 3535 5308 etc.
3584 5255 3665 5309 Ex
3707 5252 3877 5310 codd.

2237 5320 2600 5387 Coisl.,Roe,
2628 5319 2898 5382 Casaub.,
2949 5319 3222 5378 Genovef.
3281 5329 3339 5379 et
3367 5324 3560 5380 Ottob.
3604 5325 3688 5379 ita
3733 5323 3881 5380 scri-

2280 5392 2486 5466 simus,
2518 5390 2735 5466 quibus
2766 5391 3080 5466 corrigitur
3097 5395 3880 5466 impressorumscriptura:

2280 5409 2486 5458 Simus,
2518 5409 2735 5460 quibus
2766 5409 2916 5446 corn
2960 5409 3080 5448 Itur
3107 5411 3534 5466 impressorum
3553 5409 3880 5466 scriptura:

2237 5409 2396 5536 Καήτε
2448 5458 2576 5536 τοδς
2648 5458 2700 5514 ἐν
2755 5409 3043 5536 κυνηγῆοις
3094 5464 3313 5527 ἑαυτοὺς
3370 5463 3703 5525 ἐκδιδόντας.
3743 5466 3881 5536 Quas

2237 5534 2418 5609 verba
2446 5533 2675 5609 nullam
2705 5533 2979 5605 superius
3010 5537 3232 5595 habent
3258 5555 3483 5607 vocem,
3526 5537 3696 5609 cujus
3724 5533 3882 5607 regi-

2239 5606 2390 5663 mini
2416 5604 2828 5680 subjiciuntur.
