  <div class='ocr_page' id='page_1' title='image "/cluster/home/n/w/nwhite01/storage/ocr_20150623/33/mdp.39015078384412/544.png"; bbox 0 0 4148 6286; ppageno 0'>
   <div class='ocr_carea' id='block_1_1' title="bbox 449 400 606 464">
    <p class='ocr_par' dir='ltr' id='par_1_1' title="bbox 449 400 606 464">
     <span class='ocr_line' id='line_1_1' title="bbox 449 400 606 464; baseline -0.006 0"><span class='ocrx_word' id='word_1_1' title='bbox 449 400 606 464; x_wconf 75' lang='grc'>1073</span> 
     </span>
    </p>
   </div>
   <div class='ocr_carea' id='block_1_2' title="bbox 1451 397 2828 466">
    <p class='ocr_par' dir='ltr' id='par_1_2' title="bbox 1451 397 2828 466">
     <span class='ocr_line' id='line_1_2' title="bbox 1451 397 2828 466; baseline 0 -4"><span class='ocrx_word' id='word_1_2' title='bbox 1451 397 1937 464; x_wconf 85' lang='lat' dir='ltr'>GATECHESIS</span> <span class='ocrx_word' id='word_1_3' title='bbox 1979 398 2136 460; x_wconf 84' lang='lat' dir='ltr'>XIX.</span> <span class='ocrx_word' id='word_1_4' title='bbox 2182 397 2736 462; x_wconf 84' lang='lat' dir='ltr'>MYSTAGOGICA</span> <span class='ocrx_word' id='word_1_5' title='bbox 2777 402 2828 466; x_wconf 92' lang='grc' dir='ltr'>Ι.</span> 
     </span>
    </p>
   </div>
   <div class='ocr_carea' id='block_1_3' title="bbox 3714 411 3872 472">
    <p class='ocr_par' dir='ltr' id='par_1_3' title="bbox 3714 411 3872 472">
     <span class='ocr_line' id='line_1_3' title="bbox 3714 411 3872 472; baseline -0.006 0"><span class='ocrx_word' id='word_1_6' title='bbox 3714 411 3872 472; x_wconf 78' lang='grc'>1074</span> 
     </span>
    </p>
   </div>
   <div class='ocr_carea' id='block_1_4' title="bbox 450 532 2074 612">
    <p class='ocr_par' dir='ltr' id='par_1_4' title="bbox 450 532 2074 611">
     <span class='ocr_line' id='line_1_4' title="bbox 450 532 2074 611; baseline -0.001 -22"><span class='ocrx_word' id='word_1_7' title='bbox 450 535 528 610; x_wconf 82' lang='grc' dir='ltr'>μὴ</span> <span class='ocrx_word' id='word_1_8' title='bbox 588 533 767 589; x_wconf 86' lang='grc' dir='ltr'>τοίνυν</span> <span class='ocrx_word' id='word_1_9' title='bbox 825 533 965 590; x_wconf 72' lang='grc' dir='ltr'>αὐτὰ</span> <span class='ocrx_word' id='word_1_10' title='bbox 1023 532 1316 611; x_wconf 74' lang='grc' dir='ltr'>μετέλθῃς.</span> <span class='ocrx_word' id='word_1_11' title='bbox 1390 533 1790 601; x_wconf 81' lang='grc' dir='ltr'>Οἷωνοσκοπία,</span> <span class='ocrx_word' id='word_1_12' title='bbox 1855 532 2074 608; x_wconf 87' lang='grc' dir='ltr'>μαντεία</span> 
     </span>
    </p>
   </div>
   <div class='ocr_carea' id='block_1_5' title="bbox 2189 532 3868 612">
    <p class='ocr_par' dir='ltr' id='par_1_5' title="bbox 2216 534 3868 612">
     <span class='ocr_line' id='line_1_5' title="bbox 2216 534 3868 612; baseline 0.008 -25"><span class='ocrx_word' id='word_1_13' title='bbox 2216 548 2349 601; x_wconf 87' lang='lat' dir='ltr'>ros;</span> <span class='ocrx_word' id='word_1_14' title='bbox 2378 534 2467 590; x_wconf 88' lang='lat' dir='ltr'>vel</span> <span class='ocrx_word' id='word_1_15' title='bbox 2493 535 2613 591; x_wconf 88' lang='lat' dir='ltr'>alia</span> <span class='ocrx_word' id='word_1_16' title='bbox 2641 536 2818 607; x_wconf 84' lang='lat' dir='ltr'><strong>hujus</strong></span> <span class='ocrx_word' id='word_1_17' title='bbox 2845 537 3098 611; x_wconf 78' lang='lat' dir='ltr'>generis.</span> <span class='ocrx_word' id='word_1_18' title='bbox 3124 539 3203 593; x_wconf 86' lang='lat' dir='ltr'>Ne</span> <span class='ocrx_word' id='word_1_19' title='bbox 3227 538 3405 612; x_wconf 77' lang='lat' dir='ltr'>igitur</span> <span class='ocrx_word' id='word_1_20' title='bbox 3425 544 3481 596; x_wconf 92' lang='lat' dir='ltr'>te</span> <span class='ocrx_word' id='word_1_21' title='bbox 3515 541 3576 597; x_wconf 90' lang='lat' dir='ltr'>in</span> <span class='ocrx_word' id='word_1_22' title='bbox 3602 541 3722 600; x_wconf 89' lang='lat' dir='ltr'>illis</span> <span class='ocrx_word' id='word_1_23' title='bbox 3750 543 3868 600; x_wconf 90' lang='lat' dir='ltr'>im-</span> 
     </span>
    </p>
   </div>
   <div class='ocr_carea' id='block_1_6' title="bbox 446 621 2099 700">
    <p class='ocr_par' dir='ltr' id='par_1_6' title="bbox 446 621 2099 700">
     <span class='ocr_line' id='line_1_6' title="bbox 446 621 2099 700; baseline -0.001 -21"><span class='ocrx_word' id='word_1_24' title='bbox 446 621 836 698; x_wconf 71' lang='grc' dir='ltr'>κλῃδονισμοῖ,</span> <span class='ocrx_word' id='word_1_25' title='bbox 867 625 902 695; x_wconf 71' lang='grc' dir='ltr'>ἢ</span> <span class='ocrx_word' id='word_1_26' title='bbox 933 625 1310 700; x_wconf 79' lang='grc' dir='ltr'>περιάμματα,</span> <span class='ocrx_word' id='word_1_27' title='bbox 1369 624 1405 695; x_wconf 77' lang='grc' dir='ltr'>ἢ</span> <span class='ocrx_word' id='word_1_28' title='bbox 1464 624 1516 681; x_wconf 80' lang='grc' dir='ltr'>ἐν</span> <span class='ocrx_word' id='word_1_29' title='bbox 1572 621 1834 686; x_wconf 75' lang='grc' dir='ltr'>πετάλοις</span> <span class='ocrx_word' id='word_1_30' title='bbox 1875 623 2099 700; x_wconf 81' lang='grc' dir='ltr'>ἐπιγρα-</span> 
     </span>
    </p>
   </div>
   <div class='ocr_carea' id='block_1_7' title="bbox 450 711 2100 792">
    <p class='ocr_par' dir='ltr' id='par_1_7' title="bbox 450 711 2100 792">
     <span class='ocr_line' id='line_1_7' title="bbox 450 711 2100 792; baseline -0.001 -23"><span class='ocrx_word' id='word_1_31' title='bbox 450 714 570 792; x_wconf 74' lang='grc' dir='ltr'>φαὶ,</span> <span class='ocrx_word' id='word_1_32' title='bbox 605 718 848 787; x_wconf 84' lang='grc' dir='ltr'>μαγεῖαι,</span> <span class='ocrx_word' id='word_1_33' title='bbox 900 714 935 784; x_wconf 74' lang='grc' dir='ltr'><strong>ἢ</strong></span> <span class='ocrx_word' id='word_1_34' title='bbox 988 712 1152 768; x_wconf 77' lang='grc' dir='ltr'>ἄλλαι</span> <span class='ocrx_word' id='word_1_35' title='bbox 1202 713 1573 791; x_wconf 83' lang='grc' dir='ltr'>κακοτεχνίαι,</span> <span class='ocrx_word' id='word_1_36' title='bbox 1605 713 1695 768; x_wconf 81' lang='grc' dir='ltr'>καὶ</span> <span class='ocrx_word' id='word_1_37' title='bbox 1728 713 1827 769; x_wconf 79' lang='grc' dir='ltr'>ὅσα</span> <span class='ocrx_word' id='word_1_38' title='bbox 1853 711 2100 782; x_wconf 82' lang='grc' dir='ltr'>τοιαῦτα,</span> 
     </span>
    </p>
   </div>
   <div class='ocr_carea' id='block_1_8' title="bbox 449 797 2098 882">
    <p class='ocr_par' dir='ltr' id='par_1_8' title="bbox 449 797 2098 882">
     <span class='ocr_line' id='line_1_8' title="bbox 449 797 2098 882; baseline -0.001 -22"><span class='ocrx_word' id='word_1_39' title='bbox 449 801 696 879; x_wconf 84' lang='grc' dir='ltr'>λατρεῖαί</span> <span class='ocrx_word' id='word_1_40' title='bbox 727 802 828 858; x_wconf 89' lang='grc' dir='ltr'>ε’σι</span> <span class='ocrx_word' id='word_1_41' title='bbox 875 797 1156 860; x_wconf 76' lang='grc' dir='ltr'>διαϐόλου.</span> <span class='ocrx_word' id='word_1_42' title='bbox 1210 808 1382 882; x_wconf 82' lang='grc' dir='ltr'>Φεῦγε</span> <span class='ocrx_word' id='word_1_43' title='bbox 1431 805 1522 860; x_wconf 80' lang='grc' dir='ltr'>οὖν</span> <span class='ocrx_word' id='word_1_44' title='bbox 1555 809 1722 861; x_wconf 91' lang='grc' dir='ltr'>ταῦτα</span> <span class='ocrx_word' id='word_1_45' title='bbox 1753 811 1847 873; x_wconf 71' lang='lat' dir='ltr'>(ir</span> <span class='ocrx_word' id='word_1_46' title='bbox 1882 804 1969 860; x_wconf 80' lang='grc' dir='ltr'>ἐάν</span> <span class='ocrx_word' id='word_1_47' title='bbox 1995 805 2098 880; x_wconf 74' lang='grc' dir='ltr'>γὰρ</span> 
     </span>
    </p>
   </div>
   <div class='ocr_carea' id='block_1_9' title="bbox 446 892 2100 967">
    <p class='ocr_par' dir='ltr' id='par_1_9' title="bbox 446 892 2100 967">
     <span class='ocr_line' id='line_1_9' title="bbox 446 892 2100 967; baseline -0.001 -18"><span class='ocrx_word' id='word_1_48' title='bbox 446 894 666 955; x_wconf 83' lang='grc' dir='ltr'>τούτοις</span> <span class='ocrx_word' id='word_1_49' title='bbox 697 894 967 967; x_wconf 72' lang='grc' dir='ltr'>ὑποπὲσῃς</span> <span class='ocrx_word' id='word_1_50' title='bbox 1019 892 1156 966; x_wconf 84' lang='grc' dir='ltr'>μετᾶ</span> <span class='ocrx_word' id='word_1_51' title='bbox 1201 896 1301 961; x_wconf 73' lang='grc' dir='ltr'>τήν</span> <span class='ocrx_word' id='word_1_52' title='bbox 1353 893 1606 965; x_wconf 82' lang='grc' dir='ltr'>ἀπόταξιν</span> <span class='ocrx_word' id='word_1_53' title='bbox 1637 899 1739 950; x_wconf 86' lang='grc' dir='ltr'>τοῦ</span> <span class='ocrx_word' id='word_1_54' title='bbox 1772 900 1982 950; x_wconf 79' lang='grc' dir='ltr'>Σατανᾶ</span> <span class='ocrx_word' id='word_1_55' title='bbox 2009 893 2100 950; x_wconf 69' lang='grc' dir='ltr'>καὶ</span> 
     </span>
    </p>
   </div>
   <div class='ocr_carea' id='block_1_10' title="bbox 445 982 2096 1061">
    <p class='ocr_par' dir='ltr' id='par_1_10' title="bbox 445 982 2096 1061">
     <span class='ocr_line' id='line_1_10' title="bbox 445 982 2096 1061; baseline -0.002 -20"><span class='ocrx_word' id='word_1_56' title='bbox 445 985 546 1052; x_wconf 73' lang='grc' dir='ltr'>τὴν</span> <span class='ocrx_word' id='word_1_57' title='bbox 597 982 736 1059; x_wconf 81' lang='grc' dir='ltr'>πρὸς</span> <span class='ocrx_word' id='word_1_58' title='bbox 789 983 879 1037; x_wconf 86' lang='grc' dir='ltr'>τὸν</span> <span class='ocrx_word' id='word_1_59' title='bbox 935 983 1169 1056; x_wconf 85' lang='grc' dir='ltr'>Χριστὸν</span> <span class='ocrx_word' id='word_1_60' title='bbox 1228 983 1494 1054; x_wconf 80' lang='grc' dir='ltr'>σύνταξιν,</span> <span class='ocrx_word' id='word_1_61' title='bbox 1553 987 1876 1061; x_wconf 83' lang='grc' dir='ltr'>πικροτέρου</span> <span class='ocrx_word' id='word_1_62' title='bbox 1909 1005 2096 1060; x_wconf 83' lang='grc' dir='ltr'>πειρα-</span> 
     </span>
    </p>
   </div>
   <div class='ocr_carea' id='block_1_11' title="bbox 447 1070 2095 1147">
    <p class='ocr_par' dir='ltr' id='par_1_11' title="bbox 447 1070 2095 1147">
     <span class='ocr_line' id='line_1_11' title="bbox 447 1070 2095 1147; baseline 0 -19"><span class='ocrx_word' id='word_1_63' title='bbox 447 1074 620 1146; x_wconf 85' lang='grc' dir='ltr'>σθήσῃ</span> <span class='ocrx_word' id='word_1_64' title='bbox 651 1077 724 1144; x_wconf 83' lang='lat'>(2)</span> <span class='ocrx_word' id='word_1_65' title='bbox 751 1076 850 1127; x_wconf 85' lang='grc' dir='ltr'>τοῦ</span> <span class='ocrx_word' id='word_1_66' title='bbox 893 1073 1182 1146; x_wconf 79' lang='grc' dir='ltr'>τυράννου·</span> <span class='ocrx_word' id='word_1_67' title='bbox 1246 1070 1374 1135; x_wconf 63' lang='grc' dir='ltr'>ἴσως</span> <span class='ocrx_word' id='word_1_68' title='bbox 1433 1073 1507 1135; x_wconf 89' lang='grc' dir='ltr'>ὡς</span> <span class='ocrx_word' id='word_1_69' title='bbox 1559 1073 1759 1128; x_wconf 80' lang='grc' dir='ltr'>οἰκεῖον</span> <span class='ocrx_word' id='word_1_70' title='bbox 1810 1075 2095 1147; x_wconf 84' lang='grc' dir='ltr'>περιέπον-</span> 
     </span>
    </p>
   </div>
   <div class='ocr_carea' id='block_1_12' title="bbox 441 1159 2093 1236">
    <p class='ocr_par' dir='ltr' id='par_1_12' title="bbox 441 1159 2093 1236">
     <span class='ocr_line' id='line_1_12' title="bbox 441 1159 2093 1236; baseline -0.001 -19"><span class='ocrx_word' id='word_1_71' title='bbox 441 1182 538 1224; x_wconf 89' lang='grc' dir='ltr'>τος</span> <span class='ocrx_word' id='word_1_72' title='bbox 586 1161 779 1227; x_wconf 84' lang='grc' dir='ltr'>πάλαι,</span> <span class='ocrx_word' id='word_1_73' title='bbox 833 1161 921 1215; x_wconf 85' lang='grc' dir='ltr'>καὶ</span> <span class='ocrx_word' id='word_1_74' title='bbox 969 1163 1070 1228; x_wconf 77' lang='grc' dir='ltr'>τῆς</span> <span class='ocrx_word' id='word_1_75' title='bbox 1102 1166 1299 1236; x_wconf 84' lang='grc' dir='ltr'>πικρᾶς</span> <span class='ocrx_word' id='word_1_76' title='bbox 1344 1161 1583 1224; x_wconf 75' lang='grc' dir='ltr'>ἀνιέντος</span> <span class='ocrx_word' id='word_1_77' title='bbox 1617 1184 1673 1216; x_wconf 90' lang='grc' dir='ltr'>σε</span> <span class='ocrx_word' id='word_1_78' title='bbox 1704 1159 1974 1229; x_wconf 77' lang='grc' dir='ltr'>δουλείας,</span> <span class='ocrx_word' id='word_1_79' title='bbox 2005 1166 2093 1216; x_wconf 87' lang='grc' dir='ltr'>νῦν</span> 
     </span>
    </p>
   </div>
   <div class='ocr_carea' id='block_1_13' title="bbox 443 1247 2098 1327">
    <p class='ocr_par' dir='ltr' id='par_1_13' title="bbox 443 1247 2098 1327">
     <span class='ocr_line' id='line_1_13' title="bbox 443 1247 2098 1327; baseline 0.001 -23"><span class='ocrx_word' id='word_1_80' title='bbox 443 1247 502 1306; x_wconf 68' lang='grc' dir='ltr'>δὲ</span> <span class='ocrx_word' id='word_1_81' title='bbox 532 1247 740 1327; x_wconf 76' lang='grc' dir='ltr'>σφόδρα</span> <span class='ocrx_word' id='word_1_82' title='bbox 791 1249 936 1323; x_wconf 75' lang='grc' dir='ltr'>παρὰ</span> <span class='ocrx_word' id='word_1_83' title='bbox 981 1253 1082 1304; x_wconf 89' lang='grc' dir='ltr'>σοῦ</span> <span class='ocrx_word' id='word_1_84' title='bbox 1134 1250 1679 1325; x_wconf 79' lang='grc' dir='ltr'>καταπικρανθέντος’</span> <span class='ocrx_word' id='word_1_85' title='bbox 1723 1256 1812 1306; x_wconf 77' lang='grc' dir='ltr'>καὶ</span> <span class='ocrx_word' id='word_1_86' title='bbox 1844 1257 1940 1307; x_wconf 88' lang='grc' dir='ltr'>τοῦ</span> <span class='ocrx_word' id='word_1_87' title='bbox 1963 1254 2098 1327; x_wconf 91' lang='grc' dir='ltr'>Χρι-</span> 
     </span>
    </p>
   </div>
   <div class='ocr_carea' id='block_1_14' title="bbox 439 1338 2092 1415">
    <p class='ocr_par' dir='ltr' id='par_1_14' title="bbox 439 1338 2092 1415">
     <span class='ocr_line' id='line_1_14' title="bbox 439 1338 2092 1415; baseline 0.001 -21"><span class='ocrx_word' id='word_1_88' title='bbox 439 1343 574 1395; x_wconf 89' lang='grc' dir='ltr'>στοῦ</span> <span class='ocrx_word' id='word_1_89' title='bbox 632 1341 967 1413; x_wconf 80' lang='grc' dir='ltr'>στερηθήσῃ,</span> <span class='ocrx_word' id='word_1_90' title='bbox 1025 1338 1276 1394; x_wconf 75' lang='grc' dir='ltr'>κάκείνου</span> <span class='ocrx_word' id='word_1_91' title='bbox 1332 1342 1688 1415; x_wconf 78' lang='grc' dir='ltr'>πειρασθήσῃ.</span> <span class='ocrx_word' id='word_1_92' title='bbox 1766 1340 1877 1395; x_wconf 87' lang='grc' dir='ltr'>Ούκ</span> <span class='ocrx_word' id='word_1_93' title='bbox 1924 1341 2092 1410; x_wconf 72' lang='grc' dir='ltr'>ἢκου-</span> 
     </span>
    </p>
   </div>
   <div class='ocr_carea' id='block_1_15' title="bbox 439 1426 2090 1504">
    <p class='ocr_par' dir='ltr' id='par_1_15' title="bbox 439 1426 2090 1504">
     <span class='ocr_line' id='line_1_15' title="bbox 439 1426 2090 1504; baseline 0.001 -20"><span class='ocrx_word' id='word_1_94' title='bbox 439 1449 534 1492; x_wconf 82' lang='grc' dir='ltr'>σας</span> <span class='ocrx_word' id='word_1_95' title='bbox 559 1430 635 1502; x_wconf 91' lang='lat'>(3)</span> <span class='ocrx_word' id='word_1_96' title='bbox 667 1426 906 1491; x_wconf 78' lang='grc' dir='ltr'>παλαιᾶς</span> <span class='ocrx_word' id='word_1_97' title='bbox 953 1427 1217 1500; x_wconf 78' lang='grc' dir='ltr'>ἱστορίας,</span> <span class='ocrx_word' id='word_1_98' title='bbox 1269 1429 1337 1483; x_wconf 80' lang='grc' dir='ltr'>τὰ</span> <span class='ocrx_word' id='word_1_99' title='bbox 1383 1430 1505 1504; x_wconf 87' lang='grc' dir='ltr'>περὶ</span> <span class='ocrx_word' id='word_1_100' title='bbox 1555 1434 1651 1484; x_wconf 86' lang='grc' dir='ltr'>τοῦ</span> <span class='ocrx_word' id='word_1_101' title='bbox 1683 1431 1806 1484; x_wconf 84' lang='grc' dir='ltr'>Λὼτ</span> <span class='ocrx_word' id='word_1_102' title='bbox 1835 1431 1970 1503; x_wconf 77' lang='grc' dir='ltr'>ἡμῖν</span> <span class='ocrx_word' id='word_1_103' title='bbox 2003 1429 2090 1486; x_wconf 76' lang='grc' dir='ltr'>καὶ</span> 
     </span>
    </p>
   </div>
   <div class='ocr_carea' id='block_1_16' title="bbox 435 1514 2090 1594">
    <p class='ocr_par' dir='ltr' id='par_1_16' title="bbox 435 1514 2090 1594">
     <span class='ocr_line' id='line_1_16' title="bbox 435 1514 2090 1594; baseline 0.001 -21"><span class='ocrx_word' id='word_1_104' title='bbox 435 1522 548 1574; x_wconf 79' lang='grc' dir='ltr'>τῶν</span> <span class='ocrx_word' id='word_1_105' title='bbox 603 1518 800 1573; x_wconf 83' lang='grc' dir='ltr'>τούτου</span> <span class='ocrx_word' id='word_1_106' title='bbox 860 1517 1164 1593; x_wconf 79' lang='grc' dir='ltr'>θυγατέρων</span> <span class='ocrx_word' id='word_1_107' title='bbox 1252 1514 1666 1592; x_wconf 88' lang='grc' dir='ltr'>διηγουμένης;</span> <span class='ocrx_word' id='word_1_108' title='bbox 1726 1518 1871 1594; x_wconf 85' lang='grc' dir='ltr'>Ούχὶ</span> <span class='ocrx_word' id='word_1_109' title='bbox 1929 1521 2090 1582; x_wconf 85' lang='grc' dir='ltr'>αὐτὸς</span> 
     </span>
    </p>
   </div>
   <div class='ocr_carea' id='block_1_17' title="bbox 445 1605 2090 1683">
    <p class='ocr_par' dir='ltr' id='par_1_17' title="bbox 445 1605 2090 1683">
     <span class='ocr_line' id='line_1_17' title="bbox 445 1605 2090 1683; baseline 0.001 -21"><span class='ocrx_word' id='word_1_110' title='bbox 445 1607 540 1682; x_wconf 78' lang='grc' dir='ltr'>μὶν</span> <span class='ocrx_word' id='word_1_111' title='bbox 583 1608 848 1662; x_wconf 84' lang='grc' dir='ltr'>σέσωσται</span> <span class='ocrx_word' id='word_1_112' title='bbox 913 1608 1047 1677; x_wconf 84' lang='grc' dir='ltr'>μετά</span> <span class='ocrx_word' id='word_1_113' title='bbox 1097 1609 1206 1661; x_wconf 82' lang='grc' dir='ltr'>τῶν</span> <span class='ocrx_word' id='word_1_114' title='bbox 1263 1607 1592 1682; x_wconf 85' lang='grc' dir='ltr'>θυγατέρων,</span> <span class='ocrx_word' id='word_1_115' title='bbox 1651 1607 1839 1677; x_wconf 80' lang='grc' dir='ltr'>ἐπειδὴ</span> <span class='ocrx_word' id='word_1_116' title='bbox 1870 1610 1932 1664; x_wconf 87' lang='grc' dir='ltr'>τὸ</span> <span class='ocrx_word' id='word_1_117' title='bbox 1963 1605 2090 1683; x_wconf 78' lang='grc' dir='ltr'>ὅρος</span> 
     </span>
    </p>
   </div>
   <div class='ocr_carea' id='block_1_18' title="bbox 439 1695 2089 1776">
    <p class='ocr_par' dir='ltr' id='par_1_18' title="bbox 439 1695 2089 1776">
     <span class='ocr_line' id='line_1_18' title="bbox 439 1695 2089 1776; baseline 0.001 -21"><span class='ocrx_word' id='word_1_118' title='bbox 439 1697 791 1776; x_wconf 61' lang='grc' dir='ltr'>κατείληφεν</span> <span class='ocrx_word' id='word_1_119' title='bbox 825 1700 861 1766; x_wconf 84' lang='grc' dir='ltr'>ἡ</span> <span class='ocrx_word' id='word_1_120' title='bbox 908 1695 966 1752; x_wconf 74' lang='grc' dir='ltr'>δέ</span> <span class='ocrx_word' id='word_1_121' title='bbox 1024 1697 1222 1753; x_wconf 89' lang='grc' dir='ltr'>τούτου</span> <span class='ocrx_word' id='word_1_122' title='bbox 1276 1700 1411 1775; x_wconf 78' lang='grc' dir='ltr'>γυνὴ</span> <span class='ocrx_word' id='word_1_123' title='bbox 1473 1699 1650 1770; x_wconf 87' lang='grc' dir='ltr'>στήλη</span> <span class='ocrx_word' id='word_1_124' title='bbox 1683 1698 1906 1775; x_wconf 80' lang='grc' dir='ltr'>γέγονεν</span> <span class='ocrx_word' id='word_1_125' title='bbox 1936 1699 2089 1770; x_wconf 84' lang='grc' dir='ltr'>ἁλὸς,</span> 
     </span>
    </p>
   </div>
   <div class='ocr_carea' id='block_1_19' title="bbox 439 1784 2091 1865">
    <p class='ocr_par' dir='ltr' id='par_1_19' title="bbox 439 1784 2091 1865">
     <span class='ocr_line' id='line_1_19' title="bbox 439 1784 2091 1865; baseline 0.001 -21"><span class='ocrx_word' id='word_1_126' title='bbox 439 1787 868 1860; x_wconf 79' lang='grc' dir='ltr'>ὶστηλιτευμένη</span> <span class='ocrx_word' id='word_1_127' title='bbox 914 1784 982 1841; x_wconf 85' lang='grc' dir='ltr'>δι’</span> <span class='ocrx_word' id='word_1_128' title='bbox 1041 1787 1258 1853; x_wconf 82' lang='grc' dir='ltr'>αἰῶνος,</span> <span class='ocrx_word' id='word_1_129' title='bbox 1321 1786 1525 1863; x_wconf 77' lang='grc' dir='ltr'>ἔχουσα</span> <span class='ocrx_word' id='word_1_130' title='bbox 1553 1796 1654 1857; x_wconf 77' lang='grc' dir='ltr'>τῆς</span> <span class='ocrx_word' id='word_1_131' title='bbox 1683 1796 1925 1865; x_wconf 85' lang='grc' dir='ltr'>πονηρᾶς</span> <span class='ocrx_word' id='word_1_132' title='bbox 1954 1811 2091 1865; x_wconf 81' lang='grc' dir='ltr'>προ-</span> 
     </span>
    </p>
   </div>
   <div class='ocr_carea' id='block_1_20' title="bbox 2211 624 3866 701">
    <p class='ocr_par' dir='ltr' id='par_1_20' title="bbox 2211 624 3866 701">
     <span class='ocr_line' id='line_1_20' title="bbox 2211 624 3866 701; baseline 0.007 -21"><span class='ocrx_word' id='word_1_133' title='bbox 2211 624 2487 680; x_wconf 85' lang='lat' dir='ltr'>misceas.</span> <span class='ocrx_word' id='word_1_134' title='bbox 2540 627 2890 700; x_wconf 80' lang='lat' dir='ltr'>Augurium,</span> <span class='ocrx_word' id='word_1_135' title='bbox 2943 628 3248 690; x_wconf 87' lang='lat' dir='ltr'>divinatio,</span> <span class='ocrx_word' id='word_1_136' title='bbox 3301 631 3720 701; x_wconf 90' lang='lat' dir='ltr'>ominationes,</span> <span class='ocrx_word' id='word_1_137' title='bbox 3763 642 3866 690; x_wconf 90' lang='lat' dir='ltr'>aut</span> 
     </span>
    </p>
   </div>
   <div class='ocr_carea' id='block_1_21' title="bbox 2212 715 3860 792">
    <p class='ocr_par' dir='ltr' id='par_1_21' title="bbox 2212 715 3860 792">
     <span class='ocr_line' id='line_1_21' title="bbox 2212 715 3860 792; baseline 0.007 -24"><span class='ocrx_word' id='word_1_138' title='bbox 2212 715 2605 779; x_wconf 78' lang='lat' dir='ltr'>amuleta,aut</span> <span class='ocrx_word' id='word_1_139' title='bbox 2625 717 2684 770; x_wconf 89' lang='lat' dir='ltr'>in</span> <span class='ocrx_word' id='word_1_140' title='bbox 2709 717 2947 772; x_wconf 84' lang='lat' dir='ltr'>laminis</span> <span class='ocrx_word' id='word_1_141' title='bbox 2972 718 3860 792; x_wconf 66' lang='lat' dir='ltr'>inscriptionesmagiaa.aliaeve</span> 
     </span>
    </p>
   </div>
   <div class='ocr_carea' id='block_1_22' title="bbox 2211 805 3860 876">
    <p class='ocr_par' dir='ltr' id='par_1_22' title="bbox 2211 805 3860 876">
     <span class='ocr_line' id='line_1_22' title="bbox 2211 805 3860 876; baseline 0.007 -19"><span class='ocrx_word' id='word_1_142' title='bbox 2211 805 2383 858; x_wconf 68' lang='lat' dir='ltr'>malai</span> <span class='ocrx_word' id='word_1_143' title='bbox 2414 811 2591 869; x_wconf 86' lang='lat' dir='ltr'>artes,</span> <span class='ocrx_word' id='word_1_144' title='bbox 2628 823 2877 876; x_wconf 69' lang='lat' dir='ltr'>qumque</span> <span class='ocrx_word' id='word_1_145' title='bbox 2912 806 3031 860; x_wconf 87' lang='lat' dir='ltr'>illis</span> <span class='ocrx_word' id='word_1_146' title='bbox 3061 807 3302 872; x_wconf 81' lang='lat' dir='ltr'>similia,</span> <span class='ocrx_word' id='word_1_147' title='bbox 3336 809 3531 864; x_wconf 81' lang='lat' dir='ltr'>cultus</span> <span class='ocrx_word' id='word_1_148' title='bbox 3563 819 3702 867; x_wconf 90' lang='lat' dir='ltr'>sunt</span> <span class='ocrx_word' id='word_1_149' title='bbox 3732 814 3860 870; x_wconf 89' lang='lat' dir='ltr'>dia-</span> 
     </span>
    </p>
   </div>
   <div class='ocr_carea' id='block_1_23' title="bbox 2209 891 3859 973">
    <p class='ocr_par' dir='ltr' id='par_1_23' title="bbox 2209 891 3859 973">
     <span class='ocr_line' id='line_1_23' title="bbox 2209 891 3859 973; baseline 0.007 -26"><span class='ocrx_word' id='word_1_150' title='bbox 2209 891 2349 947; x_wconf 90' lang='lat' dir='ltr'>boli.</span> <span class='ocrx_word' id='word_1_151' title='bbox 2382 895 2514 948; x_wconf 76' lang='lat' dir='ltr'>[lch</span> <span class='ocrx_word' id='word_1_152' title='bbox 2537 895 2713 963; x_wconf 86' lang='lat' dir='ltr'>igitur</span> <span class='ocrx_word' id='word_1_153' title='bbox 2735 894 2887 966; x_wconf 87' lang='lat' dir='ltr'>fuge.</span> <span class='ocrx_word' id='word_1_154' title='bbox 2914 895 2969 948; x_wconf 90' lang='lat' dir='ltr'>Si</span> <span class='ocrx_word' id='word_1_155' title='bbox 2994 896 3151 950; x_wconf 91' lang='lat' dir='ltr'>enim</span> <span class='ocrx_word' id='word_1_156' title='bbox 3177 896 3296 951; x_wconf 92' lang='lat' dir='ltr'>illis</span> <span class='ocrx_word' id='word_1_157' title='bbox 3319 898 3702 955; x_wconf 88' lang='lat' dir='ltr'>succubueris</span> <span class='ocrx_word' id='word_1_158' title='bbox 3728 909 3859 973; x_wconf 86' lang='lat' dir='ltr'>post</span> 
     </span>
    </p>
   </div>
   <div class='ocr_carea' id='block_1_24' title="bbox 2209 983 3857 1059">
    <p class='ocr_par' dir='ltr' id='par_1_24' title="bbox 2209 983 3857 1059">
     <span class='ocr_line' id='line_1_24' title="bbox 2209 983 3857 1059; baseline 0.007 -24"><span class='ocrx_word' id='word_1_159' title='bbox 2209 983 2712 1037; x_wconf 89' lang='lat' dir='ltr'>renuntiationem</span> <span class='ocrx_word' id='word_1_160' title='bbox 2789 984 3038 1041; x_wconf 77' lang='lat' dir='ltr'>Satanae.</span> <span class='ocrx_word' id='word_1_161' title='bbox 3101 989 3160 1038; x_wconf 87' lang='lat' dir='ltr'>et</span> <span class='ocrx_word' id='word_1_162' title='bbox 3240 989 3712 1059; x_wconf 85' lang='lat' dir='ltr'>aggregationem</span> <span class='ocrx_word' id='word_1_163' title='bbox 3772 994 3857 1047; x_wconf 89' lang='lat' dir='ltr'>tui</span> 
     </span>
    </p>
   </div>
   <div class='ocr_carea' id='block_1_25' title="bbox 2208 1071 3853 1148">
    <p class='ocr_par' dir='ltr' id='par_1_25' title="bbox 2208 1071 3853 1148">
     <span class='ocr_line' id='line_1_25' title="bbox 2208 1071 3853 1148; baseline 0.007 -24"><span class='ocrx_word' id='word_1_164' title='bbox 2208 1079 2281 1125; x_wconf 88' lang='lat' dir='ltr'>ad</span> <span class='ocrx_word' id='word_1_165' title='bbox 2312 1071 2625 1134; x_wconf 75' lang='lat' dir='ltr'>Christum,</span> <span class='ocrx_word' id='word_1_166' title='bbox 2687 1073 3083 1128; x_wconf 73' lang='lat' dir='ltr'>crudeliorem</span> <span class='ocrx_word' id='word_1_167' title='bbox 3143 1077 3445 1146; x_wconf 81' lang='lat' dir='ltr'>experiere</span> <span class='ocrx_word' id='word_1_168' title='bbox 3497 1084 3853 1148; x_wconf 76' lang='lat' dir='ltr'>tyrannum;</span> 
     </span>
    </p>
   </div>
   <div class='ocr_carea' id='block_1_26' title="bbox 2208 1160 3859 1236">
    <p class='ocr_par' dir='ltr' id='par_1_26' title="bbox 2208 1160 3859 1236">
     <span class='ocr_line' id='line_1_26' title="bbox 2208 1160 3859 1236; baseline 0.007 -22"><span class='ocrx_word' id='word_1_169' title='bbox 2208 1160 2307 1231; x_wconf 88' lang='lat' dir='ltr'>qui</span> <span class='ocrx_word' id='word_1_170' title='bbox 2343 1160 2484 1215; x_wconf 90' lang='lat' dir='ltr'>olim</span> <span class='ocrx_word' id='word_1_171' title='bbox 2513 1162 2782 1217; x_wconf 84' lang='lat' dir='ltr'>fortassis</span> <span class='ocrx_word' id='word_1_172' title='bbox 2815 1167 2869 1217; x_wconf 92' lang='lat' dir='ltr'>te</span> <span class='ocrx_word' id='word_1_173' title='bbox 2901 1163 2984 1217; x_wconf 85' lang='lat' dir='ltr'>uti</span> <span class='ocrx_word' id='word_1_174' title='bbox 3021 1164 3372 1219; x_wconf 75' lang='lat' dir='ltr'>familiarem</span> <span class='ocrx_word' id='word_1_175' title='bbox 3407 1168 3714 1236; x_wconf 75' lang='lat' dir='ltr'>tractabat,</span> <span class='ocrx_word' id='word_1_176' title='bbox 3750 1170 3859 1224; x_wconf 87' lang='lat' dir='ltr'>du-</span> 
     </span>
    </p>
   </div>
   <div class='ocr_carea' id='block_1_27' title="bbox 2206 1251 3856 1321">
    <p class='ocr_par' dir='ltr' id='par_1_27' title="bbox 2206 1251 3856 1321">
     <span class='ocr_line' id='line_1_27' title="bbox 2206 1251 3856 1321; baseline 0.007 -18"><span class='ocrx_word' id='word_1_177' title='bbox 2206 1265 2452 1320; x_wconf 88' lang='lat' dir='ltr'>ramque</span> <span class='ocrx_word' id='word_1_178' title='bbox 2489 1251 2590 1306; x_wconf 89' lang='lat' dir='ltr'>tibi</span> <span class='ocrx_word' id='word_1_179' title='bbox 2627 1251 2964 1306; x_wconf 84' lang='lat' dir='ltr'>servitutem</span> <span class='ocrx_word' id='word_1_180' title='bbox 2998 1254 3357 1321; x_wconf 85' lang='lat' dir='ltr'>remittebat,</span> <span class='ocrx_word' id='word_1_181' title='bbox 3383 1272 3541 1311; x_wconf 86' lang='lat' dir='ltr'>nunc</span> <span class='ocrx_word' id='word_1_182' title='bbox 3575 1275 3706 1312; x_wconf 79' lang='lat' dir='ltr'>vero</span> <span class='ocrx_word' id='word_1_183' title='bbox 3739 1276 3773 1314; x_wconf 90' lang='lat' dir='ltr'>a</span> <span class='ocrx_word' id='word_1_184' title='bbox 3804 1264 3856 1313; x_wconf 91' lang='lat' dir='ltr'>te</span> 
     </span>
    </p>
   </div>
   <div class='ocr_carea' id='block_1_28' title="bbox 2205 1339 3856 1414">
    <p class='ocr_par' dir='ltr' id='par_1_28' title="bbox 2205 1339 3856 1414">
     <span class='ocr_line' id='line_1_28' title="bbox 2205 1339 3856 1414; baseline 0.007 -22"><span class='ocrx_word' id='word_1_185' title='bbox 2205 1339 2590 1396; x_wconf 85' lang='lat' dir='ltr'>vehementer</span> <span class='ocrx_word' id='word_1_186' title='bbox 2611 1348 2700 1396; x_wconf 91' lang='lat' dir='ltr'>est</span> <span class='ocrx_word' id='word_1_187' title='bbox 2722 1342 3107 1397; x_wconf 83' lang='lat' dir='ltr'>exacerbatus</span> <span class='ocrx_word' id='word_1_188' title='bbox 3133 1361 3144 1397; x_wconf 91' lang='lat'><strong>:</strong></span> <span class='ocrx_word' id='word_1_189' title='bbox 3171 1351 3347 1414; x_wconf 82' lang='lat' dir='ltr'>atque</span> <span class='ocrx_word' id='word_1_190' title='bbox 3370 1345 3516 1401; x_wconf 88' lang='lat' dir='ltr'>adeo</span> <span class='ocrx_word' id='word_1_191' title='bbox 3546 1353 3601 1400; x_wconf 90' lang='lat' dir='ltr'>et</span> <span class='ocrx_word' id='word_1_192' title='bbox 3626 1348 3856 1404; x_wconf 90' lang='lat' dir='ltr'>Christo</span> 
     </span>
    </p>
   </div>
   <div class='ocr_carea' id='block_1_29' title="bbox 2204 1430 3855 1509">
    <p class='ocr_par' dir='ltr' id='par_1_29' title="bbox 2204 1430 3855 1509">
     <span class='ocr_line' id='line_1_29' title="bbox 2204 1430 3855 1509; baseline 0.007 -27"><span class='ocrx_word' id='word_1_193' title='bbox 2204 1430 2548 1501; x_wconf 81' lang='lat' dir='ltr'>privaberis.</span> <span class='ocrx_word' id='word_1_194' title='bbox 2574 1438 2632 1485; x_wconf 92' lang='lat' dir='ltr'>et</span> <span class='ocrx_word' id='word_1_195' title='bbox 2656 1431 2824 1486; x_wconf 91' lang='lat' dir='ltr'>illum</span> <span class='ocrx_word' id='word_1_196' title='bbox 2850 1433 3153 1502; x_wconf 83' lang='lat' dir='ltr'>experiere</span> <span class='ocrx_word' id='word_1_197' title='bbox 3183 1435 3855 1509; x_wconf 77' lang='lat' dir='ltr'>subjectusNunquam-</span> 
     </span>
    </p>
   </div>
   <div class='ocr_carea' id='block_1_30' title="bbox 2204 1519 3858 1598">
    <p class='ocr_par' dir='ltr' id='par_1_30' title="bbox 2204 1519 3858 1598">
     <span class='ocr_line' id='line_1_30' title="bbox 2204 1519 3858 1598; baseline 0.006 -24"><span class='ocrx_word' id='word_1_198' title='bbox 2204 1535 2280 1574; x_wconf 92' lang='lat' dir='ltr'>ne</span> <span class='ocrx_word' id='word_1_199' title='bbox 2311 1519 2582 1574; x_wconf 85' lang='lat' dir='ltr'>audivisti</span> <span class='ocrx_word' id='word_1_200' title='bbox 2619 1537 2748 1591; x_wconf 61' lang='lat' dir='ltr'>quae</span> <span class='ocrx_word' id='word_1_201' title='bbox 2776 1521 2946 1575; x_wconf 89' lang='lat' dir='ltr'>nobis</span> <span class='ocrx_word' id='word_1_202' title='bbox 2972 1529 3132 1577; x_wconf 88' lang='lat' dir='ltr'>vetus</span> <span class='ocrx_word' id='word_1_203' title='bbox 3157 1523 3406 1578; x_wconf 79' lang='lat' dir='ltr'>historia</span> <span class='ocrx_word' id='word_1_204' title='bbox 3429 1526 3500 1578; x_wconf 93' lang='lat' dir='ltr'>de</span> <span class='ocrx_word' id='word_1_205' title='bbox 3526 1528 3663 1581; x_wconf 89' lang='lat' dir='ltr'>Loto</span> <span class='ocrx_word' id='word_1_206' title='bbox 3696 1530 3858 1598; x_wconf 82' lang='lat' dir='ltr'>ejus-</span> 
     </span>
    </p>
   </div>
   <div class='ocr_carea' id='block_1_31' title="bbox 2204 1609 3852 1684">
    <p class='ocr_par' dir='ltr' id='par_1_31' title="bbox 2204 1609 3852 1684">
     <span class='ocr_line' id='line_1_31' title="bbox 2204 1609 3852 1684; baseline 0.007 -22"><span class='ocrx_word' id='word_1_207' title='bbox 2204 1625 2318 1679; x_wconf 88' lang='lat' dir='ltr'>que</span> <span class='ocrx_word' id='word_1_208' title='bbox 2351 1609 2586 1664; x_wconf 86' lang='lat' dir='ltr'>filiabus</span> <span class='ocrx_word' id='word_1_209' title='bbox 2609 1611 3016 1666; x_wconf 62' lang='lat' dir='ltr'>renuntiat“?</span> <span class='ocrx_word' id='word_1_210' title='bbox 3046 1614 3251 1666; x_wconf 75' lang='lat' dir='ltr'>Nonne</span> <span class='ocrx_word' id='word_1_211' title='bbox 3285 1614 3410 1683; x_wconf 88' lang='lat' dir='ltr'>ipse</span> <span class='ocrx_word' id='word_1_212' title='bbox 3444 1615 3682 1684; x_wconf 88' lang='lat' dir='ltr'>quidem</span> <span class='ocrx_word' id='word_1_213' title='bbox 3718 1635 3852 1673; x_wconf 90' lang='lat' dir='ltr'>cum</span> 
     </span>
    </p>
   </div>
   <div class='ocr_carea' id='block_1_32' title="bbox 2205 1698 3849 1761">
    <p class='ocr_par' dir='ltr' id='par_1_32' title="bbox 2205 1698 3849 1761">
     <span class='ocr_line' id='line_1_32' title="bbox 2205 1698 3849 1761; baseline 0.005 -9"><span class='ocrx_word' id='word_1_214' title='bbox 2205 1698 2440 1753; x_wconf 80' lang='lat' dir='ltr'>ﬁliabus</span> <span class='ocrx_word' id='word_1_215' title='bbox 2473 1699 2790 1754; x_wconf 85' lang='lat' dir='ltr'>incolumis</span> <span class='ocrx_word' id='word_1_216' title='bbox 2840 1709 3104 1755; x_wconf 86' lang='lat' dir='ltr'>servatus</span> <span class='ocrx_word' id='word_1_217' title='bbox 3157 1708 3264 1760; x_wconf 86' lang='lat' dir='ltr'>est.</span> <span class='ocrx_word' id='word_1_218' title='bbox 3313 1719 3446 1756; x_wconf 91' lang='lat' dir='ltr'>cum</span> <span class='ocrx_word' id='word_1_219' title='bbox 3480 1704 3552 1758; x_wconf 89' lang='lat' dir='ltr'>ad</span> <span class='ocrx_word' id='word_1_220' title='bbox 3586 1712 3849 1761; x_wconf 90' lang='lat' dir='ltr'>montem</span> 
     </span>
    </p>
   </div>
   <div class='ocr_carea' id='block_1_33' title="bbox 2202 1789 3850 1860">
    <p class='ocr_par' dir='ltr' id='par_1_33' title="bbox 2202 1789 3850 1860">
     <span class='ocr_line' id='line_1_33' title="bbox 2202 1789 3850 1860; baseline 0.005 -18"><span class='ocrx_word' id='word_1_221' title='bbox 2202 1789 2564 1860; x_wconf 85' lang='lat' dir='ltr'>appulisset:</span> <span class='ocrx_word' id='word_1_222' title='bbox 2591 1791 2717 1858; x_wconf 81' lang='lat' dir='ltr'>ejus</span> <span class='ocrx_word' id='word_1_223' title='bbox 2739 1796 2937 1844; x_wconf 87' lang='lat' dir='ltr'>autem</span> <span class='ocrx_word' id='word_1_224' title='bbox 2964 1807 3110 1844; x_wconf 86' lang='lat' dir='ltr'>uxor</span> <span class='ocrx_word' id='word_1_225' title='bbox 3135 1796 3325 1845; x_wconf 89' lang='lat' dir='ltr'>statua</span> <span class='ocrx_word' id='word_1_226' title='bbox 3358 1793 3499 1846; x_wconf 81' lang='lat' dir='ltr'>salis</span> <span class='ocrx_word' id='word_1_227' title='bbox 3531 1795 3737 1849; x_wconf 67' lang='lat' dir='ltr'>effecta</span> <span class='ocrx_word' id='word_1_228' title='bbox 3761 1802 3850 1851; x_wconf 88' lang='lat' dir='ltr'>est</span> 
     </span>
    </p>
   </div>
   <div class='ocr_carea' id='block_1_34' title="bbox 440 1877 2074 1964">
    <p class='ocr_par' dir='ltr' id='par_1_34' title="bbox 440 1877 2074 1955">
     <span class='ocr_line' id='line_1_34' title="bbox 440 1877 2074 1955; baseline 0.001 -21"><span class='ocrx_word' id='word_1_229' title='bbox 440 1877 696 1954; x_wconf 82' lang='grc' dir='ltr'>αιρέσεως</span> <span class='ocrx_word' id='word_1_230' title='bbox 747 1877 836 1932; x_wconf 83' lang='grc' dir='ltr'>καὶ</span> <span class='ocrx_word' id='word_1_231' title='bbox 884 1877 1234 1955; x_wconf 74' lang='grc' dir='ltr'>ὑποστροφῆς</span> <span class='ocrx_word' id='word_1_232' title='bbox 1263 1877 1361 1946; x_wconf 75' lang='grc' dir='ltr'>τὴν</span> <span class='ocrx_word' id='word_1_233' title='bbox 1400 1895 1663 1951; x_wconf 58' lang='lat' dir='ltr'>psmn-qv;</span> <span class='ocrx_word' id='word_1_234' title='bbox 1699 1879 1942 1955; x_wconf 83' lang='grc' dir='ltr'>Πρόσεχε</span> <span class='ocrx_word' id='word_1_235' title='bbox 1970 1880 2074 1936; x_wconf 88' lang='grc' dir='ltr'>τοί-</span> 
     </span>
    </p>
   </div>
   <div class='ocr_carea' id='block_1_35' title="bbox 2189 1877 3848 1964">
    <p class='ocr_par' dir='ltr' id='par_1_35' title="bbox 2201 1877 3848 1954">
     <span class='ocr_line' id='line_1_35' title="bbox 2201 1877 3848 1954; baseline 0.005 -22"><span class='ocrx_word' id='word_1_236' title='bbox 2201 1877 2263 1932; x_wconf 88' lang='lat' dir='ltr'>in</span> <span class='ocrx_word' id='word_1_237' title='bbox 2294 1885 2585 1932; x_wconf 65' lang='lat' dir='ltr'>aeternum</span> <span class='ocrx_word' id='word_1_238' title='bbox 2620 1885 3073 1934; x_wconf 87' lang='lat' dir='ltr'>monumentum</span> <span class='ocrx_word' id='word_1_239' title='bbox 3109 1881 3319 1950; x_wconf 86' lang='lat' dir='ltr'>posita,</span> <span class='ocrx_word' id='word_1_240' title='bbox 3352 1899 3481 1951; x_wconf 66' lang='lat' dir='ltr'>qua:</span> <span class='ocrx_word' id='word_1_241' title='bbox 3514 1883 3672 1954; x_wconf 88' lang='lat' dir='ltr'>pravi</span> <span class='ocrx_word' id='word_1_242' title='bbox 3707 1886 3848 1940; x_wconf 74' lang='lat' dir='ltr'>alle-</span> 
     </span>
    </p>
   </div>
   <div class='ocr_carea' id='block_1_36' title="bbox 439 1967 2086 2045">
    <p class='ocr_par' dir='ltr' id='par_1_36' title="bbox 439 1967 2086 2045">
     <span class='ocr_line' id='line_1_36' title="bbox 439 1967 2086 2045; baseline 0.001 -22"><span class='ocrx_word' id='word_1_243' title='bbox 439 1989 529 2023; x_wconf 87' lang='grc' dir='ltr'>νυν</span> <span class='ocrx_word' id='word_1_244' title='bbox 563 1971 788 2038; x_wconf 78' lang='grc' dir='ltr'>σεαυτῷ,</span> <span class='ocrx_word' id='word_1_245' title='bbox 820 1968 912 2022; x_wconf 80' lang='grc' dir='ltr'>καὶ</span> <span class='ocrx_word' id='word_1_246' title='bbox 948 1968 1023 2038; x_wconf 82' lang='grc' dir='ltr'>μή</span> <span class='ocrx_word' id='word_1_247' title='bbox 1057 1967 1288 2044; x_wconf 63' lang='grc' dir='ltr'>στρέφου</span> <span class='ocrx_word' id='word_1_248' title='bbox 1336 1967 1501 2022; x_wconf 73' lang='grc' dir='ltr'>πάλιν</span> <span class='ocrx_word' id='word_1_249' title='bbox 1546 1967 1622 2030; x_wconf 84' lang='grc' dir='ltr'>εἰς</span> <span class='ocrx_word' id='word_1_250' title='bbox 1651 1969 1718 2022; x_wconf 73' lang='grc' dir='ltr'>τὰ</span> <span class='ocrx_word' id='word_1_251' title='bbox 1758 1969 1953 2039; x_wconf 82' lang='grc' dir='ltr'>ὀπίσω,</span> <span class='ocrx_word' id='word_1_252' title='bbox 1991 1969 2086 2045; x_wconf 83' lang='grc' dir='ltr'>βα-</span> 
     </span>
    </p>
   </div>
   <div class='ocr_carea' id='block_1_37' title="bbox 441 2054 2086 2136">
    <p class='ocr_par' dir='ltr' id='par_1_37' title="bbox 441 2054 2086 2136">
     <span class='ocr_line' id='line_1_37' title="bbox 441 2054 2086 2136; baseline -0.001 -22"><span class='ocrx_word' id='word_1_253' title='bbox 441 2056 552 2114; x_wconf 88' lang='grc' dir='ltr'>λὼν</span> <span class='ocrx_word' id='word_1_254' title='bbox 597 2057 697 2125; x_wconf 76' lang='grc' dir='ltr'>τὴν</span> <span class='ocrx_word' id='word_1_255' title='bbox 745 2062 908 2132; x_wconf 80' lang='grc' dir='ltr'>χεῖρα</span> <span class='ocrx_word' id='word_1_256' title='bbox 957 2056 1040 2111; x_wconf 86' lang='grc' dir='ltr'>ἐπ’</span> <span class='ocrx_word' id='word_1_257' title='bbox 1087 2054 1335 2132; x_wconf 76' lang='grc' dir='ltr'>ἄροτρον,</span> <span class='ocrx_word' id='word_1_258' title='bbox 1390 2056 1478 2112; x_wconf 81' lang='grc' dir='ltr'>καὶ</span> <span class='ocrx_word' id='word_1_259' title='bbox 1531 2057 1772 2136; x_wconf 77' lang='grc' dir='ltr'>στρέφων</span> <span class='ocrx_word' id='word_1_260' title='bbox 1805 2059 1973 2114; x_wconf 78' lang='grc' dir='ltr'>πάλιν</span> <span class='ocrx_word' id='word_1_261' title='bbox 2009 2059 2086 2122; x_wconf 79' lang='grc' dir='ltr'>εἷς</span> 
     </span>
    </p>
   </div>
   <div class='ocr_carea' id='block_1_38' title="bbox 433 2144 2088 2225">
    <p class='ocr_par' dir='ltr' id='par_1_38' title="bbox 433 2144 2088 2225">
     <span class='ocr_line' id='line_1_38' title="bbox 433 2144 2088 2225; baseline 0.002 -24"><span class='ocrx_word' id='word_1_262' title='bbox 433 2147 537 2216; x_wconf 80' lang='grc' dir='ltr'>τὴν</span> <span class='ocrx_word' id='word_1_263' title='bbox 568 2144 816 2220; x_wconf 75' lang='grc' dir='ltr'>ἁλμυρὰν</span> <span class='ocrx_word' id='word_1_264' title='bbox 843 2150 940 2201; x_wconf 86' lang='grc' dir='ltr'>τοῦ</span> <span class='ocrx_word' id='word_1_265' title='bbox 980 2145 1101 2221; x_wconf 88' lang='grc' dir='ltr'>βίου</span> <span class='ocrx_word' id='word_1_266' title='bbox 1149 2146 1344 2201; x_wconf 80' lang='grc' dir='ltr'>τούτου</span> <span class='ocrx_word' id='word_1_267' title='bbox 1399 2147 1612 2222; x_wconf 72' lang='grc' dir='ltr'>πρᾶξινο</span> <span class='ocrx_word' id='word_1_268' title='bbox 1646 2145 1793 2203; x_wconf 71' lang='grc' dir='ltr'>ἄλλα</span> <span class='ocrx_word' id='word_1_269' title='bbox 1822 2152 1982 2225; x_wconf 76' lang='grc' dir='ltr'>φεῦγε</span> <span class='ocrx_word' id='word_1_270' title='bbox 2012 2148 2088 2212; x_wconf 86' lang='grc' dir='ltr'>είς</span> 
     </span>
    </p>
   </div>
   <div class='ocr_carea' id='block_1_39' title="bbox 432 2234 2082 2312">
    <p class='ocr_par' dir='ltr' id='par_1_39' title="bbox 432 2234 2082 2312">
     <span class='ocr_line' id='line_1_39' title="bbox 432 2234 2082 2312; baseline 0.001 -21"><span class='ocrx_word' id='word_1_271' title='bbox 432 2236 496 2291; x_wconf 85' lang='grc' dir='ltr'>τὸ</span> <span class='ocrx_word' id='word_1_272' title='bbox 545 2234 674 2310; x_wconf 80' lang='grc' dir='ltr'>ὅρος</span> <span class='ocrx_word' id='word_1_273' title='bbox 722 2235 859 2312; x_wconf 88' lang='grc' dir='ltr'>πρὸς</span> <span class='ocrx_word' id='word_1_274' title='bbox 911 2237 1118 2306; x_wconf 79' lang='grc' dir='ltr'>Ἰησοῦν</span> <span class='ocrx_word' id='word_1_275' title='bbox 1177 2237 1440 2311; x_wconf 80' lang='grc' dir='ltr'>Χριστὸν,</span> <span class='ocrx_word' id='word_1_276' title='bbox 1488 2237 1583 2291; x_wconf 89' lang='grc' dir='ltr'>τὸν</span> <span class='ocrx_word' id='word_1_277' title='bbox 1629 2239 1904 2308; x_wconf 82' lang='grc' dir='ltr'>τμηθέντα</span> <span class='ocrx_word' id='word_1_278' title='bbox 1935 2237 2082 2294; x_wconf 81' lang='grc' dir='ltr'>λίθον</span> 
     </span>
    </p>
   </div>
   <div class='ocr_carea' id='block_1_40' title="bbox 433 2321 1848 2402">
    <p class='ocr_par' dir='ltr' id='par_1_40' title="bbox 433 2321 1848 2402">
     <span class='ocr_line' id='line_1_40' title="bbox 433 2321 1848 2402; baseline 0.003 -23"><span class='ocrx_word' id='word_1_279' title='bbox 433 2321 558 2379; x_wconf 76' lang='grc' dir='ltr'>ἄνευ</span> <span class='ocrx_word' id='word_1_280' title='bbox 589 2329 818 2399; x_wconf 82' lang='grc' dir='ltr'>χειρῶν,</span> <span class='ocrx_word' id='word_1_281' title='bbox 849 2325 940 2380; x_wconf 87' lang='grc' dir='ltr'>καὶ</span> <span class='ocrx_word' id='word_1_282' title='bbox 966 2327 1067 2395; x_wconf 81' lang='grc' dir='ltr'>τήν</span> <span class='ocrx_word' id='word_1_283' title='bbox 1099 2325 1426 2399; x_wconf 72' lang='grc' dir='ltr'>οἰκουμένην</span> <span class='ocrx_word' id='word_1_284' title='bbox 1460 2326 1848 2402; x_wconf 83' lang='grc' dir='ltr'>πληρώσαντα.</span> 
     </span>
    </p>
   </div>
   <div class='ocr_carea' id='block_1_41' title="bbox 505 2591 2080 2669">
    <p class='ocr_par' dir='ltr' id='par_1_41' title="bbox 505 2591 2080 2669">
     <span class='ocr_line' id='line_1_41' title="bbox 505 2591 2080 2669; baseline 0.003 -21"><span class='ocrx_word' id='word_1_285' title='bbox 505 2593 579 2650; x_wconf 86' lang='grc' dir='ltr'>Θ’.</span> <span class='ocrx_word' id='word_1_286' title='bbox 609 2594 738 2651; x_wconf 88' lang='grc' dir='ltr'>Ὀτε</span> <span class='ocrx_word' id='word_1_287' title='bbox 785 2593 876 2648; x_wconf 86' lang='grc' dir='ltr'>οῦν</span> <span class='ocrx_word' id='word_1_288' title='bbox 935 2591 1014 2666; x_wconf 83' lang='grc' dir='ltr'>τῷ</span> <span class='ocrx_word' id='word_1_289' title='bbox 1073 2599 1284 2666; x_wconf 84' lang='grc' dir='ltr'>Σατανᾷ</span> <span class='ocrx_word' id='word_1_290' title='bbox 1337 2593 1613 2669; x_wconf 79' lang='grc' dir='ltr'>ἀποτάττῃ</span> <span class='ocrx_word' id='word_1_291' title='bbox 1647 2596 1746 2668; x_wconf 73' lang='grc'>(4),</span> <span class='ocrx_word' id='word_1_292' title='bbox 1777 2599 1949 2650; x_wconf 81' lang='grc' dir='ltr'>πᾶσαν</span> <span class='ocrx_word' id='word_1_293' title='bbox 1980 2598 2080 2665; x_wconf 85' lang='grc' dir='ltr'>τήν</span> 
     </span>
    </p>
   </div>
   <div class='ocr_carea' id='block_1_42' title="bbox 433 2681 2080 2758">
    <p class='ocr_par' dir='ltr' id='par_1_42' title="bbox 433 2681 2080 2758">
     <span class='ocr_line' id='line_1_42' title="bbox 433 2681 2080 2758; baseline 0.002 -21"><span class='ocrx_word' id='word_1_294' title='bbox 433 2682 572 2758; x_wconf 85' lang='grc' dir='ltr'>πρὸς</span> <span class='ocrx_word' id='word_1_295' title='bbox 632 2681 790 2736; x_wconf 81' lang='grc' dir='ltr'>αὐτὸν</span> <span class='ocrx_word' id='word_1_296' title='bbox 844 2681 1053 2745; x_wconf 76' lang='grc' dir='ltr'>πάντως</span> <span class='ocrx_word' id='word_1_297' title='bbox 1113 2681 1380 2754; x_wconf 80' lang='grc' dir='ltr'>διαθήκην</span> <span class='ocrx_word' id='word_1_298' title='bbox 1441 2681 1639 2755; x_wconf 83' lang='grc' dir='ltr'>λύσας,</span> <span class='ocrx_word' id='word_1_299' title='bbox 1697 2684 1793 2747; x_wconf 74' lang='grc' dir='ltr'>τὰς</span> <span class='ocrx_word' id='word_1_300' title='bbox 1843 2686 2080 2750; x_wconf 79' lang='grc' dir='ltr'>παλαιὰς</span> 
     </span>
    </p>
   </div>
   <div class='ocr_carea' id='block_1_43' title="bbox 432 2769 2081 2848">
    <p class='ocr_par' dir='ltr' id='par_1_43' title="bbox 432 2769 2081 2848">
     <span class='ocr_line' id='line_1_43' title="bbox 432 2769 2081 2848; baseline 0.002 -22"><span class='ocrx_word' id='word_1_301' title='bbox 432 2771 570 2845; x_wconf 84' lang='grc' dir='ltr'>πρὸς</span> <span class='ocrx_word' id='word_1_302' title='bbox 597 2771 688 2826; x_wconf 81' lang='grc' dir='ltr'>τὸν</span> <span class='ocrx_word' id='word_1_303' title='bbox 726 2769 857 2843; x_wconf 81' lang='grc' dir='ltr'>ᾃδην</span> <span class='ocrx_word' id='word_1_304' title='bbox 919 2773 1203 2842; x_wconf 76' lang='grc' dir='ltr'>συνθήκας·</span> <span class='ocrx_word' id='word_1_305' title='bbox 1267 2771 1540 2847; x_wconf 80' lang='grc' dir='ltr'>ἁνοίγεταί</span> <span class='ocrx_word' id='word_1_306' title='bbox 1584 2795 1668 2828; x_wconf 93' lang='grc' dir='ltr'>σοι</span> <span class='ocrx_word' id='word_1_307' title='bbox 1701 2773 1728 2828; x_wconf 88' lang='grc' dir='ltr'>ὁ</span> <span class='ocrx_word' id='word_1_308' title='bbox 1759 2771 2081 2848; x_wconf 75' lang='grc' dir='ltr'>παράδεισος</span> 
     </span>
    </p>
   </div>
   <div class='ocr_carea' id='block_1_44' title="bbox 429 2860 2077 2940">
    <p class='ocr_par' dir='ltr' id='par_1_44' title="bbox 429 2860 2077 2940">
     <span class='ocr_line' id='line_1_44' title="bbox 429 2860 2077 2940; baseline 0.002 -23"><span class='ocrx_word' id='word_1_309' title='bbox 429 2865 526 2917; x_wconf 87' lang='grc' dir='ltr'>τοῦ</span> <span class='ocrx_word' id='word_1_310' title='bbox 560 2865 714 2928; x_wconf 88' lang='grc' dir='ltr'>Θεοῦ,</span> <span class='ocrx_word' id='word_1_311' title='bbox 775 2860 832 2917; x_wconf 77' lang='grc' dir='ltr'>ὅν</span> <span class='ocrx_word' id='word_1_312' title='bbox 895 2861 1147 2940; x_wconf 74' lang='grc' dir='ltr'>ἐφύτευσε</span> <span class='ocrx_word' id='word_1_313' title='bbox 1197 2862 1335 2918; x_wconf 82' lang='grc' dir='ltr'>κατᾶ</span> <span class='ocrx_word' id='word_1_314' title='bbox 1387 2863 1675 2931; x_wconf 81' lang='grc' dir='ltr'>ἀνατολὰς,</span> <span class='ocrx_word' id='word_1_315' title='bbox 1708 2863 1828 2927; x_wconf 84' lang='grc' dir='ltr'>ὅθεν</span> <span class='ocrx_word' id='word_1_316' title='bbox 1863 2863 1950 2919; x_wconf 81' lang='grc' dir='ltr'>διὰ</span> <span class='ocrx_word' id='word_1_317' title='bbox 1977 2868 2077 2936; x_wconf 78' lang='grc' dir='ltr'>τήν</span> 
     </span>
    </p>
   </div>
   <div class='ocr_carea' id='block_1_45' title="bbox 426 2944 2079 3031">
    <p class='ocr_par' dir='ltr' id='par_1_45' title="bbox 426 2944 2079 3031">
     <span class='ocr_line' id='line_1_45' title="bbox 426 2944 2079 3031; baseline 0.003 -26"><span class='ocrx_word' id='word_1_318' title='bbox 426 2944 729 3024; x_wconf 76' lang='grc' dir='ltr'>παράϐασιν</span> <span class='ocrx_word' id='word_1_319' title='bbox 762 2951 1036 3027; x_wconf 81' lang='grc' dir='ltr'>ἐξόριστος</span> <span class='ocrx_word' id='word_1_320' title='bbox 1091 2952 1306 3028; x_wconf 87' lang='grc' dir='ltr'>γέγογεν</span> <span class='ocrx_word' id='word_1_321' title='bbox 1367 2953 1395 3007; x_wconf 89' lang='grc' dir='ltr'>ὁ</span> <span class='ocrx_word' id='word_1_322' title='bbox 1453 2953 1720 3028; x_wconf 76' lang='grc' dir='ltr'>ἡμέτερος</span> <span class='ocrx_word' id='word_1_323' title='bbox 1756 2954 2079 3031; x_wconf 86' lang='grc' dir='ltr'>προπάτωρ.</span> 
     </span>
    </p>
   </div>
   <div class='ocr_carea' id='block_1_46' title="bbox 424 3036 2076 3120">
    <p class='ocr_par' dir='ltr' id='par_1_46' title="bbox 424 3036 2076 3120">
     <span class='ocr_line' id='line_1_46' title="bbox 424 3036 2076 3120; baseline 0.001 -24"><span class='ocrx_word' id='word_1_324' title='bbox 424 3038 530 3096; x_wconf 80' lang='grc' dir='ltr'>Καὶ</span> <span class='ocrx_word' id='word_1_325' title='bbox 562 3039 759 3095; x_wconf 80' lang='grc' dir='ltr'>τούτου</span> <span class='ocrx_word' id='word_1_326' title='bbox 792 3036 1095 3115; x_wconf 78' lang='grc' dir='ltr'>σύμϐυλον,</span> <span class='ocrx_word' id='word_1_327' title='bbox 1154 3043 1216 3096; x_wconf 88' lang='grc' dir='ltr'>τὸ</span> <span class='ocrx_word' id='word_1_328' title='bbox 1265 3042 1564 3120; x_wconf 80' lang='grc' dir='ltr'>στραφῆναί</span> <span class='ocrx_word' id='word_1_329' title='bbox 1615 3063 1672 3097; x_wconf 86' lang='grc' dir='ltr'>σε</span> <span class='ocrx_word' id='word_1_330' title='bbox 1720 3043 1825 3098; x_wconf 78' lang='grc' dir='ltr'>ἀπὸ</span> <span class='ocrx_word' id='word_1_331' title='bbox 1857 3041 2076 3116; x_wconf 81' lang='grc' dir='ltr'>δυσμῶν</span> 
     </span>
    </p>
   </div>
   <div class='ocr_carea' id='block_1_47' title="bbox 425 3126 2078 3208">
    <p class='ocr_par' dir='ltr' id='par_1_47' title="bbox 425 3126 2078 3208">
     <span class='ocr_line' id='line_1_47' title="bbox 425 3126 2078 3208; baseline 0.001 -25"><span class='ocrx_word' id='word_1_332' title='bbox 425 3127 562 3203; x_wconf 87' lang='grc' dir='ltr'>πρὸς</span> <span class='ocrx_word' id='word_1_333' title='bbox 591 3126 892 3199; x_wconf 78' lang='grc' dir='ltr'>ἀνατολὴν,</span> <span class='ocrx_word' id='word_1_334' title='bbox 940 3133 1038 3184; x_wconf 86' lang='grc' dir='ltr'>τοῦ</span> <span class='ocrx_word' id='word_1_335' title='bbox 1090 3130 1270 3208; x_wconf 73' lang='grc' dir='ltr'>φωτὸς</span> <span class='ocrx_word' id='word_1_336' title='bbox 1299 3131 1362 3186; x_wconf 87' lang='grc' dir='ltr'>τὸ</span> <span class='ocrx_word' id='word_1_337' title='bbox 1397 3131 1629 3205; x_wconf 83' lang='grc' dir='ltr'>χωρίον.</span> <span class='ocrx_word' id='word_1_338' title='bbox 1678 3130 1813 3186; x_wconf 84' lang='grc' dir='ltr'>Τότε</span> <span class='ocrx_word' id='word_1_339' title='bbox 1842 3152 1924 3186; x_wconf 88' lang='grc' dir='ltr'>σοι</span> <span class='ocrx_word' id='word_1_340' title='bbox 1959 3130 2078 3187; x_wconf 80' lang='grc' dir='ltr'>ἐλέ-</span> 
     </span>
    </p>
   </div>
   <div class='ocr_carea' id='block_1_48' title="bbox 423 3219 2078 3295">
    <p class='ocr_par' dir='ltr' id='par_1_48' title="bbox 423 3219 2078 3295">
     <span class='ocr_line' id='line_1_48' title="bbox 423 3219 2078 3295; baseline 0.001 -20"><span class='ocrx_word' id='word_1_341' title='bbox 423 3239 546 3295; x_wconf 87' lang='grc' dir='ltr'>γετο</span> <span class='ocrx_word' id='word_1_342' title='bbox 595 3219 784 3275; x_wconf 73' lang='grc' dir='ltr'>εἰπεῖν·</span> <span class='ocrx_word' id='word_1_343' title='bbox 848 3220 1093 3277; x_wconf 86' lang='grc' dir='ltr'>Πιστεύω</span> <span class='ocrx_word' id='word_1_344' title='bbox 1151 3221 1228 3283; x_wconf 83' lang='grc' dir='ltr'>εἷς</span> <span class='ocrx_word' id='word_1_345' title='bbox 1283 3221 1374 3276; x_wconf 88' lang='grc' dir='ltr'>τὸν</span> <span class='ocrx_word' id='word_1_346' title='bbox 1432 3219 1668 3295; x_wconf 84' lang='grc' dir='ltr'>Πατέρα,</span> <span class='ocrx_word' id='word_1_347' title='bbox 1725 3222 1816 3277; x_wconf 79' lang='grc' dir='ltr'>καὶ</span> <span class='ocrx_word' id='word_1_348' title='bbox 1866 3221 1943 3287; x_wconf 82' lang='grc' dir='ltr'>εἷς</span> <span class='ocrx_word' id='word_1_349' title='bbox 1987 3223 2078 3278; x_wconf 88' lang='grc' dir='ltr'>τὸν</span> 
     </span>
    </p>
   </div>
   <div class='ocr_carea' id='block_1_49' title="bbox 434 3309 2075 3388">
    <p class='ocr_par' dir='ltr' id='par_1_49' title="bbox 434 3309 2075 3388">
     <span class='ocr_line' id='line_1_49' title="bbox 434 3309 2075 3388; baseline 0.001 -24"><span class='ocrx_word' id='word_1_350' title='bbox 434 3310 573 3382; x_wconf 72' lang='grc' dir='ltr'>ΐίὸς,</span> <span class='ocrx_word' id='word_1_351' title='bbox 631 3310 719 3364; x_wconf 82' lang='grc' dir='ltr'>καὶ</span> <span class='ocrx_word' id='word_1_352' title='bbox 781 3309 858 3374; x_wconf 78' lang='grc' dir='ltr'>εἷς</span> <span class='ocrx_word' id='word_1_353' title='bbox 911 3311 974 3366; x_wconf 83' lang='grc' dir='ltr'>τὸ</span> <span class='ocrx_word' id='word_1_354' title='bbox 1032 3311 1190 3385; x_wconf 86' lang='grc' dir='ltr'>άγιον</span> <span class='ocrx_word' id='word_1_355' title='bbox 1243 3315 1481 3385; x_wconf 79' lang='grc' dir='ltr'>Πνεῦμα,</span> <span class='ocrx_word' id='word_1_356' title='bbox 1531 3310 1621 3366; x_wconf 79' lang='grc' dir='ltr'>καί</span> <span class='ocrx_word' id='word_1_357' title='bbox 1671 3311 1747 3376; x_wconf 85' lang='grc' dir='ltr'>εἰς</span> <span class='ocrx_word' id='word_1_358' title='bbox 1793 3311 1846 3367; x_wconf 83' lang='grc' dir='ltr'>ἓν</span> <span class='ocrx_word' id='word_1_359' title='bbox 1883 3313 2075 3388; x_wconf 84' lang='grc' dir='ltr'>βάπτι-</span> 
     </span>
    </p>
   </div>
   <div class='ocr_carea' id='block_1_50' title="bbox 428 3397 2076 3476">
    <p class='ocr_par' dir='ltr' id='par_1_50' title="bbox 428 3397 2076 3476">
     <span class='ocr_line' id='line_1_50' title="bbox 428 3397 2076 3476; baseline 0.002 -23"><span class='ocrx_word' id='word_1_360' title='bbox 428 3419 539 3472; x_wconf 83' lang='grc' dir='ltr'>σμα</span> <span class='ocrx_word' id='word_1_361' title='bbox 601 3397 904 3472; x_wconf 84' lang='grc' dir='ltr'>μετανοίας.</span> <span class='ocrx_word' id='word_1_362' title='bbox 963 3399 1094 3474; x_wconf 84' lang='grc' dir='ltr'>Περὶ</span> <span class='ocrx_word' id='word_1_363' title='bbox 1154 3401 1229 3455; x_wconf 80' lang='grc' dir='ltr'>ὧν</span> <span class='ocrx_word' id='word_1_364' title='bbox 1295 3399 1346 3454; x_wconf 80' lang='grc' dir='ltr'>ἐν</span> <span class='ocrx_word' id='word_1_365' title='bbox 1423 3405 1543 3463; x_wconf 87' lang='grc' dir='ltr'>ταῖς</span> <span class='ocrx_word' id='word_1_366' title='bbox 1599 3400 1888 3476; x_wconf 71' lang='grc' dir='ltr'>προτέραις</span> <span class='ocrx_word' id='word_1_367' title='bbox 1946 3422 2076 3456; x_wconf 86' lang='grc' dir='ltr'>κατ-</span> 
     </span>
    </p>
   </div>
   <div class='ocr_carea' id='block_1_51' title="bbox 427 3486 2073 3564">
    <p class='ocr_par' dir='ltr' id='par_1_51' title="bbox 427 3486 2073 3564">
     <span class='ocr_line' id='line_1_51' title="bbox 427 3486 2073 3564; baseline 0.002 -22"><span class='ocrx_word' id='word_1_368' title='bbox 427 3490 718 3563; x_wconf 81' lang='grc' dir='ltr'>ηχήσεσιν,</span> <span class='ocrx_word' id='word_1_369' title='bbox 752 3488 826 3550; x_wconf 87' lang='grc' dir='ltr'>ὡς</span> <span class='ocrx_word' id='word_1_370' title='bbox 883 3490 919 3558; x_wconf 79' lang='grc' dir='ltr'>ἡ</span> <span class='ocrx_word' id='word_1_371' title='bbox 976 3492 1073 3543; x_wconf 89' lang='grc' dir='ltr'>τοῦ</span> <span class='ocrx_word' id='word_1_372' title='bbox 1131 3493 1265 3543; x_wconf 86' lang='grc' dir='ltr'>Θεοῦ</span> <span class='ocrx_word' id='word_1_373' title='bbox 1321 3490 1486 3564; x_wconf 83' lang='grc' dir='ltr'>χάρις</span> <span class='ocrx_word' id='word_1_374' title='bbox 1533 3486 1754 3560; x_wconf 80' lang='grc' dir='ltr'>ἔδωκεν,</span> <span class='ocrx_word' id='word_1_375' title='bbox 1786 3489 1837 3544; x_wconf 79' lang='grc' dir='ltr'>ἐν</span> <span class='ocrx_word' id='word_1_376' title='bbox 1878 3487 2073 3545; x_wconf 72' lang='grc' dir='ltr'>πλάτει</span> 
     </span>
    </p>
   </div>
   <div class='ocr_carea' id='block_1_52' title="bbox 429 3575 780 3650">
    <p class='ocr_par' dir='ltr' id='par_1_52' title="bbox 429 3575 780 3650">
     <span class='ocr_line' id='line_1_52' title="bbox 429 3575 780 3650; baseline 0.009 -20"><span class='ocrx_word' id='word_1_377' title='bbox 429 3595 511 3630; x_wconf 90' lang='grc' dir='ltr'>σοι</span> <span class='ocrx_word' id='word_1_378' title='bbox 545 3575 780 3650; x_wconf 79' lang='grc' dir='ltr'>ε’ἶρήται.</span> 
     </span>
    </p>
   </div>
   <div class='ocr_carea' id='block_1_53' title="bbox 498 3664 2066 3745">
    <p class='ocr_par' dir='ltr' id='par_1_53' title="bbox 498 3664 2066 3745">
     <span class='ocr_line' id='line_1_53' title="bbox 498 3664 2066 3745; baseline 0 -23"><span class='ocrx_word' id='word_1_379' title='bbox 498 3665 555 3723; x_wconf 85' lang='grc' dir='ltr'>Ι’.</span> <span class='ocrx_word' id='word_1_380' title='bbox 603 3664 830 3729; x_wconf 89' lang='grc' dir='ltr'>Τούτοις</span> <span class='ocrx_word' id='word_1_381' title='bbox 880 3666 970 3721; x_wconf 83' lang='grc' dir='ltr'>οὗν</span> <span class='ocrx_word' id='word_1_382' title='bbox 1023 3665 1456 3745; x_wconf 79' lang='grc' dir='ltr'>ἀσφαλιζόμενος</span> <span class='ocrx_word' id='word_1_383' title='bbox 1504 3672 1619 3729; x_wconf 83' lang='grc' dir='ltr'>τοῖς</span> <span class='ocrx_word' id='word_1_384' title='bbox 1669 3665 1854 3744; x_wconf 83' lang='grc' dir='ltr'>λόγοις</span> <span class='ocrx_word' id='word_1_385' title='bbox 1909 3675 2066 3745; x_wconf 80' lang='grc' dir='ltr'>νῆφε.</span> 
     </span>
    </p>
   </div>
   <div class='ocr_carea' id='block_1_54' title="bbox 415 3751 2070 3833">
    <p class='ocr_par' dir='ltr' id='par_1_54' title="bbox 415 3751 2070 3833">
     <span class='ocr_line' id='line_1_54' title="bbox 415 3751 2070 3833; baseline 0 -21"><span class='ocrx_word' id='word_1_386' title='bbox 415 3754 486 3812; x_wconf 85' lang='grc' dir='ltr'><strong>Ὀ</strong></span> <span class='ocrx_word' id='word_1_387' title='bbox 547 3755 650 3830; x_wconf 74' lang='grc' dir='ltr'>γὰρ</span> <span class='ocrx_word' id='word_1_388' title='bbox 715 3752 988 3818; x_wconf 78' lang='grc' dir='ltr'>ἀντίδικος</span> <span class='ocrx_word' id='word_1_389' title='bbox 1046 3758 1206 3829; x_wconf 76' lang='grc' dir='ltr'>ἡμῶν</span> <span class='ocrx_word' id='word_1_390' title='bbox 1267 3751 1552 3829; x_wconf 79' lang='grc' dir='ltr'>διάϐολος,</span> <span class='ocrx_word' id='word_1_391' title='bbox 1611 3759 1788 3821; x_wconf 79' lang='grc' dir='ltr'>καθὼς</span> <span class='ocrx_word' id='word_1_392' title='bbox 1870 3757 2070 3833; x_wconf 86' lang='grc' dir='ltr'>ἀρτίως</span> 
     </span>
    </p>
   </div>
   <div class='ocr_carea' id='block_1_55' title="bbox 414 3840 2064 3921">
    <p class='ocr_par' dir='ltr' id='par_1_55' title="bbox 414 3840 2064 3921">
     <span class='ocr_line' id='line_1_55' title="bbox 414 3840 2064 3921; baseline 0.002 -24"><span class='ocrx_word' id='word_1_393' title='bbox 414 3840 764 3918; x_wconf 69' lang='grc' dir='ltr'>ἀνέγνωσται,</span> <span class='ocrx_word' id='word_1_394' title='bbox 815 3846 889 3907; x_wconf 84' lang='grc' dir='ltr'>ὡς</span> <span class='ocrx_word' id='word_1_395' title='bbox 961 3844 1100 3901; x_wconf 86' lang='grc' dir='ltr'>λέων</span> <span class='ocrx_word' id='word_1_396' title='bbox 1161 3845 1472 3921; x_wconf 85' lang='grc' dir='ltr'>ὠρυόμενος</span> <span class='ocrx_word' id='word_1_397' title='bbox 1524 3852 1832 3921; x_wconf 87' lang='grc' dir='ltr'>περιπατεῖ,</span> <span class='ocrx_word' id='word_1_398' title='bbox 1891 3851 2064 3917; x_wconf 81' lang='grc' dir='ltr'>ζητῶν</span> 
     </span>
    </p>
   </div>
   <div class='ocr_carea' id='block_1_56' title="bbox 411 3929 2065 4012">
    <p class='ocr_par' dir='ltr' id='par_1_56' title="bbox 411 3929 2065 4012">
     <span class='ocr_line' id='line_1_56' title="bbox 411 3929 2065 4012; baseline 0.002 -24"><span class='ocrx_word' id='word_1_399' title='bbox 411 3929 534 3988; x_wconf 89' lang='grc' dir='ltr'>τίνα</span> <span class='ocrx_word' id='word_1_400' title='bbox 563 3932 820 4008; x_wconf 76' lang='grc' dir='ltr'>καταπίῃ.</span> <span class='ocrx_word' id='word_1_401' title='bbox 881 3932 1039 3992; x_wconf 86' lang='grc' dir='ltr'>Ἀλλ’</span> <span class='ocrx_word' id='word_1_402' title='bbox 1096 3932 1148 3990; x_wconf 82' lang='grc' dir='ltr'>ἐν</span> <span class='ocrx_word' id='word_1_403' title='bbox 1213 3935 1310 4009; x_wconf 69' lang='grc' dir='ltr'>μὲν</span> <span class='ocrx_word' id='word_1_404' title='bbox 1366 3940 1487 3998; x_wconf 86' lang='grc' dir='ltr'>τοῖς</span> <span class='ocrx_word' id='word_1_405' title='bbox 1544 3935 1650 4011; x_wconf 87' lang='grc' dir='ltr'>πρὸ</span> <span class='ocrx_word' id='word_1_406' title='bbox 1705 3935 1899 3991; x_wconf 90' lang='grc' dir='ltr'>τούτου</span> <span class='ocrx_word' id='word_1_407' title='bbox 1931 3936 2065 4012; x_wconf 84' lang='grc' dir='ltr'>χρό-</span> 
     </span>
    </p>
   </div>
   <div class='ocr_carea' id='block_1_57' title="bbox 409 4023 2064 4101">
    <p class='ocr_par' dir='ltr' id='par_1_57' title="bbox 409 4023 2064 4101">
     <span class='ocr_line' id='line_1_57' title="bbox 409 4023 2064 4101; baseline 0.004 -26"><span class='ocrx_word' id='word_1_408' title='bbox 409 4041 527 4084; x_wconf 86' lang='grc' dir='ltr'>νοις</span> <span class='ocrx_word' id='word_1_409' title='bbox 555 4024 805 4079; x_wconf 81' lang='grc' dir='ltr'>κατέπιεν</span> <span class='ocrx_word' id='word_1_410' title='bbox 863 4025 891 4079; x_wconf 84' lang='grc' dir='ltr'>ὁ</span> <span class='ocrx_word' id='word_1_411' title='bbox 950 4025 1178 4087; x_wconf 76' lang='grc' dir='ltr'>θάνατος</span> <span class='ocrx_word' id='word_1_412' title='bbox 1233 4024 1482 4100; x_wconf 77' lang='grc' dir='ltr'>ἰσχύσας·</span> <span class='ocrx_word' id='word_1_413' title='bbox 1538 4024 1622 4080; x_wconf 83' lang='grc' dir='ltr'>ἐπὶ</span> <span class='ocrx_word' id='word_1_414' title='bbox 1678 4023 1735 4081; x_wconf 69' lang='grc' dir='ltr'>δὲ</span> <span class='ocrx_word' id='word_1_415' title='bbox 1775 4031 1870 4080; x_wconf 88' lang='grc' dir='ltr'>τοῦ</span> <span class='ocrx_word' id='word_1_416' title='bbox 1905 4025 2064 4101; x_wconf 82' lang='grc' dir='ltr'>ἁγίου</span> 
     </span>
    </p>
   </div>
   <div class='ocr_carea' id='block_1_58' title="bbox 407 4109 2062 4192">
    <p class='ocr_par' dir='ltr' id='par_1_58' title="bbox 407 4109 2062 4192">
     <span class='ocr_line' id='line_1_58' title="bbox 407 4109 2062 4192; baseline 0.003 -27"><span class='ocrx_word' id='word_1_417' title='bbox 407 4110 506 4180; x_wconf 77' lang='grc' dir='ltr'>τῆς</span> <span class='ocrx_word' id='word_1_418' title='bbox 538 4109 957 4190; x_wconf 85' lang='grc' dir='ltr'>παλιγγενεσίας</span> <span class='ocrx_word' id='word_1_419' title='bbox 1014 4111 1275 4188; x_wconf 85' lang='grc' dir='ltr'>λουτροῦ,</span> <span class='ocrx_word' id='word_1_420' title='bbox 1327 4115 1545 4192; x_wconf 74' lang='grc' dir='ltr'>ἀφεῖλεν</span> <span class='ocrx_word' id='word_1_421' title='bbox 1579 4116 1606 4170; x_wconf 88' lang='grc' dir='ltr'>ὁ</span> <span class='ocrx_word' id='word_1_422' title='bbox 1639 4115 1768 4179; x_wconf 87' lang='grc' dir='ltr'>Θεὸς</span> <span class='ocrx_word' id='word_1_423' title='bbox 1816 4120 1918 4171; x_wconf 81' lang='grc' dir='ltr'>πᾶν</span> <span class='ocrx_word' id='word_1_424' title='bbox 1959 4113 2062 4170; x_wconf 83' lang='grc' dir='ltr'>δά-</span> 
     </span>
    </p>
   </div>
   <div class='ocr_carea' id='block_1_59' title="bbox 481 4231 1142 4304">
    <p class='ocr_par' dir='ltr' id='par_1_59' title="bbox 481 4231 1142 4304">
     <span class='ocr_line' id='line_1_59' title="bbox 481 4231 1142 4304; baseline -0.002 -17"><span class='ocrx_word' id='word_1_425' title='bbox 481 4232 524 4267; x_wconf 70' lang='lat'>&quot;</span> <span class='ocrx_word' id='word_1_426' title='bbox 556 4231 698 4287; x_wconf 89' lang='lat' dir='ltr'>Gen.</span> <span class='ocrx_word' id='word_1_427' title='bbox 733 4248 840 4301; x_wconf 77' lang='lat' dir='ltr'>xw,</span> <span class='ocrx_word' id='word_1_428' title='bbox 877 4234 940 4287; x_wconf 81' lang='lat' dir='ltr'>l5</span> <span class='ocrx_word' id='word_1_429' title='bbox 974 4248 1142 4304; x_wconf 88' lang='lat' dir='ltr'>seqq.</span> 
     </span>
    </p>
   </div>
   <div class='ocr_carea' id='block_1_60' title="bbox 409 4303 1952 4374">
    <p class='ocr_par' dir='ltr' id='par_1_60' title="bbox 409 4303 1952 4374">
     <span class='ocr_line' id='line_1_60' title="bbox 409 4303 1952 4374; baseline 0.001 -16"><span class='ocrx_word' id='word_1_430' title='bbox 409 4303 458 4340; x_wconf 70' lang='grc'><em>³³</em></span> <span class='ocrx_word' id='word_1_431' title='bbox 486 4305 598 4359; x_wconf 87' lang='lat' dir='ltr'>Isa.</span> <span class='ocrx_word' id='word_1_432' title='bbox 632 4319 822 4372; x_wconf 84' lang='lat' dir='ltr'>xxvm,</span> <span class='ocrx_word' id='word_1_433' title='bbox 857 4306 942 4357; x_wconf 87' lang='grc'>15.</span> <span class='ocrx_word' id='word_1_434' title='bbox 1018 4303 1063 4338; x_wconf 78' lang='grc'>⁸⁸</span> <span class='ocrx_word' id='word_1_435' title='bbox 1095 4303 1238 4360; x_wconf 88' lang='lat' dir='ltr'>Gen.</span> <span class='ocrx_word' id='word_1_436' title='bbox 1271 4321 1333 4370; x_wconf 90' lang='grc' dir='ltr'>ιι,</span> <span class='ocrx_word' id='word_1_437' title='bbox 1367 4304 1418 4359; x_wconf 93' lang='lat'>8.</span> <span class='ocrx_word' id='word_1_438' title='bbox 1495 4303 1544 4339; x_wconf 77' lang='grc'>⁸⁴</span> <span class='ocrx_word' id='word_1_439' title='bbox 1574 4305 1716 4359; x_wconf 90' lang='lat' dir='ltr'>Gen.</span> <span class='ocrx_word' id='word_1_440' title='bbox 1750 4322 1831 4374; x_wconf 91' lang='grc' dir='ltr'>ιιι,</span> <span class='ocrx_word' id='word_1_441' title='bbox 1864 4308 1952 4360; x_wconf 88' lang='lat'>23.</span> 
     </span>
    </p>
   </div>
   <div class='ocr_carea' id='block_1_61' title="bbox 1219 4230 2440 4360">
    <p class='ocr_par' dir='ltr' id='par_1_61' title="bbox 1219 4230 2440 4360">
     <span class='ocr_line' id='line_1_61' title="bbox 1219 4230 2440 4302; baseline -0.003 -15"><span class='ocrx_word' id='word_1_442' title='bbox 1219 4230 1268 4266; x_wconf 71' lang='grc'>³⁸</span> <span class='ocrx_word' id='word_1_443' title='bbox 1297 4233 1463 4288; x_wconf 88' lang='lat' dir='ltr'>Deut.</span> <span class='ocrx_word' id='word_1_444' title='bbox 1496 4249 1570 4300; x_wconf 81' lang='lat' dir='ltr'>IV,</span> <span class='ocrx_word' id='word_1_445' title='bbox 1604 4235 1670 4288; x_wconf 87' lang='lat'>23</span> <span class='ocrx_word' id='word_1_446' title='bbox 1697 4251 1710 4301; x_wconf 90' lang='lat'>;</span> <span class='ocrx_word' id='word_1_447' title='bbox 1742 4234 1883 4290; x_wconf 90' lang='lat' dir='ltr'>Tob.</span> <span class='ocrx_word' id='word_1_448' title='bbox 1913 4251 1991 4302; x_wconf 88' lang='lat' dir='ltr'>1v,</span> <span class='ocrx_word' id='word_1_449' title='bbox 2028 4236 2112 4288; x_wconf 87' lang='grc'>13.</span> <span class='ocrx_word' id='word_1_450' title='bbox 2191 4232 2238 4268; x_wconf 78' lang='grc'>²⁹</span> <span class='ocrx_word' id='word_1_451' title='bbox 2273 4233 2407 4287; x_wconf 85' lang='lat' dir='ltr'>Luc.</span> <span class='ocrx_word' id='word_1_452' title='bbox 2439 4247 2440 4283; x_wconf 61' lang='grc' dir='ltr'>ξ</span> 
     </span>
     <span class='ocr_line' id='line_1_62' title="bbox 1225 4303 2440 4360; baseline -0.003 0"><span class='ocrx_word' id='word_1_453' title='bbox 1225 4346 1238 4360; x_wconf 95' lang='grc'>.</span> <span class='ocrx_word' id='word_1_454' title='bbox 1271 4321 1333 4360; x_wconf 89' lang='grc' dir='ltr'>ιι.</span> <span class='ocrx_word' id='word_1_455' title='bbox 1367 4304 1418 4359; x_wconf 93' lang='lat'>8.</span> <span class='ocrx_word' id='word_1_456' title='bbox 1495 4303 1544 4339; x_wconf 77' lang='grc'>⁸⁴</span> <span class='ocrx_word' id='word_1_457' title='bbox 1574 4305 1716 4359; x_wconf 91' lang='lat' dir='ltr'>Gen.</span> <span class='ocrx_word' id='word_1_458' title='bbox 1750 4322 1831 4360; x_wconf 92' lang='grc' dir='ltr'>ιιι.</span> <span class='ocrx_word' id='word_1_459' title='bbox 1864 4308 1952 4360; x_wconf 88' lang='lat'>23.</span> <span class='ocrx_word' id='word_1_460' title='bbox 2031 4307 2077 4341; x_wconf 79' lang='grc'>³⁸</span> <span class='ocrx_word' id='word_1_461' title='bbox 2105 4307 2129 4360; x_wconf 95' lang='grc' dir='ltr'><strong>Ι</strong></span> <span class='ocrx_word' id='word_1_462' title='bbox 2158 4306 2314 4360; x_wconf 91' lang='lat' dir='ltr'>Petr.</span> <span class='ocrx_word' id='word_1_463' title='bbox 2348 4320 2378 4356; x_wconf 87' lang='lat' dir='ltr'>v</span> <span class='ocrx_word' id='word_1_464' title='bbox 2410 4303 2440 4356; x_wconf 93' lang='lat'>8</span> 
     </span>
    </p>
   </div>
   <div class='ocr_carea' id='block_1_62' title="bbox 2196 1969 3850 2039">
    <p class='ocr_par' dir='ltr' id='par_1_62' title="bbox 2196 1969 3850 2039">
     <span class='ocr_line' id='line_1_63' title="bbox 2196 1969 3850 2039; baseline 0.003 -17"><span class='ocrx_word' id='word_1_465' title='bbox 2196 1972 2325 2022; x_wconf 88' lang='lat' dir='ltr'>ctus</span> <span class='ocrx_word' id='word_1_466' title='bbox 2348 1973 2406 2021; x_wconf 91' lang='lat' dir='ltr'>et</span> <span class='ocrx_word' id='word_1_467' title='bbox 2431 1974 2804 2039; x_wconf 64' lang='lat' dir='ltr'>praepostera:</span> <span class='ocrx_word' id='word_1_468' title='bbox 2828 1969 3231 2024; x_wconf 86' lang='lat' dir='ltr'>conversionis</span> <span class='ocrx_word' id='word_1_469' title='bbox 3257 1971 3603 2026; x_wconf 88' lang='lat' dir='ltr'>memoriam</span> <span class='ocrx_word' id='word_1_470' title='bbox 3631 1974 3850 2028; x_wconf 83' lang='lat' dir='ltr'>servet?</span> 
     </span>
    </p>
   </div>
   <div class='ocr_carea' id='block_1_63' title="bbox 2195 2057 3846 2129">
    <p class='ocr_par' dir='ltr' id='par_1_63' title="bbox 2195 2057 3846 2129">
     <span class='ocr_line' id='line_1_64' title="bbox 2195 2057 3846 2129; baseline 0.004 -17"><span class='ocrx_word' id='word_1_471' title='bbox 2195 2057 2449 2113; x_wconf 77' lang='lat' dir='ltr'>Attende</span> <span class='ocrx_word' id='word_1_472' title='bbox 2477 2057 2654 2129; x_wconf 84' lang='lat' dir='ltr'>igitur</span> <span class='ocrx_word' id='word_1_473' title='bbox 2683 2057 2785 2111; x_wconf 87' lang='lat' dir='ltr'>tibi</span> <span class='ocrx_word' id='word_1_474' title='bbox 2817 2058 2927 2129; x_wconf 92' lang='lat' dir='ltr'>ipsi</span> <span class='ocrx_word' id='word_1_475' title='bbox 2949 2058 3012 2124; x_wconf 67' lang='grc'>³⁸,</span> <span class='ocrx_word' id='word_1_476' title='bbox 3040 2075 3232 2128; x_wconf 87' lang='lat' dir='ltr'>neque</span> <span class='ocrx_word' id='word_1_477' title='bbox 3263 2061 3476 2114; x_wconf 87' lang='lat' dir='ltr'>iterum</span> <span class='ocrx_word' id='word_1_478' title='bbox 3513 2068 3669 2116; x_wconf 87' lang='lat' dir='ltr'>retro</span> <span class='ocrx_word' id='word_1_479' title='bbox 3697 2080 3846 2117; x_wconf 89' lang='lat' dir='ltr'>con-</span> 
     </span>
    </p>
   </div>
   <div class='ocr_carea' id='block_1_64' title="bbox 2195 2145 3846 2222">
    <p class='ocr_par' dir='ltr' id='par_1_64' title="bbox 2195 2145 3846 2222">
     <span class='ocr_line' id='line_1_65' title="bbox 2195 2145 3846 2222; baseline 0.004 -23"><span class='ocrx_word' id='word_1_480' title='bbox 2195 2146 2463 2205; x_wconf 86' lang='lat' dir='ltr'>vertaris.</span> <span class='ocrx_word' id='word_1_481' title='bbox 2495 2145 2812 2201; x_wconf 87' lang='lat' dir='ltr'>admovens</span> <span class='ocrx_word' id='word_1_482' title='bbox 2844 2153 3038 2201; x_wconf 88' lang='lat' dir='ltr'>aratro</span> <span class='ocrx_word' id='word_1_483' title='bbox 3092 2164 3354 2214; x_wconf 86' lang='lat' dir='ltr'>manum,</span> <span class='ocrx_word' id='word_1_484' title='bbox 3381 2167 3738 2222; x_wconf 89' lang='lat' dir='ltr'>rursumque</span> <span class='ocrx_word' id='word_1_485' title='bbox 3772 2152 3846 2206; x_wconf 86' lang='lat' dir='ltr'>ad</span> 
     </span>
    </p>
   </div>
   <div class='ocr_carea' id='block_1_65' title="bbox 2196 2235 3847 2306">
    <p class='ocr_par' dir='ltr' id='par_1_65' title="bbox 2196 2235 3847 2306">
     <span class='ocr_line' id='line_1_66' title="bbox 2196 2235 3847 2306; baseline 0.003 -16"><span class='ocrx_word' id='word_1_486' title='bbox 2196 2235 2628 2290; x_wconf 89' lang='lat' dir='ltr'>amarulentam</span> <span class='ocrx_word' id='word_1_487' title='bbox 2643 2235 2676 2288; x_wconf 87' lang='lat' dir='ltr'>h</span> <span class='ocrx_word' id='word_1_488' title='bbox 2689 2236 2819 2306; x_wconf 86' lang='lat' dir='ltr'>njus</span> <span class='ocrx_word' id='word_1_489' title='bbox 2833 2236 2962 2290; x_wconf 70' lang='lat' dir='ltr'>vitae</span> <span class='ocrx_word' id='word_1_490' title='bbox 2977 2237 3426 2292; x_wconf 90' lang='lat' dir='ltr'>consuetudinis</span> <span class='ocrx_word' id='word_1_491' title='bbox 3441 2240 3847 2296; x_wconf 88' lang='lat' dir='ltr'>salsitudinem</span> 
     </span>
    </p>
   </div>
   <div class='ocr_carea' id='block_1_66' title="bbox 2195 2323 3845 2398">
    <p class='ocr_par' dir='ltr' id='par_1_66' title="bbox 2195 2323 3845 2398">
     <span class='ocr_line' id='line_1_67' title="bbox 2195 2323 3845 2398; baseline 0.003 -19"><span class='ocrx_word' id='word_1_492' title='bbox 2195 2330 2544 2379; x_wconf 87' lang='lat' dir='ltr'>convertens</span> <span class='ocrx_word' id='word_1_493' title='bbox 2566 2323 2632 2358; x_wconf 60' lang='lat'>29&#39;</span> <span class='ocrx_word' id='word_1_494' title='bbox 2669 2326 2879 2379; x_wconf 86' lang='lat' dir='ltr'>Verum</span> <span class='ocrx_word' id='word_1_495' title='bbox 2923 2326 2982 2379; x_wconf 89' lang='lat' dir='ltr'>in</span> <span class='ocrx_word' id='word_1_496' title='bbox 3016 2333 3280 2380; x_wconf 89' lang='lat' dir='ltr'>montem</span> <span class='ocrx_word' id='word_1_497' title='bbox 3312 2327 3444 2398; x_wconf 89' lang='lat' dir='ltr'>fuge</span> <span class='ocrx_word' id='word_1_498' title='bbox 3469 2329 3514 2362; x_wconf 80' lang='grc' dir='ltr'>³ο</span> <span class='ocrx_word' id='word_1_499' title='bbox 3544 2328 3616 2382; x_wconf 91' lang='lat' dir='ltr'>ad</span> <span class='ocrx_word' id='word_1_500' title='bbox 3647 2330 3845 2385; x_wconf 90' lang='lat' dir='ltr'>Jesum</span> 
     </span>
    </p>
   </div>
   <div class='ocr_carea' id='block_1_67' title="bbox 2194 2414 3843 2490">
    <p class='ocr_par' dir='ltr' id='par_1_67' title="bbox 2194 2414 3843 2490">
     <span class='ocr_line' id='line_1_68' title="bbox 2194 2414 3843 2490; baseline 0.004 -22"><span class='ocrx_word' id='word_1_501' title='bbox 2194 2414 2514 2475; x_wconf 86' lang='lat' dir='ltr'>Christum,</span> <span class='ocrx_word' id='word_1_502' title='bbox 2558 2415 2728 2470; x_wconf 91' lang='lat' dir='ltr'>illum</span> <span class='ocrx_word' id='word_1_503' title='bbox 2774 2415 2902 2469; x_wconf 87' lang='lat' dir='ltr'>sine</span> <span class='ocrx_word' id='word_1_504' title='bbox 2950 2416 3229 2470; x_wconf 88' lang='lat' dir='ltr'>manibus</span> <span class='ocrx_word' id='word_1_505' title='bbox 3260 2417 3523 2472; x_wconf 84' lang='lat' dir='ltr'>excisum</span> <span class='ocrx_word' id='word_1_506' title='bbox 3557 2418 3843 2490; x_wconf 86' lang='lat' dir='ltr'>lapidem,</span> 
     </span>
    </p>
   </div>
   <div class='ocr_carea' id='block_1_68' title="bbox 2195 2503 3126 2575">
    <p class='ocr_par' dir='ltr' id='par_1_68' title="bbox 2195 2503 3126 2575">
     <span class='ocr_line' id='line_1_69' title="bbox 2195 2503 3126 2575; baseline 0.002 -18"><span class='ocrx_word' id='word_1_507' title='bbox 2195 2503 2294 2575; x_wconf 90' lang='lat' dir='ltr'>qui</span> <span class='ocrx_word' id='word_1_508' title='bbox 2329 2510 2514 2558; x_wconf 91' lang='lat' dir='ltr'>totum</span> <span class='ocrx_word' id='word_1_509' title='bbox 2546 2503 2750 2558; x_wconf 91' lang='lat' dir='ltr'>orbem</span> <span class='ocrx_word' id='word_1_510' title='bbox 2784 2505 3030 2575; x_wconf 88' lang='lat' dir='ltr'>replevit</span> <span class='ocrx_word' id='word_1_511' title='bbox 3057 2503 3126 2559; x_wconf 73' lang='grc'>³1.</span> 
     </span>
    </p>
   </div>
   <div class='ocr_carea' id='block_1_69' title="bbox 2263 2593 3844 2669">
    <p class='ocr_par' dir='ltr' id='par_1_69' title="bbox 2263 2593 3844 2669">
     <span class='ocr_line' id='line_1_70' title="bbox 2263 2593 3844 2669; baseline 0.003 -21"><span class='ocrx_word' id='word_1_512' title='bbox 2263 2595 2359 2648; x_wconf 84' lang='lat' dir='ltr'>XI.</span> <span class='ocrx_word' id='word_1_513' title='bbox 2395 2593 2639 2658; x_wconf 89' lang='lat' dir='ltr'>Quando</span> <span class='ocrx_word' id='word_1_514' title='bbox 2667 2594 2844 2666; x_wconf 84' lang='lat' dir='ltr'>igitur</span> <span class='ocrx_word' id='word_1_515' title='bbox 2866 2595 3094 2649; x_wconf 73' lang='lat' dir='ltr'>Satanae</span> <span class='ocrx_word' id='word_1_516' title='bbox 3119 2596 3447 2660; x_wconf 84' lang='lat' dir='ltr'>renuntias,</span> <span class='ocrx_word' id='word_1_517' title='bbox 3473 2612 3648 2651; x_wconf 88' lang='lat' dir='ltr'>omne</span> <span class='ocrx_word' id='word_1_518' title='bbox 3671 2615 3844 2669; x_wconf 85' lang='lat' dir='ltr'>pror-</span> 
     </span>
    </p>
   </div>
   <div class='ocr_carea' id='block_1_70' title="bbox 2192 2683 3838 2756">
    <p class='ocr_par' dir='ltr' id='par_1_70' title="bbox 2192 2683 3838 2756">
     <span class='ocr_line' id='line_1_71' title="bbox 2192 2683 3838 2756; baseline 0.002 -18"><span class='ocrx_word' id='word_1_519' title='bbox 2192 2700 2291 2738; x_wconf 89' lang='lat' dir='ltr'>sus</span> <span class='ocrx_word' id='word_1_520' title='bbox 2313 2700 2448 2738; x_wconf 91' lang='lat' dir='ltr'>cum</span> <span class='ocrx_word' id='word_1_521' title='bbox 2477 2683 2578 2738; x_wconf 91' lang='lat' dir='ltr'>illo</span> <span class='ocrx_word' id='word_1_522' title='bbox 2606 2691 2842 2754; x_wconf 86' lang='lat' dir='ltr'>pactum</span> <span class='ocrx_word' id='word_1_523' title='bbox 2863 2684 2930 2750; x_wconf 62' lang='grc'>³³,</span> <span class='ocrx_word' id='word_1_524' title='bbox 2961 2689 3155 2739; x_wconf 89' lang='lat' dir='ltr'>vetera</span> <span class='ocrx_word' id='word_1_525' title='bbox 3177 2702 3312 2739; x_wconf 89' lang='lat' dir='ltr'>cum</span> <span class='ocrx_word' id='word_1_526' title='bbox 3335 2685 3572 2741; x_wconf 83' lang='lat' dir='ltr'>inferno</span> <span class='ocrx_word' id='word_1_527' title='bbox 3599 2686 3838 2756; x_wconf 76' lang='lat' dir='ltr'>fcedera,</span> 
     </span>
    </p>
   </div>
   <div class='ocr_carea' id='block_1_71' title="bbox 2191 2772 3838 2846">
    <p class='ocr_par' dir='ltr' id='par_1_71' title="bbox 2191 2772 3838 2846">
     <span class='ocr_line' id='line_1_72' title="bbox 2191 2772 3838 2846; baseline 0.003 -19"><span class='ocrx_word' id='word_1_528' title='bbox 2191 2772 2540 2839; x_wconf 83' lang='lat' dir='ltr'>dissolvens,</span> <span class='ocrx_word' id='word_1_529' title='bbox 2574 2773 2840 2843; x_wconf 88' lang='lat' dir='ltr'>aperitur</span> <span class='ocrx_word' id='word_1_530' title='bbox 2885 2772 2986 2827; x_wconf 88' lang='lat' dir='ltr'>tibi</span> <span class='ocrx_word' id='word_1_531' title='bbox 3037 2774 3137 2828; x_wconf 91' lang='lat' dir='ltr'>Dei</span> <span class='ocrx_word' id='word_1_532' title='bbox 3188 2775 3518 2845; x_wconf 75' lang='lat' dir='ltr'>paradisus,</span> <span class='ocrx_word' id='word_1_533' title='bbox 3555 2792 3731 2846; x_wconf 89' lang='lat' dir='ltr'>quem</span> <span class='ocrx_word' id='word_1_534' title='bbox 3765 2778 3838 2832; x_wconf 90' lang='lat' dir='ltr'>ad</span> 
     </span>
    </p>
   </div>
   <div class='ocr_carea' id='block_1_72' title="bbox 2189 2861 3834 2934">
    <p class='ocr_par' dir='ltr' id='par_1_72' title="bbox 2189 2861 3834 2934">
     <span class='ocr_line' id='line_1_73' title="bbox 2189 2861 3834 2934; baseline 0.003 -18"><span class='ocrx_word' id='word_1_535' title='bbox 2189 2863 2479 2917; x_wconf 89' lang='lat' dir='ltr'>orientem</span> <span class='ocrx_word' id='word_1_536' title='bbox 2513 2861 2884 2932; x_wconf 66' lang='lat' dir='ltr'>plantavit”,</span> <span class='ocrx_word' id='word_1_537' title='bbox 2911 2877 2977 2916; x_wconf 87' lang='lat' dir='ltr'>ex</span> <span class='ocrx_word' id='word_1_538' title='bbox 3002 2879 3118 2932; x_wconf 89' lang='lat' dir='ltr'>quo</span> <span class='ocrx_word' id='word_1_539' title='bbox 3151 2869 3394 2934; x_wconf 89' lang='lat' dir='ltr'>propter</span> <span class='ocrx_word' id='word_1_540' title='bbox 3423 2863 3705 2919; x_wconf 87' lang='lat' dir='ltr'>violatum</span> <span class='ocrx_word' id='word_1_541' title='bbox 3734 2867 3834 2921; x_wconf 89' lang='lat' dir='ltr'>Dei</span> 
     </span>
    </p>
   </div>
   <div class='ocr_carea' id='block_1_73' title="bbox 2187 2950 3836 3023">
    <p class='ocr_par' dir='ltr' id='par_1_73' title="bbox 2187 2950 3836 3023">
     <span class='ocr_line' id='line_1_74' title="bbox 2187 2950 3836 3023; baseline 0.002 -16"><span class='ocrx_word' id='word_1_542' title='bbox 2187 2950 2557 3017; x_wconf 87' lang='lat' dir='ltr'>mandatum,</span> <span class='ocrx_word' id='word_1_543' title='bbox 2590 2953 2820 3022; x_wconf 88' lang='lat' dir='ltr'>primus</span> <span class='ocrx_word' id='word_1_544' title='bbox 2853 2957 3056 3005; x_wconf 87' lang='lat' dir='ltr'>noster</span> <span class='ocrx_word' id='word_1_545' title='bbox 3098 2968 3314 3021; x_wconf 90' lang='lat' dir='ltr'>parens</span> <span class='ocrx_word' id='word_1_546' title='bbox 3348 2953 3628 3023; x_wconf 85' lang='lat' dir='ltr'>expulsus</span> <span class='ocrx_word' id='word_1_547' title='bbox 3661 2961 3750 3010; x_wconf 92' lang='lat' dir='ltr'>est</span> <span class='ocrx_word' id='word_1_548' title='bbox 3767 2955 3836 3010; x_wconf 67' lang='lat'>3‘.</span> 
     </span>
    </p>
   </div>
   <div class='ocr_carea' id='block_1_74' title="bbox 2187 3039 3838 3112">
    <p class='ocr_par' dir='ltr' id='par_1_74' title="bbox 2187 3039 3838 3112">
     <span class='ocr_line' id='line_1_75' title="bbox 2187 3039 3838 3112; baseline 0.003 -18"><span class='ocrx_word' id='word_1_549' title='bbox 2187 3045 2256 3095; x_wconf 88' lang='lat' dir='ltr'>Et</span> <span class='ocrx_word' id='word_1_550' title='bbox 2284 3041 2464 3112; x_wconf 82' lang='lat' dir='ltr'>hujus</span> <span class='ocrx_word' id='word_1_551' title='bbox 2495 3040 2579 3094; x_wconf 91' lang='lat' dir='ltr'>rei</span> <span class='ocrx_word' id='word_1_552' title='bbox 2611 3039 2944 3111; x_wconf 86' lang='lat' dir='ltr'>symbolum</span> <span class='ocrx_word' id='word_1_553' title='bbox 2979 3046 3086 3107; x_wconf 89' lang='lat' dir='ltr'>est,</span> <span class='ocrx_word' id='word_1_554' title='bbox 3112 3041 3270 3111; x_wconf 92' lang='lat' dir='ltr'>quod</span> <span class='ocrx_word' id='word_1_555' title='bbox 3293 3041 3364 3095; x_wconf 90' lang='lat' dir='ltr'>ab</span> <span class='ocrx_word' id='word_1_556' title='bbox 3396 3058 3607 3097; x_wconf 90' lang='lat' dir='ltr'>occasu</span> <span class='ocrx_word' id='word_1_557' title='bbox 3638 3044 3711 3098; x_wconf 88' lang='lat' dir='ltr'>ad</span> <span class='ocrx_word' id='word_1_558' title='bbox 3744 3062 3838 3099; x_wconf 91' lang='lat' dir='ltr'>or-</span> 
     </span>
    </p>
   </div>
   <div class='ocr_carea' id='block_1_75' title="bbox 2188 3129 3836 3201">
    <p class='ocr_par' dir='ltr' id='par_1_75' title="bbox 2188 3129 3836 3201">
     <span class='ocr_line' id='line_1_76' title="bbox 2188 3129 3836 3201; baseline 0.002 -17"><span class='ocrx_word' id='word_1_559' title='bbox 2188 3134 2314 3184; x_wconf 87' lang='lat' dir='ltr'>tum</span> <span class='ocrx_word' id='word_1_560' title='bbox 2346 3130 2446 3201; x_wconf 91' lang='lat' dir='ltr'>qui</span> <span class='ocrx_word' id='word_1_561' title='bbox 2496 3129 2646 3184; x_wconf 90' lang='lat' dir='ltr'>lucis</span> <span class='ocrx_word' id='word_1_562' title='bbox 2698 3135 2788 3183; x_wconf 89' lang='lat' dir='ltr'>est</span> <span class='ocrx_word' id='word_1_563' title='bbox 2838 3129 3021 3200; x_wconf 90' lang='lat' dir='ltr'>regio,</span> <span class='ocrx_word' id='word_1_564' title='bbox 3057 3135 3112 3184; x_wconf 91' lang='lat' dir='ltr'>te</span> <span class='ocrx_word' id='word_1_565' title='bbox 3143 3131 3504 3185; x_wconf 89' lang='lat' dir='ltr'>convertisti.</span> <span class='ocrx_word' id='word_1_566' title='bbox 3540 3133 3700 3187; x_wconf 89' lang='lat' dir='ltr'>Tunc</span> <span class='ocrx_word' id='word_1_567' title='bbox 3733 3133 3836 3188; x_wconf 92' lang='lat' dir='ltr'>tibi</span> 
     </span>
    </p>
   </div>
   <div class='ocr_carea' id='block_1_76' title="bbox 2190 3217 3836 3290">
    <p class='ocr_par' dir='ltr' id='par_1_76' title="bbox 2190 3217 3836 3290">
     <span class='ocr_line' id='line_1_77' title="bbox 2190 3217 3836 3290; baseline 0.002 -17"><span class='ocrx_word' id='word_1_568' title='bbox 2190 3218 2549 3290; x_wconf 90' lang='lat' dir='ltr'>imperatum</span> <span class='ocrx_word' id='word_1_569' title='bbox 2572 3221 2748 3272; x_wconf 89' lang='lat' dir='ltr'>estut</span> <span class='ocrx_word' id='word_1_570' title='bbox 2769 3217 3030 3273; x_wconf 89' lang='lat' dir='ltr'>diceres:</span> <span class='ocrx_word' id='word_1_571' title='bbox 3059 3237 3084 3269; x_wconf 74' lang='grc' dir='ltr'>ι</span> <span class='ocrx_word' id='word_1_572' title='bbox 3112 3217 3299 3272; x_wconf 86' lang='lat' dir='ltr'>Credo</span> <span class='ocrx_word' id='word_1_573' title='bbox 3331 3218 3392 3273; x_wconf 90' lang='lat' dir='ltr'>in</span> <span class='ocrx_word' id='word_1_574' title='bbox 3424 3221 3750 3288; x_wconf 87' lang='lat' dir='ltr'>Patrem,et</span> <span class='ocrx_word' id='word_1_575' title='bbox 3773 3222 3836 3277; x_wconf 91' lang='lat' dir='ltr'>in</span> 
     </span>
    </p>
   </div>
   <div class='ocr_carea' id='block_1_77' title="bbox 2194 3306 3838 3382">
    <p class='ocr_par' dir='ltr' id='par_1_77' title="bbox 2194 3306 3838 3382">
     <span class='ocr_line' id='line_1_78' title="bbox 2194 3306 3838 3382; baseline 0.005 -24"><span class='ocrx_word' id='word_1_576' title='bbox 2194 3329 2222 3358; x_wconf 76' lang='grc' dir='ltr'>ι(</span> <span class='ocrx_word' id='word_1_577' title='bbox 2248 3307 2461 3363; x_wconf 90' lang='lat' dir='ltr'>Filium</span> <span class='ocrx_word' id='word_1_578' title='bbox 2482 3307 2622 3362; x_wconf 88' lang='lat' dir='ltr'>etin</span> <span class='ocrx_word' id='word_1_579' title='bbox 2645 3311 2912 3362; x_wconf 90' lang='lat' dir='ltr'>sanctum</span> <span class='ocrx_word' id='word_1_580' title='bbox 2943 3306 3246 3377; x_wconf 90' lang='lat' dir='ltr'>Spiritum,</span> <span class='ocrx_word' id='word_1_581' title='bbox 3273 3312 3332 3362; x_wconf 90' lang='lat' dir='ltr'>et</span> <span class='ocrx_word' id='word_1_582' title='bbox 3351 3308 3411 3363; x_wconf 91' lang='lat' dir='ltr'>in</span> <span class='ocrx_word' id='word_1_583' title='bbox 3435 3325 3622 3364; x_wconf 91' lang='lat' dir='ltr'>unum</span> <span class='ocrx_word' id='word_1_584' title='bbox 3645 3311 3838 3382; x_wconf 90' lang='lat' dir='ltr'>bapti-</span> 
     </span>
    </p>
   </div>
   <div class='ocr_carea' id='block_1_78' title="bbox 2186 3396 3831 3470">
    <p class='ocr_par' dir='ltr' id='par_1_78' title="bbox 2186 3396 3831 3470">
     <span class='ocr_line' id='line_1_79' title="bbox 2186 3396 3831 3470; baseline 0.005 -23"><span class='ocrx_word' id='word_1_585' title='bbox 2186 3420 2213 3448; x_wconf 87' lang='grc'>‹‹</span> <span class='ocrx_word' id='word_1_586' title='bbox 2241 3414 2369 3454; x_wconf 91' lang='lat' dir='ltr'>sma</span> <span class='ocrx_word' id='word_1_587' title='bbox 2397 3397 2780 3468; x_wconf 74' lang='lat' dir='ltr'>pmnitentiae.</span> <span class='ocrx_word' id='word_1_588' title='bbox 2818 3417 2845 3444; x_wconf 85' lang='lat'><strong>»</strong></span> <span class='ocrx_word' id='word_1_589' title='bbox 2878 3396 3101 3461; x_wconf 89' lang='lat' dir='ltr'>Quibus</span> <span class='ocrx_word' id='word_1_590' title='bbox 3132 3397 3203 3452; x_wconf 90' lang='lat' dir='ltr'>de</span> <span class='ocrx_word' id='word_1_591' title='bbox 3234 3397 3412 3453; x_wconf 91' lang='lat' dir='ltr'>rebus</span> <span class='ocrx_word' id='word_1_592' title='bbox 3442 3399 3502 3453; x_wconf 91' lang='lat' dir='ltr'>in</span> <span class='ocrx_word' id='word_1_593' title='bbox 3533 3400 3831 3470; x_wconf 88' lang='lat' dir='ltr'>prioribus</span> 
     </span>
    </p>
   </div>
   <div class='ocr_carea' id='block_1_79' title="bbox 2185 3486 3829 3563">
    <p class='ocr_par' dir='ltr' id='par_1_79' title="bbox 2185 3486 3829 3563">
     <span class='ocr_line' id='line_1_80' title="bbox 2185 3486 3829 3563; baseline 0.001 -19"><span class='ocrx_word' id='word_1_594' title='bbox 2185 3487 2616 3554; x_wconf 89' lang='lat' dir='ltr'>catechesibus,</span> <span class='ocrx_word' id='word_1_595' title='bbox 2676 3491 2964 3557; x_wconf 89' lang='lat' dir='ltr'>quantum</span> <span class='ocrx_word' id='word_1_596' title='bbox 3022 3486 3220 3543; x_wconf 89' lang='lat' dir='ltr'>divina</span> <span class='ocrx_word' id='word_1_597' title='bbox 3275 3489 3570 3544; x_wconf 87' lang='lat' dir='ltr'>concessit</span> <span class='ocrx_word' id='word_1_598' title='bbox 3615 3492 3829 3563; x_wconf 88' lang='lat' dir='ltr'>gratia,</span> 
     </span>
    </p>
   </div>
   <div class='ocr_carea' id='block_1_80' title="bbox 2181 3575 3046 3649">
    <p class='ocr_par' dir='ltr' id='par_1_80' title="bbox 2181 3575 3046 3649">
     <span class='ocr_line' id='line_1_81' title="bbox 2181 3575 3046 3649; baseline -0.001 -17"><span class='ocrx_word' id='word_1_599' title='bbox 2181 3577 2468 3649; x_wconf 86' lang='lat' dir='ltr'>prolixius</span> <span class='ocrx_word' id='word_1_600' title='bbox 2499 3576 2606 3631; x_wconf 87' lang='lat' dir='ltr'>tibi</span> <span class='ocrx_word' id='word_1_601' title='bbox 2635 3575 3046 3631; x_wconf 88' lang='lat' dir='ltr'>disseruimus.</span> 
     </span>
    </p>
   </div>
   <div class='ocr_carea' id='block_1_81' title="bbox 2250 3665 3820 3741">
    <p class='ocr_par' dir='ltr' id='par_1_81' title="bbox 2250 3665 3820 3741">
     <span class='ocr_line' id='line_1_82' title="bbox 2250 3665 3820 3741; baseline 0.002 -19"><span class='ocrx_word' id='word_1_602' title='bbox 2250 3667 2323 3722; x_wconf 89' lang='grc' dir='ltr'>Χ.</span> <span class='ocrx_word' id='word_1_603' title='bbox 2357 3666 2458 3720; x_wconf 85' lang='lat' dir='ltr'>His</span> <span class='ocrx_word' id='word_1_604' title='bbox 2487 3665 2687 3736; x_wconf 87' lang='lat' dir='ltr'>itaque</span> <span class='ocrx_word' id='word_1_605' title='bbox 2717 3665 3110 3736; x_wconf 63' lang='lat' dir='ltr'>prtemuuitus</span> <span class='ocrx_word' id='word_1_606' title='bbox 3141 3667 3514 3722; x_wconf 88' lang='lat' dir='ltr'>sermonibus</span> <span class='ocrx_word' id='word_1_607' title='bbox 3545 3668 3820 3741; x_wconf 83' lang='lat' dir='ltr'>advigila.</span> 
     </span>
    </p>
   </div>
   <div class='ocr_carea' id='block_1_82' title="bbox 2177 3755 3826 3820">
    <p class='ocr_par' dir='ltr' id='par_1_82' title="bbox 2177 3755 3826 3820">
     <span class='ocr_line' id='line_1_83' title="bbox 2177 3755 3826 3820; baseline 0.001 -9"><span class='ocrx_word' id='word_1_608' title='bbox 2177 3756 2542 3811; x_wconf 76' lang='lat' dir='ltr'>Adversarius</span> <span class='ocrx_word' id='word_1_609' title='bbox 2574 3755 2732 3809; x_wconf 91' lang='lat' dir='ltr'>enim</span> <span class='ocrx_word' id='word_1_610' title='bbox 2763 3761 2949 3810; x_wconf 80' lang='lat' dir='ltr'>noster</span> <span class='ocrx_word' id='word_1_611' title='bbox 2977 3755 3246 3820; x_wconf 83' lang='lat' dir='ltr'>diabolus,</span> <span class='ocrx_word' id='word_1_612' title='bbox 3273 3761 3338 3810; x_wconf 90' lang='lat' dir='ltr'>ut</span> <span class='ocrx_word' id='word_1_613' title='bbox 3363 3757 3535 3811; x_wconf 90' lang='lat' dir='ltr'>modo</span> <span class='ocrx_word' id='word_1_614' title='bbox 3558 3758 3712 3812; x_wconf 75' lang='lat'>310</span> <span class='ocrx_word' id='word_1_615' title='bbox 3738 3758 3826 3812; x_wconf 86' lang='lat' dir='ltr'>le-</span> 
     </span>
    </p>
   </div>
   <div class='ocr_carea' id='block_1_83' title="bbox 2177 3845 3825 3917">
    <p class='ocr_par' dir='ltr' id='par_1_83' title="bbox 2177 3845 3825 3917">
     <span class='ocr_line' id='line_1_84' title="bbox 2177 3845 3825 3917; baseline 0.001 -16"><span class='ocrx_word' id='word_1_616' title='bbox 2177 3851 2338 3902; x_wconf 90' lang='lat' dir='ltr'>ctum</span> <span class='ocrx_word' id='word_1_617' title='bbox 2370 3850 2480 3913; x_wconf 86' lang='lat' dir='ltr'>est,</span> <span class='ocrx_word' id='word_1_618' title='bbox 2515 3852 2780 3914; x_wconf 85' lang='lat' dir='ltr'>tanquam</span> <span class='ocrx_word' id='word_1_619' title='bbox 2825 3845 2906 3900; x_wconf 86' lang='lat' dir='ltr'>leo</span> <span class='ocrx_word' id='word_1_620' title='bbox 2952 3848 3175 3914; x_wconf 73' lang='lat' dir='ltr'>rugiens</span> <span class='ocrx_word' id='word_1_621' title='bbox 3206 3846 3540 3911; x_wconf 80' lang='lat' dir='ltr'>obambulat,</span> <span class='ocrx_word' id='word_1_622' title='bbox 3578 3863 3825 3917; x_wconf 73' lang='lat' dir='ltr'>quaerens</span> 
     </span>
    </p>
   </div>
   <div class='ocr_carea' id='block_1_84' title="bbox 2175 3934 3825 4007">
    <p class='ocr_par' dir='ltr' id='par_1_84' title="bbox 2175 3934 3825 4007">
     <span class='ocr_line' id='line_1_85' title="bbox 2175 3934 3825 4007; baseline -0.001 -16"><span class='ocrx_word' id='word_1_623' title='bbox 2175 3952 2336 4006; x_wconf 88' lang='lat' dir='ltr'>quem</span> <span class='ocrx_word' id='word_1_624' title='bbox 2356 3934 2652 3990; x_wconf 54' lang='lat' dir='ltr'>devoreti’b.</span> <span class='ocrx_word' id='word_1_625' title='bbox 2671 3937 2749 3989; x_wconf 87' lang='lat' dir='ltr'>Ac</span> <span class='ocrx_word' id='word_1_626' title='bbox 2773 3934 3176 4006; x_wconf 85' lang='lat' dir='ltr'>superioribus</span> <span class='ocrx_word' id='word_1_627' title='bbox 3200 3934 3439 4005; x_wconf 89' lang='lat' dir='ltr'>quidem</span> <span class='ocrx_word' id='word_1_628' title='bbox 3459 3937 3825 4007; x_wconf 88' lang='lat' dir='ltr'>temporibus</span> 
     </span>
    </p>
   </div>
   <div class='ocr_carea' id='block_1_85' title="bbox 2176 4023 3827 4108">
    <p class='ocr_par' dir='ltr' id='par_1_85' title="bbox 2176 4023 3827 4108">
     <span class='ocr_line' id='line_1_86' title="bbox 2176 4023 3827 4108; baseline 0.001 -28"><span class='ocrx_word' id='word_1_629' title='bbox 2176 4024 2496 4082; x_wconf 86' lang='lat' dir='ltr'>devorabat</span> <span class='ocrx_word' id='word_1_630' title='bbox 2520 4041 2678 4080; x_wconf 88' lang='lat' dir='ltr'>mors</span> <span class='ocrx_word' id='word_1_631' title='bbox 2705 4023 3347 4108; x_wconf 46' lang='lat' dir='ltr'>praevalenan’sancto</span> <span class='ocrx_word' id='word_1_632' title='bbox 3366 4041 3499 4079; x_wconf 91' lang='lat' dir='ltr'>vero</span> <span class='ocrx_word' id='word_1_633' title='bbox 3520 4041 3827 4097; x_wconf 88' lang='lat' dir='ltr'>regenera-</span> 
     </span>
    </p>
   </div>
   <div class='ocr_carea' id='block_1_86' title="bbox 2174 4112 3822 4184">
    <p class='ocr_par' dir='ltr' id='par_1_86' title="bbox 2174 4112 3822 4184">
     <span class='ocr_line' id='line_1_87' title="bbox 2174 4112 3822 4184; baseline -0.002 -11"><span class='ocrx_word' id='word_1_634' title='bbox 2174 4115 2352 4173; x_wconf 88' lang='lat' dir='ltr'>tionis</span> <span class='ocrx_word' id='word_1_635' title='bbox 2384 4115 2614 4169; x_wconf 88' lang='lat' dir='ltr'>lavacro</span> <span class='ocrx_word' id='word_1_636' title='bbox 2649 4112 2894 4168; x_wconf 89' lang='lat' dir='ltr'>abstulit</span> <span class='ocrx_word' id='word_1_637' title='bbox 2927 4114 3076 4168; x_wconf 87' lang='lat' dir='ltr'>Deus</span> <span class='ocrx_word' id='word_1_638' title='bbox 3109 4129 3349 4168; x_wconf 90' lang='lat' dir='ltr'>omnem</span> <span class='ocrx_word' id='word_1_639' title='bbox 3393 4113 3719 4184; x_wconf 90' lang='lat' dir='ltr'>lacrymam</span> <span class='ocrx_word' id='word_1_640' title='bbox 3749 4114 3822 4170; x_wconf 89' lang='lat' dir='ltr'>ab</span> 
     </span>
    </p>
   </div>
   <div class='ocr_carea' id='block_1_87' title="bbox 2191 4227 3819 4296">
    <p class='ocr_par' dir='ltr' id='par_1_87' title="bbox 2191 4227 3819 4296">
     <span class='ocr_line' id='line_1_88' title="bbox 2191 4227 3819 4296; baseline -0.001 -9"><span class='ocrx_word' id='word_1_641' title='bbox 2191 4232 2238 4268; x_wconf 78' lang='grc'>²⁹</span> <span class='ocrx_word' id='word_1_642' title='bbox 2273 4233 2407 4287; x_wconf 86' lang='lat' dir='ltr'>Luc.</span> <span class='ocrx_word' id='word_1_643' title='bbox 2439 4246 2514 4295; x_wconf 81' lang='lat' dir='ltr'>:x,</span> <span class='ocrx_word' id='word_1_644' title='bbox 2548 4233 2636 4286; x_wconf 91' lang='lat'>62.</span> <span class='ocrx_word' id='word_1_645' title='bbox 2713 4227 2761 4262; x_wconf 84' lang='grc' dir='ltr'>³ο</span> <span class='ocrx_word' id='word_1_646' title='bbox 2792 4232 2932 4285; x_wconf 91' lang='lat' dir='ltr'>Gen.</span> <span class='ocrx_word' id='word_1_647' title='bbox 2969 4246 3081 4296; x_wconf 70' lang='lat' dir='ltr'>xxx,</span> <span class='ocrx_word' id='word_1_648' title='bbox 3119 4233 3204 4285; x_wconf 83' lang='grc'>17.</span> <span class='ocrx_word' id='word_1_649' title='bbox 3281 4228 3326 4263; x_wconf 60' lang='grc'>³1</span> <span class='ocrx_word' id='word_1_650' title='bbox 3359 4231 3504 4285; x_wconf 89' lang='lat' dir='ltr'>Dan.</span> <span class='ocrx_word' id='word_1_651' title='bbox 3537 4247 3598 4296; x_wconf 91' lang='grc' dir='ltr'>ιι,</span> <span class='ocrx_word' id='word_1_652' title='bbox 3632 4232 3819 4286; x_wconf 58' lang='grc'><strong>3545.</strong></span> 
     </span>
    </p>
   </div>
   <div class='ocr_carea' id='block_1_88' title="bbox 409 4417 3808 4545">
    <p class='ocr_par' dir='ltr' id='par_1_88' title="bbox 409 4417 3808 4545">
     <span class='ocr_line' id='line_1_89' title="bbox 409 4417 3808 4545; baseline -0.001 -70"><span class='ocrx_word' id='word_1_653' title='bbox 409 4419 633 4495; x_wconf 85' lang='lat' dir='ltr'>gani,et</span> <span class='ocrx_word' id='word_1_654' title='bbox 647 4419 948 4491; x_wconf 85' lang='lat' dir='ltr'>paganicis</span> <span class='ocrx_word' id='word_1_655' title='bbox 963 4419 1702 4545; x_wconf 71' lang='lat' dir='ltr'>superstitionibusinfecti</span> <span class='ocrx_word' id='word_1_656' title='bbox 1717 4421 2060 4488; x_wconf 87' lang='lat' dir='ltr'>Christiani,</span> <span class='ocrx_word' id='word_1_657' title='bbox 2092 4425 2136 4488; x_wconf 87' lang='lat' dir='ltr'>D</span> <span class='ocrx_word' id='word_1_658' title='bbox 2169 4418 2335 4484; x_wconf 89' lang='lat' dir='ltr'>Quod</span> <span class='ocrx_word' id='word_1_659' title='bbox 2359 4422 2615 4474; x_wconf 87' lang='lat' dir='ltr'>statuam</span> <span class='ocrx_word' id='word_1_660' title='bbox 2644 4417 2784 4472; x_wconf 88' lang='lat' dir='ltr'>salis</span> <span class='ocrx_word' id='word_1_661' title='bbox 2804 4417 3015 4496; x_wconf 81' lang='lat' dir='ltr'>_ux0ris</span> <span class='ocrx_word' id='word_1_662' title='bbox 3040 4419 3144 4472; x_wconf 89' lang='lat' dir='ltr'>Lot</span> <span class='ocrx_word' id='word_1_663' title='bbox 3166 4417 3225 4471; x_wconf 89' lang='lat' dir='ltr'>in</span> <span class='ocrx_word' id='word_1_664' title='bbox 3257 4421 3609 4488; x_wconf 89' lang='lat' dir='ltr'>perpetuum</span> <span class='ocrx_word' id='word_1_665' title='bbox 3644 4418 3808 4473; x_wconf 89' lang='lat' dir='ltr'>colu-</span> 
     </span>
     <span class='ocr_line' id='line_1_90' title="bbox 409 4489 3808 4545; baseline -0.001 0"><span class='ocrx_word' id='word_1_666' title='bbox 409 4491 810 4545; x_wconf 86' lang='lat' dir='ltr'>amuletorum</span> <span class='ocrx_word' id='word_1_667' title='bbox 833 4496 892 4545; x_wconf 93' lang='lat' dir='ltr'>et</span> <span class='ocrx_word' id='word_1_668' title='bbox 913 4492 1029 4545; x_wconf 85' lang='lat' dir='ltr'>nhv</span> <span class='ocrx_word' id='word_1_669' title='bbox 1058 4492 1418 4545; x_wconf 88' lang='lat' dir='ltr'>acteriorum</span> <span class='ocrx_word' id='word_1_670' title='bbox 1441 4491 1570 4545; x_wconf 92' lang='lat' dir='ltr'>loco</span> <span class='ocrx_word' id='word_1_671' title='bbox 1593 4493 1715 4545; x_wconf 92' lang='lat' dir='ltr'>suis</span> <span class='ocrx_word' id='word_1_672' title='bbox 1737 4493 1827 4545; x_wconf 88' lang='lat' dir='ltr'>vel</span> <span class='ocrx_word' id='word_1_673' title='bbox 1849 4509 2060 4545; x_wconf 83' lang='lat' dir='ltr'>narvu-</span> <span class='ocrx_word' id='word_1_674' title='bbox 2169 4508 2323 4545; x_wconf 57' lang='lat' dir='ltr'>mna:</span> <span class='ocrx_word' id='word_1_675' title='bbox 2351 4491 2539 4544; x_wconf 87' lang='lat' dir='ltr'>instar</span> <span class='ocrx_word' id='word_1_676' title='bbox 2568 4494 2722 4544; x_wconf 87' lang='lat' dir='ltr'>stare</span> <span class='ocrx_word' id='word_1_677' title='bbox 2763 4495 2866 4545; x_wconf 80' lang='lat' dir='ltr'>ait.</span> <span class='ocrx_word' id='word_1_678' title='bbox 2921 4491 3332 4544; x_wconf 86' lang='lat' dir='ltr'>auctoritatem</span> <span class='ocrx_word' id='word_1_679' title='bbox 3375 4489 3593 4544; x_wconf 88' lang='lat' dir='ltr'>addere</span> <span class='ocrx_word' id='word_1_680' title='bbox 3625 4495 3808 4545; x_wconf 76' lang='lat' dir='ltr'>potest</span> 
     </span>
    </p>
   </div>
   <div class='ocr_carea' id='block_1_89' title="bbox 409 4491 2060 4564">
    <p class='ocr_par' dir='ltr' id='par_1_89' title="bbox 409 4491 2060 4564">
     <span class='ocr_line' id='line_1_91' title="bbox 409 4491 2060 4564; baseline 0.001 -17"><span class='ocrx_word' id='word_1_681' title='bbox 409 4491 810 4564; x_wconf 67' lang='lat' dir='ltr'>amuletorum</span> <span class='ocrx_word' id='word_1_682' title='bbox 833 4496 892 4546; x_wconf 94' lang='lat' dir='ltr'>et</span> <span class='ocrx_word' id='word_1_683' title='bbox 913 4491 1418 4564; x_wconf 82' lang='lat' dir='ltr'>phylacteriorum</span> <span class='ocrx_word' id='word_1_684' title='bbox 1441 4491 1570 4547; x_wconf 93' lang='lat' dir='ltr'>loco</span> <span class='ocrx_word' id='word_1_685' title='bbox 1593 4493 1715 4547; x_wconf 91' lang='lat' dir='ltr'>suis</span> <span class='ocrx_word' id='word_1_686' title='bbox 1737 4493 1827 4547; x_wconf 89' lang='lat' dir='ltr'>vel</span> <span class='ocrx_word' id='word_1_687' title='bbox 1849 4509 2060 4564; x_wconf 87' lang='lat' dir='ltr'>parvu-</span> 
     </span>
    </p>
   </div>
   <div class='ocr_carea' id='block_1_90' title="bbox 408 4562 2061 4635">
    <p class='ocr_par' dir='ltr' id='par_1_90' title="bbox 408 4562 2061 4635">
     <span class='ocr_line' id='line_1_92' title="bbox 408 4562 2061 4635; baseline 0.001 -17"><span class='ocrx_word' id='word_1_688' title='bbox 408 4562 605 4620; x_wconf 91' lang='lat' dir='ltr'>lorum</span> <span class='ocrx_word' id='word_1_689' title='bbox 631 4562 801 4618; x_wconf 88' lang='lat' dir='ltr'>collis</span> <span class='ocrx_word' id='word_1_690' title='bbox 828 4562 1294 4635; x_wconf 85' lang='lat' dir='ltr'>suspendebant.</span> <span class='ocrx_word' id='word_1_691' title='bbox 1337 4565 1552 4618; x_wconf 88' lang='lat' dir='ltr'>Earum</span> <span class='ocrx_word' id='word_1_692' title='bbox 1584 4564 1805 4620; x_wconf 90' lang='lat' dir='ltr'>multas</span> <span class='ocrx_word' id='word_1_693' title='bbox 1835 4562 2061 4635; x_wconf 74' lang='lat' dir='ltr'>reprae-</span> 
     </span>
    </p>
   </div>
   <div class='ocr_carea' id='block_1_91' title="bbox 411 4635 2055 4707">
    <p class='ocr_par' dir='ltr' id='par_1_91' title="bbox 411 4635 2055 4707">
     <span class='ocr_line' id='line_1_93' title="bbox 411 4635 2055 4707; baseline 0 -17"><span class='ocrx_word' id='word_1_694' title='bbox 411 4639 606 4707; x_wconf 81' lang='lat' dir='ltr'>sentat</span> <span class='ocrx_word' id='word_1_695' title='bbox 634 4639 838 4707; x_wconf 88' lang='lat' dir='ltr'>noster</span> <span class='ocrx_word' id='word_1_696' title='bbox 872 4635 940 4690; x_wconf 92' lang='lat' dir='ltr'>D.</span> <span class='ocrx_word' id='word_1_697' title='bbox 970 4635 1141 4707; x_wconf 75' lang='lat' dir='ltr'>Bern.</span> <span class='ocrx_word' id='word_1_698' title='bbox 1177 4635 1248 4690; x_wconf 92' lang='lat' dir='ltr'>de</span> <span class='ocrx_word' id='word_1_699' title='bbox 1288 4635 1686 4707; x_wconf 81' lang='lat' dir='ltr'>Montfaucon,</span> <span class='ocrx_word' id='word_1_700' title='bbox 1719 4636 2055 4707; x_wconf 69' lang='lat' dir='ltr'>«Antiqui-</span> 
     </span>
    </p>
   </div>
   <div class='ocr_carea' id='block_1_92' title="bbox 409 4705 1949 4779">
    <p class='ocr_par' dir='ltr' id='par_1_92' title="bbox 409 4705 1949 4779">
     <span class='ocr_line' id='line_1_94' title="bbox 409 4705 1949 4779; baseline 0.003 -22"><span class='ocrx_word' id='word_1_701' title='bbox 409 4728 440 4758; x_wconf 72' lang='grc' dir='ltr'>(ι</span> <span class='ocrx_word' id='word_1_702' title='bbox 474 4705 611 4779; x_wconf 86' lang='lat' dir='ltr'>tatis</span> <span class='ocrx_word' id='word_1_703' title='bbox 641 4706 700 4760; x_wconf 92' lang='lat' dir='ltr'>in</span> <span class='ocrx_word' id='word_1_704' title='bbox 735 4706 938 4779; x_wconf 80' lang='lat' dir='ltr'>tigu_ris</span> <span class='ocrx_word' id='word_1_705' title='bbox 969 4706 1244 4762; x_wconf 64' lang='lat' dir='ltr'>exhibitas</span> <span class='ocrx_word' id='word_1_706' title='bbox 1278 4712 1335 4761; x_wconf 92' lang='lat' dir='ltr'>et</span> <span class='ocrx_word' id='word_1_707' title='bbox 1365 4706 1670 4778; x_wconf 67' lang='lat' dir='ltr'>explicataa</span> <span class='ocrx_word' id='word_1_708' title='bbox 1700 4729 1726 4756; x_wconf 86' lang='grc'>››</span> <span class='ocrx_word' id='word_1_709' title='bbox 1759 4706 1863 4762; x_wconf 91' lang='lat' dir='ltr'>lib.</span> <span class='ocrx_word' id='word_1_710' title='bbox 1893 4705 1949 4761; x_wconf 67' lang='grc' dir='ltr'>ιιζ</span> 
     </span>
    </p>
   </div>
   <div class='ocr_carea' id='block_1_93' title="bbox 479 4774 2058 4850">
    <p class='ocr_par' dir='ltr' id='par_1_93' title="bbox 479 4774 2058 4850">
     <span class='ocr_line' id='line_1_95' title="bbox 479 4774 2058 4850; baseline 0.002 -19"><span class='ocrx_word' id='word_1_711' title='bbox 479 4778 556 4848; x_wconf 82' lang='grc'>(1)</span> <span class='ocrx_word' id='word_1_712' title='bbox 591 4779 763 4850; x_wconf 75' lang='grc' dir='ltr'>Φεῦγε</span> <span class='ocrx_word' id='word_1_713' title='bbox 781 4774 902 4850; x_wconf 76' lang='grc' dir='ltr'>ὀὖν</span> <span class='ocrx_word' id='word_1_714' title='bbox 950 4781 1138 4833; x_wconf 90' lang='grc' dir='ltr'>ταῦτα.</span> <span class='ocrx_word' id='word_1_715' title='bbox 1201 4780 1361 4850; x_wconf 64' lang='lat' dir='ltr'>Hinc</span> <span class='ocrx_word' id='word_1_716' title='bbox 1393 4774 1456 4833; x_wconf 77' lang='lat' dir='ltr'>et</span> <span class='ocrx_word' id='word_1_717' title='bbox 1503 4780 1836 4849; x_wconf 89' lang='lat' dir='ltr'>sequentia,</span> <span class='ocrx_word' id='word_1_718' title='bbox 1869 4796 2058 4850; x_wconf 91' lang='lat' dir='ltr'>usque</span> 
     </span>
    </p>
   </div>
   <div class='ocr_carea' id='block_1_94' title="bbox 407 4846 2059 4922">
    <p class='ocr_par' dir='ltr' id='par_1_94' title="bbox 407 4846 2059 4922">
     <span class='ocr_line' id='line_1_96' title="bbox 407 4846 2059 4922; baseline 0.001 -18"><span class='ocrx_word' id='word_1_719' title='bbox 407 4846 606 4922; x_wconf 47' lang='lat' dir='ltr'>adepti</span> <span class='ocrx_word' id='word_1_720' title='bbox 641 4846 763 4922; x_wconf 75' lang='grc' dir='ltr'>βίου</span> <span class='ocrx_word' id='word_1_721' title='bbox 791 4846 996 4922; x_wconf 80' lang='grc' dir='ltr'>τούτου</span> <span class='ocrx_word' id='word_1_722' title='bbox 1018 4850 1214 4922; x_wconf 77' lang='grc' dir='ltr'>πρᾶξιν</span> <span class='ocrx_word' id='word_1_723' title='bbox 1248 4849 1390 4906; x_wconf 90' lang='lat' dir='ltr'>incl.</span> <span class='ocrx_word' id='word_1_724' title='bbox 1424 4846 1682 4906; x_wconf 76' lang='lat' dir='ltr'>citantur</span> <span class='ocrx_word' id='word_1_725' title='bbox 1711 4851 1784 4906; x_wconf 88' lang='lat' dir='ltr'>ab</span> <span class='ocrx_word' id='word_1_726' title='bbox 1816 4846 2059 4906; x_wconf 78' lang='lat' dir='ltr'>Anasta-</span> 
     </span>
    </p>
   </div>
   <div class='ocr_carea' id='block_1_95' title="bbox 409 4920 2056 4994">
    <p class='ocr_par' dir='ltr' id='par_1_95' title="bbox 409 4920 2056 4994">
     <span class='ocr_line' id='line_1_97' title="bbox 409 4920 2056 4994; baseline 0.002 -19"><span class='ocrx_word' id='word_1_727' title='bbox 409 4920 496 4976; x_wconf 87' lang='lat' dir='ltr'>sio</span> <span class='ocrx_word' id='word_1_728' title='bbox 529 4920 772 4989; x_wconf 86' lang='lat' dir='ltr'>Sinaita,</span> <span class='ocrx_word' id='word_1_729' title='bbox 805 4920 897 4976; x_wconf 91' lang='lat' dir='ltr'>vel</span> <span class='ocrx_word' id='word_1_730' title='bbox 928 4920 1198 4994; x_wconf 84' lang='lat' dir='ltr'>quisquis</span> <span class='ocrx_word' id='word_1_731' title='bbox 1229 4922 1382 4994; x_wconf 88' lang='lat' dir='ltr'>alius</span> <span class='ocrx_word' id='word_1_732' title='bbox 1422 4929 1627 4978; x_wconf 86' lang='lat' dir='ltr'>auctor</span> <span class='ocrx_word' id='word_1_733' title='bbox 1657 4929 1747 4978; x_wconf 91' lang='lat' dir='ltr'>est</span> <span class='ocrx_word' id='word_1_734' title='bbox 1777 4923 2056 4994; x_wconf 59' lang='lat' dir='ltr'>quastio-</span> 
     </span>
    </p>
   </div>
   <div class='ocr_carea' id='block_1_96' title="bbox 406 4993 2058 5064">
    <p class='ocr_par' dir='ltr' id='par_1_96' title="bbox 406 4993 2058 5064">
     <span class='ocr_line' id='line_1_98' title="bbox 406 4993 2058 5064; baseline -0.001 -16"><span class='ocrx_word' id='word_1_735' title='bbox 406 5007 552 5064; x_wconf 87' lang='lat' dir='ltr'>num</span> <span class='ocrx_word' id='word_1_736' title='bbox 580 4995 708 5064; x_wconf 69' lang='grc'>154,</span> <span class='ocrx_word' id='word_1_737' title='bbox 743 4993 959 5064; x_wconf 68' lang='lat' dir='ltr'>quaest.</span> <span class='ocrx_word' id='word_1_738' title='bbox 992 4995 1046 5060; x_wconf 89' lang='lat'>3,</span> <span class='ocrx_word' id='word_1_739' title='bbox 1079 4993 1181 5048; x_wconf 88' lang='lat' dir='ltr'>sed</span> <span class='ocrx_word' id='word_1_740' title='bbox 1230 4993 1360 5048; x_wconf 90' lang='lat' dir='ltr'>loco</span> <span class='ocrx_word' id='word_1_741' title='bbox 1407 4995 1573 5046; x_wconf 87' lang='grc' dir='ltr'>ταῦτα</span> <span class='ocrx_word' id='word_1_742' title='bbox 1602 4993 1827 5061; x_wconf 82' lang='lat' dir='ltr'>scribit,</span> <span class='ocrx_word' id='word_1_743' title='bbox 1859 4993 1925 5048; x_wconf 77' lang='grc' dir='ltr'>τὰ</span> <span class='ocrx_word' id='word_1_744' title='bbox 1954 5013 2058 5047; x_wconf 91' lang='grc' dir='ltr'>πο-</span> 
     </span>
    </p>
   </div>
   <div class='ocr_carea' id='block_1_97' title="bbox 407 5057 724 5137">
    <p class='ocr_par' dir='ltr' id='par_1_97' title="bbox 407 5057 724 5137">
     <span class='ocr_line' id='line_1_99' title="bbox 407 5057 724 5137; baseline 0 -20"><span class='ocrx_word' id='word_1_745' title='bbox 407 5062 550 5137; x_wconf 76' lang='grc' dir='ltr'>νηρὰ</span> <span class='ocrx_word' id='word_1_746' title='bbox 578 5057 724 5137; x_wconf 78' lang='grc' dir='ltr'>ἔργα.</span> 
     </span>
    </p>
   </div>
   <div class='ocr_carea' id='block_1_98' title="bbox 481 5134 1253 5208">
    <p class='ocr_par' dir='ltr' id='par_1_98' title="bbox 481 5134 1253 5208">
     <span class='ocr_line' id='line_1_100' title="bbox 481 5134 1253 5208; baseline -0.003 -18"><span class='ocrx_word' id='word_1_747' title='bbox 481 5136 558 5202; x_wconf 84' lang='grc'>(2)</span> <span class='ocrx_word' id='word_1_748' title='bbox 609 5134 1004 5208; x_wconf 36' lang='grc' dir='ltr'>Πειρασθήσῃ.-</span> <span class='ocrx_word' id='word_1_749' title='bbox 1033 5205 1046 5208; x_wconf 93' lang='lat'><em>_</em></span> <span class='ocrx_word' id='word_1_750' title='bbox 1079 5135 1253 5203; x_wconf 86' lang='lat' dir='ltr'>Editi,</span> 
     </span>
    </p>
   </div>
   <div class='ocr_carea' id='block_1_99' title="bbox 407 5204 2055 5272">
    <p class='ocr_par' dir='ltr' id='par_1_99' title="bbox 407 5204 2055 5272">
     <span class='ocr_line' id='line_1_101' title="bbox 407 5204 2055 5272; baseline -0.001 -9"><span class='ocrx_word' id='word_1_751' title='bbox 407 5204 772 5263; x_wconf 85' lang='lat' dir='ltr'>correximus</span> <span class='ocrx_word' id='word_1_752' title='bbox 798 5224 870 5263; x_wconf 86' lang='lat' dir='ltr'>ex</span> <span class='ocrx_word' id='word_1_753' title='bbox 899 5204 1073 5261; x_wconf 83' lang='lat' dir='ltr'>codd.</span> <span class='ocrx_word' id='word_1_754' title='bbox 1129 5223 1297 5272; x_wconf 91' lang='lat' dir='ltr'>mss.,</span> <span class='ocrx_word' id='word_1_755' title='bbox 1331 5204 1642 5261; x_wconf 90' lang='lat' dir='ltr'>scribendo</span> <span class='ocrx_word' id='word_1_756' title='bbox 1669 5204 1738 5262; x_wconf 80' lang='lat' dir='ltr'>ut</span> <span class='ocrx_word' id='word_1_757' title='bbox 1768 5208 1922 5262; x_wconf 81' lang='lat' dir='ltr'>infra</span> <span class='ocrx_word' id='word_1_758' title='bbox 1952 5209 2055 5262; x_wconf 88' lang='lat' dir='ltr'>ha-</span> 
     </span>
    </p>
   </div>
   <div class='ocr_carea' id='block_1_100' title="bbox 406 5273 1698 5348">
    <p class='ocr_par' dir='ltr' id='par_1_100' title="bbox 406 5273 1698 5348">
     <span class='ocr_line' id='line_1_102' title="bbox 406 5273 1698 5348; baseline -0.005 -14"><span class='ocrx_word' id='word_1_759' title='bbox 406 5277 581 5334; x_wconf 85' lang='lat' dir='ltr'>betur</span> <span class='ocrx_word' id='word_1_760' title='bbox 610 5279 672 5348; x_wconf 77' lang='lat' dir='ltr'>in</span> <span class='ocrx_word' id='word_1_761' title='bbox 701 5279 793 5348; x_wconf 79' lang='lat' dir='ltr'>his</span> <span class='ocrx_word' id='word_1_762' title='bbox 822 5276 1034 5345; x_wconf 84' lang='lat' dir='ltr'>verbis,</span> <span class='ocrx_word' id='word_1_763' title='bbox 1064 5273 1315 5329; x_wconf 83' lang='grc' dir='ltr'>κάκείνου</span> <span class='ocrx_word' id='word_1_764' title='bbox 1344 5279 1698 5348; x_wconf 83' lang='grc' dir='ltr'>πειρασθήσῃ,</span> 
     </span>
    </p>
   </div>
   <div class='ocr_carea' id='block_1_101' title="bbox 475 5346 2057 5422">
    <p class='ocr_par' dir='ltr' id='par_1_101' title="bbox 475 5346 2057 5422">
     <span class='ocr_line' id='line_1_103' title="bbox 475 5346 2057 5422; baseline -0.001 -17"><span class='ocrx_word' id='word_1_765' title='bbox 475 5347 718 5422; x_wconf 14' lang='grc' dir='ltr'>(θὶγΟὐκ</span> <span class='ocrx_word' id='word_1_766' title='bbox 765 5346 1020 5422; x_wconf 63' lang='grc' dir='ltr'>ἤκουσας.</span> <span class='ocrx_word' id='word_1_767' title='bbox 1073 5349 1207 5403; x_wconf 64' lang='lat' dir='ltr'>Haec</span> <span class='ocrx_word' id='word_1_768' title='bbox 1235 5346 1596 5422; x_wconf 66' lang='lat' dir='ltr'>Anastasius</span> <span class='ocrx_word' id='word_1_769' title='bbox 1650 5346 1838 5422; x_wconf 80' lang='lat' dir='ltr'>magis</span> <span class='ocrx_word' id='word_1_770' title='bbox 1892 5365 2057 5422; x_wconf 47' lang='lat' dir='ltr'>comf-</span> 
     </span>
    </p>
   </div>
   <div class='ocr_carea' id='block_1_102' title="bbox 405 5415 2054 5494">
    <p class='ocr_par' dir='ltr' id='par_1_102' title="bbox 405 5415 2054 5494">
     <span class='ocr_line' id='line_1_104' title="bbox 405 5415 2054 5494; baseline -0.002 -18"><span class='ocrx_word' id='word_1_771' title='bbox 405 5415 694 5494; x_wconf 77' lang='lat' dir='ltr'>pendiose</span> <span class='ocrx_word' id='word_1_772' title='bbox 721 5437 734 5494; x_wconf 74' lang='grc' dir='ltr'><strong><em>ς</em></strong></span> <span class='ocrx_word' id='word_1_773' title='bbox 768 5415 882 5478; x_wconf 86' lang='grc' dir='ltr'>Ούκ</span> <span class='ocrx_word' id='word_1_774' title='bbox 909 5415 1149 5494; x_wconf 59' lang='grc' dir='ltr'>ἤκρυσας</span> <span class='ocrx_word' id='word_1_775' title='bbox 1173 5421 1296 5494; x_wconf 32' lang='grc' dir='ltr'>,πῶς</span> <span class='ocrx_word' id='word_1_776' title='bbox 1319 5418 1346 5472; x_wconf 87' lang='grc' dir='ltr'>ὁ</span> <span class='ocrx_word' id='word_1_777' title='bbox 1369 5417 1492 5471; x_wconf 85' lang='grc' dir='ltr'>Λὼτ</span> <span class='ocrx_word' id='word_1_778' title='bbox 1519 5417 1613 5494; x_wconf 50' lang='grc' dir='ltr'>μὲν</span> <span class='ocrx_word' id='word_1_779' title='bbox 1634 5415 2054 5494; x_wconf 62' lang='grc' dir='ltr'>σέσωσταιμετά</span> 
     </span>
    </p>
   </div>
   <div class='ocr_carea' id='block_1_103' title="bbox 404 5486 2052 5564">
    <p class='ocr_par' dir='ltr' id='par_1_103' title="bbox 404 5486 2052 5564">
     <span class='ocr_line' id='line_1_105' title="bbox 404 5486 2052 5564; baseline -0.001 -19"><span class='ocrx_word' id='word_1_780' title='bbox 404 5486 516 5545; x_wconf 68' lang='grc' dir='ltr'>τῶν</span> <span class='ocrx_word' id='word_1_781' title='bbox 541 5490 872 5563; x_wconf 82' lang='grc' dir='ltr'>θυγατέρων·</span> <span class='ocrx_word' id='word_1_782' title='bbox 906 5491 941 5557; x_wconf 79' lang='grc' dir='ltr'><strong>ἡ</strong></span> <span class='ocrx_word' id='word_1_783' title='bbox 976 5487 1032 5564; x_wconf 67' lang='grc' dir='ltr'>δέ</span> <span class='ocrx_word' id='word_1_784' title='bbox 1058 5489 1416 5564; x_wconf 20' lang='grc' dir='ltr'>γυνήᾐγέγονε</span> <span class='ocrx_word' id='word_1_785' title='bbox 1447 5486 1623 5564; x_wconf 79' lang='grc' dir='ltr'>στήλη</span> <span class='ocrx_word' id='word_1_786' title='bbox 1658 5487 1810 5558; x_wconf 81' lang='grc' dir='ltr'>ἁλὸς,</span> <span class='ocrx_word' id='word_1_787' title='bbox 1839 5486 2052 5564; x_wconf 13' lang='grc' dir='ltr'>διᾷίτὴν</span> 
     </span>
    </p>
   </div>
   <div class='ocr_carea' id='block_1_104' title="bbox 407 5560 2053 5634">
    <p class='ocr_par' dir='ltr' id='par_1_104' title="bbox 407 5560 2053 5634">
     <span class='ocr_line' id='line_1_106' title="bbox 407 5560 2053 5634; baseline 0 -17"><span class='ocrx_word' id='word_1_788' title='bbox 407 5565 511 5630; x_wconf 79' lang='grc' dir='ltr'>τῆς</span> <span class='ocrx_word' id='word_1_789' title='bbox 542 5560 782 5634; x_wconf 77' lang='grc' dir='ltr'>πονηρᾶς</span> <span class='ocrx_word' id='word_1_790' title='bbox 805 5560 1174 5634; x_wconf 79' lang='grc' dir='ltr'>προαιρέσεως</span> <span class='ocrx_word' id='word_1_791' title='bbox 1203 5560 1551 5634; x_wconf 72' lang='grc' dir='ltr'>ὑποστροφήν</span> <span class='ocrx_word' id='word_1_792' title='bbox 1574 5581 1587 5628; x_wconf 90' lang='grc'>;</span> <span class='ocrx_word' id='word_1_793' title='bbox 1613 5584 1641 5612; x_wconf 94' lang='grc'><strong>‹‹</strong></span> <span class='ocrx_word' id='word_1_794' title='bbox 1667 5564 1790 5634; x_wconf 85' lang='lat' dir='ltr'>Non</span> <span class='ocrx_word' id='word_1_795' title='bbox 1813 5563 2053 5628; x_wconf 85' lang='lat' dir='ltr'>audisti,</span> 
     </span>
    </p>
   </div>
   <div class='ocr_carea' id='block_1_105' title="bbox 410 5633 2053 5707">
    <p class='ocr_par' dir='ltr' id='par_1_105' title="bbox 410 5633 2053 5707">
     <span class='ocr_line' id='line_1_107' title="bbox 410 5633 2053 5707; baseline 0.002 -21"><span class='ocrx_word' id='word_1_796' title='bbox 410 5657 438 5686; x_wconf 87' lang='grc'><em>‹‹</em></span> <span class='ocrx_word' id='word_1_797' title='bbox 455 5633 962 5707; x_wconf 79' lang='lat' dir='ltr'>quemadmodum</span> <span class='ocrx_word' id='word_1_798' title='bbox 978 5633 1082 5688; x_wconf 88' lang='lat' dir='ltr'>Lot</span> <span class='ocrx_word' id='word_1_799' title='bbox 1103 5633 1516 5707; x_wconf 83' lang='lat' dir='ltr'>equidemipse</span> <span class='ocrx_word' id='word_1_800' title='bbox 1531 5651 1664 5707; x_wconf 81' lang='lat' dir='ltr'>cum</span> <span class='ocrx_word' id='word_1_801' title='bbox 1682 5633 1916 5707; x_wconf 84' lang='lat' dir='ltr'>ﬁliabus</span> <span class='ocrx_word' id='word_1_802' title='bbox 1935 5635 2053 5690; x_wconf 91' lang='lat' dir='ltr'>sal-</span> 
     </span>
    </p>
   </div>
   <div class='ocr_carea' id='block_1_106' title="bbox 409 5705 2048 5779">
    <p class='ocr_par' dir='ltr' id='par_1_106' title="bbox 409 5705 2048 5779">
     <span class='ocr_line' id='line_1_108' title="bbox 409 5705 2048 5779; baseline 0.002 -20"><span class='ocrx_word' id='word_1_803' title='bbox 409 5729 441 5759; x_wconf 83' lang='lat'><strong>«</strong></span> <span class='ocrx_word' id='word_1_804' title='bbox 462 5705 566 5761; x_wconf 72' lang='lat' dir='ltr'>vus</span> <span class='ocrx_word' id='word_1_805' title='bbox 584 5705 788 5777; x_wconf 85' lang='lat' dir='ltr'>evasit,</span> <span class='ocrx_word' id='word_1_806' title='bbox 810 5705 1029 5761; x_wconf 91' lang='lat' dir='ltr'>mulier</span> <span class='ocrx_word' id='word_1_807' title='bbox 1043 5721 1180 5761; x_wconf 91' lang='lat' dir='ltr'>vero</span> <span class='ocrx_word' id='word_1_808' title='bbox 1202 5705 1251 5779; x_wconf 84' lang='lat' dir='ltr'>ej</span> <span class='ocrx_word' id='word_1_809' title='bbox 1263 5723 1330 5761; x_wconf 89' lang='lat' dir='ltr'>us</span> <span class='ocrx_word' id='word_1_810' title='bbox 1349 5711 1542 5779; x_wconf 78' lang='lat' dir='ltr'>statua</span> <span class='ocrx_word' id='word_1_811' title='bbox 1559 5706 1701 5761; x_wconf 90' lang='lat' dir='ltr'>salis</span> <span class='ocrx_word' id='word_1_812' title='bbox 1717 5706 1928 5779; x_wconf 75' lang='lat' dir='ltr'>effecta</span> <span class='ocrx_word' id='word_1_813' title='bbox 1940 5712 2048 5779; x_wconf 80' lang='lat' dir='ltr'>est,</span> 
     </span>
    </p>
   </div>
   <div class='ocr_carea' id='block_1_107' title="bbox 409 5777 2047 5854">
    <p class='ocr_par' dir='ltr' id='par_1_107' title="bbox 409 5777 2047 5854">
     <span class='ocr_line' id='line_1_109' title="bbox 409 5777 2047 5854; baseline -0.001 -23"><span class='ocrx_word' id='word_1_814' title='bbox 409 5801 442 5831; x_wconf 77' lang='grc' dir='ltr'>α</span> <span class='ocrx_word' id='word_1_815' title='bbox 473 5783 716 5854; x_wconf 85' lang='lat' dir='ltr'>propter</span> <span class='ocrx_word' id='word_1_816' title='bbox 737 5794 905 5835; x_wconf 84' lang='lat' dir='ltr'>suam</span> <span class='ocrx_word' id='word_1_817' title='bbox 929 5793 998 5833; x_wconf 89' lang='lat' dir='ltr'>ex</span> <span class='ocrx_word' id='word_1_818' title='bbox 1027 5793 1203 5850; x_wconf 85' lang='lat' dir='ltr'>pravo</span> <span class='ocrx_word' id='word_1_819' title='bbox 1226 5777 1472 5835; x_wconf 83' lang='lat' dir='ltr'>consilio</span> <span class='ocrx_word' id='word_1_820' title='bbox 1495 5778 1943 5834; x_wconf 86' lang='lat' dir='ltr'>conversionem</span> <span class='ocrx_word' id='word_1_821' title='bbox 1963 5778 1991 5834; x_wconf 88' lang='lat'><strong>?</strong></span> <span class='ocrx_word' id='word_1_822' title='bbox 2021 5803 2047 5830; x_wconf 84' lang='grc'><strong><em>››</em></strong></span> 
     </span>
    </p>
   </div>
   <div class='ocr_carea' id='block_1_108' title="bbox 1349 5133 2056 5209">
    <p class='ocr_par' dir='ltr' id='par_1_108' title="bbox 1349 5133 2056 5209">
     <span class='ocr_line' id='line_1_110' title="bbox 1349 5133 2056 5209; baseline 0.008 -23"><span class='ocrx_word' id='word_1_823' title='bbox 1349 5133 1718 5209; x_wconf 76' lang='grc' dir='ltr'>πειρασθείσῃ.</span> <span class='ocrx_word' id='word_1_824' title='bbox 1772 5136 2056 5209; x_wconf 83' lang='lat' dir='ltr'>Mende</span> 
     </span>
    </p>
   </div>
   <div class='ocr_carea' id='block_1_109' title="bbox 2169 4489 3821 4560">
    <p class='ocr_par' dir='ltr' id='par_1_109' title="bbox 2169 4489 3821 4560">
     <span class='ocr_line' id='line_1_111' title="bbox 2169 4489 3821 4560; baseline -0.002 -13"><span class='ocrx_word' id='word_1_825' title='bbox 2169 4508 2323 4547; x_wconf 67' lang='lat' dir='ltr'>mnai</span> <span class='ocrx_word' id='word_1_826' title='bbox 2351 4491 2539 4544; x_wconf 87' lang='lat' dir='ltr'>instar</span> <span class='ocrx_word' id='word_1_827' title='bbox 2568 4494 2722 4544; x_wconf 87' lang='lat' dir='ltr'>stare</span> <span class='ocrx_word' id='word_1_828' title='bbox 2763 4489 2866 4551; x_wconf 90' lang='lat' dir='ltr'>ait,</span> <span class='ocrx_word' id='word_1_829' title='bbox 2921 4491 3332 4544; x_wconf 88' lang='lat' dir='ltr'>auctoritatem</span> <span class='ocrx_word' id='word_1_830' title='bbox 3375 4489 3593 4544; x_wconf 88' lang='lat' dir='ltr'>addere</span> <span class='ocrx_word' id='word_1_831' title='bbox 3625 4495 3821 4560; x_wconf 81' lang='lat' dir='ltr'>potest</span> 
     </span>
    </p>
   </div>
   <div class='ocr_carea' id='block_1_110' title="bbox 2170 4561 3816 4632">
    <p class='ocr_par' dir='ltr' id='par_1_110' title="bbox 2170 4561 3816 4632">
     <span class='ocr_line' id='line_1_112' title="bbox 2170 4561 3816 4632; baseline -0.001 -15"><span class='ocrx_word' id='word_1_832' title='bbox 2170 4561 2510 4618; x_wconf 88' lang='lat' dir='ltr'>testimonio</span> <span class='ocrx_word' id='word_1_833' title='bbox 2543 4561 2865 4615; x_wconf 91' lang='lat' dir='ltr'>multorum</span> <span class='ocrx_word' id='word_1_834' title='bbox 2893 4562 3154 4626; x_wconf 86' lang='lat' dir='ltr'>Patrum,</span> <span class='ocrx_word' id='word_1_835' title='bbox 3180 4566 3305 4615; x_wconf 86' lang='lat' dir='ltr'>tum</span> <span class='ocrx_word' id='word_1_836' title='bbox 3337 4561 3816 4632; x_wconf 89' lang='lat' dir='ltr'>superioris,tum</span> 
     </span>
    </p>
   </div>
   <div class='ocr_carea' id='block_1_111' title="bbox 2171 4632 3816 4705">
    <p class='ocr_par' dir='ltr' id='par_1_111' title="bbox 2171 4632 3816 4705">
     <span class='ocr_line' id='line_1_113' title="bbox 2171 4632 3816 4705; baseline -0.001 -16"><span class='ocrx_word' id='word_1_837' title='bbox 2171 4634 2496 4705; x_wconf 85' lang='lat' dir='ltr'>hujus,qua</span> <span class='ocrx_word' id='word_1_838' title='bbox 2517 4632 2770 4703; x_wconf 90' lang='lat' dir='ltr'>Cyrillus</span> <span class='ocrx_word' id='word_1_839' title='bbox 2794 4632 3397 4705; x_wconf 68' lang='lat' dir='ltr'>scribebat,a3tatis,et</span> <span class='ocrx_word' id='word_1_840' title='bbox 3419 4633 3816 4703; x_wconf 89' lang='lat' dir='ltr'>posteriorum</span> 
     </span>
    </p>
   </div>
   <div class='ocr_carea' id='block_1_112' title="bbox 2171 4703 3814 4776">
    <p class='ocr_par' dir='ltr' id='par_1_112' title="bbox 2171 4703 3814 4776">
     <span class='ocr_line' id='line_1_114' title="bbox 2171 4703 3814 4776; baseline -0.001 -14"><span class='ocrx_word' id='word_1_841' title='bbox 2171 4703 2495 4776; x_wconf 80' lang='lat' dir='ltr'>etiam,quo</span> <span class='ocrx_word' id='word_1_842' title='bbox 2519 4709 2774 4758; x_wconf 88' lang='lat' dir='ltr'>statuam</span> <span class='ocrx_word' id='word_1_843' title='bbox 2799 4703 2950 4776; x_wconf 82' lang='lat' dir='ltr'>hanc</span> <span class='ocrx_word' id='word_1_844' title='bbox 2974 4703 3046 4757; x_wconf 83' lang='lat' dir='ltr'>ad</span> <span class='ocrx_word' id='word_1_845' title='bbox 3071 4720 3175 4758; x_wconf 88' lang='lat' dir='ltr'>sua</span> <span class='ocrx_word' id='word_1_846' title='bbox 3207 4711 3472 4776; x_wconf 89' lang='lat' dir='ltr'>tempora</span> <span class='ocrx_word' id='word_1_847' title='bbox 3501 4720 3814 4761; x_wconf 89' lang='lat' dir='ltr'>conserva-</span> 
     </span>
    </p>
   </div>
   <div class='ocr_carea' id='block_1_113' title="bbox 2172 4775 3814 4832">
    <p class='ocr_par' dir='ltr' id='par_1_113' title="bbox 2172 4775 3814 4832">
     <span class='ocr_line' id='line_1_115' title="bbox 2172 4775 3814 4832; baseline -0.001 0"><span class='ocrx_word' id='word_1_848' title='bbox 2172 4782 2290 4832; x_wconf 89' lang='lat' dir='ltr'>tam</span> <span class='ocrx_word' id='word_1_849' title='bbox 2321 4775 2514 4831; x_wconf 81' lang='lat' dir='ltr'>adhuc</span> <span class='ocrx_word' id='word_1_850' title='bbox 2559 4781 2713 4829; x_wconf 90' lang='lat' dir='ltr'>stare</span> <span class='ocrx_word' id='word_1_851' title='bbox 2754 4775 3038 4829; x_wconf 87' lang='lat' dir='ltr'>referunt.</span> <span class='ocrx_word' id='word_1_852' title='bbox 3087 4776 3307 4829; x_wconf 87' lang='lat' dir='ltr'>Horum</span> <span class='ocrx_word' id='word_1_853' title='bbox 3342 4775 3526 4829; x_wconf 90' lang='lat' dir='ltr'>multa</span> <span class='ocrx_word' id='word_1_854' title='bbox 3555 4791 3814 4830; x_wconf 91' lang='lat' dir='ltr'>comme-</span> 
     </span>
    </p>
   </div>
   <div class='ocr_carea' id='block_1_114' title="bbox 2167 4846 3810 4917">
    <p class='ocr_par' dir='ltr' id='par_1_114' title="bbox 2167 4846 3810 4917">
     <span class='ocr_line' id='line_1_116' title="bbox 2167 4846 3810 4917; baseline 0.001 -14"><span class='ocrx_word' id='word_1_855' title='bbox 2167 4854 2362 4903; x_wconf 86' lang='lat' dir='ltr'>morat</span> <span class='ocrx_word' id='word_1_856' title='bbox 2390 4846 2715 4917; x_wconf 84' lang='lat' dir='ltr'>Cotelerius</span> <span class='ocrx_word' id='word_1_857' title='bbox 2746 4846 2820 4900; x_wconf 90' lang='lat' dir='ltr'>ad</span> <span class='ocrx_word' id='word_1_858' title='bbox 2850 4846 3168 4917; x_wconf 88' lang='lat' dir='ltr'>Clementis</span> <span class='ocrx_word' id='word_1_859' title='bbox 3200 4849 3364 4901; x_wconf 84' lang='lat' dir='ltr'>Rom.</span> <span class='ocrx_word' id='word_1_860' title='bbox 3401 4846 3635 4917; x_wconf 88' lang='lat' dir='ltr'>epistol.</span> <span class='ocrx_word' id='word_1_861' title='bbox 3667 4851 3719 4914; x_wconf 91' lang='grc'>1,</span> <span class='ocrx_word' id='word_1_862' title='bbox 3750 4864 3810 4904; x_wconf 83' lang='grc' dir='ltr'>ιι.</span> 
     </span>
    </p>
   </div>
   <div class='ocr_carea' id='block_1_115' title="bbox 2171 4915 3808 4991">
    <p class='ocr_par' dir='ltr' id='par_1_115' title="bbox 2171 4915 3808 4991">
     <span class='ocr_line' id='line_1_117' title="bbox 2171 4915 3808 4991; baseline -0.001 -16"><span class='ocrx_word' id='word_1_863' title='bbox 2171 4923 2255 4976; x_wconf 88' lang='lat' dir='ltr'>ll.</span> <span class='ocrx_word' id='word_1_864' title='bbox 2291 4921 2438 4991; x_wconf 87' lang='lat' dir='ltr'>Loco</span> <span class='ocrx_word' id='word_1_865' title='bbox 2498 4915 2760 4991; x_wconf 71' lang='grc' dir='ltr'>στρέφων,</span> <span class='ocrx_word' id='word_1_866' title='bbox 2821 4923 2955 4983; x_wconf 89' lang='lat' dir='ltr'>etc.,</span> <span class='ocrx_word' id='word_1_867' title='bbox 3010 4916 3218 4991; x_wconf 77' lang='lat' dir='ltr'>habet</span> <span class='ocrx_word' id='word_1_868' title='bbox 3250 4917 3406 4991; x_wconf 83' lang='lat' dir='ltr'>idem</span> <span class='ocrx_word' id='word_1_869' title='bbox 3438 4915 3808 4991; x_wconf 62' lang='lat' dir='ltr'>Anastasius,</span> 
     </span>
    </p>
   </div>
   <div class='ocr_carea' id='block_1_116' title="bbox 2168 4987 3810 5063">
    <p class='ocr_par' dir='ltr' id='par_1_116' title="bbox 2168 4987 3810 5063">
     <span class='ocr_line' id='line_1_118' title="bbox 2168 4987 3810 5063; baseline 0.001 -20"><span class='ocrx_word' id='word_1_870' title='bbox 2168 4990 2534 5063; x_wconf 76' lang='grc' dir='ltr'>στρεφόμενος</span> <span class='ocrx_word' id='word_1_871' title='bbox 2565 4987 2642 5063; x_wconf 73' lang='grc' dir='ltr'>εἷς</span> <span class='ocrx_word' id='word_1_872' title='bbox 2693 4990 2790 5055; x_wconf 74' lang='grc' dir='ltr'>τήν</span> <span class='ocrx_word' id='word_1_873' title='bbox 2821 4987 3061 5063; x_wconf 80' lang='grc' dir='ltr'>πονηρὰν</span> <span class='ocrx_word' id='word_1_874' title='bbox 3094 4987 3303 5060; x_wconf 80' lang='grc' dir='ltr'>πρᾶξιν.</span> <span class='ocrx_word' id='word_1_875' title='bbox 3340 4990 3472 5063; x_wconf 54' lang='lat' dir='ltr'>Haec</span> <span class='ocrx_word' id='word_1_876' title='bbox 3496 4994 3552 5043; x_wconf 83' lang='lat' dir='ltr'>et</span> <span class='ocrx_word' id='word_1_877' title='bbox 3572 4990 3690 5063; x_wconf 78' lang='lat' dir='ltr'>alia</span> <span class='ocrx_word' id='word_1_878' title='bbox 3718 5007 3810 5045; x_wconf 88' lang='lat' dir='ltr'>re-</span> 
     </span>
    </p>
   </div>
   <div class='ocr_carea' id='block_1_117' title="bbox 2165 5060 3809 5130">
    <p class='ocr_par' dir='ltr' id='par_1_117' title="bbox 2165 5060 3809 5130">
     <span class='ocr_line' id='line_1_119' title="bbox 2165 5060 3809 5130; baseline 0 -13"><span class='ocrx_word' id='word_1_879' title='bbox 2165 5060 2432 5128; x_wconf 77' lang='lat' dir='ltr'>ferimus,</span> <span class='ocrx_word' id='word_1_880' title='bbox 2464 5067 2529 5116; x_wconf 92' lang='lat' dir='ltr'>ut</span> <span class='ocrx_word' id='word_1_881' title='bbox 2571 5061 2760 5115; x_wconf 89' lang='lat' dir='ltr'>lector</span> <span class='ocrx_word' id='word_1_882' title='bbox 2789 5061 3116 5130; x_wconf 89' lang='lat' dir='ltr'>conspiciat</span> <span class='ocrx_word' id='word_1_883' title='bbox 3163 5077 3342 5130; x_wconf 90' lang='lat' dir='ltr'>quam</span> <span class='ocrx_word' id='word_1_884' title='bbox 3390 5060 3574 5116; x_wconf 87' lang='lat' dir='ltr'>libere</span> <span class='ocrx_word' id='word_1_885' title='bbox 3605 5061 3677 5117; x_wconf 86' lang='lat' dir='ltr'>ab</span> <span class='ocrx_word' id='word_1_886' title='bbox 3702 5077 3809 5118; x_wconf 83' lang='lat' dir='ltr'>au-</span> 
     </span>
    </p>
   </div>
   <div class='ocr_carea' id='block_1_118' title="bbox 2166 5131 3810 5204">
    <p class='ocr_par' dir='ltr' id='par_1_118' title="bbox 2166 5131 3810 5204">
     <span class='ocr_line' id='line_1_120' title="bbox 2166 5131 3810 5204; baseline 0.001 -15"><span class='ocrx_word' id='word_1_887' title='bbox 2166 5134 2429 5189; x_wconf 89' lang='lat' dir='ltr'>ctoribus</span> <span class='ocrx_word' id='word_1_888' title='bbox 2485 5134 2860 5196; x_wconf 90' lang='lat' dir='ltr'>Catenarum,</span> <span class='ocrx_word' id='word_1_889' title='bbox 2894 5131 3370 5204; x_wconf 15' lang='lat' dir='ltr'>iPandectarum,</span> <span class='ocrx_word' id='word_1_890' title='bbox 3405 5132 3810 5204; x_wconf 90' lang='lat' dir='ltr'>similiumque</span> 
     </span>
    </p>
   </div>
   <div class='ocr_carea' id='block_1_119' title="bbox 2166 5203 3806 5270">
    <p class='ocr_par' dir='ltr' id='par_1_119' title="bbox 2166 5203 3806 5270">
     <span class='ocr_line' id='line_1_121' title="bbox 2166 5203 3806 5270; baseline 0 -10"><span class='ocrx_word' id='word_1_891' title='bbox 2166 5205 2607 5270; x_wconf 90' lang='lat' dir='ltr'>collectionum,</span> <span class='ocrx_word' id='word_1_892' title='bbox 2637 5205 2868 5258; x_wconf 86' lang='lat' dir='ltr'>Patrum</span> <span class='ocrx_word' id='word_1_893' title='bbox 2892 5203 3020 5258; x_wconf 91' lang='lat' dir='ltr'>loca</span> <span class='ocrx_word' id='word_1_894' title='bbox 3043 5203 3340 5258; x_wconf 86' lang='lat' dir='ltr'>interdum</span> <span class='ocrx_word' id='word_1_895' title='bbox 3363 5203 3531 5258; x_wconf 90' lang='lat' dir='ltr'>citari</span> <span class='ocrx_word' id='word_1_896' title='bbox 3556 5203 3806 5260; x_wconf 75' lang='lat' dir='ltr'>soleant.</span> 
     </span>
    </p>
   </div>
   <div class='ocr_carea' id='block_1_120' title="bbox 2235 5273 3812 5346">
    <p class='ocr_par' dir='ltr' id='par_1_120' title="bbox 2235 5273 3812 5346">
     <span class='ocr_line' id='line_1_122' title="bbox 2235 5273 3812 5346; baseline 0.002 -17"><span class='ocrx_word' id='word_1_897' title='bbox 2235 5273 2661 5346; x_wconf 71' lang='grc' dir='ltr'>(41Ἀποτάττῃ.</span> <span class='ocrx_word' id='word_1_898' title='bbox 2726 5276 2886 5329; x_wconf 85' lang='lat' dir='ltr'>Ilanc</span> <span class='ocrx_word' id='word_1_899' title='bbox 2942 5275 3120 5345; x_wconf 82' lang='lat' dir='ltr'>hujus</span> <span class='ocrx_word' id='word_1_900' title='bbox 3177 5276 3335 5329; x_wconf 82' lang='lat' dir='ltr'>vocis</span> <span class='ocrx_word' id='word_1_901' title='bbox 3391 5275 3707 5332; x_wconf 86' lang='lat' dir='ltr'>lectionem</span> <span class='ocrx_word' id='word_1_902' title='bbox 3754 5283 3812 5332; x_wconf 90' lang='lat' dir='ltr'>et</span> 
     </span>
    </p>
   </div>
   <div class='ocr_carea' id='block_1_121' title="bbox 2163 5343 3810 5418">
    <p class='ocr_par' dir='ltr' id='par_1_121' title="bbox 2163 5343 3810 5418">
     <span class='ocr_line' id='line_1_123' title="bbox 2163 5343 3810 5418; baseline 0 -16"><span class='ocrx_word' id='word_1_903' title='bbox 2163 5343 2541 5418; x_wconf 81' lang='lat' dir='ltr'>participium</span> <span class='ocrx_word' id='word_1_904' title='bbox 2572 5343 2738 5405; x_wconf 75' lang='grc' dir='ltr'>λύσας</span> <span class='ocrx_word' id='word_1_905' title='bbox 2768 5346 2944 5416; x_wconf 90' lang='lat' dir='ltr'>paulo</span> <span class='ocrx_word' id='word_1_906' title='bbox 2975 5343 3109 5417; x_wconf 83' lang='lat' dir='ltr'>post</span> <span class='ocrx_word' id='word_1_907' title='bbox 3147 5348 3640 5410; x_wconf 79' lang='lat' dir='ltr'>conservavimus,</span> <span class='ocrx_word' id='word_1_908' title='bbox 3673 5365 3810 5418; x_wconf 90' lang='lat' dir='ltr'>pro-</span> 
     </span>
    </p>
   </div>
   <div class='ocr_carea' id='block_1_122' title="bbox 2163 5417 3808 5491">
    <p class='ocr_par' dir='ltr' id='par_1_122' title="bbox 2163 5417 3808 5491">
     <span class='ocr_line' id='line_1_124' title="bbox 2163 5417 3808 5491; baseline 0 -21"><span class='ocrx_word' id='word_1_909' title='bbox 2163 5425 2294 5491; x_wconf 83' lang='lat' dir='ltr'>pter</span> <span class='ocrx_word' id='word_1_910' title='bbox 2323 5435 2526 5491; x_wconf 85' lang='lat' dir='ltr'>vocem</span> <span class='ocrx_word' id='word_1_911' title='bbox 2555 5425 2902 5491; x_wconf 84' lang='lat' dir='ltr'>sequentem</span> <span class='ocrx_word' id='word_1_912' title='bbox 2927 5419 3234 5491; x_wconf 61' lang='lat' dir='ltr'>prasentis</span> <span class='ocrx_word' id='word_1_913' title='bbox 3267 5419 3570 5491; x_wconf 76' lang='lat' dir='ltr'>temporis,</span> <span class='ocrx_word' id='word_1_914' title='bbox 3595 5417 3808 5491; x_wconf 77' lang='grc' dir='ltr'>ἀνοίγε-</span> 
     </span>
    </p>
   </div>
   <div class='ocr_carea' id='block_1_123' title="bbox 2160 5487 3806 5562">
    <p class='ocr_par' dir='ltr' id='par_1_123' title="bbox 2160 5487 3806 5562">
     <span class='ocr_line' id='line_1_125' title="bbox 2160 5487 3806 5562; baseline 0.001 -20"><span class='ocrx_word' id='word_1_915' title='bbox 2160 5487 2248 5542; x_wconf 66' lang='grc' dir='ltr'>¹ταί</span> <span class='ocrx_word' id='word_1_916' title='bbox 2275 5509 2381 5544; x_wconf 85' lang='grc' dir='ltr'>σοι.</span> <span class='ocrx_word' id='word_1_917' title='bbox 2416 5495 2490 5544; x_wconf 89' lang='lat' dir='ltr'>At</span> <span class='ocrx_word' id='word_1_918' title='bbox 2518 5487 2731 5562; x_wconf 83' lang='lat' dir='ltr'>legitur</span> <span class='ocrx_word' id='word_1_919' title='bbox 2763 5489 2824 5543; x_wconf 88' lang='lat' dir='ltr'>in</span> <span class='ocrx_word' id='word_1_920' title='bbox 2870 5487 2998 5544; x_wconf 73' lang='lat' dir='ltr'>cdd.</span> <span class='ocrx_word' id='word_1_921' title='bbox 3032 5490 3232 5555; x_wconf 89' lang='lat' dir='ltr'>Coisl.,</span> <span class='ocrx_word' id='word_1_922' title='bbox 3265 5487 3558 5562; x_wconf 56' lang='lat' dir='ltr'>a’msiaiync.</span> <span class='ocrx_word' id='word_1_923' title='bbox 3593 5487 3806 5562; x_wconf 15' lang='lat' dir='ltr'>inill&#39;oe</span> 
     </span>
    </p>
   </div>
   <div class='ocr_carea' id='block_1_124' title="bbox 2163 5561 3802 5632">
    <p class='ocr_par' dir='ltr' id='par_1_124' title="bbox 2163 5561 3802 5632">
     <span class='ocr_line' id='line_1_126' title="bbox 2163 5561 3802 5632; baseline -0.002 -16"><span class='ocrx_word' id='word_1_924' title='bbox 2163 5567 2222 5616; x_wconf 92' lang='lat' dir='ltr'>et</span> <span class='ocrx_word' id='word_1_925' title='bbox 2248 5561 2495 5627; x_wconf 89' lang='lat' dir='ltr'>Casaub,</span> <span class='ocrx_word' id='word_1_926' title='bbox 2528 5561 2830 5632; x_wconf 69' lang='grc' dir='ltr'>ἀποταγῆς,</span> <span class='ocrx_word' id='word_1_927' title='bbox 2884 5578 3014 5632; x_wconf 66' lang='lat' dir='ltr'>quae</span> <span class='ocrx_word' id='word_1_928' title='bbox 3063 5562 3273 5615; x_wconf 90' lang='lat' dir='ltr'>vitiosa</span> <span class='ocrx_word' id='word_1_929' title='bbox 3316 5561 3608 5632; x_wconf 80' lang='lat' dir='ltr'>scriptura</span> <span class='ocrx_word' id='word_1_930' title='bbox 3653 5561 3802 5632; x_wconf 81' lang='lat' dir='ltr'>forte</span> 
     </span>
    </p>
   </div>
   <div class='ocr_carea' id='block_1_125' title="bbox 2161 5630 3801 5709">
    <p class='ocr_par' dir='ltr' id='par_1_125' title="bbox 2161 5630 3801 5709">
     <span class='ocr_line' id='line_1_127' title="bbox 2161 5630 3801 5709; baseline -0.004 -22"><span class='ocrx_word' id='word_1_931' title='bbox 2161 5633 2401 5709; x_wconf 69' lang='lat' dir='ltr'>irrepsit</span> <span class='ocrx_word' id='word_1_932' title='bbox 2429 5650 2533 5704; x_wconf 91' lang='lat' dir='ltr'>pro</span> <span class='ocrx_word' id='word_1_933' title='bbox 2565 5630 2875 5709; x_wconf 74' lang='grc' dir='ltr'>ἀπο-ταγείς.</span> <span class='ocrx_word' id='word_1_934' title='bbox 2903 5630 3002 5709; x_wconf 75' lang='grc' dir='ltr'>Ἰιι</span> <span class='ocrx_word' id='word_1_935' title='bbox 3063 5633 3153 5688; x_wconf 93' lang='lat' dir='ltr'>ed.</span> <span class='ocrx_word' id='word_1_936' title='bbox 3213 5649 3346 5709; x_wconf 61' lang='lat' dir='ltr'>vero</span> <span class='ocrx_word' id='word_1_937' title='bbox 3380 5630 3714 5709; x_wconf 68' lang='lat' dir='ltr'>MOrelii,_et</span> <span class='ocrx_word' id='word_1_938' title='bbox 3741 5630 3801 5709; x_wconf 76' lang='lat' dir='ltr'>in</span> 
     </span>
    </p>
   </div>
   <div class='ocr_carea' id='block_1_126' title="bbox 2160 5652 3796 5776">
    <p class='ocr_par' dir='ltr' id='par_1_126' title="bbox 2160 5652 3796 5776">
     <span class='ocr_line' id='line_1_128' title="bbox 2161 5652 3796 5706; baseline -0.004 -19"><span class='ocrx_word' id='word_1_939' title='bbox 2161 5652 2278 5688; x_wconf 81' lang='lat' dir='ltr'>H‘I‘e</span> <span class='ocrx_word' id='word_1_940' title='bbox 2327 5652 2401 5688; x_wconf 78' lang='grc' dir='ltr'>διι</span> <span class='ocrx_word' id='word_1_941' title='bbox 2429 5652 2533 5704; x_wconf 82' lang='lat' dir='ltr'>pI‘O</span> <span class='ocrx_word' id='word_1_942' title='bbox 2565 5652 2875 5706; x_wconf 76' lang='grc' dir='ltr'>αποταγεις.</span> <span class='ocrx_word' id='word_1_943' title='bbox 2937 5652 3002 5687; x_wconf 81' lang='lat' dir='ltr'>1n</span> <span class='ocrx_word' id='word_1_944' title='bbox 3063 5652 3153 5688; x_wconf 86' lang='lat' dir='ltr'>ea.</span> <span class='ocrx_word' id='word_1_945' title='bbox 3213 5652 3346 5686; x_wconf 68' lang='grc' dir='ltr'>νειΓο</span> <span class='ocrx_word' id='word_1_946' title='bbox 3380 5652 3620 5688; x_wconf 65' lang='grc' dir='ltr'>ινιοινειιι,</span> <span class='ocrx_word' id='word_1_947' title='bbox 3655 5652 3714 5682; x_wconf 65' lang='lat' dir='ltr'>Cl.</span> <span class='ocrx_word' id='word_1_948' title='bbox 3741 5652 3796 5681; x_wconf 89' lang='grc' dir='ltr'>ιιι</span> 
     </span>
     <span class='ocr_line' id='line_1_129' title="bbox 2160 5652 3796 5776; baseline -0.009 -15"><span class='ocrx_word' id='word_1_949' title='bbox 2160 5652 2332 5761; x_wconf 50' lang='lat' dir='ltr'>codd).</span> <span class='ocrx_word' id='word_1_950' title='bbox 2368 5707 2484 5761; x_wconf 84' lang='lat' dir='ltr'>Roe</span> <span class='ocrx_word' id='word_1_951' title='bbox 2517 5710 2574 5760; x_wconf 89' lang='lat' dir='ltr'>et</span> <span class='ocrx_word' id='word_1_952' title='bbox 2599 5705 2842 5761; x_wconf 88' lang='lat' dir='ltr'>Casaub.</span> <span class='ocrx_word' id='word_1_953' title='bbox 2878 5705 3186 5776; x_wconf 85' lang='lat' dir='ltr'>scripturn,</span> <span class='ocrx_word' id='word_1_954' title='bbox 3235 5699 3450 5766; x_wconf 80' lang='grc' dir='ltr'>ἔλυσας,</span> <span class='ocrx_word' id='word_1_955' title='bbox 3483 5698 3796 5754; x_wconf 79' lang='lat' dir='ltr'>dissolvisti.</span> 
     </span>
    </p>
   </div>
  </div>
