4148 6286
300 315 460 377 1075

1354 311 1417 374 S.
1462 313 1786 375 CYliILLI
1828 309 2241 372 HIEROSOL.
2287 310 2652 373 ARCHIEP.

3562 317 3729 379 1076

301 450 466 508 omni
494 448 643 506 facie
662 447 729 503 ⁸⁸.
765 450 891 505 Non
914 446 1075 505 enim
1101 447 1333 522 lugebis
1363 448 1645 522 amplius,
1668 452 1840 504 exuto
1863 462 1952 501 ve-

2077 466 2226 520 ιρυον
2256 446 2363 502 ἀπὸ
2394 448 2595 510 παντὸς
2650 446 2972 522 προσώπου·
3027 445 3126 505 οὐκ
3163 470 3214 505 τι
3243 451 3346 526 γὰρ
3402 453 3723 523 πενθήσεις,

303 541 414 597 teri
439 537 681 596 homine
708 555 721 593 :
749 538 853 594 sed
873 538 1072 611 potius
1090 538 1308 594 festum
1332 538 1488 594 diem
1514 555 1650 612 ages
1675 537 1960 594 salutaris

302 633 727 688 vestimentum
751 629 797 665 ³⁷
826 630 1073 687 indutus
1101 631 1300 686 Jesum
1331 630 1630 688 Christum
1652 628 1721 687 ³⁸.

376 815 473 871 XI.
504 814 574 869 Et
604 812 731 868 haec
763 811 1006 884 quidem
1028 811 1091 867 in
1113 811 1392 867 exteriori
1424 811 1550 867 aede
1583 815 1723 867 sunt
1751 813 1950 882 gesta;

305 905 425 960 Deo
456 906 655 959 autem
686 900 947 969 volente,
978 918 1112 957 cum
1142 901 1206 956 in
1247 900 1635 973 sequentibus
1666 902 1955 972 Mystago-

302 993 417 1068 giis
447 993 509 1048 in
540 992 754 1047 Sancta
784 994 1128 1046 sanctorum
1176 990 1601 1059 ingrediemur,
1635 989 1716 1044 ibi
1749 1004 1955 1044 eorum

304 1099 436 1155 quae
478 1080 603 1137 illic
632 1084 999 1154 peraguntur
1045 1079 1314 1152 symbola
1361 1095 1805 1152 cognoscemus.
1837 1080 1956 1133 Deo

304 1189 438 1229 vero
470 1171 628 1227 Patri
653 1170 733 1225 sit
754 1169 964 1243 gloria,
984 1169 1325 1241 imperium,
1349 1168 1958 1242 magniﬁcentia,cum

180 1274 189 1283 "
302 1262 453 1321 Filio
475 1265 535 1316 et
556 1263 761 1315 sancto
784 1259 1094 1331 Spiritu,in
1118 1259 1337 1314 saecula
1356 1258 1956 1314 saeculorum.Amen.

376 1384 424 1422 ³⁸
452 1388 565 1443 Isa.
596 1402 726 1453 xxv,
761 1388 814 1441 8.
890 1383 937 1419 ³⁷
971 1385 1082 1441 Isa.
1115 1401 1229 1453 Lxl,
1260 1388 1344 1440 10.
1425 1383 1471 1419 ³³
1501 1386 1667 1440 Rom.
1700 1400 1820 1453 xm,
1852 1382 1941 1437 14.

380 1512 455 1583 (1)
487 1510 728 1584 Ἰμάῖιον
763 1508 1036 1584 σωτηρίου
1096 1506 1307 1584 Ἰησοῦν
1367 1508 1623 1584 Χριστόν.
1647 1511 1751 1584 ME;
1781 1506 1954 1584 codd.

308 1579 658 1647 Roe;Coisl.
719 1589 779 1639 et
834 1579 1028 1637 Ottob.
1088 1581 1340 1649 duobus,
1391 1579 1613 1638 nomen
1640 1579 1959 1637 Salvatoris

312 1655 661 1727 scripsimus
719 1653 1157 1727 inaccusandi
1234 1670 1399 1727 casu,
1472 1653 1727 1727 cumhin
1786 1651 1959 1727 editis

313 1732 374 1784 et
400 1723 677 1781 omnibus
706 1724 882 1781 codd.
940 1726 1074 1780 aliis
1134 1725 1446 1790 scribatur,
1483 1725 1665 1791 Ἰησοῦ
1700 1723 1957 1793 Χριστοῦ.

312 1799 701 1869 Perspicuum
735 1802 846 1869 est,
874 1796 1163 1869 Cyrillum
1195 1796 1469 1869 alludere
1483 1796 1555 1851 ad
1577 1792 1755 1869 verba
1770 1792 1959 1869 Pauli,

316 1859 623 1941 Ronﬁxm,
649 1870 734 1941 14,
766 1859 1051 1941 ἐνδύσῖισϐε
1079 1866 1184 1941 κτὸν
1236 1865 1429 1941 Κύριον
1460 1867 1689 1941 ’.Ιησοῦνᾲ
1704 1859 1960 1941 Χριστόν.

2062 532 2427 610 ἐκδῦδυμένος
2456 537 2550 591 τὸν
2599 535 2835 593 παλαιὸν
2883 535 3192 615 ἄνθρωπον⁸
3226 537 3373 594 ἀλλὰ
3403 542 3720 617 πανηγυρί-

2061 645 2193 695 σεις,
2242 621 2594 699 ἐνδεδυμένος
2642 627 2704 681 τὸ
2747 627 2970 700 ἱμάτιον
3018 628 3295 704 σωτηρίου
3329 630 3540 700 Ἰησοῦν
3571 631 3721 706 Χρι-

2063 715 2187 769 στὸν

2134 805 2240 861 IA'.
2274 804 2374 859 Καὶ
2403 808 2570 859 ταῦτα
2623 803 2674 860 ἐν
2723 810 2802 878 τῷ
2850 806 3097 883 ἐξωτὲρῳ
3144 806 3343 884 ἐγίνετο
3375 809 3537 882 οἴκῳ.
3578 812 3719 864 Θεοῦ

2066 889 2122 949 Si
2153 891 2428 963 θέλοντος,
2476 894 2602 949 ’ὁταν
2653 895 2704 949 ἐν
2753 900 2873 959 ταῖς
2918 896 3042 969 ἑξῆς
3073 898 3494 974 Μυσταγωγίαις
3541 899 3621 961 εἰς
3650 899 3723 954 τὰ

2062 984 2228 1059 ’Ἅγια
2257 987 2364 1038 τῶν
2416 982 2579 1060 ἁγίων
2631 983 2983 1059 εἲσὲλθωμεν,
3033 986 3148 1042 ἐκεῖ
3197 987 3454 1061 εἰσόμεθα
3479 994 3588 1045 τῶν
3622 987 3725 1044 αὖ·

2063 1072 2184 1137 τόθι
2214 1071 2649 1147 ἐπιτελουμένων
2699 1074 2769 1129 τὰ
2815 1071 3089 1149 σύμϐολα.
3121 1076 3213 1150 Τῷ
3244 1074 3301 1133 δὲ
3329 1081 3446 1150 Θεῷ
3476 1079 3650 1155 Πατρῖ
3682 1082 3724 1149 ἡ

2067 1159 2217 1233 δόξα,
2248 1161 2469 1237 κράτος,
2505 1162 2889 1239 μεγαλωσύνη,
2950 1164 3043 1220 σὺν
3102 1167 3214 1239 Υἱῷ
3261 1167 3349 1222 καὶ
3380 1168 3519 1244 ἁγίῳ
3551 1169 3727 1224 Πνεύ-

2071 1273 2218 1326 ματι,
2254 1252 2329 1314 εἷς
2360 1273 2485 1315 τους
2519 1252 2714 1316 αἰῶνας
2747 1256 2825 1329 (2)
2855 1258 2962 1309 τῶν
2996 1254 3233 1314 αἲώνων.
3267 1256 3464 1330 Ἀμήν.

2068 1516 2255 1581 ausos,
2283 1525 2414 1581 qua;
2433 1507 2627 1581 refert
2673 1514 2786 1581 cat.
2843 1510 2936 1577 21,
2979 1527 3146 1566 num.
3182 1509 3233 1575 4,
3268 1512 3361 1567 his
3391 1512 3608 1581 verbis,
3641 1512 3726 1575 εἰς

2067 1573 2318 1654 ᾏρισῒὸιί
2362 1573 2807 1654 βεϐαπτισμένοι,
2866 1573 2955 1635 κάξ
2998 1573 3268 1654 γΧριστὸν
3341 1573 3723 1654 ἐνδυσάμενοι.

2069 1651 2326 1728 Opponit
2355 1653 2535 1707 veteri
2568 1653 2797 1728 homini
2846 1651 3152 1710 hominem
3192 1671 3429 1724 novum,
3463 1651 3565 1728 qui
3595 1674 3725 1712 non

2071 1728 2161 1777 est
2185 1723 2338 1777 alius
2369 1729 2586 1794 praeter
2615 1724 2931 1780 Christum.

2142 1795 2219 1865 (2)
2252 1795 2345 1854 Et:
2371 1793 2505 1853 toi);
2537 1793 2760 1857 αἰῶνας.
2813 1798 3031 1851 Horum
3087 1795 3399 1852 verborum
3436 1799 3567 1855 loco
3595 1800 3727 1856 haec

2071 1865 2370 1920 habentur
2399 1866 2460 1921 in
2491 1867 2666 1923 Coisl.
2709 1872 2769 1923 et
2815 1870 2955 1942 Roe,
3005 1866 3111 1942 πρὸ
3144 1868 3343 1942 παντὸς
3369 1873 3468 1922 τοῦ
3499 1870 3727 1939 αἰῶνος,

317 1962 347 1991 ‹‹
379 1940 697 2010 induimini
725 1941 926 1995 Jesum
956 1940 1255 2010 Christum
1279 1959 1293 2006 ;
1316 1938 1358 1988 ⁷»
1399 1938 1490 1994 vel
1520 1938 1625 1993 illa
1655 1938 1840 2010 Calat.
1874 1952 1961 2010 ιιι,
1998 1938 2042 2003 Β
2076 1942 2211 2005 etc.,
2250 1960 2270 1987 ι
2306 1944 2444 1993 ante
2476 1955 2651 1995 omne
2685 1939 2967 1995 saeculum
3001 1938 3380 2010 saeculorum,
3407 1962 3436 1991 η
3468 1948 3579 1998 etc.

315 2012 423 2067 24:
454 2012 609 2067 Ὅσοι
659 2008 734 2072 εἷς
783 2011 1013 2086 Χριστὸν
1066 2004 1451 2079 ἐϐαπτίσθητε,
1502 2005 1734 2081 Χριστὸν
1786 2004 1936 2061 ἐνεδὺ

824 2239 3209 2501 CATECHIjlﬁIMSWYlCESIMA.

1677 2487 2239 2549 MYSTAGOGICA
2290 2488 2364 2548 ll.

1524 2621 1620 2675 DE
1666 2620 2017 2677 BAPTISMI
2060 2621 2319 2677 CEREM
2319 2621 2413 2678 ΟΝ
2413 2623 2500 2679 IIS
2506 2664 2517 2676 .

1671 2839 2383 2923 MONITUM.

403 2986 450 3047 Ι.
476 2983 757 3065 Exponit
775 2989 983 3044 auctor
1005 2987 1121 3042 vim
1137 2990 1194 3042 et
1210 2999 1496 3043 arcanam
1519 2982 1807 3044 rationem
1828 2988 2314 3043 caremoniarum
2337 2983 2399 3042 in
2416 2980 2689 3046 interiori
2706 2980 2827 3043 aede
2841 2981 3339 3062 baptisterii,post
3356 2982 3739 3045 abrenuntia-

333 3090 518 3144 tiones
536 3092 589 3142 et
605 3079 756 3163 ﬁdei
765 3086 1196 3162 professionem
1213 3086 1276 3140 in
1295 3079 1553 3163 ejusdem
1572 3079 1856 3141 vestibulo
1872 3100 2024 3162 pron
2035 3086 2317 3159 untiatas,
2336 3089 2743 3161 peractarum.
2769 3082 2924 3161 Agit
2940 3099 3149 3161 nempe
3166 3080 3237 3141 de
3257 3080 3620 3160 depositione
3642 3091 3737 3143 tu-

328 3187 477 3240 nicae
495 3179 703 3258 (num.
737 3178 821 3257 2),
844 3198 975 3260 quas
1003 3181 1134 3240 sola
1167 3187 1305 3239 tunc
1345 3177 1726 3259 baptizandis
1771 3197 2053 3259 seperesse
2098 3177 2453 3254 videbatur;
2487 3189 2543 3239 et
2571 3176 2963 3239 denudatione
2989 3184 3280 3260 corporis,
3309 3177 3531 3240 Adami
3556 3186 3736 3241 inno-

316 3276 521 3352 centis,
553 3286 605 3336 et
642 3275 873 3340 Christi
902 3282 964 3335 in
996 3295 1168 3337 cruce
1195 3281 1460 3355 suspensi
1488 3275 1816 3336 nuditatem
1849 3277 2137 3337 imitante.
2176 3275 2521 3338 Unctionem
2549 3285 2750 3350 postea
2778 3295 2854 3337 ex
2881 3275 3005 3337 oleo
3025 3276 3360 3337 erorcizato
3388 3286 3505 3338 toto
3528 3276 3734 3357 bapti-

310 3373 648 3437 zandorum
676 3392 923 3456 corpore
946 3376 1172 3449 factam
1202 3380 1390 3451 refert
1416 3374 1619 3452 (num.
1646 3374 1733 3452 3);
1756 3392 1876 3454 qua
1899 3372 2128 3434 Christi
2148 3372 2451 3434 nobiscum
2469 3373 2960 3454 pinguetudinem
2993 3375 3445 3445 communicari,
3472 3374 3733 3456 vestigia

307 3479 695 3554 peccatorum
715 3477 836 3546 uri,
866 3480 922 3531 et
943 3470 1225 3532 daemones
1254 3470 1425 3551 abigi
1448 3470 1632 3532 docet.
1664 3470 1809 3532 Tum
1836 3472 2372 3552 interrogationem
2400 3471 2571 3551 ﬁdei,
2611 3481 2669 3532 et
2709 3470 3145 3553 subsequentem
3180 3472 3401 3531 trinam
3434 3477 3500 3531 in
3531 3471 3729 3554 bapti-

311 3568 493 3629 smali
509 3569 742 3650 piscina
765 3574 1200 3629 immersionem
1222 3570 1714 3649 emersionemque
1743 3577 2028 3628 memorat
2056 3569 2256 3646 (num.
2284 3569 2371 3648 4);
2395 3588 2514 3650 qua
2545 3569 2886 3631 triduanum
2919 3567 3156 3631 Christi
3177 3572 3547 3649 sepulturam
3566 3572 3727 3651 ejus-

305 3666 554 3749 demque
574 3666 1060 3728 resurrectionem
1089 3672 1176 3726 ita
1206 3685 1242 3727 a
1266 3666 1433 3727 nobis
1462 3671 1728 3748 exprimi
1758 3673 1867 3739 ait,
1897 3682 1965 3727 ut
2010 3665 2175 3727 nobis
2220 3666 2385 3728 nihil
2427 3667 2764 3728 dolentibus
2808 3667 3052 3728 societas
3080 3676 3141 3726 et
3163 3669 3406 3746 fructus
3444 3687 3724 3731 verarum

313 3762 545 3825 Christi
569 3770 915 3844 passionum
950 3763 1272 3842 mortisque
1303 3762 1637 3823 tribuatur.

390 3863 469 3924 II.
506 3861 792 3923 Notanda
819 3869 957 3922 sunt
983 3867 1049 3920 in
1081 3859 1193 3921 hac
1220 3859 1511 3921 catechesi
1540 3863 1775 3941 integra
1807 3861 2330 3938 baptizandorum,
2362 3863 2444 3924 ad
2467 3862 2797 3945 exemplum
2832 3861 3067 3925 Christi
3095 3868 3158 3921 in
3187 3880 3361 3923 cruce
3383 3862 3726 3944 pendentis,

306 3962 575 4033 nuditas,
611 3967 703 4022 vis
730 3961 1063 4021 exorcizati
1085 3958 1205 4018 olei
1226 3979 1249 4033 ;
1300 3956 1524 4039 triplex
1568 3961 1886 4021 christiani
1918 3960 2204 4042 baptismi
2248 3962 2521 4042 effectus:
2574 3962 2837 4022 remissio
2875 3970 3276 4043 peccat0rum,
3309 3960 3645 4042 adoptionis
3670 3973 3729 4024 et

314 4059 588 4142 Spiritus
615 4060 811 4120 sancti
839 4057 1078 4128 donum,
1112 4063 1377 4117 imitatio
1404 4064 1742 4137 passionum
1776 4057 2056 4135 Christi;
2083 4060 2337 4120 Joannis
2368 4080 2502 4121 vero
2536 4059 2817 4141 baptismi
2846 4059 3078 4136 unicus,
3108 4069 3487 4141 peccatorum
3516 4060 3727 4123 condo-

312 4165 480 4220 natio
508 4159 707 4238 (num.
732 4161 769 4217 2
800 4163 861 4216 et
889 4155 976 4235 3).
1012 4155 1132 4215 Via:
1159 4155 1184 4227 ί
1192 4174 1283 4215 am
1315 4166 1638 4215 occurrunt
1663 4156 2005 4233 singulares
2027 4157 2308 4219 Ecclesiae
2331 4157 2887 4238 Hierosolymitanm
2910 4165 3087 4218 ritus.
3112 4157 3275 4219 Nam
3304 4165 3484 4218 totius
3514 4178 3722 4242 corpo-

311 4263 401 4318 ris
429 4275 503 4319 ea:
530 4256 654 4317 oleo
678 4259 988 4337 perunctia
1019 4253 1345 4314 communis
1374 4259 1637 4314 omnium
1674 4259 2019 4318 Graecarum
2052 4255 2462 4317 Ecclesiarum
2495 4266 2648 4334 erat,
2680 4265 2744 4317 ut
2767 4265 2935 4338 patet
2961 4256 3028 4316 de
3049 4254 3323 4317 Ecclesia
3346 4254 3723 4319 Antiochena

312 4376 387 4419 ea:
418 4355 824 4434 Chrysostomi
849 4355 1003 4413 hom.
1040 4355 1077 4413 6
1109 4352 1170 4411 in
1206 4352 1546 4430 Epistolam
1584 4355 1659 4414 ad
1695 4353 1955 4430 Coloss.,
1991 4366 2229 4415 auctare
2258 4356 2492 4417 Eccles.
2530 4356 2686 4416 hier.
2716 4374 2847 4437 cap.
2879 4359 2942 4426 2,
2970 4364 3135 4435 part.
3186 4371 3250 4428 ιι,
3286 4372 3448 4415 num.
3482 4357 3521 4415 6
3557 4373 3570 4423 ;
3603 4361 3721 4420 Se-

312 4474 453 4518 vero
484 4453 852 4518 Antiocheno
881 4451 953 4511 de
981 4448 1191 4510 ordine
1222 4452 1524 4531 baptismi,
1559 4451 1630 4513 de
1656 4452 1929 4512 Ecclesia
1964 4451 2659 4534 Constantinopolitano,
2712 4472 2788 4514 ex
2835 4450 3232 4529 Euchologio,
3284 4470 3432 4532 pag.
3467 4453 3608 4512 354.
3640 4454 3728 4514 At

314 4558 379 4617 in
411 4552 640 4616 Latinis
668 4550 734 4613 Ε
736 4549 960 4612 cclesiis
983 4556 1190 4629 partes
1215 4557 1437 4609 tantum
1460 4548 1730 4629 quaedam
1761 4552 2245 4630 inungebantur;
2282 4558 2347 4611 in
2375 4554 2648 4614 Romana
2672 4559 2873 4633 pectus
2893 4559 2947 4611 et
2970 4548 3125 4610 locus
3147 4552 3309 4609 inter
3333 4548 3630 4631 scapulas,
3654 4569 3726 4610 ex

317 4652 808 4716 Sacramentario
843 4648 1067 4723 Gelasi,
1107 4644 1436 4709 Ordinibus
1464 4656 1520 4707 et
1549 4646 1891 4709 Ritualibus
1948 4649 2236 4711 Romanis
2257 4672 2280 4713 .'
2311 4651 2370 4711 in
2428 4651 2717 4713 Ecclesiis
2779 4647 3109 4710 Gallicanis
3133 4665 3307 4708 aures
3335 4657 3389 4707 et
3421 4666 3617 4721 nares,
3651 4669 3726 4710 ea:
3762 4634 3765 4637 I

310 4769 605 4813 sermones
634 4748 715 4810 ad
746 4746 1144 4827 Neophytos,
1176 4746 1336 4825 App.
1375 4754 1516 4805 tom.
1564 4748 1672 4819 VI,
1698 4765 1842 4827 pag.
1875 4748 2017 4820 288,
2051 4750 2189 4815 289,
2232 4758 2408 4830 atque
2453 4750 2629 4809 etiam
2671 4758 2871 4828 pectus
2897 4764 2973 4806 ea:
3003 4744 3494 4808 Sacramentario
3527 4745 3725 4808 Galli-

309 4866 458 4909 cano
479 4846 813 4907 eBobiensi
838 4863 942 4904 ms.
977 4862 1016 4904 a
1045 4841 1409 4903 Mabillonio
1456 4842 1652 4904 edito:
1705 4850 1771 4903 in
1818 4841 2122 4925 Hispania
2168 4863 2340 4906 aures
2385 4854 2441 4907 et
2485 4866 2574 4919 os,
2617 4844 2718 4906 sed
2745 4856 2881 4906 ante
2910 4840 3190 4925 ngboli
3207 4840 3616 4913 traditionem.
3649 4863 3724 4906 es:

314 4941 553 5023 Hildef.
586 4947 673 5005 De
703 4942 924 5004 ordine
955 4940 1272 5020 baptismi,
1308 4960 1440 5024 cap.
1475 4944 1575 5016 19,
1606 4951 1661 5003 et
1689 4940 1945 5004 Isidoro.
1979 4942 2071 5004 De
2100 4942 2265 5003 trina
2295 4944 2600 5018 mersiune,
2633 4962 2722 5004 res
2748 4952 2834 5004 est
2858 4948 3061 5002 notior
3078 4958 3258 5022 quam
3280 4948 3344 5000 ut
3368 4939 3440 5002 de
3467 4960 3534 5002 eo
3563 4961 3721 5004 more

311 5040 388 5103 ab
416 5040 693 5119 apostolis
719 5041 1009 5120 pro/ecta,
1047 5047 1300 5121 tuncque
1330 5040 1610 5122 temporis
1640 5043 1700 5102 in
1727 5050 1847 5102 tota
1878 5040 2151 5101 Ecclesia
2182 5040 2431 5114 usitato,
2466 5040 2793 5120 quidquam
2823 5038 3025 5101 dicere
3051 5056 3276 5099 necesse
3291 5047 3388 5099 sit.
3413 5037 3505 5099 De
3533 5044 3722 5101 inter-

311 5138 625 5218 rogatione
651 5137 799 5219 ﬁdei
825 5134 1108 5217 baptismo
1131 5136 1388 5219 praevia,
1408 5139 1547 5219 jam
1577 5139 1781 5201 notavi
1806 5139 1869 5199 in
1894 5136 2222 5219 superioris
2252 5137 2561 5199 catechesis
2585 5139 2916 5221 praeloquio
2947 5136 3247 5218 duplicem
3277 5134 3721 5219 Hierosolymis

302 5244 437 5319 post
465 5234 1013 5297 abrenuntiationes
1039 5240 1276 5310 factum
1302 5243 1487 5313 fuisse
1510 5238 1957 5317 professionem,
1988 5234 2139 5299 alibi
2186 5245 2382 5298 autem
2425 5238 2689 5309 unicam,
2723 5246 2872 5300 8H
2907 5234 3026 5296 sive
3050 5240 3259 5296 statim
3282 5244 3418 5317 post
3443 5234 3715 5296 abrnun-

308 5335 611 5403 tiationes,
661 5340 730 5394 ut
774 5330 839 5391 in
862 5330 1166 5413 plerisque
1195 5333 1433 5396 Latinis
1462 5346 1517 5397 et
1539 5334 1765 5398 Graecis
1788 5335 2072 5397 Ecclesiis
2085 5356 2108 5412 ;
2129 5342 2253 5397 sive
2273 5346 2409 5397 ante
2431 5335 2847 5397 demersionem
2878 5335 2939 5394 in
2967 5340 3214 5411 fontem,
3237 5340 3301 5393 ut
3319 5337 3384 5391 in
3404 5331 3675 5393 Romana
3698 5351 3719 5393 :

305 5431 405 5493 hic
433 5440 628 5494 autem
656 5430 770 5493 duo
797 5437 1029 5491 tantum
1060 5429 1324 5493 adverto.
1372 5436 1590 5495 Primo
1635 5435 1840 5515 (num.
1872 5435 1959 5514 4),
2006 5433 2369 5515 singularem
2425 5433 2604 5514 hujus
2639 5431 2903 5495 secundae
2928 5429 3321 5514 professionis
3343 5428 3674 5508 famulam
3693 5453 3735 5493 θ’

307 5550 438 5614 quae
466 5549 540 5592 es:
572 5526 812 5613 Cyrillo
841 5524 1151 5605 colligitur
1182 5527 1322 5588 talis
1349 5532 1574 5609 fuisse:
1603 5533 1802 5594 Credo
1833 5532 1895 5592 in
1925 5549 2155 5593 nomen
2203 5532 2431 5605 Patris,
2480 5538 2544 5592 et
2589 5531 2756 5611 Filii,
2789 5536 2851 5592 et
2880 5529 3149 5609 Spiritus
3179 5525 3415 5600 sancti;
3444 5525 3597 5589 alibi
3625 5531 3719 5593 di-

311 5628 554 5692 cebatur
577 5653 599 5690 .-
629 5629 693 5691 in
718 5628 971 5690 Patrem
1003 5630 1066 5685 et
1094 5623 1345 5699 Filium,
1384 5632 1503 5688 etc.
1540 5627 1767 5689 Eadem
1798 5638 1992 5691 tamen
2020 5648 2136 5710 quo
2165 5628 2599 5711 Hierosolymis
2624 5627 2798 5691 modo
2828 5629 2889 5690 in
2919 5625 3309 5709 Cappadocia
3342 5636 3718 5706 pronuntia-
