4148 6286
336 333 492 394 1079

1382 333 1448 392 S.
1493 329 1807 392 CYRILLI
1854 327 2265 391 HIEROSOL.
2310 329 2673 393 ARCHIEP.

3592 329 3755 394 1080

337 472 412 528 sti
444 485 755 543 sponsam:
787 471 940 526 Exui
969 470 1213 526 tunicam
1240 485 1436 536 meam,
1464 467 1731 538 quomodo
1761 466 1988 522 induam

2116 461 2275 538 λέγειν
2307 465 2444 519 κατὰ
2487 467 2588 535 τὴν
2645 464 2700 522 ἐν
2753 470 2834 539 τῷ
2881 469 3124 540 ’ᾊσματι
3179 469 3288 522 τῶν
3347 463 3600 539 ᾀσμάτων
3649 471 3753 523 τοῦ

335 559 493 616 illam
523 560 568 594 ⁸³
588 559 615 614 ‘I
646 561 689 615 Ο
720 576 847 616 rem
878 558 1291 615 admirandam
1318 558 1330 613 Ι
1366 557 1511 614 nudi
1540 557 1735 612 fuistis
1792 573 1990 612 coram

337 649 528 706 oculis
559 650 852 715 omnium,
885 666 996 705 nec
1026 648 1251 722 pudore
1285 647 1706 721 tangebamini.
1770 649 1994 703 Revera

341 739 504 795 enim
527 739 704 811 primi
730 739 994 811 parentis
1020 738 1207 794 Adam
1231 738 1552 810 imaginem
1573 735 1872 802 ferebatis,
1891 736 1992 807 qui

342 830 407 885 in
437 829 712 900 paradiso
747 829 943 885 nudus
975 833 1120 897 erat,
1152 843 1263 884 nec
1293 825 1804 883 verecundabatur
1833 824 1900 881 ⁴⁴.

416 1099 514 1154 ΙΙΙ.
553 1098 775 1155 Deinde
806 1115 940 1154 vero
971 1099 1056 1154 sic
1113 1098 1296 1164 exuti,
1344 1097 1669 1154 exorcizato
1722 1096 1992 1169 peruncti

347 1189 492 1245 estis
523 1188 676 1256 oleo,
709 1204 743 1244 a
773 1189 1022 1244 summis
1051 1188 1286 1243 verticis
1317 1186 1550 1260 capillis
1588 1201 1776 1258 usque
1807 1185 1882 1241 ad
1903 1186 1997 1240 in-

347 1277 904 1350 ﬁmo,etparticipes
927 1275 1063 1332 facti
1080 1277 1222 1333 estis
1240 1277 1486 1332 sincerae
1508 1275 1653 1330 oleae
1673 1277 1808 1331 Jesu
1830 1273 1999 1331 Chri-

348 1367 442 1423 sti.
477 1367 668 1422 Excisi
691 1367 850 1422 enim
876 1383 946 1422 ex
969 1366 1245 1435 oleastro,
1271 1366 1433 1422 insiti
1453 1366 1594 1421 estis
1616 1365 1676 1419 in
1705 1364 1997 1420 sinceram

348 1456 564 1523 oleam,
599 1461 657 1512 et
685 1461 993 1512 consortes
1025 1456 1218 1511 effecti
1251 1456 1392 1512 estis
1441 1455 1820 1528 pinguedinis
1851 1471 1999 1510 verm

348 1545 494 1602 clem
525 1545 589 1600 ⁸⁵.
624 1546 808 1618 Igitur
837 1546 1229 1602 exorcizatum
1264 1545 1463 1600 oleum
1507 1544 1842 1617 symbolum
1876 1549 2002 1599 erat

350 1634 907 1690 communicationis
938 1634 1318 1708 pinguedinis
1359 1634 1612 1701 Christi;
1673 1633 1832 1704 quod
1877 1633 2002 1704 qui-

349 1722 485 1779 dem
507 1739 683 1779 omne
717 1723 1067 1779 adversaria)
1098 1723 1408 1794 potestatis
1435 1722 1743 1795 vestigium
1776 1727 2001 1776 extem-

2100 554 2338 626 Χριστοῦ
2397 553 2635 634 νύμφηνο
2699 553 3067 630 Ἐξεδυσάμην
3151 557 3241 612 τὸν
3333 557 3546 632 χιτῶνά
3624 577 3753 630 μου,

2099 647 2216 704 πῶς
2277 640 2570 717 ἐνδύσομαι
2630 644 2830 716 αὗτόν;
2893 652 2960 702 Ὤ
3021 645 3322 719 θαυμασίου
3379 647 3753 721 πράγματοςῐ

2100 733 2300 807 γυμνοὶ
2356 733 2453 803 ἦτε
2506 734 2556 789 ἐν
2617 731 2770 810 ὅψεσι
2826 737 3064 809 πάντων,
3124 737 3210 792 καὶ
3273 735 3374 791 οὐκ
3428 735 3754 811 ᾐσχύνεσθε.

2099 819 2364 892 Ἀληθῶς
2396 825 2500 900 γὰρ
2536 826 2766 898 μίμημα
2797 825 3010 903 ἐφέρετε
3059 829 3155 881 τοῦ
3205 824 3646 897 πρωτοπλοὶστου
3679 826 3757 897 (1)

2100 907 2303 985 Ἀδὰμ,
2364 911 2424 975 ὅς
2475 913 2526 969 ἒν
2575 919 2656 988 τῷ
2711 913 3031 990 παραδείσῳ
3089 915 3294 992 γυμνὸς
3353 916 3445 988 ἦν,
3505 916 3591 970 καὶ
3653 914 3757 970 οὐκ

2102 998 2398 1074 ᾐσχύνετο.

2176 1091 2247 1146 Γ’.
2279 1089 2409 1146 Εἶτα
2439 1089 2822 1163 ἀποδυθὲντες,
2854 1091 3024 1167 ἐλαίῳ
3080 1093 3370 1172 ἠλείφεσθε
3423 1092 3758 1169 ἐπορκιστῷ,

2103 1176 2197 1232 ἀπ’
2221 1177 2398 1253 ἄκρων
2429 1185 2636 1258 τριχῶν
2687 1189 2932 1262 κορυφῆς
2991 1181 3094 1246 ἕως
3151 1188 3261 1239 τῶν
3310 1182 3459 1238 κάτω
3513 1185 3610 1256 (2)·
3666 1182 3762 1238 καὶ

2103 1267 2359 1323 κοινωνοὶ
2391 1269 2624 1346 ἐγίνεσϐε
2671 1275 2772 1341 τῆς
2825 1271 3208 1345 καλλιελαὶου,
3268 1275 3448 1343 Ἰησοῦ
3499 1273 3763 1348 Χριστοῦ.

2108 1357 2461 1422 Ἐκκοπὲντες
2518 1360 2618 1436 γὰρ
2679 1361 2738 1416 ἐκ
2794 1369 2896 1432 τῆς
2954 1361 3292 1439 ἀγριελαίου,
3340 1361 3768 1438 ὲνεκεντρίζεσθι

2109 1445 2184 1508 εἷς
2214 1448 2313 1516 τὴν
2345 1446 2729 1520 καλλιέλαιον,
2755 1452 2846 1506 καὶ
2890 1452 3145 1508 κοινωνοὶ
3197 1451 3433 1527 ὲγίνεσθε
3480 1459 3580 1521 τῆς
3629 1452 3763 1507 πιό-

2107 1557 2271 1606 τητος
2300 1544 2397 1607 τῆς
2428 1537 2692 1610 ἀληθινῆς
2727 1539 2936 1603 ἐλαίας.
2972 1542 3045 1597 Τὸ
3077 1540 3168 1598 οῦν
3197 1541 3516 1617 ὲπορκιστὸν
3549 1536 3765 1611 ἔλαιον,

2109 1620 2387 1698 σύμ-ϐολον
2418 1629 2484 1697 ἦν
2513 1621 2934 1699 τῆςκοινωνίας
2961 1634 3061 1697 τῆς
3089 1630 3352 1702 πιότητος
3378 1635 3474 1686 τοῦ
3497 1634 3766 1703 Χριστοῦ,

2109 1713 2540 1792 φυγαδευτήριον
2572 1723 2846 1794 τυγχάνον
2879 1721 3079 1783 παντὸς
3137 1719 3333 1795 ἴχνους
3384 1720 3769 1793 ἀντικειμένης

349 1802 2634 1909 ριοῐυεαῑ.⁸⁸Οιιθωειᾶωοάιιῐῐιθηίῑηὶιιειιῖίιειῐὶοηθεεοῐι-Βένεργείας.’Ὠσπερ
2691 1808 2796 1886 γὰρ
2852 1811 2918 1864 τὰ
2975 1809 3341 1888 ἐμφυσήματα
3402 1814 3509 1864 τῶν
3567 1809 3768 1886 ἁγίων,

353 1905 582 1957 ctorum
614 1905 672 1955 et
701 1900 990 1956 invocatio
1022 1900 1284 1955 nominis
1332 1900 1459 1965 Dei,
1509 1899 1766 1956 ﬂamma
1818 1900 2006 1956 instar

361 1990 897 2045 vehementissima:
927 1989 1230 2046 daamones
1259 1990 1378 2043 urit
1438 1993 1496 2043 et
1542 1990 1795 2061 eil‘ugat:
1838 1989 1919 2044 ita
1948 1994 2008 2044 et

360 2079 751 2135 exorcizatum
783 2078 938 2134 istud
969 2079 1189 2146 oleum,
1219 2095 1326 2149 per
1354 2079 1786 2134 invocationem
1819 2078 1920 2132 Dei
1949 2083 2009 2133 et

361 2168 711 2235 orationem,
736 2173 959 2224 tantam
982 2169 1096 2222 vim
1120 2168 1390 2235 assumit,
1415 2173 1482 2223 ut
1501 2184 1621 2223 non
1635 2167 1812 2223 modo
1835 2184 2006 2223 uren-

359 2257 433 2314 do
450 2263 827 2331 peccatorum
846 2258 1088 2331 vestigia
1110 2258 1425 2331 depurget;
1450 2275 1653 2314 verum
1672 2259 1849 2314 etiam
1873 2277 2003 2314 om-

358 2365 466 2404 nes
497 2348 825 2404 invisibiles
852 2347 991 2403 mali
1024 2347 1309 2419 (spiritus)
1341 2353 1662 2420 potestates
1693 2348 1755 2404 in
1805 2348 2004 2422 fugam

357 2443 510 2510 agat.

435 2528 745 2582 lV.Postea
757 2526 830 2581 ad
845 2530 1108 2581 sanctam
1122 2525 1302 2580 divini
1320 2526 1692 2598 baptismatis
1714 2529 2004 2600 piscinam

361 2615 599 2672 deducti
614 2615 778 2681 estis,
797 2615 881 2670 uti
896 2615 1160 2670 Christus
1177 2631 1211 2669 a
1232 2633 1404 2670 cruce
1427 2616 1499 2672 ad
1523 2621 1781 2688 positum
1807 2634 2004 2673 coram

361 2702 775 2778 sepulcrum.‘7
792 2705 1267 2777 Etinterrogatus
1281 2707 2006 2777 estunusquisque,utrum

362 2795 632 2851 crederet
660 2795 721 2849 in
754 2810 974 2850 nomen
1004 2795 1215 2864 Patris,
1250 2800 1307 2849 et
1335 2794 1488 2862 Filii,
1512 2801 1570 2850 et
1599 2797 1850 2867 Spiritus
1873 2814 2006 2853 san-

364 2885 462 2941 cti.
497 2883 884 2955 Confessique
917 2883 1057 2939 estis
1090 2883 1414 2939 salutarem
1451 2885 1908 2956 confessionem,
1941 2905 2008 2942 ac

365 2973 618 3030 demersi
647 2973 787 3029 estis
818 2973 991 3028 tertio
1022 2973 1084 3028 in
1115 2989 1352 3045 aquam,
1375 2991 1732 3046 rursumque
1765 2977 2006 3032 emersi-

363 3064 470 3120 stis
497 3081 511 3130 ;
535 3062 581 3098 ⁸⁸
601 3067 778 3134 atque
800 3063 896 3118 hic
927 3063 987 3118 in
1019 3063 1278 3136 imagine
1310 3068 1368 3118 et
1397 3064 1460 3119 in
1482 3064 1752 3136 symbolo
1784 3066 2009 3122 tridua-

361 3169 500 3209 nam
531 3153 748 3208 Christi
781 3152 1162 3226 significastis
1220 3153 1608 3224 sepulturam.
1658 3155 1818 3211 Sicut
1847 3157 2006 3212 enim

360 3242 622 3298 Salvator
651 3246 854 3297 noster
883 3247 1002 3297 tres
1031 3241 1158 3297 dies
1185 3247 1244 3297 et
1271 3247 1478 3298 noctes
1528 3247 1646 3298 tres
1693 3244 1756 3298 in
1807 3250 2008 3300 ventre

360 3335 534 3384 terra)
565 3330 683 3402 egit
701 3331 774 3383 ‘9:
804 3329 888 3385 sic
911 3335 969 3385 et
989 3347 1088 3385 vos
1107 3330 1166 3384 in
1190 3331 1382 3401 prima
1399 3332 1731 3387 emersione
1755 3333 2008 3405 primam

361 3435 540 3491 quam
573 3420 636 3473 in
663 3425 820 3474 terra
835 3419 1100 3475 Christus
1119 3420 1309 3490 exegit
1331 3420 1510 3488 diem,
1536 3427 1594 3476 et
1625 3422 2008 3477 immersione

362 3513 621 3576 noctem,
642 3508 854 3562 imitati
878 3507 1040 3564 estis.
1068 3511 1211 3564 Nam
1237 3508 1395 3564 velut
1420 3511 1521 3580 qui
1544 3511 1604 3564 in
1636 3517 1808 3565 nocte
1827 3511 2006 3583 degit,

365 3613 487 3652 non
517 3597 774 3668 amplius
805 3597 980 3665 videt,
1013 3597 1115 3668 qui
1147 3615 1283 3654 vero
1305 3598 1366 3653 in
1389 3598 1508 3667 die,
1532 3599 1592 3654 in
1624 3599 1849 3656 lumine
1883 3617 2007 3657 vero

349 3691 562 3766 satur:
586 3687 630 3721 ³ο
657 3687 739 3741 sic
761 3692 819 3741 et
836 3687 896 3742 in
918 3687 1235 3755 mersione,
1253 3692 1534 3759 tanquam
1556 3689 1614 3743 in
1637 3695 1828 3755 nocte,
1858 3690 2008 3745 nihil

361 3775 624 3841 vidistis;
659 3775 720 3831 in
754 3775 1085 3830 emersione
1115 3793 1251 3831 vero
1283 3782 1565 3847 tanquam
1596 3779 1658 3833 in
1689 3778 1783 3834 die
1832 3780 2006 3852 positi

363 3863 590 3930 fuistis;
617 3864 942 3935 eodemque
966 3871 1268 3920 momento
1293 3871 1347 3920 et
1369 3868 1584 3921 mortui
1611 3873 1668 3920 et
1698 3869 1818 3922 nati
1843 3869 2006 3937 estis,

361 3952 584 4024 illaque
613 3952 772 4008 unda
803 3953 1079 4008 salutaris
1111 3959 1168 4007 et
1199 3954 1535 4023 sepulcrum
1558 3955 1719 4010 vobis
1743 3961 1800 4010 et
1821 3962 2010 4011 mater

362 4045 572 4100 eﬂ'ecla
600 4050 706 4100 est.
741 4046 810 4098 Et
855 4043 1012 4114 quod
1043 4043 1114 4098 de
1137 4043 1270 4098 aliis
1303 4044 1478 4098 rebus
1539 4046 1814 4101 Salomon
1840 4048 2006 4115 dixit,

361 4133 525 4188 vobis
550 4134 770 4204 optime
793 4132 1130 4188 conveniat:
1156 4132 1392 4188 dicebat
1425 4133 1524 4188 ille
1551 4151 1563 4188 :
1600 4137 1823 4206 Tempus
1854 4139 2008 4194 313

429 4257 476 4292 ⁴³
508 4257 672 4311 Cant.
708 4273 756 4325 v,
792 4258 842 4310 3.
919 4254 968 4289 ⁴⁴
1000 4258 1140 4311 Gen.
1177 4273 1240 4321 ιι,
1274 4260 1360 4311 25.

359 4335 465 4386 cal.
503 4330 586 4392 18,
619 4345 773 4384 num.
805 4330 893 4383 33.
968 4327 1012 4363 “
1050 4329 1174 4382 νὶίί.
1199 4335 1310 4383 cat.
1355 4330 1405 4395 3,
1439 4345 1589 4384 num.
1631 4334 1713 4388 l2.

1457 4255 1502 4290 ‘5
1533 4260 1692 4313 Rom.
1729 4277 1802 4327 XI,
1841 4263 2027 4318 17-21.

1790 4333 1834 4368 ⁴⁹
1865 4335 2065 4389 Matth.
2098 4351 2192 4401 xu,
2226 4336 2314 4387 40.

2113 1893 2202 1948 καὶ
2234 1898 2269 1964 ἡ
2299 1901 2397 1951 τοῦ
2429 1897 2696 1971 ὀνόματος
2725 1903 2823 1954 τοῦ
2854 1903 2988 1955 Θεοῦ
3033 1899 3342 1970 ἐπίκλησις,
3397 1899 3577 1975 ὥσπερ
3625 1919 3765 1975 σφο-

2116 1979 2347 2058 δροτάτη
2409 1985 2567 2063 φλὸξ,
2625 1986 2764 2042 καίει
2822 1989 2912 2042 καὶ
2970 1985 3218 2043 ἐκδιώκει
3277 1986 3556 2062 δαίμονας*
3619 1986 3767 2044 οὕτω

2113 2073 2296 2130 καὶτὸ
2332 2075 2650 2153 ἐπορκιστὸν
2676 2082 2840 2134 τοῦτο
2898 2077 3100 2149 ἔκαιον,
3160 2077 3446 2150 ἐπικλήσει
3497 2083 3632 2135 Θεοῦ
3671 2097 3765 2147 καί

2115 2165 2256 2241 εὐχῇ
2290 2163 2517 2240 δύναμιν
2547 2166 2886 2239 τηλικαύτην
2945 2163 3238 2242 λαμϐάνει,
3299 2169 3436 2224 ὥστε
3479 2169 3544 2224 οὐ
3594 2167 3765 2240 μόνον

2113 2261 2267 2310 καῖον
2298 2257 2365 2310 τὰ
2396 2255 2524 2332 ἴχνη
2587 2260 2661 2330 (3)
2715 2262 2823 2312 τῶν
2883 2259 3294 2332 ἀμαρτημάτων
3354 2257 3765 2332 ἀποκαθαίρειν,

2113 2341 2261 2399 ἀλλὰ
2315 2344 2405 2400 καὶ
2463 2344 2636 2408 πάσας
2696 2345 2958 2421 ἀοράτους
3015 2351 3112 2402 τοῦ
3169 2350 3414 2421 πονηροῦ
3483 2343 3765 2402 ὲκδιὼκειν

2113 2433 2206 2495 τὰς
2239 2431 2512 2508 δυνάμεις.

2187 2525 2259 2581 Δ“.
2293 2525 2445 2580 Μετὰ
2471 2528 2660 2596 ταῦτα,
2691 2523 2779 2578 ἐπὶ
2835 2525 2937 2593 τήν
2994 2523 3146 2600 ἁγίαν
3203 2529 3302 2580 τοῦ
3359 2525 3508 2579 θείου
3569 2523 3766 2600 βαπτί-

2115 2631 2323 2686 σματος
2381 2612 2842 2690 ἐχειραγωγεῖσοε
2888 2607 3307 2688 κολυμϐήθραν,
3359 2613 3435 2676 ὡς
3466 2615 3494 2669 ὁ
3525 2613 3766 2688 Χριστὸς

2117 2705 2222 2760 ἀπὸ
2277 2708 2373 2758 τοῦ
2430 2707 2661 2775 σταυροῦ
2718 2703 2805 2759 ἐπὶ
2860 2703 2923 2758 τὸ
2978 2702 3335 2777 προκείμενον
3400 2710 3607 2778 μνῆμα.
3664 2704 3764 2758 Καὶ

2116 2797 2368 2871 ἡρωτᾶτο
2423 2791 2647 2855 ἕκαστος
2707 2793 2756 2849 εἴ
2808 2792 3046 2850 πιστεύει
3114 2793 3190 2857 εἷς
3275 2795 3337 2848 τὸ
3417 2791 3591 2867 ὄνομα
3663 2799 3764 2848 τοῦ

2119 2885 2350 2954 Πατρὸς,
2426 2883 2515 2938 καὶ
2597 2887 2696 2938 τοῦ
2775 2883 2925 2952 Υὶοῦ,
3010 2882 3100 2938 καὶ
3183 2887 3279 2938 τοῦ
3361 2882 3523 2959 ἆγὶου
3598 2882 3770 2939 Πνεῦ-

2121 2994 2313 3047 ματος.
2348 2975 2446 3028 Καὶ
2496 2973 2897 3046 ὡμολογήσατε
2950 2973 3051 3040 τὴν
3108 2974 3379 3048 σωτήριον
3433 2971 3768 3048 ὁμολογίαν,

2116 3063 2207 3118 καὶ
2264 3060 2550 3118 κατεδύετε
2606 3062 2790 3136 τρίτον
2847 3061 2924 3124 εἰς
2977 3062 3041 3116 τὸ
3091 3059 3260 3138 ὕδωρ,
3320 3063 3411 3118 καὶ
3463 3061 3627 3118 πάλιν
3676 3062 3767 3116 ἆν-

2121 3151 2319 3210 εδύετε’
2353 3153 2443 3206 καὶ
2474 3151 2713 3220 ἐνταῦθα,
2750 3147 2840 3205 διὰ
2869 3145 3154 3224 συμϐόλου
3183 3153 3283 3220 τήν
3339 3153 3640 3228 τριήμερον
3669 3156 3768 3207 τοῦ

2038 3212 2083 3281 c
2121 3245 2363 3318 Χριστοῦ
2390 3212 2754 3312 αἰνιττόμενοι
2811 3212 3009 3316 madv.
3068 3212 3322 3315 Καθάπερ
3371 3212 3764 3317 γᾶριὸιΣωτὴρ

2118 3335 2281 3404 ἡμῶν
2305 3337 2453 3406 τρεῖς
2483 3331 2694 3406 ἡμέρας
2753 3329 2844 3385 καὶ
2899 3335 3047 3404 τρεῖς
3103 3330 3300 3392 νύκτας
3349 3330 3399 3385 ἐν
3457 3335 3526 3406 τῇ
3578 3330 3769 3402 κοιλίᾳ

2115 3428 2215 3490 τῆς
2246 3427 2347 3496 γῆς
2378 3419 2642 3487 ἐποίησεν,
2678 3417 2820 3474 οὕτω
2850 3419 3106 3492 καὶὺμεῖς
3164 3419 3214 3475 ἐν
3275 3423 3343 3492 τῇ
3402 3421 3591 3493 πρώτῃ
3639 3419 3770 3475 ἂνα-

2119 3507 2263 3565 δύσει
2298 3512 2370 3582 (4)
2403 3509 2500 3576 τήν
2543 3507 2768 3582 πρώτην
2824 3505 3111 3580 ἐμιμεῖσθε
3167 3512 3265 3564 τοῦ
3311 3509 3546 3580 Χριστοῦ
3597 3507 3648 3563 ἐν
3699 3511 3770 3582 τῇ

2117 3603 2191 3674 γῇ
2249 3597 2486 3672 ἡμέραν,
2543 3596 2632 3651 καὶ
2689 3600 2758 3669 τῇ
2815 3593 3103 3650 καταδύσει
3159 3604 3258 3665 την
3316 3597 3498 3652 νύκτα.
3560 3600 3768 3672 Ὥσπερ

2117 3687 2365 3764 γᾶρὸἐν
2421 3687 2575 3741 νυκτὶ
2632 3684 2810 3740 οὐκέτι
2872 3683 3082 3760 βλέπει·
3145 3686 3173 3741 ὁ
3232 3683 3288 3741 δὲ
3337 3686 3387 3740 ἐν
3445 3685 3647 3761 ἡμέρᾳ,
3710 3686 3764 3742 ἐν

2117 3777 2256 3854 φωτὶ
2289 3775 2481 3852 διάγει’
2517 3774 2690 3837 οὕτως
2723 3773 2772 3829 ἐν
2801 3778 2867 3848 τῇ
2897 3773 3207 3844 καταδύσει,
3240 3776 3315 3837 ὡς
3347 3774 3402 3830 ἐν
3451 3777 3626 3844 νυκτὶ,
3659 3775 3764 3832 οὖ-

2117 3865 2204 3922 δέν
2237 3869 2457 3943 ἑωρᾶτε·
2501 3864 2638 3921 ἐνὸὶ
2667 3869 2734 3939 τῇ
2791 3862 3042 3920 ἀναδύσει
3100 3864 3289 3936 πάλιν,
3349 3867 3425 3930 ὡς
3477 3865 3530 3922 ἐν
3583 3867 3768 3942 ἡμέρᾳ

2118 3956 2438 4033 ἐτυγχάνετε
2467 3952 2630 4016 ὄντες.
2663 3953 2761 4008 Καὶ
2811 3953 2862 4009 ἐν
2921 3959 3000 4026 τῷ
3057 3953 3201 4028 αὐτῷ
3256 3956 3616 4027 ἀπεθνήσχετε
3671 3955 3766 4010 καὶ

2117 4048 2410 4123 ἐγεννᾶσθε·
2444 4045 2624 4100 καὶτὸ
2683 4045 2951 4118 σωτήριον
3003 4043 3175 4099 ἐκεῖνο
3233 4041 3401 4120 ὕδωρ,
3455 4046 3544 4101 καὶ
3595 4047 3766 4122 τάφος

2121 4139 2248 4211 ὑμῖν
2280 4136 2486 4211 ἐγίνετο
2515 4133 2603 4189 καὶ
2638 4135 2843 4209 μήτηρ.
2879 4133 2982 4188 Καὶ
3015 4132 3146 4209 ὅπερ
3205 4132 3478 4208 Σαλομὼν
3529 4135 3616 4189 ἐπὶ
3665 4135 3766 4190 ἅλ-

2131 4262 2174 4297 ⁴⁶
2212 4263 2338 4316 Vid.
2374 4263 2589 4316 Procat.
2623 4275 2775 4313 num.
2808 4261 2878 4324 9;
2912 4265 3016 4314 cat.
3057 4261 3139 4324 16,
3175 4276 3324 4314 num.
3362 4261 3446 4314 19.
3550 4261 3593 4296 ⁸⁷
3627 4261 3762 4317 Vid.

2391 4332 2438 4366 ⁵ο
2469 4331 2592 4386 Nid.
2625 4337 2734 4386 cat.
2774 4334 2856 4396 17,
2890 4347 3046 4386 num.
3090 4333 3175 4386 11-.

430 4445 648 4529 (1)"I‘o?
707 4442 1165 4529 nptutonla’tﬁou'.
1227 4443 2001 4529 Artic’ulum‘supplcvimus

2119 4453 2242 4503 tum
2263 4453 2421 4529 certe
2446 4463 2660 4501 nervos
2682 4445 2895 4527 animm
2914 4461 3084 4525 urere
3117 4445 3288 4528 docet
3317 4451 3429 4529 cat:
3464 4451 3515 4511 2,
3538 4464 3596 4502 n.
3625 4451 3673 4514 1,
3709 4452 3767 4503 et

360 4533 430 4571 ex
461 4516 552 4571 ed.
589 4515 811 4583 Morel.,
845 4523 900 4570 et
932 4515 1102 4570 codd.
1139 4518 1256 4570 Βοθ
1287 4522 1345 4570 et
1374 4516 1622 4571 Casaub.

537 4589 658 4642 Τῶν
692 4586 1013 4669 κάτω..ῐίρϐ
1045 4594 1103 4672 (ξι
1158 4592 1313 4670 ςῖἱὶὸη
1357 4590 1476 4672 τῶνὶ
1513 4585 1860 4672 κατοιτάτιυν·
1907 4608 2005 4672 ge-

360 4655 577 4715 nitivus
611 4666 698 4715 est
729 4659 988 4714 nominis
1016 4657 1081 4711 τὰ
1112 4655 1278 4723 κάτω,
1306 4659 1392 4713 vel
1421 4658 1486 4711 τὰ
1527 4660 1828 4716 κατώτατα.
1883 4655 2006 4717 Non

362 4734 520 4788 enim
545 4731 1018 4787 subaudiendum
1043 4736 1133 4786 est
1159 4732 1387 4802 τριχῶν,
1421 4737 1487 4786 ut
1509 4730 1646 4785 fecit
1664 4733 2005 4796 Grodecius.

360 4805 461 4875 qui
493 4805 683 4869 vertit,
716 4805 789 4858 ad
819 4807 1032 4873 inﬁmos
1065 4819 1287 4872 usque;
1323 4803 1491 4873 quasi
1547 4803 1745 4875 capilli
1788 4805 2001 4875 pedum

357 4874 577 4946 plantis
601 4877 705 4930 ulli
727 4875 1306 4931 adhaereant.Unctio
1329 4891 1458 4946 qua:
1473 4874 2004 4931 secundumdiver-

358 4945 455 5002 sos
486 4947 882 5003 Ecclesiarum
914 4963 1108 5000 mores
1137 4946 1227 4999 vel
1259 4945 1665 5001 sacerdotibus
1688 4947 1775 5001 vel
1807 4949 2006 5002 diaco-

357 5019 450 5074 nis
481 5019 768 5084 facienda,
798 5034 1051 5088 cumque
1083 5018 1153 5072 de
1183 5017 1421 5073 feminis
1448 5018 1748 5085 agebatur,
1809 5019 2004 5074 diaco-

354 5091 534 5146 nissis
557 5089 915 5144 absolvenda
937 5090 1410 5160 permittebatur,
1448 5090 1509 5144 in
1542 5090 1803 5145 Ecclesia
1842 5092 2004 5146 Jero-

355 5161 711 5231 solymitana
772 5160 882 5214 soli
933 5160 1276 5231 presbytero
1318 5161 1677 5231 baptismum
1716 5163 2002 5216 adminis-

355 5234 534 5289 tranti
569 5233 792 5287 credita
823 5238 967 5298 erat,
1001 5232 1148 5287 adeo
1181 5238 1245 5286 ut
1275 5231 1333 5286 id
1369 5233 1629 5287 officium
1654 5233 2005 5289 diaconissm

354 5305 696 5379 permittere
732 5309 963 5379 _contra
1005 5320 1276 5379 canones
1328 5303 1648 5379 videretur.
1725 5306 1786 5360 1d
1847 5311 2008 5376 patet

355 5375 944 5446 exemploaloanne
1004 5375 1258 5443 Moscho,
1318 5377 1472 5431 Prat.
1534 5377 1709 5446 Spir.,
1770 5375 1897 5449 cap.
1952 5379 2003 5446 3,

356 5451 841 5505 commemorato.

431 5521 508 5590 (3)
542 5519 706 5573 Καῖον
733 5514 800 5570 τὰ
831 5512 982 5589 ἴχνη.
1017 5516 1337 5592 Grodecius
1369 5517 1528 5589 legit,
1571 5517 1793 5592 καίονται
1851 5517 2004 5592 ἴχνη¹

360 5589 581 5648 urentia
633 5594 984 5661 peccatorum
1032 5589 1520 5661 vestigia,_quam
1566 5589 1788 5661 Cyrilli
1852 5589 2006 5648 scri-

359 5670 594 5734 pturam
627 5657 755 5719 esse
784 5659 959 5715 dubio
990 5657 1198 5732 procul
1231 5657 1461 5715 videtur
1485 5657 1752 5716 Mille'sio.
1797 5665 2006 5719 Pecca-

2121 4521 2320 4574 tumin
2343 4535 2608 4589 corpore,
2635 4523 2758 4571 tum
2777 4519 2832 4570 in
2849 4517 3048 4589 anima
3062 4524 3234 4572 notas
3250 4518 3616 4589 imprimere.
3649 4524 3762 4573 cat.

2120 4593 2205 4654 18,
2240 4609 2297 4645 n.
2331 4594 2419 4644 29.
2451 4588 2557 4644 Hic
2589 4596 2786 4644 autem
2836 4588 3090 4658 Cyrillus
3137 4590 3249 4644 olei
3294 4588 3602 4645 eiiorcizati
3647 4591 3761 4645 vim

2119 4669 2424 4733 comparat
2453 4678 2586 4716 cum
2613 4660 2941 4733 exorcismo
2991 4659 3142 4730 ipso,
3193 4661 3530 4733 cujusivim
3570 4661 3768 4733 dupli-

2118 4731 2406 4789 cem—esse
2439 4733 2635 4797 tradit,
2670 4738 2735 4786 ut
2755 4731 3058 4785 dmmonas
3081 4739 3232 4799 urat,
3257 4731 3616 4804 eosdemque
3639 4731 3769 4788 ver-

2119 4812 2204 4861 tat
2228 4806 2286 4859 in
2311 4806 2530 4875 fugam.
2551 4805 3233 4876 Quare‘consentaneum
3257 4810 3346 4859 est
3371 4811 3435 4859 ut
3465 4805 3767 4876 duplicem

2119 4893 2354 4948 quoque
2387 4874 2515 4948 oleo
2547 4874 2663 4928 vim
2695 4874 3247 4948 adjudicet.urendi
3272 4874 3648 4947 peccatorum
3670 4893 3767 4931 ve-

2119 4945 2310 5017 stigia,
2345 4954 2403 5001 et
2443 4946 2743 5000 daemones
2803 4945 3097 5016 abigendi.
3148 4945 3290 5003 V’idé
3339 4950 3582 5004 Procat..
3618 4966 3677 5003 n.
3710 4951 3762 5003 9.

2117 5020 2416 5098 Cmterunr
2441 5034 2629 5098 voces,
2661 5021 2812 5070 καῖον
2831 5017 3181 5098 ‘ta’tkdesunt
3225 5019 3306 5098 in_
3336 5019 3510 5098 co_dd._
3538 5021 3678 5098 [Hoc
3708 5025 3768 5074 et

2118 5090 2361 5166 Casaubi.
2400 5084 2576 5166 Infra.
2612 5089 2740 5166 loco
2787 5087 2882 5166 τάξ
2923 5084 3210 5166 δυνάμεις,
3263 5091 3449 5166 _Grpd.
3496 5084 3766 5166 légit,_ut

2119 5163 2273 5234 apud
2307 5161 2506 5216 Morel.
2540 5160 2810 5226 habetur,
2845 5155 3126 5234 δαίμονας,
3162 5163 3298 5217 mali
3343 5155 3614 5234 {spiritu};
3645 5155 3768 5220 ὶίκ..

2119 5233 2318 5288 nioncs.
2353 5236 2518 5289 Certe
2550 5233 2682 5287 mali
2706 5239 3025 5302 potestates.
3059 5233 3154 5287 hic
3185 5238 3250 5288 ut
3295 5233 3358 5289 et
3399 5235 3562 5300 alibi,
3599 5233 3762 5290 verbi

2119 5307 2306 5377 gratia
2337 5311 2448 5360 cat.
2485 5307 2854 5377 22,Anu_m_._7,
2882 5303 3226 5377 significant
3247 5304 3546 5363 daemones
3574 5307 3765 5364 socios

2121 5374 2548 5433 etdomesticos
2571 5374 2816 5449 diaboli,
2843 5374 3156 5449 eidemque
3180 5382 3243 5449 ut
3268 5377 3609 5449 imperatori
3632 5378 3764 5433 sub-

2109 5449 2323 5520 jectos.
2349 5452 2428 5504 Ac
2451 5465 2606 5520 saepe
2629 5444 2856 5520 δύναμις
2889 5446 3045 5520 apud
3061 5444 3372 5518 Cyrillum—
3387 5467 3509 5506 non
3535 5451 3620 5506 rei
3651 5450 3763 5504 ali-

2119 5518 2292 5594 cujus
2321 5518 2694 5594 potestatem,
2721 5518 2981 5594 sedprem
3005 5519 3193 5594 ipsam
3225 5527 3513 5592 potestate
3544 5521 3763 5594 prmdi-

2118 5591 2236 5647 tam
2263 5592 2552 5662 designat,
2586 5597 2649 5645 ut
2679 5595 2788 5662 cat.
2829 5593 2915 5653 17,
2947 5607 3006 5645 n.
3027 5591 3115 5662 34.

2189 5667 2263 5735 (1)
2294 5657 2595 5719 Ἀνᾶδύσει.
2628 5660 2802 5719 Coisl.
2836 5666 2896 5717 et
2919 5663 3061 5731 Roe,
3095 5657 3376 5721 ἀποδόσει.
