4148 6286
363 388 517 452 1081

1344 383 1827 447 CATECHESIS
1871 382 2001 446 XX.
2049 380 2615 446 MYSTAGOGIGA
2655 379 2766 445 III.

3615 380 3773 444 1082

369 522 484 583 λων
547 519 756 597 εἷ’ρηκε,
812 524 976 577 τοῦτο
1033 517 1269 597 ἁρμόσαι
1329 518 1390 576 ἂν
1445 520 1594 594 ὑμῖν·
1650 518 1758 576 ἐκεί
1792 518 1887 594 μὶν
1916 518 2004 596 γὰρ

2127 520 2394 590 pariendi
2422 526 2474 575 et
2504 525 2714 591 tempus
2733 519 3004 575 moriendi
3021 519 3066 556 ⁵⁸
3095 534 3107 573 :
3131 522 3190 574 at
3208 517 3374 575 vobis
3396 534 3427 574 e
3448 534 3730 575 converso
3755 533 3772 576 :

269 631 274 634 '
364 611 550 686 ἔλεγεο
606 611 813 682 Καιρὸς
865 613 963 665 τοῦ
1016 615 1215 682 τεκεῖν,
1273 610 1363 666 καὶ
1421 609 1610 683 καιρὸς
1663 614 1760 664 τοῦ
1807 610 2012 674 ἀποθα-

360 708 494 758 νεῖν·
530 700 613 779 ἐφ’
645 701 798 774 ὑμῶν
860 697 919 756 δὲ
971 701 1035 755 τὸ
1093 699 1384 771 ἀνάπαλιν,
1434 697 1623 776 καιρὰς
1667 702 1763 754 τοῦ
1802 699 2009 754 ἀποθαο

361 797 492 862 νεῖν,
552 791 640 846 καὶ
701 791 890 866 καιρὸς
973 793 1070 844 τοῦ
1129 791 1472 867 γεννηθῆναι.
1534 790 1629 847 Καὶ
1690 791 1768 851 εἷς
1824 789 2011 864 καιρὸς

358 882 686 960 ἀμφοτέρων
711 879 920 936 τούτων
955 879 1267 950 ποιητικός·
1321 878 1412 934 καὶ
1461 876 1765 953 σύνδρομος
1806 877 2009 955 ἐγίνετο

360 975 443 1044 τῷ
473 972 686 1042 θανάτῳ
713 969 750 1036 ἡ
775 968 1026 1045 γέννησις
1057 969 1092 1038 ἠ
1131 962 1384 1044 ὑμετέρα.

434 1061 512 1118 ΕΓ.
545 1060 609 1113 Ὢ
641 1059 792 1129 ξένου
840 1057 928 1112 καὶ
980 1054 1286 1132 παραδόξου
1333 1057 1656 1132 πράγματος
1683 1057 1696 1114 ί
1729 1056 1844 1113 Οὐκ
1873 1052 2011 1126 ἀλη-

362 1151 472 1213 θῶς
499 1147 856 1220 ἀπεθάνομεν,
889 1144 1008 1200 οόδ’
1038 1145 1264 1217 ἀληθῶς
1319 1145 1611 1222 ἐτάφημεν,
1643 1142 1761 1201 οὐδ’
1787 1143 2012 1215 ἀληθῶς

361 1244 764 1313 σταυρωθέντες
815 1235 1136 1310 ἀνέστημενο
1189 1233 1318 1292 ἀλλ’
1369 1236 1419 1291 ἐν
1471 1234 1711 1305 εἰπόνιή
1750 1235 2007 1309 μίμησις,

361 1326 417 1385 ἰν
449 1327 685 1397 ἀληθείᾳ
712 1323 770 1381 δὲ
797 1327 832 1395 ἡ
870 1323 1136 1399 σωτηρία.
1189 1324 1421 1401 Χριστὸν
1467 1323 1638 1386 ὃντως
1671 1324 2008 1398 εσταυρώθη,

358 1418 450 1474 καὶ
511 1413 685 1478 ὅντως
746 1415 942 1493 ἐτάφη,
997 1414 1087 1469 καὶ
1145 1413 1368 1485 ἀληθῶς
1429 1414 1643 1484 ἀνέστη·
1702 1413 1793 1469 καὶ
1841 1414 2010 1468 πάντα

359 1509 499 1580 ἡμῖν
526 1504 696 1561 ταῦτα
745 1505 1090 1581 κεχάρισται,
1135 1504 1227 1558 ἳνα
1275 1506 1344 1577 τῇ
1400 1505 1628 1577 μιμήσει
1659 1508 1736 1575 (1)
1767 1507 1871 1558 τῶν
1904 1522 2011 1556 πα-

362 1609 429 1668 θη
442 1599 626 1671 μάτων
659 1594 825 1651 αὐτοῦ
863 1595 1314 1666 κοινωνήσαντες,
1347 1593 1575 1664 ἀληθείά
1603 1593 1700 1663 τήν
1735 1591 2006 1668 σωτηρίαν

357 1683 739 1760 κερδήσωμεν.
771 1692 835 1740 Ὠ
865 1681 1284 1759 φιλανθρωπίας
1345 1679 1796 1758 ὑπερϐαλλούσης
1823 1685 1834 1740 l
1870 1688 2010 1758 Χρι-

363 1776 487 1832 στὸν
547 1772 762 1848 ἐδέξατο
820 1773 908 1828 ἐπὶ
962 1776 1070 1828 τῶν
1128 1773 1416 1847 ἀχράντων
1469 1771 1634 1827 αὐτοῦ
1683 1775 1884 1848 χειρῶν
1918 1772 2005 1827 καὶ

361 1864 546 1922 ποδῶν
603 1864 798 1935 ἥλους,
857 1864 948 1919 καὶ
1007 1858 1232 1940 ἤλγησε
1291 1863 1381 1920 καί
1441 1885 1535 1938 μοι
1593 1863 1858 1939 ἀναλγητὶ
1916 1863 2003 1919 καὶ

366 1957 622 2027 ἀπονητὶ,
650 1952 740 2010 διά
765 1961 867 2025 τῆς
891 1957 990 2010 τοῦ
1043 1955 1242 2029 ἄλγους
1274 1952 1559 2017 κοινωνίας
1590 1953 1873 2028 χαρίζεται
1902 1955 2002 2024 τὴν

363 2045 661 2119 σωτηρίαν.

431 2229 484 2294 ζ’.
521 2221 728 2295 Μηδεὶς
789 2223 881 2279 οὖν
941 2222 1214 2296 νομιζέτω
1270 2222 1332 2278 τὸ
1393 2223 1695 2298 βάπτισμα,
1761 2223 1998 2300 ἀφέσεως

353 2314 636 2390 ἁμαρτιῶν
693 2311 884 2386 μόνον,
933 2311 1079 2367 ἀλλὰ
1122 2311 1213 2366 καὶ
1264 2311 1535 2376 υἱοθεσίας
1582 2312 1746 2387 χάριν
1790 2311 2000 2386 τυγχά-

353 2424 478 2459 νειν·
511 2402 585 2464 ὡς
614 2403 676 2458 τὸ
707 2401 962 2460 Ἰωάννου
1017 2403 1096 2475 (2)
1152 2399 1415 2476 ἐτύγχανε
1475 2400 1775 2476 βάπτισμα,
1829 2402 2003 2474 μόνης

353 2491 593 2570 ἀφέσεως
646 2493 929 2566 ἁμαρτιῶν
979 2491 1324 2566 παρεκτικόν.
1374 2488 1550 2548 Ἀλλά
1616 2485 1860 2566 ἀκριϐῶς
1918 2489 2000 2546 εἷ’-

358 2579 557 2651 δότῶν,
589 2583 772 2655 ἡμῶν,
821 2579 906 2636 ὅτι
961 2580 1035 2642 ὡς
1082 2574 1222 2635 ἔστιν
1275 2581 1686 2655 ἁμαρτημάτων
1717 2582 1998 2653 καθαρτή-

353 2691 494 2746 ριον,
551 2669 642 2725 καὶ
703 2669 1020 2744 [Ινεύματος
1051 2668 1210 2745 ἁγίου
1268 2666 1473 2744 δωρεᾶς
1531 2669 1811 2745 πρόξενον,
1857 2669 2000 2724 οὕτω

359 2759 449 2815 καὶ
505 2764 612 2815 τῶν
661 2763 756 2814 τοῦ
825 2761 1061 2832 Χριστοῦ
1142 2756 1481 2831 παθημάτων
1543 2759 1852 2815 ἀντίτυπον·
1916 2758 2004 2815 ’διὰ

355 2854 516 2906 τοῦτο
545 2852 648 2926 γὰρ
679 2850 768 2904 καὶ
831 2848 1049 2913 Παῦλος
1103 2848 1304 2924 ἀρτίως
1365 2849 1507 2924 βοῶν
1567 2846 1772 2925 ἔλεγεν·
1825 2851 1894 2907 Ἥ
1926 2855 2002 2923 (3)

354 2941 622 3015 ἀγνοεῖτε,
727 2940 812 2994 ὅτι
887 2937 1006 2994 ὅσοι
1082 2934 1486 3012 ἐϐαπτίσθημεν
1589 2937 1668 3001 εἷς
1771 2941 2001 3013 Χριστὸν

359 3029 595 3100 Ἰησοῦν,
671 3027 748 3092 εἷς
821 3029 916 3084 τὸν
993 3030 1218 3083 θάνατον
1295 3027 1460 3082 αὐτοῦ
1555 3023 2006 3116 ἐϐαπτίσθημεν;

359 3118 744 3196 Συνετάφημεν
805 3116 899 3173 οὖν
957 3116 1104 3190 αὐτῷ
1183 3114 1274 3172 διὰ
1324 3121 1422 3172 τοῦ
1496 3118 1874 3193 βαπτίσματος
1931 3114 2008 3180 εἰς

352 3208 442 3264 τὸν
481 3195 735 3265 θάνατον.
783 3209 968 3264 Ταῦτα
1018 3204 1175 3284 ἔλεγε
1233 3210 1307 3281 (4)
1364 3207 1501 3282 πρὸς
1541 3204 1895 3276 διατεθέντας,
1929 3209 2003 3272 ὡς
2035 3195 2078 3262 C

2122 614 2366 681 tempus
2397 608 2691 664 moriendi
2723 614 2784 665 et
2813 614 3046 681 tempus
3074 607 3360 664 nascendi
3384 625 3397 676 ;
3421 624 3607 664 unum
3629 613 3774 664 tem-

2118 715 2231 772 pus
2263 699 2389 755 haec
2415 704 2668 771 utraque
2695 699 2910 766 effecit,
2935 704 2993 753 et
3017 714 3152 756 cum
3175 703 3364 754 morte
3386 698 3661 755 nativitas
3681 715 3772 758 ve-

2117 794 2240 846 stra
2271 790 2600 846 concurrit.

2189 1060 2251 1114 V.
2286 1061 2330 1116 Ο
2371 1075 2592 1117 novum
2634 1060 3089 1132 inauditumque
3137 1075 3338 1117 rerum
3387 1060 3606 1133 genus!
3640 1063 3767 1118 Non

2117 1163 2323 1205 sumus
2353 1165 2488 1205 vere
2535 1149 2756 1206 mortui
2814 1165 2926 1204 nec
2981 1165 3116 1206 vere
3171 1150 3410 1222 sepulti,
3467 1166 3579 1207 nec
3632 1165 3767 1208 vere

2117 1241 2382 1297 cruciﬁxi
2415 1241 2886 1297 resurreximus:
2927 1257 3130 1297 verum
3163 1256 3367 1296 earum
3414 1258 3615 1298 rerum
3665 1259 3770 1315 per

2115 1329 2436 1403 imaginem
2465 1329 2722 1386 imitatio
2772 1346 3052 1402 expressa
3082 1333 3190 1398 est,
3224 1334 3285 1386 at
3325 1330 3570 1387 veritate
3600 1337 3769 1405 parta

2115 1420 2255 1476 hinc
2282 1421 2410 1477 salu
2425 1439 2466 1478 π.
2489 1420 2540 1455 ⁵²
2568 1421 2835 1476 Christus
2869 1437 3001 1477 vere
3031 1422 3351 1478 crucifixus
3383 1426 3492 1487 est,
3527 1427 3586 1478 et
3631 1440 3764 1480 vere

2116 1509 2406 1582 sepultus,
2442 1514 2500 1564 et
2527 1526 2661 1565 vere
2691 1510 2986 1565 surrexit:
3030 1508 3079 1544 ⁵³
3127 1515 3186 1566 et
3233 1511 3358 1566 haec
3407 1513 3610 1569 omnia
3657 1531 3765 1568 no-

2114 1599 2206 1656 bis
2237 1617 2344 1672 per
2371 1601 2618 1674 gratiam
2642 1607 2780 1655 sunt
2803 1600 3124 1672 impertita,
3142 1606 3210 1656 ut
3237 1618 3342 1672 per
3370 1602 3764 1660 imitationem

2114 1690 2436 1762 participes
2463 1690 2592 1760 ejus
2624 1691 3082 1763 perpessionum
3111 1689 3249 1746 facti
3280 1690 3342 1747 in
3374 1691 3617 1748 veritate
3668 1709 3762 1748 sa-

2116 1779 2301 1835 lutem
2331 1779 2650 1836 lucremur.
2676 1781 2718 1835 Ο
2750 1780 3175 1836 exuberantem
3208 1780 3268 1835 in
3298 1780 3572 1836 homines
3603 1797 3764 1838 amo-

2115 1867 2275 1925 rem!
2308 1869 2578 1926 Christus
2609 1869 3368 1942 incontaminatis'pedibus
3392 1885 3460 1926 ac
3480 1871 3756 1927 manibus

2115 1959 2238 2015 suis
2269 1959 2464 2015 clavos
2493 1960 2742 2030 excepit,
2777 1964 2834 2014 et
2863 1958 3128 2014 dolorem
3168 1959 3450 2031 pertulit:
3504 1965 3564 2016 et
3608 1960 3758 2016 mihi

2114 2049 2337 2105 doloris
2367 2055 2427 2106 et
2455 2049 2676 2106 laboris
2704 2050 3031 2122 inexperto,
3064 2065 3171 2121 per
3207 2065 3453 2105 suorum
3483 2049 3756 2106 dolorum

2112 2137 2718 2194 communicationem
2749 2137 3001 2193 salutem
3033 2137 3419 2212 gratiﬁcatur.

2181 2227 2268 2282 Vl.
2297 2229 2478 2282 Nemo
2504 2243 2639 2300 ergo
2665 2227 2964 2282 existimet
2981 2227 3278 2298 baptisma
3299 2226 3359 2281 in
3383 2227 3757 2284 remissionis

2108 2323 2486 2390 peccatorum
2518 2316 2803 2373 duntaxat
2832 2322 2890 2372 et
2922 2317 2982 2372 in
3007 2317 3344 2389 adoptionis
3373 2317 3562 2390 gratia
3613 2333 3755 2374 con-

2111 2407 2340 2471 sistere,
2375 2406 2526 2462 sicut
2556 2412 2682 2462 erat
2708 2407 2952 2463 Joannis
3000 2406 3315 2478 baptisma,
3349 2405 3508 2478 quod
3567 2407 3756 2463 solam

2107 2501 2488 2570 peccatorum
2518 2497 2932 2554 remissionem
2965 2496 3347 2554 conferebat:
3379 2513 3512 2552 cum
3544 2502 3754 2554 contra

2109 2591 2382 2642 accurate
2413 2587 2772 2652 noverimus,
2807 2586 2977 2656 illud,
3028 2587 3181 2643 sicut
3225 2586 3483 2658 peccatis
3535 2603 3751 2657 expur-

2110 2675 2320 2748 gandis
2352 2675 2524 2745 valet,
2557 2681 2616 2731 et
2645 2676 2896 2747 Spiritus
2945 2677 3131 2732 sancti
3181 2676 3405 2732 donum
3453 2675 3752 2742 conciliat,

2110 2763 2193 2820 ita
2223 2770 2280 2820 et
2308 2765 2523 2820 Christi
2561 2767 2909 2837 passionum
2942 2765 3273 2837 antitypum
3305 2771 3483 2836 atque
3514 2780 3753 2836 expres-

2113 2853 2342 2909 sionem
2374 2870 2521 2909 esse.
2557 2856 2806 2925 Propter
2834 2854 2945 2909 hoc
2967 2854 3126 2909 enim
3151 2859 3208 2907 et
3237 2852 3457 2908 Paulus
3480 2852 3656 2908 modo
3680 2853 3754 2926 (5)

2114 2943 2382 2999 clamans
2394 2941 2616 2998 aiebat:
2639 2961 2660 2990 ι
2677 2947 2762 2997 An
2777 2942 3248 3016 ignoratis,quod
3265 2941 3646 3014 quincunque
3660 2941 3757 2998 ba-

2115 3051 2146 3086 ιι
2177 3031 2373 3104 ptizati
2393 3047 2596 3086 sumus
2613 3032 2675 3086 in
2698 3031 2993 3086 Christum
3014 3033 3234 3096 Jesum,
3259 3031 3320 3085 in
3345 3036 3597 3086 mortem
3624 3031 3754 3103 ejus

2115 3143 2144 3171 ι(
2177 3120 2450 3192 baptizati
2465 3119 3063 3192 sumus?Consepulti
3081 3136 3215 3193 ergo
3239 3119 3290 3175 ei
3313 3137 3520 3176 sumus
3538 3136 3644 3193 per
3664 3119 3762 3175 ba-

2120 3232 2149 3262 ‹‹
2170 3212 2454 3284 ptismum
2468 3210 2531 3265 in
2550 3207 2884 3265 mortem“.
2903 3231 2928 3257 »
2947 3210 3077 3265 Haec
3091 3208 3164 3264 ad
3183 3225 3282 3264 eos
3300 3209 3554 3280 dicebat,
3570 3209 3669 3282 qui
3694 3209 3756 3264 in

351 3360 360 3368 -
432 3325 670 3382 l“Eccle.
706 3341 787 3394 ιιι,
821 3327 873 3380 2.
949 3323 998 3360 ⁵³
1031 3325 1157 3380 Vid.
1190 3330 1297 3380 cat.
1331 3327 1421 3393 2i,
1451 3341 1509 3380 η.
1543 3327 1597 3378 2.
1675 3323 1722 3359 ⁸³
1759 3326 1884 3382 Vid.
1920 3332 2004 3382 cat

2148 3343 2206 3382 η.
2241 3330 2298 3380 11
2331 3343 2345 3394 ;
2379 3331 2486 3382 cat.
2523 3326 2607 3394 i2,
2638 3343 2694 3381 η.
2730 3327 2815 3382 15.
2893 3324 2937 3359 ⁸⁸
2967 3327 3133 3381 Rom.
3167 3343 3238 3393 v1,
3272 3327 3322 3394 3,
3357 3327 3412 3381 4.

427 3441 505 3514 (1)
539 3442 633 3514 Tit
661 3440 923 3514 miriﬁca.
951 3443 1070 3497 Roe
1094 3446 1161 3514 _et
1189 3440 1435 3514 Casaub.
1472 3441 1686 3514 horum
1733 3441 1863 3498 loco
1901 3443 2007 3498 ha-

357 3512 519 3581 bent,
552 3512 640 3566 καὶ
675 3514 860 3582 ἡμεῖς.
902 3513 970 3567 In
1019 3512 1418 3584 subsequenti
1437 3512 1680 3584 periodo
1714 3514 2007 3569 nonnulla

357 3581 737 3650 mutavimus,
761 3584 1043 3657 primum,
1069 3590 1202 3656 post
1218 3581 1471 3655 Χριστός,
1491 3601 1561 3639 ex
1581 3584 1750 3639 codd.
1770 3585 2004 3657 _Qttob.,

355 3657 556 3723 Coisl.,
592 3659 732 3727 Roe,
761 3652 1012 3727 Casaub.
1045 3652 1104 3710 et
1142 3652 1355 3710 Genov.
1390 3657 1739 3727 scripsimus
1767 3652 2000 3727 ἐδέξατο·

357 3735 417 3784 et
446 3721 692 3784 verbum
723 3726 795 3782 λα
818 3721 994 3780 ιϐάνει
1044 3727 1105 3782 in
1151 3721 1713 3799 editisﬂpostViilou;
1744 3721 2003 3799 positum

357 3801 775 3873 expunximus.
809 3801 954 3873 Tum
982 3815 1173 3873 voces,
1197 3794 1570 3873 καὶ-ἤλγησεν,
1596 3804 1674 3866 et,
1693 3794 2005 3873 p—otdvul-

357 3869 485 3947 γητὶ
516 3870 604 3924 καὶ
637 3869 869 3947 ἀπονητί
894 3888 968 3947 ex
999 3870 1132 3947 iisd.
1166 3870 1420 3947 coddzet
1440 3872 1611 3925 Grod.
1638 3870 2001 3947 adjecimus;

361 3938 590 4000 lautum
651 3943 827 3998 habet
883 3942 1075 3998 Ottob.
1136 3941 1224 3994 καὶ
1283 3938 1537 4011 ἤλγησαν
1579 3949 1640 4011 _et
1689 3938 2000 3998 doluerunt.

361 4020 690 4082 Postremo,
714 4029 848 4070 cum
873 4013 1016 4069 editi
1037 4013 1279 4070 ferrent.
1307 4009 1398 4067 διὰ
1419 4009 1516 4066 τοῦ
1541 4009 1768 4085 ἄλγους,
1802 4021 2010 4085 eontra

358 4087 816 4158 autempraefati
841 4086 1097 4149 codices,
1125 4085 1488 4158 Grodeciano
1513 4083 1888 4157 excepto,81&
1907 4088 2009 4148 τῆς

355 4155 669 4224 κοινωνίας,
719 4163 1040 4227 utrumque
1098 4156 1581 4228 conjungendum
1655 4155 2003 4213 existimavi.

358 4231 550 4288 Ottob.
583 4233 615 4283 2
645 4229 821 4301 paulo
869 4228 1282 4301 diversus_est
1311 4245 1345 4283 a
1395 4229 1644 4294 caeteris,
1674 4229 1762 4301 _sic
1806 4237 2004 4301 autem

357 4303 572 4373 habet:
605 4297 838 4373 Χριστὸς
869 4297 957 4352 ἐπὶ
985 4302 1117 4373 τῶν-
1143 4297 1429 4373 ἀχράντων
1461 4298 1798 4373 παθημάτων
1831 4299 2004 4373 ἥλους

353 4376 444 4428 καί
477 4368 700 4446 λόγχην
732 4370 1001 4446 ὑπέμεινε·
1033 4369 1134 4446 καὶ.
1176 4368 1260 4425 eoi
1294 4368 1560 4446 ἀναλγητί
1596 4368 1876 4446 χαρίζεται
1911 4368 2002 4446 διὰ

354 4447 452 4513 τῆς
482 4440 766 4504 meum
799 4440 897 4510 τῆν
925 4440 1219 4515 σωτηρίαν
1256 4466 1283 4493 ιι
1313 4440 1581 4499 Christus
1599 4440 1681 4497 in
1706 4445 1993 4514 ρειεδὶοιιὶο

357 4541 384 4568 ‹‹
417 4519 528 4573 bus
560 4517 682 4573 suis
714 4515 1199 4589 incontaminatis
1230 4515 1428 4571 clavos
1451 4522 1508 4569 et
1529 4515 2005 4589 lanceamsusti-
2033 4525 2080 4589 D

355 4611 383 4639 ‹‹
417 4591 580 4655 nuit;
617 4589 840 4659 tibique
873 4588 1000 4642 sine
1032 4586 1238 4642 dolore
1265 4604 1372 4658 per
1396 4587 2001 4659 communicationem

367 4682 393 4714 α
424 4653 675 4716 salutem
707 4653 972 4727 largitur.
1007 4681 1039 4730 si
1068 4653 1614 4730 Verba—sequentia,
1652 4653 1858 4730 Μηδεὶς
1891 4655 2008 4730 οὖν,

362 4750 550 4804 usque
600 4732 673 4787 ad
723 4731 974 4804 πρόξενον
1031 4729 1170 4786 incl.
1225 4728 1486 4804 citantur
1526 4729 1588 4784 in
1636 4728 1879 4785 scholiis
1935 4729 2008 4786 ad

357 4801 524 4862 Joan.
559 4801 993 4874 Damascglibr.
1027 4818 1080 4858 1v
1112 4805 1185 4857 De
1207 4803 1332 4872 ﬁde.
1364 4819 1492 4874 cap.
1526 4805 1578 4856 9.

425 4879 503 4950 (2)
530 4875 622 4950 :9:
648 4874 710 4928 τὸ
739 4871 1019 4950 Ἰωάννου,
1079 4871 1215 4950 εἰς(
1250 4871 1584 4950 ΟοίεΙῘΒᾳΘ
1617 4878 1676 4929 et
1730 4873 2003 4950 Casaub,

357 4944 466 5022 οὐχ
494 4946 668 5008 οὕτως
701 4947 762 5001 τὸ
795 4944 1052 5022 Ἰωάννου
1085 4944 1362 5018 βάπτισμα
1381 4945 1660 5022 τυγχάνει,
1686 4945 2002 5022 gemmeus.

354 5016 679 5076 Ita'auctor
709 5016 1130 5089 intelligendus
1162 5022 1270 5089 est,
1293 5023 1359 5072 ut
1378 5016 1781 5089 negetChristi
1813 5016 2007 5089 bapti-

360 5106 554 5148 smum
583 5091 673 5145 his
705 5087 958 5155 duobus,
992 5088 1346 5143 remissione
1390 5087 1764 5158 paccatorum
1813 5095 1872 5142 et
1901 5087 2005 5142 ad—

359 5163 620 5234 optionis
643 5162 852 5234 gratia,
877 5158 1216 5234 terminari;
1242 5159 1740 5234 quemadmodum
1762 5159 2005 5234 Joannis

360 5229 673 5306 baptisma'
706 5233 767 5287 in
825 5231 1038 5306 horum
1091 5231 1303 5306 primo,
1337 5229 1688 5306 remissione
1720 5229 2004 5306 nimirum

354 5300 694 5361 criminum.
732 5300 1115 5358 consistebat.
1149 5301 1500 5371 Adoptionis
1540 5306 1738 5372 autem
1796 5300 2002 5372 gratia,

355 5379 514 5433 idem
547 5373 882 5446 estCyrillo
905 5372 1358 5446 a_tque_Spiri_tu_s
1390 5372 1576 5446 sancti
1609 5371 2003 5446 donum.Nam

355 5450 468 5504 tria
502 5442 781 5516 baptismi
813 5442 1027 5516 Christi
1079 5442 1490 5516 beneﬁciaiter
1519 5443 1579 5497 in
1614 5443 1724 5497 hoc
1755 5459 2002 5498 numero

349 5513 717 5577 memorans.
753 5515 911 5588 quod
940 5513 1133 5585 primo
1156 5519 1225 5588 _et
1253 5515 1433 5588 tertio
1474 5514 1801 5588 locoivocat
1830 5516 2002 5588 adeps

355 5591 521 5648 tionis
550 5585 814 5658 gratiam,
861 5587 918 5639 in
953 5585 1210 5658 secundo
1241 5585 1504 5658 appellat
1531 5586 1782 5658 Spiritus
1814 5587 2002 5642 sancti

355 5655 601 5719 donum.
623 5663 704 5714 Ac
727 5673 931 5715 revera
957 5655 1336 5729 adoptionem
1360 5655 1840 5729 tribuit—Spiritus
1862 5673 2003 5712 san-

356 5735 436 5793 cti
470 5735 530 5789 in
562 5748 672 5788 nos
701 5735 836 5803 post
866 5727 1226 5799 baptismum
1258 5729 1592 5800 descensui,
1616 5727 1724 5802 per
1747 5728 1999 5800 Spiritus

2121 3443 2311 3499 sancti
2339 3442 2399 3497 in
2432 3442 2729 3497 Christum
2761 3458 2895 3496 mox
2923 3458 2958 3496 a
3001 3441 3294 3512 baptismo
3340 3445 3758 3513 superventum

2126 3515 2399 3587 figurato,
2432 3520 2543 3568 cat.
2573 3517 2624 3572 3.
2659 3516 2944 3587 num._44,
2966 3519 3028 3587 et
3053 3519 3164 3587 cat.
3204 3517 3300 3587 tt,_
3320 3530 3487 3568 num.
3520 3513 3760 3587 9,id_que

2125 3583 2232 3658 per
2259 3591 2698 3641 sacramentum
2729 3585 3067 3658 chrismatis
3097 3585 3224 3639 fieri
3269 3585 3441 3640 docet
3468 3583 3762 3658 catechesi

2124 3656 2212 3737 2i,
2241 3674 2406 3712 num.
2433 3660 2482 3710 1.
2508 3657 2810 3737 Quomodo
2833 3656 3211 3737 adoptionem
3234 3663 3467 3737 separet
3492 3672 3526 3710 a
3553 3657 3760 3711 remis-

2121 3730 2288 3784 sione
2318 3735 2694 3800 peccatorum
2721 3735 2777 3800 et
2796 3728 3088 3799 baptismo
3110 3728 3373 3800 Joannis,
3398 3744 3646 3800 eamque
3669 3743 3764 3781 sa-

2121 3798 2404 3856 cramenti
2418 3798 2890 3855 confirmationis
2904 3800 3199 3870 propriam
3211 3798 3762 3870 faciat,inquirimus

2123 3873 2184 3927 in
2217 3872 2450 3927 dissert.
2486 3874 2537 3938 3,
2568 3878 2625 3927 et
2657 3869 2976 3942 probamus
3009 3869 3143 3926 eum
3182 3886 3376 3941 neque
3407 3887 3440 3924 a
3469 3869 3762 3942 baptismo

2122 3944 2358 4025 proprie
2390 3943 2569 4006 dicto.
2601 3940 2798 4025 neque
2827 3960 2860 3999 a
2889 3942 3240 4025 remissione
3261 3940 3639 4025 peccato‘rum
3670 3940 3765 3994 ad-

2120 4012 2421 4088 optionem
2436 4015 2672 4088 proprie
2687 4013 2901 4088 dictam
2917 4012 3278 4088 exclusissei
3291 4029 3422 4088 cum
3435 4012 3765 4088 solemnem

2120 4083 2248 4157 eius
2281 4083 2618 4158 adoptionis
2640 4087 3069 4141 delorationem
3103 4090 3161 4140 et
3198 4084 3672 4158 obsignatipnem
3703 4083 3765 4136 in

2116 4151 2588 4228 confirmationis
2610 4163 2980 4213 sacramento
3005 4157 3289 4228 reposuit.
3321 4151 3439 4210 Vox
3464 4151 3609 4228 ἀλλὰ
3631 4163 3766 4228 ante

2117 4223 2356 4296 ἀκριϐῶς
2389 4229 2724 4296 redundat;
2767 4237 2869 4285 aut
2917 4229 2977 4282 in
3025 4223 3228 4283 vitium
3263 4226 3576 4296 sermonis,
3609 4225 3765 4297 quod

2117 4301 2335 4356 dicitur
2366 4297 2754 4370 ἀνακόλουθον,
2779 4301 2988 4355 incidit
3013 4300 3287 4372 Cyrillus.

2188 4375 2264 4444 (3)
2296 4372 2364 4426 'H
2407 4367 2767 4444 Particulam
2811 4373 2964 4428 hanc
3018 4367 3403 4444 ascripsimus
3451 4385 3523 4424 ex
3564 4367 3765 4436 Coisl.,

2115 4443 2253 4509 Roe,
2286 4443 2512 4498 Casaub
2543 4485 2556 4510 ,
2588 4443 2762 4500 Grod.

2187 4517 2262 4586 (4)
2295 4516 2474 4570 Ταῦτα
2505 4510 2680 4588 ἔλεγε.
2717 4517 2903 4570 Locus
2925 4516 3022 4570 hic
3044 4515 3221 4588 paulo
3253 4513 3481 4588 diverse
3511 4511 3767 4588 refertur

2117 4579 2202 4642 in'
2235 4579 2378 4642 inss.
2430 4579 2632 4657 Coisl.,
2693 4589 2811 4642 lloe
2871 4593 2930 4642 et
2985 4579 3256 4657 Casaub“
3301 4585 3457 4645 Ἴσως
3482 4582 3596 4657 ίγάρ
3629 4579 3764 4657 πρός

2118 4677 2267 4718 τινας
2321 4660 2486 4711 ταῦτα
2538 4651 2691 4729 ἔλεγε
2746 4658 2936 4729 (deest
2987 4654 3140 4730 ἔλεγε
3189 4651 3427 4730 Βοοπθζ
3469 4651 3760 4730 Casaub:

2117 4730 2367 4804 fortasse
2396 4722 2930 4804 legendu'm,‘ta151_¢
2986 4722 3158 4804 ἕλεῇε,
3187 4722 3762 4804 ταῦταλδιατεθέντας,

2117 4801 2195 4876 ὡς
2223 4797 2767 4876 ἀφέσεωςῗάμαρτιῶν
2825 4800 3000 4876 μρνης
3054 4797 3221 4876 (ξῖοεδΔ
3251 4805 3332 4876 et
3358 4797 3516 4855 Casu
3555 4797 3760 4876 μόνον),

2115 4872 2202 4947 καὶ
2266 4868 2375 4947 ὂύχ
2429 4868 2699 4931 υἱοθεσίας
2755 4868 3138 4944 πρόξενητικὸν
3171 4869 3233 4923 τὸ
3268 4868 3568 4947 βάπτισμα³
3629 4868 3761 4947 οὐκ·

2117 4942 2216 5011 ἐτι,
2250 4942 2401 5002 etcf:
2435 4969 2462 4994 ‹‹
2498 4947 2630 5000 Haec
2660 4942 2810 4998 forte
2841 4944 3076 4998 dicebat
3105 4943 3178 4997 ad
3204 4942 3515 5014 quosdam.
3541 4942 3652 5014 qui,
3675 4942 3759 4997 sic

2121 5037 2142 5066 ι
2177 5018 2369 5073 aﬂ‘ecti
2404 5023 2593 5074 erant.
2643 5021 2708 5069 ut
2739 5015 3153 5086 existimarent
3180 5013 3540 5086 baptismum
3573 5013 3761 5086 solam

2116 5111 2143 5138 «
2169 5095 2544 5158 peccatorum
2565 5086 2972 5140 remissionem
2993 5085 3336 5157 Iargiri.nbn
3356 5092 3552 5158 autem
3577 5085 3756 5156 adop-

2114 5182 2142 5208 ‹‹
2163 5157 2381 5214 tionem
2402 5177 2414 5218 :
2435 5175 2551 5212 non
2573 5165 2766 5213 autem
2783 5163 3126 5228 praeterea,»
3147 5159 3423 5213 etc.Hanc
3443 5157 3760 5212 lectionem

2113 5230 2282 5285 alteri
2309 5230 2589 5284 Millesius
2611 5229 2936 5299 anteponit,
2957 5229 3430 5299 cujusjudicium
3456 5228 3598 5283 mihi
3624 5245 3759 5299 pro-

2113 5301 2239 5356 bari
2263 5319 2381 5356 non
2403 5305 2625 5372 potest:
2653 5303 2704 5354 1ο
2729 5301 2886 5354 enim
2910 5300 3198 5355 adductus
3220 5318 3254 5355 a
3273 5300 3489 5372 Cyrillo
3512 5304 3754 5372 Aposto-

2113 5373 2153 5428 li
2176 5373 2340 5428 locus
2368 5370 2702 5443 adoptionis
2734 5372 3102 5443 mentionem
3125 5370 3352 5427 nullam
3385 5372 3582 5438 habet,
3609 5377 3667 5425 et
3694 5370 3755 5424 in

2113 5461 2181 5499 eo
2209 5461 2326 5500 uno
2349 5442 2636 5508 versatur,
2655 5444 2936 5497 nimirum
2960 5442 3254 5514 baptismo
3278 5443 3670 5498 imitationem
3700 5446 3758 5494 et

2113 5515 2456 5572 societatem
2487 5515 2701 5569 Christi
2734 5515 3079 5586 passionum
3118 5516 3445 5580 contineri;
3479 5517 3537 5567 2°
3559 5527 3752 5634 ηοξ]υὲ

3588 5599 3622 5634 a
3651 5598 3706 5633 ιιι

3588 5598 3706 5636 anu

2180 5731 2256 5804 (5)
2289 5731 2355 5787 In
2385 5731 2639 5788 lectione
2669 5748 2800 5803 quae
2851 5731 3209 5787 catechesim
3243 5729 3394 5783 hanc
3421 5719 3742 5795 prwcessit.
