4150 6278
325 382 482 452 1083
1378 384 1444 446 S.
1491 384 1806 446 CYRILLI
1849 381 1980 444 HIE

2103 381 2263 445 SOL.
2311 389 2355 447 A
2369 388 2670 451 RCHIEP.
3575 387 3731 453 1084

324 519 588 578 animum
621 515 984 573 induxerant
1008 533 1203 582 suum,
1244 516 1609 589 baptismum
1654 517 1966 574 remissio-

2103 515 2325 593 ἱφέσεως
2381 522 2818 597 ἁμαρτημάτων,
2871 523 2961 578 καὶ
3019 522 3293 586 υἱοθεσίας
3340 519 3730 596 προξειητικὸν

323 625 463 666 nem
494 612 875 680 peccatorum
898 612 957 662 et
976 607 1354 679 adoptionem
1377 607 1655 678 equidem
1679 609 1970 676 conferre,

2103 609 2138 662 τὸ
2172 610 2470 684 Βάπτισμα·
2507 612 2606 668 οὐκ
2635 608 2714 668 ἔτι
2764 611 2822 670 δὲ
2872 613 2962 669 καὶ
3009 618 3117 668 τῶν
3160 613 3434 682 ἀληθινῶν
3467 619 3564 668 τοῦ
3597 619 3732 687 Χρι-

327 716 452 757 non
510 704 709 755 autem
767 698 946 754 etiam
1005 715 1273 753 verarum
1329 698 1544 754 Christi
1602 698 1971 770 passionum,

2103 704 2208 754 rtoG
2239 702 2575 776 παθημάτων
2611 704 2661 758 ὲν
2699 706 2929 778 μιμήσει
2962 702 3079 780 ἔχει
3105 706 3204 774 τὴν
3245 705 3558 764 κοινωνίαν.

327 789 658 846 secundum
682 788 1076 844 imitationem
1099 787 1438 858 quamdam,
1455 787 1973 860 participationem

326 879 644 951 complecti

396 963 513 1017 Vll.
550 961 622 1018 Ut
668 961 846 1034 igitur
897 960 1218 1024 discamus,
1251 960 1569 1026 Christum,
1604 975 1976 1030 quascunque

2154 975 2225 1032 Z'.
2259 977 2373 1031 Ἵνα
2417 975 2505 1030 οὖν
2555 978 2833 1049 μάθωμεν,
2890 978 2975 1032 ὅτι
3023 974 3119 1031 ὅσα
3155 976 3183 1031 6
3215 976 3446 1050 Χριστὸς
3481 975 3732 1048 ὑπέμεινε

327 1052 588 1120 pertulit,
622 1051 748 1107 haec
778 1056 1021 1123 propter
1045 1067 1153 1105 nos
1185 1055 1244 1104 et
1272 1055 1537 1104 nostram
1570 1049 1823 1105 salutem
1844 1065 1977 1104 vere

2103 1061 2156 1116 it’
2185 1063 2333 1134 ἡμᾶς
2364 1064 2452 1118 καὶ
2483 1074 2581 1133 την
2613 1065 2884 1139 ἡμετέραν
2939 1065 3212 1141 σωτηρίαν
3267 1049 3318 1120 ἓν
3378 1063 3614 1136 ἀληθείᾳ
3642 1064 3732 1119 καὶ

328 1148 388 1201 et
417 1158 538 1198 non
569 1141 848 1214 opinione
881 1145 1112 1195 tantum
1156 1139 1530 1204 sustinuisse,
1562 1154 1791 1211 nosque
1841 1155 1978 1210 pas-

2103 1153 2185 1209 ιῦκ
2233 1153 2283 1209 ἐν
2327 1152 2545 1227 δοκήσει
2603 1161 2768 1212 ταῦτα
2821 1157 3078 1224 πέπονθε,
3136 1157 3226 1211 καὶ
3284 1159 3450 1229 ἡμεῖς
3500 1177 3730 1211 κοινωνο

329 1233 567 1290 sionum
593 1231 724 1302 ejus
750 1228 1068 1302 participes
1099 1227 1276 1295 efﬁci,
1309 1227 1527 1284 Paulus
1557 1245 1794 1284 summa
1844 1228 1978 1283 dili-

2103 1241 2252 1299 ιύτοῦ
2301 1250 2411 1300 τῶν
2468 1247 2808 1319 παθημάτων
2868 1249 3155 1322 γινόμεθα⁹
3218 1227 3351 1320 μετά
3392 1267 3569 1316 πάσης
3601 1240 3734 1300 ἐϐόα

329 1324 530 1398 gentia
565 1328 626 1377 et
678 1320 992 1378 sedulitate
1023 1318 1356 1375 clamabat:
1407 1341 1434 1369 ι(
1469 1319 1526 1374 Si
1556 1319 1716 1374 enim
1748 1319 1980 1374 insititii

2103 1333 2305 1396 Παῦλος
2335 1340 2435 1404 τῆς
2494 1318 2788 1410 ἀκριϐείαςο
2847 1318 2915 1392 Et
2968 1318 3074 1411 γὰρ
3134 1318 3404 1409 σύμφυτοι
3433 1333 3733 1410 γεγόναμεν

327 1436 357 1464 ‹‹
376 1413 465 1469 illi
483 1412 620 1468 facti
645 1427 852 1467 sumus
875 1408 1264 1466 similitudine
1289 1409 1496 1464 mortis
1520 1408 1671 1480 ejus,
1695 1408 1980 1464 nimirum

2103 1427 2168 1496 τῷ
2224 1408 2571 1496 ὁμοιώματι.
2605 1428 2678 1496 (‘2)
2733 1428 2830 1480 τοῦ
2888 1408 3115 1488 θανάτου
3192 1408 3378 1492 αὐτοῦ,
3441 1408 3588 1478 άλλὰ
3641 1419 3734 1477 καὶ

325 1525 355 1556 α
390 1508 448 1559 et
476 1500 933 1557 resurrectionis
967 1521 995 1549 ιι
1027 1497 1346 1570 participes
1390 1499 1593 1553 erimus
1622 1497 1688 1552 ⁸⁵.
1723 1498 1977 1553 Pulchre

2103 1519 2189 1581 τῆς
2246 1512 2586 1574 ἀναστάσεως
2645 1513 2900 1586 ἐσόμεθα.
2957 1511 3156 1576 Καλῶς
3213 1512 3270 1568 δὲ
3325 1512 3416 1568 καὶ
3466 1510 3552 1580 τὸ,
3595 1510 3739 1584 σύμ-

325 1591 498 1658 illud,
513 1589 741 1647 insititii
755 1589 822 1643 ⁵⁸.
841 1587 1135 1654 Quoniam
1156 1587 1317 1644 enim
1338 1588 1431 1643 81
1445 1591 1494 1643 4
1507 1588 1604 1643 hic
1627 1589 1698 1659 (l)
1713 1587 1980 1660 plantata

2103 1623 2272 1676 putet.
2331 1600 2554 1670 Ἐπειδή
2611 1603 2716 1676 γάρ
2769 1601 2996 1667 ἐνταῦθα
3049 1602 3372 1679 πεφύτευται
3403 1605 3439 1672 ἡ
3487 1599 3739 1674 ἄμπελος

326 1682 558 1738 estvitis
570 1697 726 1745 vera,
743 1696 853 1734 nos
875 1695 1110 1751 quoque
1135 1679 1677 1734 communicatione
1701 1678 1980 1750 baptismi

2103 1695 2128 1762 ἡ
2161 1691 2419 1762 ἀληθινὴ,
2452 1692 2540 1746 καὶ
2592 1695 2758 1765 ¹ἡμεῖς
2805 1691 3066 1764 κοινωνίᾳ
3103 1678 3200 1747 τοῦ
3235 1691 3613 1768 βαπτίσματος
3640 1693 3741 1746 τοῦ

326 1771 561 1837 mortis,
615 1769 852 1826 insititii
913 1768 1002 1823 illi
1055 1768 1195 1823 facti
1255 1784 1482 1823 sumus.
1538 1767 1792 1823 Adverte
1849 1785 1980 1824 vero

2103 1781 2347 1848 θανάτου,
2379 1781 2648 1855 σύμφυτοι
2709 1781 2872 1837 αὐτοῦ
2929 1767 3251 1858 γεγόναμεν.
3313 1781 3638 1852 Ἐπίστησον
3682 1777 3742 1836 δὲ

325 1861 516 1919 multa
546 1876 683 1917 cum
722 1859 1056 1915 attentione
1102 1859 1370 1914 animum
1424 1857 1691 1930 Apostoli
1742 1858 1974 1914 verbis:

2103 1871 2230 1945 μετὰ
2259 1869 2480 1940 πολλῆς
2511 1879 2802 1947 προσοχῆς
2831 1871 2922 1926 τὸν
2946 1857 3076 1926 νοῦν
3107 1877 3225 1934 τοῖς
3255 1873 3352 1926 τοὺ
3397 1869 3743 1928 Ἀποστόλοο

325 1968 447 2007 non
480 1951 642 2007 enim
672 1949 853 2004 dixit:
885 1948 942 2002 Si
974 1948 1210 2003 insititii
1253 1947 1342 2002 illi
1373 1946 1513 2002 facti
1536 1963 1742 2003 sumus
1765 1955 1976 2018 morte,

2103 1963 2298 2036 λόγοις.
2348 1961 2467 2018 Οὐκ
2519 1960 2686 2029 εἶπεν,
2725 1946 2809 2017 Εἰ
2867 1962 2972 2036 γὰρ
3030 1960 3301 2038 σύμφυτοι
3331 1961 3736 2036 γεγόναμεντῷ

332 2042 457 2108 sed,
495 2038 857 2097 similitudine
910 2037 1124 2094 mortis.
1185 2040 1330 2093 Vere
1389 2039 1548 2094 enim
1599 2055 1762 2095 mors
1820 2040 1979 2112 apud

2103 2051 2322 2123 )ανάτῳ,
2378 2047 2543 2119 ἀλλὰ,
2595 2054 2675 2122 τῷ
2735 2050 3053 2122 ὁμοιώματι
3109 2037 3211 2104 τοῦ
3269 2049 3518 2114 θανάτου.
3563 2047 3739 2118 Ἀλη-

331 2133 668 2197 Christum;
701 2145 834 2185 vere
889 2129 1110 2199 quippe
1162 2128 1364 2182 anima
1419 2144 1452 2183 a
1503 2145 1750 2200 corpore
1809 2145 1980 2201 sepa-

327 2227 458 2276 rata
483 2225 610 2275 est:
643 2235 780 2273 vera
811 2234 1048 2289 quoque
1087 2217 1430 2288 sepultura;
1463 2234 1602 2273 nam
1633 2218 1696 2272 in
1729 2219 1980 2275 sindone

329 2309 553 2367 munda
579 2313 851 2364 sanctum
882 2308 1010 2378 ejus
1040 2323 1254 2378 corpus
1286 2306 1616 2362 involutum
1647 2313 1738 2362 est
1766 2307 1848 2375 '3;
1880 2327 1978 2365 ve-

327 2416 512 2472 reque
544 2398 745 2454 omnia
777 2399 838 2452 in
869 2398 997 2469 ipso
1029 2396 1426 2469 contigerunt.
1453 2399 1528 2452 At
1557 2398 1618 2452 in
1648 2398 1812 2453 vobis
1829 2416 1982 2455 mor-

329 2489 406 2544 tis
437 2488 678 2560 quidem
709 2492 799 2541 est
829 2492 887 2540 et
933 2487 1281 2556 passionum
1341 2485 1708 2542 similitudo:
1772 2488 1980 2544 salutis

330 2594 466 2634 vero
498 2593 620 2632 non
651 2575 1002 2645 similitudo,
1033 2574 1135 2630 sed
1165 2575 1400 2630 veritas.

403 2665 547 2722 VlII.
581 2664 798 2736 Haac[a
825 2662 1019 2734 nobis]
1069 2662 1436 2718 sufﬁcienter
1484 2663 1698 2726 edocti,
1749 2681 1980 2721 memo-

331 2756 443 2822 ria,
477 2771 702 2826 quaaso,
735 2753 994 2807 retinere
1025 2751 1346 2807 laboretis:
1379 2756 1446 2806 ut
1475 2757 1534 2807 et
1563 2769 1669 2825 ego
1700 2753 1980 2826 indignus

329 2845 470 2902 licet
489 2844 562 2900 de
582 2843 749 2898 vobis
772 2842 994 2898 dicam:
1020 2864 1047 2892 «
1068 2841 1256 2914 Diligo
1277 2846 1476 2897 autem
1498 2859 1620 2910 vos,
1649 2843 1806 2914 quod
1824 2861 1979 2900 sem-

328 2957 356 2984 «
382 2951 488 3006 per
513 2933 628 2989 mei
653 2948 949 2988 memores
971 2931 1137 2997 estis,
1169 2937 1228 2986 et
1249 2930 1622 3000 traditiones,
1653 2951 1800 3004 quas
1818 2937 1980 2993 vobis

333 3023 618 3090 «tradidi,
642 3021 913 3078 retinetis
933 3018 1002 3076 ⁵⁷.
1023 3041 1044 3070 ι
1071 3021 1288 3076 Potens
1310 3037 1445 3076 vero
1465 3023 1739 3092 estDeus,
1756 3027 1858 3097 qui
1879 3045 1980 3084 vos

330 3118 615 3183 tanquam
647 3127 716 3166 ex
742 3109 994 3166 mortuis
1024 3109 1282 3164 viventes
1318 3114 1766 3180 repraesentavit
1787 3113 1854 3184 ⁵⁸,
1878 3133 1981 3171 vo-

328 3201 422 3258 bis
452 3201 592 3256 dare
616 3205 682 3254 ut
711 3199 772 3254 in
803 3199 1064 3253 novitate
1094 3198 1228 3252 vitae
1257 3197 1577 3254 ambuletis
1596 3199 1664 3257 5°.
1689 3203 1978 3268 Quoniam

327 3289 441 3361 ipsi
468 3289 655 3361 gloria
685 3291 742 3343 et
775 3287 1117 3359 imperium,
1147 3303 1308 3342 nunc
1338 3291 1397 3342 et
1420 3288 1482 3342 in
1501 3289 1736 3349 saacula.
1764 3295 1973 3354 Amen.

2090 2143 2200 2203 θῶς
2247 2140 2349 2214 γὰρ
2406 2137 2494 2193 ἐπὶ
2541 2139 2778 2212 Χριστοῦ
2832 2138 3080 2206 θάνατος,
3129 2137 3351 2208 ἀληθῶς
3394 2139 3500 2214 γὰρ
3533 2137 3741 2213 ἰχωρί-

2092 2234 2209 2298 ζετο
2240 2231 2318 2302 (3)
2346 2232 2443 2283 τοῦ
2483 2227 2734 2300 σώματος
2769 2229 2803 2297 ἡ
2837 2229 3014 2302 ψυχή’
3061 2228 3151 2282 καὶ
3199 2227 3436 2297 ἀληθινή
3481 2229 3648 2305 ταφή·
3684 2225 3734 2282 ἐν

2091 2314 2288 2372 σινδόνι
2319 2317 2420 2392 γὰρ
2447 2321 2653 2391 καθαρᾷ
2697 2316 2759 2371 τὸ
2815 2315 2969 2390 ’ὰγιον
3003 2315 3167 2371 αὐτοῦ
3198 2320 3358 2389 σῶμα
3391 2315 3615 2384 εἱλεῖτο,
3645 2315 3738 2371 καὶ

2089 2408 2262 2462 πάντα
2291 2403 2513 2475 ἀληθῶς
2547 2405 2597 2460 ἐν
2650 2405 2795 2478 αὖτῷ
2846 2402 3174 2463 συνέϐαινεν.
3204 2406 3324 2460 Ἐπὶ
3359 2403 3416 2460 δὲ
3449 2407 3603 2479 ὑμῶν
3637 2409 3732 2478 (4),

2089 2496 2319 2551 θανάτου
2353 2495 2447 2568 μὶν
2480 2494 2569 2549 καὶ
2626 2493 2968 2566 παθημάτων
3025 2495 3306 2568 ὁμοίωμα’
3367 2495 3642 2568 σωτηρίας
3673 2492 3732 2548 δὲ

2091 2585 2199 2659 οὐχ
2229 2584 2508 2658 ὁμοίωμα,
2544 2582 2692 2638 ἀλλᾶ
2721 2581 2974 2654 ἀλήθεια.

2161 2675 2241 2730 ll‘.
2301 2677 2480 2730 Ταῦτα
2536 2669 2882 2747 διδαχθέντες
2964 2671 3272 2748 αὐτάρκως,
3329 2673 3588 2748 κατέχετε
3644 2669 3737 2728 διὰ

2087 2769 2189 2832 τῆς
2246 2763 2491 2836 μνήμης,
2567 2759 2890 2836 παρακαλῶ’
2945 2760 3038 2816 ’ίνα
3083 2762 3233 2836 κάγὼ
3290 2763 3318 2816 6
3373 2762 3588 2832 ἀνάξιος
3645 2760 3733 2816 ἐπὶ

2093 2853 2246 2925 ὑμῶν
2303 2849 2466 2926 λέγω·
2528 2851 2756 2925 Ἀγαπῶ
2840 2848 2898 2905 δὲ
2977 2852 3140 2923 ὑμᾶς,
3197 2852 3280 2906 ’ὁτι
3338 2851 3566 2904 πάντοτὲ
3627 2870 3734 2921 μου

2092 2941 2388 3014 μέμνησθε,
2493 2939 2584 2994 καὶ
2689 2942 2784 3000 τὰς
2867 2940 3216 3016 παραδόσεις,
3301 2939 3362 3003 ἃς
3443 2935 3732 3014 παρέδωκα

2091 3031 2242 3104 ὑμῖν,
2276 3030 2533 3104 κατέχετε
2573 3031 2668 3101 (5).
2717 3029 2950 3092 Δυνατὸς
3001 3027 3060 3085 δὲ
3111 3029 3248 3085 ἐστιν
3280 3030 3307 3084 6
3339 3027 3467 3090 Θεὸς
3501 3029 3528 3082 6
3558 3047 3734 3098 παρα-

2088 3122 2290 3191 στήσας
2344 3120 2480 3192 ὑμᾶς
2540 3119 2614 3181 ὡς
2665 3117 2723 3172 ἐκ
2778 3123 2983 3194 νεκρῶν
3041 3124 3268 3190 ζῶντας,
3302 3116 3483 3173 δοῦναι
3520 3118 3649 3189 ὑμῖν
3683 3114 3735 3171 ὲν

2008 3249 2051 3316 C
2087 3210 2367 3280 καινότητι
2402 3215 2549 3280 ζωῆς
2597 3214 2935 3286 περιπατεῖν
2993 3211 3076 3265 ὅτι
3125 3211 3278 3283 αὗτῷ
3310 3213 3388 3284 (6)
3423 3211 3458 3278 ἡ
3493 3208 3623 3282 δόξα
3649 3208 3740 3262 καὶ

2087 3301 2150 3356 τὸ
2178 3301 2398 3376 κράτος,
2428 3303 2517 3354 νῦν
2543 3299 2633 3353 καὶ
2665 3300 2742 3361 εἷς
2771 3299 2896 3362 τοὺς
2929 3299 3152 3362 αἰῶνας.
3185 3301 3387 3372 Ἀμην.

403 3414 450 3450 ⁵⁸
482 3417 646 3470 Rom.
679 3431 750 3485 vx,
783 3416 835 3468 5.
911 3411 961 3446 ⁵⁸
989 3413 1190 3468 Matth.
1218 3430 1390 3482 xxvu,
1422 3417 1512 3468 59.
1589 3415 1634 3449 ⁸⁷
1664 3417 1686 3470 Ι
1717 3419 1845 3476 Cor.
1878 3441 1957 3494 χι,

2121 3428 2168 3465 ⁵⁸
2199 3429 2364 3485 Rom.
2397 3444 2474 3496 vr,
2511 3429 2594 3482 13.
2671 3428 2716 3463 ⁸⁹
2745 3429 2912 3485 Rom.
2946 3446 2999 3496 v,
3035 3431 3087 3484 5.

335 3557 498 3637 aliud
517 3556 735 3637 Cyrillo
762 3555 1135 3637 propositum
1161 3559 1268 3637 est,
1293 3555 1495 3637 nisiut
1517 3558 1882 3637 paradoxum
1907 3566 1978 3622 i1.

334 3630 437 3686 lud
470 3627 714 3693 asserat,
750 3627 921 3682 nobis
971 3627 1121 3682 nihil
1152 3627 1611 3697 patientibus’ac
1638 3629 1981 3694 dolentibus

337 3701 668 3776 imitatione
701 3699 956 3776 quadam
1015 3699 1220 3753 mortis
1273 3714 1341 3776 ac
1374 3699 1713 3776 sepulturae
1740 3703 1979 3776 Christi,

337 3769 789 3855 perpessionu’m
820 3772 948 3855 ejus
988 3769 1839 3855 communicationemutripui;
1874 3769 1980 3836 ad;

337 3841 597 3917 optionis
620 3842 1017 3969 verogratiam
1036 3841 1326 3911 baptismo
1349 3841 1522 3896 nobis
1541 3841 1833 3911 tribui,uti
1857 3868 1982 3907 rem

337 3917 731 3969 certissimam
799 3929 828 3967 e
855 3929 973 3969 oua
992 3912 1218 3968 nemini
1241 3912 1416 3968 liceat
1436 3913 1730 3969 dubitare.
1763 3936 1982 3969 summ-

337 3912 731 3993 certissimam
755 3912 838 3993 de
853 3929 973 3993 qua
992 3912 1218 3993 nemini
1241 3912 1416 3968 liceat
1436 3913 1730 3993 dubitare,
1763 3936 1982 3993 suppa-

336 3989 456 4054 nit;
491 3990 544 4042 3°
575 3986 732 4042 haud
759 3986 901 4040 satis
923 3989 1060 4055 apta
1079 3984 1348 4039 codicum
1371 3984 1750 4055 praefatorum
1777 3984 1982 4049 lectio-

336 4001 456 4054 nit;
491 4001 544 4042 δ’
575 4001 732 4042 naua
759 4001 901 4040 satis
923 4001 1060 4055 apta
1079 4001 1348 4039 conicum
1413 4001 1750 4043 rmlatorum
1777 4001 1982 4049 lectio-

336 4061 431 4116 nis
462 4057 848 4120 constructio,
873 4056 1204 4111 orationem
1233 4001 1435 4126 Cyrilli
1468 4057 1874 4119 trimembrem
1897 4065 1982 4121 fa.

335 4132 524 4198 ciens,
548 4147 678 4202 qum
710 4128 1019 4211 perspicue
1041 4126 1506 4211 bimembris‘est
1532 4128 1846 4211 ;vdu'asque
1877 4153 1984 4192 ne-

335 4193 540 4278 gantes
567 4193 1329 4278 particulaspt’axoloosalac,
1356 4203 1414 4252 et
1434 4193 1538 4251 οὐκ
1552 4193 1630 4252 ἔτι
1658 4193 1982 4278 85,.absque

337 4270 459 4330 ullo
491 4270 724 4328 vinculo
758 4270 1137 4342 continenter
1165 4271 1446 4342 jungens.

513 4347 589 4430 .l_n_
611 4345 738 4430 lpco
772 4341 1268 4430 sepulcrininﬁuo
1291 4340 1534 4429 ,dipebat
1562 4341 1838 4430 Cyrillus.

2084 3572 2366 3643 junctum
2416 3586 2550 3625 eum
2608 3568 2834 3643 θάνατος
2891 3569 3271 3643 praecedenti,
3304 3575 3364 3626 et
3394 3569 3744 3643 interposito

2133 3650 2314 3716 uncto
2346 3643 2663 3716 legeretur,
2729 3639 3028 3716 ἐχωρίζετο
3085 3641 3189 3716 γδιρ
3244 3644 3342 3694 τοῦ
3391 3639 3742 3716 cap._'cho,

2128 3713 2316 3787 ληθῶς
2342 3710 2450 3787 γὰρ
2483 3710 2568 3787 ἐπὶ
2605 3710 3109 3784 Χριστοῦθάνατος,
3143 3710 3368 3786 legerat
3402 3710 3742 3787 Grodecius,

2091 3784 2306 3854 ἀληθὴς
2339 3783 2430 3840 ἐπῖ
2457 3786 2585 3854 Χρ.,
2619 3783 2712 3854 etc
2741 3827 2755 3849 ,
2790 3807 2817 3834 ‹‹
2850 3803 2987 3841 vera
3035 3783 3292 3854 namque
3337 3802 3494 3840 mors
3525 3783 3742 3839 Christi

2095 3881 2124 3932 ς
2153 3853 2364 3932 fuerat.
2398 3882 2424 3908 »
2451 3853 2568 3932 _Pro
2598 3853 2834 3932 ἀληθινή
2867 3858 3034 3932 ταφή,
3068 3853 3270 3932 Coisl,
3293 3859 3435 3923 Roe,
3468 3855 3738 3922 Casaub.,

2090 3928 2158 3996 ἦν
2190 3927 2474 4000 ἀληθῶς-ὴ
2505 3928 2668 4000 ταφή,
2709 3953 2727 3975 ι
2751 3929 2864 3983 fuit
2892 3927 3023 3984 vere
3056 3929 3379 4000 sepultura.
3423 3952 3450 3978 »

2163 4003 2237 4069 (4)
2270 4000 2394 4056 Ἐπὶ
2427 3996 2484 4052 δὲ
2517 3999 2694 4072 ὑμῷν.
2729 4000 2902 4072 Grod.
2937 4000 3096 4072 legit,
3123 3996 3288 4071 ἧμῶν
3321 4003 3378 4055 in
3409 4001 3589 4072 nobis.

2164 4067 2240 4142 (5)
2269 4072 2372 4132 Τὰς
2401 4067 2749 4140 παραδόσεις,
2781 4067 2870 4143 Aa;
2927 4067 3218 4143 παρέδωκα
3249 4072 3402 4143 ὑμῖν,
3469 4068 3747 4143 κατέχετε.

2093 4139 2304 4217 Paulo
2333 4139 2506 4199 aliter
2556 4141 2912 4217 Apostolus:
2949 4139 3137 4204 Καθὼς
3173 4139 3462 4217 παρέδωκα
3497 4139 3750 4217 sugq-Fac

2093 4211 2419 4288 παραδόσεις
2455 4211 2729 4288 κατὲχετε·
2758 4215 2968 4270 «Sicut
2998 4217 3210 4288 tradidi
3252 4211 3440 4288 vobis,
3477 4211 3749 4288 traditio-

2092 4309 2120 4336 ‹‹
2148 4284 2253 4343 nes
2284 4287 2524 4357 tenetis.
2551 4284 2759 4357 {Ante
2790 4287 3136 4357 παραστήσας
3169 4287 3484 4344 articulum
3518 4285 3544 4336 6
3575 4284 3747 4357 addi-

2093 4358 2290 4414 dimus
2317 4376 2390 4414 ex
2420 4356 2592 4413 codd.
2628 4359 2768 4421 Roe,
2812 4355 2875 4412 et
2918 4360 3167 4415 Casaub.
3200 4358 3580 4427 Participium
3633 4355 3747 4427 hoc

409 4348 483 4478 (1)
515 4348 579 4401 In
611 4348 738 4400 loco
772 4348 1028 4413 sepulcri
1061 4348 1126 4423 in.
1153 4358 1268 4423 quo
1299 4348 1534 4396 dicebat
1562 4348 1838 4412 Cyrillus.

433 4420 483 4488 2)
513 4418 601 4485 Τῷ
633 4412 978 4502 ὁμοιώματι.)
1013 4409 1764 4502 ’φρὴαῦτῖρόμοιιὲματὲο
1799 4423 1980 4502 θονςί.

2103 4358 2290 4414 dimus
2317 4376 2390 4414 ex
2420 4356 2592 4413 codd.
2628 4359 2768 4421 Roe,
2812 4348 2875 4412 et
2918 4348 3167 4415 Cas-aub.
3200 4358 3580 4427 Participium
3633 4355 3745 4409 hoc

2103 4429 2381 4502 praeteriti
2405 4429 2733 4502 non_futuri
2754 4427 2868 4484 vim
2890 4429 3069 4486 habet
3090 4432 3206 4498 hic,
3223 4447 3357 4502 cum
3379 4427 3451 4482 ad
3474 4426 3745 4502 neoph_y-

339 4483 558 4562 guntur
576 4483 614 4543 a
634 4483 808 4562 nobis
831 4484 1089 4562 estcodd.
1113 4483 1330 4562 Ot_tob.,
1350 4483 1550 4562 C9isl.,
1568 4483 1985 4562 BOe.Casaub.,

339 4555 458 4633 sae.
491 4565 632 4633 text.
668 4565 728 4613 et
747 4556 964 4633 Cyrillo
993 4555 1149 4633 ipso,
1174 4555 1369 4610 locum
1399 4555 1558 4633 hunc
1578 4555 1985 4633 itarepetente

341 4631 612 4698 inferius,
648 4636 708 4685 et
735 4628 958 4684 citante
989 4631 1100 4682 cat.
1121 4628 1174 4690 3,
1208 4642 1374 4682 num.
1411 4629 1496 4692 12,
1519 4632 1585 4682 ut
1615 4628 1710 4687 hic
1743 4628 1984 4707 scripsi.

339 4719 765 4849 "1333411203,:
795 4768 901 4849 ῖάρ
935 4767 1255 4849 ἐχωρίζετο.
1311 4769 1398 4825 Ιιᾶ
1429 4768 1791 4849 βῐδτίρξῖίηυδ
1813 4777 1985 4849 lum

336 4840 506 4903 codd.
539 4840 680 4913 Roe,
714 4848 774 4901 et
802 4840 1075 4911 casaub.,
1104 4857 1242 4898 cum
1287 4847 1446 4898 esset
1472 4840 1534 4897 in
1564 4840 1742 4902 editis
1771 4840 1984 4925 ἀληθής

2099 4496 2188 4557 tos
2208 4519 2244 4558 a
2270 4506 2458 4558 morte
2480 4500 2552 4556 ad
2576 4501 2755 4554 vitam
2781 4506 3176 4558 transnressos
3197 4496 3494 4556 habeatur
3524 4496 3740 4550 oratio.

2169 4577 2244 4640 (6)
2273 4573 2394 4628 Ὀτι
2428 4569 2595 4640 αὐτῷ.
2631 4571 2819 4626 Aliter
2867 4567 3116 4629 habetur
3163 4573 3287 4627 haec
3336 4567 3652 4640 doxologia
3681 4567 3744 4640 in

2096 4635 2236 4716 cod.
2287 4643 2443 4700 Coisl
2474 4686 2488 4710 ,
2544 4635 2876 4716 Δοξάζοντας
2935 4645 3161 4716 Πατέρα,
3219 4641 3308 4696 καὶ
3367 4639 3514 4716 Υἰὸν,
3558 4635 3651 4692 καὶ
3682 4637 3746 4691 τὸ

2093 4711 2248 4785 ἅγιον
2282 4717 2523 4785 Ηνεῦμα,
2555 4717 2646 4767 νῦν
2678 4712 2792 4780 καὶ,
2825 4720 2938 4771 etc.
2966 4733 2979 4772 :
3013 4740 3032 4766 α
3064 4711 3130 4772 In
3162 4717 3420 4770 novitate
3450 4712 3588 4785 vita}
3612 4727 3745 4785 am-

2096 4734 2124 4769 α
2169 4735 2248 4769 ιον
2282 4734 2523 4785 ηνευμα,
2555 4735 2646 4767 νυν
2678 4734 2792 4780 και,
2825 4734 2938 4771 etc.
2966 4734 2979 4772 ζ
3013 4740 3032 4766 α
3066 4734 3130 4772 ιη
3162 4734 3420 4770 novuate
3450 4734 3580 4766 νιιω
3612 4734 3741 4767 am-

2096 4734 2385 4852 a‘lmletis,
2418 4786 2818 4859 gloriﬁcantes
2851 4791 3103 4857 Patrem,
3128 4795 3187 4843 et
3209 4787 3447 4856 Filium,
3472 4789 3532 4840 et
3561 4781 3741 4856 Spiri-

2093 4879 2121 4909 α
2154 4865 2280 4916 tum
2311 4864 2603 4926 sanctum,
2635 4873 2819 4927 nunc,
2852 4880 2881 4908 »
2915 4865 3027 4916 etc.

4129 255 4137 292 1
