4150 6278
358 349 519 412 1089

1336 333 1818 406 CATECHESIS
1860 341 2022 404 XXI.
2066 342 2632 407 MYSTAGOGICA
2675 344 2781 406 ΠΙ.

3608 347 3768 413 1090

358 481 540 558 ὁμοίῳ
601 483 678 556 (1)
733 477 1215 555 ἐπαναπαυομένου
1279 483 1377 536 τοῦ
1435 477 1652 554 ὁμοίου.
1708 477 1812 536 Καὶ
1872 477 1996 551 ὑμῖν

2141 477 2364 552 [lapsus
2392 481 2581 538 factus
2611 486 2702 538 est
2748 481 2850 555 (4),
2902 480 3087 537 simili
3138 497 3316 554 super
3367 483 3627 540 similem
3671 501 3772 541 Are-

362 571 573 647 ὁμοίως
640 565 1030 641 ἀναϐεϐηκόσιν
1105 570 1213 626 ἀπὸ
1267 576 1368 641 τῆς
1425 563 1820 646 κολυμϐήθρας
1897 571 2006 623 τῶν

364 663 524 737 ἱερῶν
557 662 834 734 ναμάτων,
864 657 1024 731 ἐδόθη
1053 661 1286 735 χρίσμα,
1327 660 1390 715 τὸ
1440 659 1725 714 ἀντίτυπον
1761 658 1822 713 οὗ
1853 656 2008 732 ἐχρί-

369 753 470 822 σθη
503 751 766 825 Χριστός.
799 752 977 807 Τοῦτο
1009 747 1066 805 δέ
1124 749 1234 805 ἐστι
1286 750 1349 805 τὸ
1408 750 1557 826 ἅγιον
1613 752 1855 822 Πνεῦμα,
1886 745 2010 823 περὶ

371 841 433 897 οὗ
461 841 553 896 καὶ
584 842 613 895 ὁ
648 841 915 915 μακάριος
968 837 1215 910 Ἡσαΐας,
1273 838 1324 894 ἐν
1381 842 1451 913 τῇ
1510 839 1627 894 κατ’
1683 839 1844 893 αὐτὸν
1875 856 2010 907 προς

371 927 590 1005 φητείᾳ,
652 928 712 984 ἐκ
771 929 1073 1004 προσώπου
1131 932 1228 983 τοῦ
1281 927 1480 1003 Κυρίου
1536 923 1730 1003 ἔλεγε⁹
1792 929 2012 997 Πνεῦμα

368 1019 582 1094 Κυρίου
614 1017 696 1073 ἐπ’
727 1017 845 1092 ἐμὲ,
878 1017 940 1073 οὗ
981 1015 1176 1074 ε’ίνεκεν
1203 1011 1392 1094 ἔχρισὲ
1425 1033 1512 1091 με’
1565 1013 2010 1093 εὐαγγελίσασθαι

367 1112 617 1184 πτωχοῖς
642 1105 946 1163 ἀπέσταλκὲ
979 1128 1066 1182 με.

442 1289 521 1348 Β’.
569 1286 764 1362 Ελαίῳ
819 1287 918 1365 γὰρ
977 1287 1013 1357 ἢ
1075 1308 1232 1364 μυρῳ
1283 1292 1579 1362 σωματικῷ
1633 1287 1862 1364 Χριστὸς
1925 1285 2013 1340 ὑπ’

370 1377 667 1453 ἀνθρώπων
701 1377 800 1432 οὐκ
830 1375 1084 1454 ἐχρίσθη,
1135 1375 1262 1432 ἀλλ’
1293 1378 1321 1432 ὁ
1349 1377 1536 1453 Πατὴρ
1569 1375 1726 1432 αὐτὸν
1776 1382 2013 1452 Σωτῆρα

367 1467 865 1544 προχειρισάμενος
896 1471 994 1522 τοῦ
1023 1467 1224 1532 παντὸς
1268 1469 1500 1540 κόσμου,
1554 1465 1828 1540 ΙΙνεῦματι
1856 1463 2011 1541 ἔχρι-

372 1576 457 1611 σεν
491 1555 656 1630 ἁγίῳ,
691 1556 764 1618 ὡς
799 1552 1004 1629 Ηέτρος
1035 1555 1215 1633 φησίν·
1260 1556 1467 1627 ’ἰησοῦν
1524 1556 1614 1612 τὸν
1671 1555 1775 1610 ἀπὸ
1833 1557 2011 1624 Ναζαο

372 1646 461 1722 ρὶτ
518 1650 592 1716 ι2)
627 1690 640 1715 ,
701 1646 760 1699 ’ὸν
816 1643 1030 1721 ἔχρισεν
1091 1646 1118 1699 ὁ
1177 1645 1306 1708 Θεὸς
1390 1643 1665 1718 Ηνεύματι
1731 1644 1873 1721 ἁγίῳ
1921 1643 2011 1700 καὶ

377 1736 405 1790 6
439 1727 605 1789 Δαϐἶδ
660 1734 688 1788 6
746 1736 1038 1810 προφήτης
1087 1729 1216 1788 ἐϐόα
1265 1731 1464 1809 λέγων’
1499 1732 1558 1791 Ὁ
1591 1735 1778 1808 θρόνος
1831 1754 1948 1807 σου,
1983 1735 2011 1790 ὁ

2121 571 2484 642 quiescente.
2515 571 2692 628 Vobis
2722 589 2958 645 quoque
2989 572 3286 642 similiter,
3336 581 3652 647 postquam
3697 593 3771 632 ex

2122 675 2426 716 sacrorum
2458 660 2701 716 laticum
2742 661 2973 732 piscina
3019 661 3392 734 ascendistis,
3425 663 3628 720 datum
3679 668 3772 722 est

2121 748 2400 818 chrisma,
2423 749 2584 805 illius
2605 750 2943 822 antitypum
2967 768 3082 822 quo
3109 758 3325 808 unctus
3351 759 3440 808 est
3457 753 3724 810 Christus
3749 769 3765 809 :

2121 839 2278 910 quod
2310 844 2400 895 est
2428 840 2713 896 nimirum
2747 840 2997 913 Spiritus
3028 847 3289 898 sanctus.
3309 841 3390 896 De
3412 860 3527 914 quo
3552 849 3610 898 et
3635 843 3770 899 bea-

2121 934 2215 985 tus
2235 930 2418 986 Isaias
2451 931 2511 986 in
2543 931 2852 1003 prOphetia
2881 931 3076 1004 ipsum
3119 933 3474 1004 respiciente
3521 951 3592 990 ex
3634 949 3772 1005 per—

2123 1035 2270 1075 sona
2301 1020 2535 1075 Domini
2565 1020 2746 1077 dixit:
2802 1043 2832 1071 «
2866 1021 3149 1093 Spiritum
3180 1023 3413 1078 Domini
3444 1039 3624 1095 super
3651 1039 3770 1092 me,

2125 1129 2154 1160 ‹‹
2182 1114 2542 1182 quapropter
2569 1111 2738 1166 unxit
2765 1126 2860 1166 me
2887 1127 2900 1165 :
2924 1109 3382 1184 evangelizatum
3412 1112 3773 1186 pauperibus

2127 1219 2152 1251 ι
2185 1198 2351 1255 misit
2375 1215 2470 1254 me
2500 1198 2566 1254 ⁸⁸.
2602 1222 2630 1250 ››

2194 1289 2267 1343 ΙΙ.
2295 1289 2341 1324 θ’
2362 1289 2502 1344 Oleo
2534 1289 2716 1359 enim,
2733 1290 2851 1346 sive
2872 1294 3176 1363 unguento
3189 1291 3482 1364 corporali
3505 1291 3774 1350 Christus

2122 1375 2194 1432 ab
2224 1377 2568 1434 hominibus
2592 1384 2808 1434 unctus
2840 1396 2960 1435 non
2989 1386 3116 1449 est;
3160 1379 3264 1436 sed
3296 1381 3470 1438 Pater
3506 1399 3642 1439 eum
3672 1388 3763 1439 to-

2121 1467 2239 1522 tius
2264 1467 2473 1523 mundi
2502 1468 2866 1525 Servatorem
2888 1471 3286 1542 praestituens,
3317 1471 3534 1544 Spiritu
3566 1477 3770 1529 sancto

2120 1557 2327 1623 unxit;
2362 1557 2514 1613 sicut
2543 1560 2751 1614 Petrus
2772 1559 2890 1614 ait:
2923 1582 2949 1610 α
2972 1560 3170 1614 Jesum
3193 1577 3227 1616 a
3256 1562 3558 1628 Nazareth,
3591 1578 3770 1633 quem

2123 1668 2152 1697 «
2183 1646 2356 1701 unxit
2383 1649 2537 1703 Deus
2564 1648 2782 1719 Spiritu
2833 1654 3035 1704 sancto
3055 1647 3135 1718 7°;
3187 1656 3238 1704 et
3261 1651 3536 1720 propheta
3593 1652 3773 1706 David

2125 1737 2448 1792 «clamabat
2478 1737 2692 1792 dicens:
2724 1737 2993 1793 Thronus
3022 1743 3180 1794 tuus:
3205 1740 3359 1794 Deus
3385 1739 3446 1794 in
3486 1739 3772 1795 saaculum

373 1824 528 1891 Θεὸς,
586 1821 664 1885 εἷς
717 1824 810 1878 τὸν
868 1822 1038 1878 αἰῶνα
1091 1827 1192 1878 τοῦ
1248 1823 1465 1886 αἰῶνοςο
1527 1819 1726 1900 ῥάϐδος
1785 1823 2016 1896 εὐθύτη-

523 1915 538 1928 ο
620 1906 743 1928 ΩΙΩἏ
904 1915 932 1925 ~
1031 1912 1059 1928 Λ
1160 1910 1180 1928 \
1233 1911 1244 1928 1
1567 1915 1628 1928 Il‘l
1683 1912 1694 1928 Ι
1939 1910 1964 1928 ἢ

2141 1825 2373 1880 (saeculi
2399 1851 2414 1892 ;
2436 1825 2595 1899 virga
2615 1826 2960 1894 rectudinis,
2987 1828 3148 1900 virga
3169 1828 3336 1902 regni
3359 1828 3468 1884 tui.
3505 1828 3773 1885 Dilexisti

366 1932 464 1975 τος
511 1915 548 1982 ἡ
608 1906 806 1988 ῥάϐδος
861 1915 960 1982 τῆς
1031 1910 1310 1988 βασιλείας
1364 1934 1460 1968 σου
1498 1957 1510 1970 .
1561 1912 1882 1990 Ἤγάπησας
1936 1910 2016 1968 διο

365 2001 665 2073 καιοσῦνην
704 2049 719 2073 ,
798 2003 887 2057 καὶ
969 2000 1235 2076 ἐμίσησας
1335 2000 1594 2060 ἀδικίαν⁶
1687 2003 1777 2060 διὰ
1855 2007 2016 2060 τοῦτο

367 2091 558 2169 ἔχρισὲ
615 2113 672 2147 σε
731 2093 760 2146 6
821 2091 978 2162 Θεὸς,
1039 2093 1068 2146 6
1117 2093 1247 2156 Θεός
1333 2113 1428 2149 σου
1507 2091 1689 2150 ἔλαιον
1748 2092 2017 2168 ἀγαλλιά·

370 2203 505 2245 σεως
563 2181 710 2258 παρᾶ
754 2182 880 2245 τοὸς
942 2181 1214 2258 μετόχους
1262 2205 1379 2239 σου.
1442 2184 1545 2241 Καὶ
1603 2183 1782 2260 ὥσπερ
1815 2187 1842 2239 ὁ
1884 2189 2020 2261 Χρι-

369 2272 496 2334 στὸς
528 2269 752 2342 ἀληθῶς
789 2269 1135 2346 ἐπαυροῦτο,
1179 2271 1269 2328 καὶ
1325 2273 1608 2344 ἐθάπτετο,
1639 2276 1729 2330 καὶ
1762 2273 2014 2351 ἐγείρετο·

373 2361 530 2434 ὑμεῖς
590 2359 648 2416 δὲ
695 2360 830 2416 κατὰ
857 2362 919 2416 τὸ
955 2361 1253 2436 βάπτισμα,
1301 2361 1350 2418 ἐν
1395 2365 1710 2438 ὁμοιώματι
1770 2363 1858 2419 καὶ
1916 2385 2017 2419 συ-

373 2453 772 2527 σταυρωθῆναι,
833 2452 921 2507 καὶ
1009 2460 1340 2530 συνταφῆναι
1379 2496 1394 2523 ,
1459 2453 1551 2508 καὶ
1631 2461 2017 2524 συναναστῆναι

372 2540 520 2614 αὖτῷ
571 2543 920 2614 καταξιοῦσοε
952 2562 963 2575 ·
1017 2541 1160 2597 οὕτω
1217 2543 1307 2598 καὶ
1392 2543 1480 2598 ἐπὶ
1531 2548 1628 2599 τοῦ
1685 2543 2015 2620 χρίσματος,

373 2635 613 2694 Ἐκεῖνος
667 2632 833 2706 ἐλαίῳ
889 2639 1074 2706 νοητῷ
1129 2633 1511 2709 ἀγαλλιάσεως
1574 2634 1813 2712 ἐχρίετο,
1870 2636 2018 2690 τοῦτ’

371 2721 488 2777 ἔστι
519 2721 787 2794 Ηνεῦματι
821 2723 985 2798 ἁγίῳ,
1037 2722 1413 2800 ἀγαλλιασεως
1466 2724 1794 2799 καλουμένῳ
1824 2723 2016 2799 ἐλαίῳ,

371 2808 460 2866 διά
490 2811 552 2865 τὸ
583 2809 753 2866 αἴτιον
788 2811 920 2867 αὐτὸ
947 2819 1048 2882 τῆς
1102 2820 1474 2887 πνευματικῆς
1521 2815 1810 2891 τυγχάνειν
1843 2814 2017 2890 ἀγαλ-

372 2898 623 2963 λιάσεως
661 2901 818 2976 ὑμεῖς
853 2901 910 2958 δὲ
959 2924 1116 2978 μυρῳ
1174 2904 1488 2981 ἐχρίσθητε,
1518 2905 1772 2961 κοινωνοὶ
1798 2906 1887 2961 καὶ
1921 2907 2017 2980 μὲ-

364 3010 527 3068 τοχοι
557 2995 654 3047 τοῦ
685 2994 921 3067 Χριστοῦ
951 2994 1258 3069 γενόμενοι.

436 3081 508 3138 Γ“.
545 3079 705 3138 Ἀλλ’
734 3081 834 3157 ὅρα
867 3083 943 3156 μή
980 3084 1289 3161 ὑπονοησῃς
1336 3085 1508 3141 ἐκεῖνο
1555 3087 1616 3141 τὸ
1652 3084 1820 3162 μόρον
1854 3084 2016 3161 ψιλὸν

2133 1937 2153 1964 ι
2181 1914 2500 1987 justitiam,
2535 1921 2594 1971 et
2622 1916 2796 1972 odisti
2827 1916 3204 1988 iniquitatem
3231 1935 3243 1972 :
3268 1924 3584 1991 propterea
3607 1918 3779 1974 unxit

2129 2028 2157 2056 «
2182 2010 2238 2061 te
2259 2006 2433 2074 Deus,
2458 2005 2612 2061 Deus
2631 2012 2765 2062 tuus
2787 2005 2918 2062 oleo
2938 2007 3354 2084 exsultationis
3369 2007 3526 2065 ultra
3542 2026 3778 2066 consor-

2131 2100 2260 2151 ates
2300 2093 2512 2151 tuos7l-
2540 2116 2565 2147 ιι
2589 2093 2637 2130 ’⁷³
2667 2099 2746 2152 Ac
2778 2096 3279 2168 quemadmodum
3332 2099 3598 2155 Christus
3639 2115 3774 2154 vere

2128 2185 2445 2241 crucifixus
2469 2191 2576 2255 est,
2610 2190 2669 2241 et
2689 2186 2977 2258 sepultus,
2998 2192 3057 2242 et
3075 2187 3401 2243 resurrexit
3423 2204 3438 2255 ;
3479 2188 3646 2244 vobis
3667 2204 3777 2244 au-

2129 2281 2247 2330 tem
2265 2275 2324 2330 in
2342 2274 2695 2348 baptismate
2712 2293 2818 2349 per
2839 2276 3162 2348 quamdam
3187 2277 3642 2332 similitudinem
3661 2293 3780 2332 una

2128 2382 2262 2421 cum
2293 2366 2420 2437 ipso
2461 2365 2747 2439 crucifigi,
2786 2371 2844 2421 et
2867 2367 3106 2438 sepeliri
3141 2373 3198 2422 et
3227 2383 3534 2440 resurgere
3581 2367 3780 2422 divina

2129 2455 2469 2528 dignatione
2499 2455 2880 2511 conceditur:
2908 2456 2990 2512 ita
3012 2461 3070 2511 et
3099 2456 3172 2512 de
3203 2457 3523 2513 chrismate
3554 2456 3782 2513 contin-

2127 2545 2228 2617 git.
2261 2545 2366 2600 Ille
2393 2544 2753 2617 intelligibili
2785 2545 3198 2602 exsultationis
3238 2546 3366 2603 oleo
3416 2551 3780 2619 pernunctus

2130 2640 2238 2703 est,
2271 2634 2331 2689 id
2362 2640 2453 2690 est
2474 2635 2693 2706 Spiritu
2725 2641 2930 2692 sancto
2957 2653 2971 2704 ;
2996 2637 3098 2708 qui
3123 2637 3534 2693 exsultationis
3579 2635 3778 2691 oleum

2127 2723 2346 2780 idcirco
2386 2724 2740 2797 appellatur,
2769 2723 2927 2796 quod
2959 2725 3085 2797 ipse
3109 2726 3401 2798 spirituali
3433 2723 3781 2781 exsultatio-

2127 2814 2221 2869 nis
2247 2819 2453 2870 auctor
2483 2815 2766 2870 exsistat:
2795 2831 2897 2870 vos
2926 2831 3062 2871 vero
3093 2820 3394 2886 unguento
3417 2815 3578 2870 uncti
3611 2815 3779 2886 estis,

2126 2905 2342 2960 Christi
2375 2905 2695 2977 participes
2727 2909 2786 2960 et
2815 2910 3123 2960 consortes
3157 2906 3373 2962 effecti.

2199 3086 2294 3140 Ill.
2314 3085 2604 3140 Caeterum
2621 3083 2751 3138 vide
2770 3100 2844 3138 ne
2862 3083 3090 3140 nudum
3115 3089 3174 3140 et
3193 3085 3305 3140 vile
3332 3084 3652 3156 suspiceris
3673 3101 3783 3141 un-

368 3171 529 3228 εἶναι.
553 3176 757 3247 ’Ὠσπερ
789 3171 890 3248 γάρ
923 3175 999 3246 (3)
1031 3174 1058 3228 ὁ
1091 3160 1252 3247 ἄρτος
1304 3181 1404 3245 τῆς
1456 3160 1843 3253 Εὐχαριστήίας,
1872 3160 2022 3250 μετᾶ

2141 3179 2414 3249 guentum
2442 3172 2554 3228 hoc
2577 3189 2726 3230 esse.
2749 3170 2796 3208 ⁷³
2828 3173 2974 3228 Nam
3007 3175 3160 3229 sicut
3180 3175 3351 3246 panis
3373 3174 3782 3242 Eucharistiae,

446 3268 493 3307 ⁸⁸
527 3271 659 3327 Isai.
693 3289 823 3328 an.
901 3271 948 3308 ⁶⁰
985 3275 1093 3329 Vid
1121 3282 1228 3330 cat.
1269 3278 1352 3336 10,
1385 3293 1444 3331 n.
1481 3279 1565 3331 14.
1643 3275 1692 3311 ⁷ο
1720 3279 1846 3332 Act.
1898 3293 1957 3345 x,
2013 3277 2024 3330 ξ

2176 3272 2222 3308 ’⁷1
2254 3272 2409 3328 Psal.
2438 3289 2585 3338 xuv,
2648 3276 2700 3340 '7,
2757 3271 2812 3329 8.
2887 3271 2935 3306 ⁷³
2996 3273 3112 3328 νὶἁ.
3169 3280 3278 3329 cat.
3337 3276 3425 3342 20,
3458 3276 3604 3340 n.5,
3635 3273 3690 3342 6,
3724 3275 3776 3329 '7.

369 3340 420 3377 ⁷³
473 3345 599 3398 Vid.
627 3351 734 3400 cat.
769 3347 853 3412 19,
884 3361 941 3399 n.
978 3349 1048 3413 ’ῖς
1081 3353 1131 3401 et
1162 3353 1270 3404 cat.
1304 3350 1390 3414 23,
1423 3365 1480 3403 η.
1514 3352 1544 3403 7
1575 3355 1627 3404 et
1669 3351 1753 3404 19.

371 3445 648 3524 spirantes
673 3446 1046 3524 fragrantiam
1068 3519 1077 3524 _
1100 3446 1155 3500 Si
1207 3449 1558 3524 cui_tamen
1583 3451 1791 3524 altera
1821 3448 2014 3524 φῴτων

372 3515 551 3592 lectio
584 3515 891 3586 placuerit.
923 3517 973 3592 is
1004 3519 1180 3573 etiam
1213 3537 1275 3574 se
1308 3521 1619 3592 Epiphanii
1669 3515 2020 3576 auctoritate

375 3588 613 3644 munire
639 3595 852 3658 potest.
877 3589 977 3660 qui
1003 3593 1294 3660 Erp.ﬁdei
1315 3588 1476 3647 num.
1507 3595 1592 3659 15,
1617 3594 1700 3648 ait
1719 3594 2021 3648 Christum

375 3662 434 3714 in
465 3675 637 3734 aquas
676 3660 1016 3734 descendisse
1054 3666 1274 3717 dantem
1304 3667 1478 3734 magis
1526 3681 1692 3734 quam
1745 3665 2024 3734 accipien-

379 3738 502 3796 tem,
538 3731 856 3800 largientem
879 3734 1070 3806 potius
1100 3750 1263 3804 quam
1312 3731 1663 3806 indigentem,
1698 3752 1787 3806 eas
1816 3731 2023 3806 illumi-

375 3810 600 3881 nantem
633 3810 682 3856 et
710 3806 912 3881 uirtute
958 3805 1302 3881 induentem,
1331 3806 1601 3881 _?wTECtDV
1652 3805 1785 3860 αὐτά
1813 3805 1902 3860 καὶ
1935 3807 2025 3860 ἐν-

381 3870 634 3944 δυναμῶν
667 3872 934 3960 αὐτάτίιρο.
951 3876 1100 3931 forte
1129 3870 1643 3960 respicitCyrillus
1673 3885 1932 3960 veterem
1957 3895 2028 3934 ex

384 3946 778 4022 appocryphis
797 3947 968 4022 libris
983 3946 1278 4022 sumptam
1300 3946 1868 4022 traditionem.quod
1892 3967 2026 4007 cum

379 4018 646 4076 Christus
675 4018 992 4092 Iordanem
1042 4018 1366 4092 ingressus,
1415 4023 1525 4090 vel,
1571 4029 1635 4078 ut
1674 4018 1876 4078 ferunt
1904 4022 2028 4090 alii,

384 4105 655 4168 egressus
682 4096 860 4168 esset,
912 4090 1231 4168 locum—vel
1278 4109 1463 4168 aquas
1493 4167 1499 4168 ί
1514 4111 1733 4168 magna
1779 4094 1898 4160 lux,
1932 4099 2034 4168 aut

384 4161 563 4238 etiam
577 4161 903 4238 secundum
923 4161 1462 4238 nonnullos,iig_nis,
1487 4161 1865 4221 illustrasset.
1895 4165 2032 4220 Vide

387 4234 626 4300 Justin.,
663 4233 788 4308 Dial
814 4251 970 4308 pag.
1006 4237 1146 4302 246;
1182 4233 1378 4308 Epip‘h,
1401 4280 1414 4304 ,
1444 4238 1654 4292 haeresi
1674 4255 1807 4299 xxx,
1840 4239 2031 4305 n.13;

389 4308 717 4380 Anonqu
762 4307 994 4378 Rigalt,
1045 4307 1201 4380 apud
1236 4307 1640 4380 ’Lyprianum;
1690 4311 2033 4374 Iuvencum,

387 4375 492 4432 lib.
529 4375 715 4431 i’Hist.
749 4375 942 4448 evang.
970 4396 984 4445 ;
1018 4375 1513 4447 Paschaszath.,
1538 4375 1640 4438 lib.
1663 4398 1714 4435 v1
1745 4381 1804 4436 in
1834 4381 2035 4436 Matth.

390 4465 439 4503 c.
473 4464 550 4514 χι,
585 4450 638 4510 2,
673 4453 731 4502 et
767 4455 1023 4504 veterem
1076 4451 1263 4505 sancti
1296 4453 1548 4506 Matthzei
1584 4453 2036 4508 translationem

2127 3445 2343 3500 Christi
2377 3449 2642 3515 spectare
2675 3443 2942 3512 videtur;
2967 3443 3388 3517 distinguenda
3419 3445 3490 3501 ab
3514 3444 3632 3501 alia
3661 3459 3778 3516 qua

2129 3522 2411 3588 tanquam
2443 3517 2596 3570 Deus
2627 3524 2842 3571 unctus
2858 3522 2962 3588 est
2995 3516 3075 3588 ab,
3100 3516 3344 3586 aeterno,
3377 3524 3490 3573 cat.
3528 3521 3614 3584 10,
3649 3534 3707 3571 n.
3742 3519 3777 3570 4

2130 3596 2190 3644 et
2220 3582 2304 3644 1ἷιι.
2339 3590 2496 3646 Post,
2522 3603 2739 3642 nomen
2771 3582 2936 3640 Δαὸίδ
2967 3587 3303 3645 addidimus
3325 3582 3395 3645 ex
3424 3582 3608 3645 Coisl.
3635 3590 3776 3656 Roe,

2131 3659 2378 3717 Casaub.
2413 3665 2472 3713 et
2497 3659 2670 3714 Grod.

2203 3733 2276 3802 (3)
2307 3731 2507 3814 Ὥσπερ
2536 3730 2659 3814 γάρ,
2694 3735 2805 3813 etc:
2835 3731 2984 3786 Loco
3015 3728 3125 3797 καί,
3160 3731 3317 3814 quod
3344 3732 3404 3786 in
3436 3731 3612 3814 editis
3634 3732 3782 3814 ‘scri:

2177 3809 2299 3883 tum
2329 3802 2600 3883 erat,de
2634 3802 2939 3883 posuimus
2972 3819 3040 3858 ex
3068 3803 3690 3883 _codd..Roe,‘C_asau'b.
3725 3806 3785 3857 et

2132 3820 2299 3928 [suum
2331 3820 2476 3869 erat,
2500 3820 2600 3876 γαρ
2634 3820 2939 3883 posuimus
2972 3820 3040 3858 ex
3070 3820 3414 3884 coaa..noe,
3442 3820 3690 3859 uasaun.
3725 3820 3780 3857 ei

2174 3873 2504 3960 cirletiano,
2557 3889 2732 3960 quus
2789 3875 3206 3959 fragmentum,
3254 3891 3288 3929 a
3324 3874 3539 3960 verbis,
3593 3872 3780 3960 dictum

2133 3947 2256 4020 γάρ,
2285 3961 2474 4020 usque
2504 3944 2577 3999 ad
2625 3944 2968 4020 ἐνεργητικὸν
3022 3946 3336 4020 γινιῖμενον-
3363 3945 3503 4001 incl.
3554 3945 3697 4000 citat
3725 3949 3785 3999 et

2137 4016 2482 4073 transcribit
2506 4016 2664 4071 card.
2696 4016 3280 4083 Stanislaus'HOSius,
3305 4017 3379 4072 de
3410 4021 3782 4072 sacramento

2139 4088 2611 4160 confirmationis
2634 4104 2812 4160 agens
2844 4106 2970 4160 cap.
2991 4091 3077 4145 38.
3110 4091 3175 4144 1n
3203 4088 3334 4145 cod.
3358 4089 3535 4144 Coisl.
3569 4088 3788 4160 omitti-

2141 4168 2238 4217 tur
2265 4159 2357 4214 καί
2390 4167 2447 4215 et
2467 4159 2599 4233 γάρ.
2647 4159 2980 4216 Notandum
3011 4177 3166 4216 vero.
3200 4177 3334 4216 cum
3365 4161 3523 4233 inter
3543 4159 3787 4214 benedi-

2142 4233 2402 4288 ctionem
2425 4231 2537 4287 olei
2552 4231 3148 4288 ‘etconsecrationem
3162 4232 3544 4288 Eucharistias
3557 4246 3792 4302 compa-

2142 4305 2436 4360 rationem
2451 4303 2710 4357 instituit
2725 4305 3000 4374 Cyrillus,
3017 4321 3142 4359 rem
3156 4319 3641 4375 unamquamque
3665 4303 3790 4357 suis

2145 4376 2586 4448 characteﬁribus
2617 4381 2843 4448 notare.
2879 4377 2962 4448 Ita
2993 4376 3152 4430 enim
3200 4374 3572 4448 unguentum
3624 4374 3790 4429 invo-

2148 4448 2379 4504 catione
2413 4446 2511 4501 Dei
2557 4447 2915 4519 sanctiﬁcari
2945 4448 3046 4509 ait,
3079 4454 3144 4502 ut
3173 4446 3373 4504 tamen
3422 4452 3792 4519 unguentum

387 4537 457 4574 ex
487 4536 599 4574 ms.
645 4519 986 4577 Corbeiensi
1017 4537 1052 4577 a
1081 4529 1284 4577 nostro
1317 4524 1652 4580 Martianaeo
1684 4523 1926 4593 editam,
1957 4522 2030 4579 ad
2063 4527 2106 4590 D
2139 4520 2620 4593 adhuc_manere,
2662 4517 2803 4573 licet
2865 4526 3232 4593 unguentum
3283 4535 3404 4593 non
3452 4517 3788 4584 commune,

385 4608 515 4662 cap.
549 4607 628 4652 ιιι,
660 4607 712 4646 v.
750 4595 836 4646 15.

457 4663 530 4735 (1)
561 4663 656 4735 Τῷ
687 4662 886 4735 ὁμοίῳ,
917 4670 1027 4720 etc.
1061 4665 1259 4721 Morel.
1296 4671 1354 4721 et
1381 4665 1551 4724 codd.
1609 4668 1751 4732 Roe,
1784 4665 2027 4722 Casaub.

386 4740 449 4808 et
475 4733 932 4808 Coisliqiormiisso
984 4739 1081 4790 τοῦ
1139 4737 1358 4808 ὁμοίου,
1419 4738 1660 4807 habent,
1692 4737 2030 4792 ἐπαναπαυοο

391 4805 551 4882 μένου
584 4807 806 4882 (C0isl.,
835 4805 1310 4882 Enzvxnauouévn)
1340 4805 1419 4879 τῷ
1463 4805 1662 4882 ὁμοίῳ.
1717 4810 2038 4882 Grodecius

428 4878 610 4932 ariter
626 4878 840 4952 omisit
866 4883 964 4933 τοῦ
986 4878 1207 4952 ὁμοίου.
1236 4878 1462 4938 Allusio
1484 4878 1580 4938 hic
1603 4878 1939 4937 continetur
1963 4881 2037 4936 ad

412 4965 586 5022 ocum
619 4950 1031 5022 Ecclesiastici‘
1077 4970 1197 5018 xm,
1234 4957 1337 5009 19:
1397 4957 1504 5007 Πᾶν
1565 4957 1719 5022 ζῶον
1758 4952 1934 5022 ἀγαπᾷ
1975 4952 2038 5006 τὸ

385 5018 582 5099 ξμοιον
615 5021 801 5099 αὐτου,
824 5023 914 5077 καὶ
942 5024 1232 5099 τῷῄὸμοίῳ
1260 5025 1428 5099 αὐτοῦ
1465 5018 2036 5099 προσκολληθήσεται.

393 5092 824 5169 Εοάεῐξιίῐῐιοιὶο
859 5113 974 5167 quo
998 5092 1288 5169 'Cy'rill'us
1321 5092 1554 5153 locutus
1585 5103 1676 5152 est
1705 5092 1871 5167 Greg‘.
1908 5098 2038 5154 Naz.

397 5171 547 5241 orat.
579 5167 670 5233 39,
701 5183 854 5241 pag._
891 5170 1031 5241 534:
1072 5167 1186 5241 :Ka!
1240 5167 1303 5222 τὸ
1359 5173 1580 5241 Πνεῦμα
1640 5170 1900 5240 μαρτυρεῖ
1938 5169 2038 5235 τὴν

396 5235 649 5314 Θέοτητφ
681 5235 900 5314 τῷ-’γᾶρ
926 5235 1518 5314 76:1.ottpiirpoc'cpéxu;
1547 5235 1650 5314 ᾼΕί
1684 5235 1925 5311 Spiritus
1953 5241 2042 5295 di-

393 5307 626 5363 vinitati
656 5307 1028 5365 testimonium
1059 5307 1236 5366 reddit
1267 5328 1286 5366 :
1327 5307 1457 5368 nam
1487 5312 1560 5368 ad
1587 5307 1817 5368 simiiem
1848 5327 2044 5367 accur-

391 5381 490 5434 rit.
507 5379 562 5434 Si
572 5381 844 5437 militudo
863 5388 1059 5438 autem
1083 5383 1187 5438 illa
1208 5385 1462 5439 sumitur
1479 5383 1806 5440 divinitatis
1826 5383 2042 5438 Christi

393 5458 690 5528 respectu,
727 5460 933 5526 estque
966 5461 1380 5528 argumentum
1421 5455 1744 5511 divinitatis
1791 5455 2043 5527 Spiritus

398 5523 608 5580 sancti.

465 5594 816 5670 (2)7Tc'wd1r6
844 5596 1104 5670 Ναζαρέτ.
1152 5599 1306 5670 __Roe,
1367 5605 1426 5655 et
1479 5599 1750 5663 Casaub.,
1781 5597 1874 5652 τὸν
1931 5602 2044 5653 Να-

400 5667 635 5742 ζαραῖονᾷ.
671 5669 818 5742 Mox.
873 5665 1004 5742 pro.
1036 5668 1095 5742 ἓν
1150 5665 1384 5742 ἔχρισεν,
1433 5670 1614 5727 habet
1663 5671 1840 5727 Coisl.
1887 5671 2045 5726 utin

394 5737 555 5822 {totis
611 5737 982 5822 legiturfu’ic
1031 5737 1316 5822 Exp'tégv,_
1345 5737 1799 5822 quemadmodum
1848 5745 2043 5822 unxit.

2141 4590 2462 4655 concedat;
2497 4604 2711 4661 panem
2742 4606 2878 4645 vero
2910 4590 3356 4657 eucharistium,
3391 4591 3473 4646 ita
3503 4595 3634 4661 post
3659 4604 3794 4644 con-

2143 4663 2535 4718 secrationem
2558 4677 2773 4732 panem
2801 4678 3180 4717 communem
3212 4679 3334 4717 non
3364 4661 3622 4733 amplius
3661 4675 3791 4733 esse

2141 4733 2510 4808 pronuntiat,
2545 4731 2609 4787 ut
2637 4733 2799 4788 aliud
2821 4750 3064 4804 prorsus
3090 4751 3123 4789 a
3140 4750 3312 4808 pane,
3334 4731 3550 4808 nem—pe
3575 4731 3792 4787 Christi

2144 4805 2357 4878 corpus
2388 4805 2607 4878 factum
2638 4821 2766 4878 esse
2797 4811 3110 4878 asseveret.
3145 4807 3267 4871 Quo
3299 4806 3418 4860 ruit
3446 4806 3794 4878 Sacramen-

2146 4876 2433 4935 tari'orum
2461 4893 2528 4930 ex
2561 4877 2672 4931 hoc
2703 4876 3067 4948 Cyrilliloco
3100 4883 3338 4948 sumpta
3368 4876 3683 4948 cavillatio.

2216 4953 2292 5020 (3)
2317 4943 3036 5020 Substantialis,£6ch613;
3056 4943 3312 5020 illapsus.
3347 4947 3408 5004 Id
3453 4953 3562 5014 est,
3590 4953 3658 5004 ut
3686 4961 3792 5019 ego

2146 5021 2442 5082 existimo,
2476 5019 2776 5092 sensibilis
2809 5024 2866 5092 et
2896 5019 3146 5092 visibilis
3195 5020 3268 5074 ob
3316 5036 3657 5092 corpoream
3691 5035 3793 5074 co-

2146 5093 2363 5148 lumbae
2395 5091 2672 5162 speciem.
2734 5090 2950 5145 Eadem
3009 5091 3168 5146 enim
3222 5107 3362 5146 voce
3420 5090 3594 5148 utens
3623 5092 3792 5163 Greg.

2148 5167 2277 5220 Naz.
2311 5169 2465 5235 orat.
2485 5178 2632 5224 xuv,
2666 5177 2830 5217 num.
2869 5165 2953 5235 17,
3013 5179 3143 5235 pag.
3177 5165 3301 5230 7l3,
3330 5179 3467 5219 cum
3510 5163 3795 5235 Spiritum

2149 5240 2419 5292 sanctum
2453 5234 2513 5288 in
2537 5236 2839 5304 apostolos
2867 5233 3249 5304 descendisse
3280 5236 3381 5297 ait,
3406 5253 3476 5292 ex
3509 5233 3629 5290 toto
3663 5250 3799 5291 con-

2149 5313 2310 5363 textu
2337 5302 2689 5377 intelligitur
2709 5322 2879 5361 voces
2901 5302 3227 5376 οὐσιωὸιῶς,
3249 5307 3708 5372 substantialiter,
3741 5310 3801 5361 et

2149 5380 2496 5450 σωματικῶς,
2512 5378 2891 5450 corporaliter,
2907 5379 3276 5449 promiscuas
3291 5379 3591 5435 habuisse.
3608 5380 3800 5444 Quan-

2191 5467 2329 5506 uam
2359 5455 2426 5505 ut
2454 5449 2876 5522 Nazianzenum
2935 5450 3189 5522 explicat
3228 5454 3514 5522 ‘Anastas.
3576 5449 3802 5522 Sinaita

2191 5469 2329 5506 uam
2359 5469 2426 5505 ut
2455 5469 2876 5504 nazianzenum
2935 5469 3189 5522 explicat
3243 5469 3514 5508 anastas.
3577 5469 3798 5506 Sinam:

2150 5469 2371 5610 godegi
2404 5537 2531 5610 cap.
2564 5521 3021 5610 20,’nihi'lnvetat
3051 5518 3332 5610 οὐσιωδῶς
3353 5522 3657 5610 ~intelligi,
3678 5520 3798 5610 κατξ

2151 5589 2344 5650 οὖσίαῦ
2400 5589 2491 5647 καῖ
2549 5590 2668 5645 κατ’
2715 5589 2974 5662 ἀλήθειαν
3051 5593 3446 5664 ὑποστατικῶς,
3507 5589 3800 5664 secundum

2149 5667 2512 5738 substantiam
2539 5670 2592 5720 et
2615 5660 2898 5738 veritatem
2923 5683 3027 5738 per
3053 5683 3209 5723 suam
3249 5660 3602 5738 hypostasim.
3632 5660 3799 5738 Quod

2153 5742 2203 5799 si
2257 5739 2329 5815 de
2365 5737 2614 5815 Spiritu_
2641 5736 2706 5792 in
2752 5735 3057 5815 apostolos
3099 5735 3382 5815 illabente
3421 5735 3537 5792 dici
3583 5737 3802 5815 potest,

396 5805 530 5868 Haec
559 5805 763 5868 unc'tio
793 5805 865 5867 de
889 5828 1007 5884 qua
1025 5805 1282 5886 cianus
1300 5805 1588 5888 loquitur,
1617 5813 2049 5872 humanitatem
2153 5811 2343 5871 multo
2365 5805 2551 5885 magis
2580 5807 2653 5866 de
2684 5805 2894 5871 eodem
2915 5811 2978 5869 in
2998 5811 3298 5868 Christum
3323 5805 3797 5881 superveniente.
