4148 6286
416 335 566 396 1091

1473 326 1535 387 S.
1584 324 1895 387 CYRILLI
1938 318 2357 385 HIEROSOL.
2400 321 2769 383 ARCHIEP.

3655 323 3820 386 1092

412 468 565 526 ³1⁸1
600 470 737 539 post
765 465 1202 521 invocationem
1244 463 1433 519 sancti
1487 462 1759 535 Spiritus,
1805 475 1926 516 non
1976 463 2065 514 est

2178 455 2272 525 τὴν
2300 453 2590 526 ἐπίκλησιν
2642 459 2740 511 τοῦ
2796 454 2957 531 ἁγίου
3014 456 3349 531 Πνεύματος,
3392 456 3491 514 ούκ
3546 456 3626 514 ἔτι
3657 459 3831 534 ἄρτος

415 558 753 615 communis
774 558 966 629 panis,
1000 556 1103 613 sed
1135 572 1350 627 corpus
1392 553 1650 609 Christi:
1702 553 1788 608 ita
1829 557 1888 606 et
1925 567 2062 607 san-

415 653 578 704 ctum
610 646 767 703 istud
795 651 1188 719 unguentum,
1221 660 1341 700 non
1388 642 1646 714 amplius
1675 641 1925 705 nudum,
1958 654 2064 694 ne-

414 755 551 811 que,
586 738 634 794 si
665 739 800 809 quis
818 738 899 793 ita
919 736 1220 809 appellare
1252 735 1442 800 malit,
1468 748 1783 790 commune
1807 747 2067 804 unguen-

411 835 541 885 tum
562 835 655 884 est
682 833 816 900 post
844 827 1279 883 invocationem
1303 844 1317 893 ;
1352 825 1455 881 sed
1485 824 1701 879 Christi
1725 821 2061 889 donarium,

412 923 474 973 et
502 918 755 990 Spiritus
787 917 997 981 sancti,
1037 916 1353 989 praesentia
1398 914 1719 969 divinitatis
1750 912 1900 984 ejus,
1934 910 2067 966 efﬁ-

412 1008 578 1063 ciens
598 1007 843 1064 factum.
866 1006 1029 1072 Quod
1052 1004 1293 1077 quidem
1321 1002 1644 1077 symbolice
1675 1002 1876 1067 fronti,
1909 1001 2064 1057 aliis-

417 1112 533 1168 que
563 1096 839 1151 sensibus
870 1096 989 1150 tuis
1039 1094 1314 1149 illinitur.
1371 1101 1449 1149 Ac
1495 1092 1637 1147 dum
1691 1097 1950 1164 uugento
1981 1089 2067 1143 vi-

418 1185 578 1240 sibili
609 1184 917 1257 inungitur
944 1200 1179 1256 corpus,
1239 1188 1441 1238 sancto
1501 1187 1559 1237 et
1588 1180 1815 1236 viviﬁco
1847 1179 2066 1252 Spiritu

419 1270 622 1326 anima
643 1269 1065 1325 sanctiﬁcatur.

489 1360 582 1415 IV.
614 1363 696 1415 Ac
726 1359 985 1432 primum
1006 1359 1069 1414 in
1102 1358 1295 1413 fronte
1328 1357 1600 1429 peruncti
1632 1356 1793 1421 estis,
1818 1355 1973 1411 utab
1997 1372 2066 1411 ea

416 1447 776 1525 verecundia
796 1447 1405 1519 liberaremini,quam
1426 1446 1653 1518 primus
1676 1445 1853 1501 homo
1872 1451 2066 1500 trans-

415 1553 652 1611 gressor
672 1536 891 1607 ubique
923 1535 1377 1592 circumferebat
1392 1534 1439 1570 ’·”⁴
1454 1552 1467 1589 :
1483 1541 1665 1606 utque
1682 1532 2064 1590 retectafacie

412 1624 660 1698 gloriam
684 1624 919 1680 Domini
942 1630 1225 1696 tanquam
1266 1624 1328 1680 in
1361 1623 1601 1696 speculo
1632 1622 2069 1694 contemplare-

414 1713 563 1769 mini
583 1714 649 1768 ⁷⁵.
681 1713 902 1768 Deinde
952 1714 1014 1768 in
1069 1713 1349 1768 auribus:
1381 1718 1447 1767 ut
1498 1727 1671 1768 aures
1718 1710 2067 1782 acciperetis

419 1802 755 1857 divinorum
776 1802 1196 1874 mysteriorum
1209 1801 1541 1870 audientes,
1558 1801 1629 1855 de
1653 1798 1867 1871 quibus
1883 1799 2066 1855 Isaias
2100 1832 2146 1897 Β

420 1890 655 1947 dicebat
676 1907 688 1944 :
708 1892 770 1945 Et
795 1891 1013 1947 addidit
1040 1891 1182 1946 mihi
1214 1893 1475 1947 Dominus
1527 1888 1834 1944 auriculam
1865 1888 1939 1944 ad
1967 1904 2066 1943 au-

417 1979 678 2036 diendum
697 1977 782 2046 7‘3;
811 1980 1213 2052 Dominusque
1233 1981 1403 2035 Jesus
1460 1979 1521 2033 in
1568 1977 1932 2050 Evangeliis:
1965 1978 2071 2042 Qui

419 2068 582 2123 habet
608 2085 770 2125 ames
798 2070 872 2126 ad
897 2069 1253 2138 audiendum,
1295 2069 1487 2124 audiat
1503 2065 1564 2122 ⁷⁷.
1614 2069 1826 2122 Postea
1856 2064 1930 2121 ad
1961 2082 2070 2122 na-

413 2174 508 2213 res
535 2174 547 2212 :
574 2164 639 2213 ut
667 2157 937 2215 divinum
958 2158 1389 2231 amplectantes
1430 2162 1800 2230 unguentum
1840 2155 2068 2211 dicere-

420 2248 496 2303 tis
525 2266 538 2304 :
573 2248 776 2304 Christi
806 2249 976 2305 bonus
1026 2250 1163 2304 odor
1187 2265 1369 2305 sumus
1416 2249 1545 2316 Deo,
1576 2250 1634 2302 in
1685 2248 1753 2302 iis
1806 2245 1902 2317 qui
1929 2246 2068 2301 salvi

413 2337 557 2407 ﬁunt
579 2336 643 2394 ⁷⁸.
679 2340 826 2393 Tum
855 2354 991 2393 vero
1025 2344 1084 2393 et
1113 2345 1319 2410 pectus
1347 2337 1619 2411 peruncti
1651 2336 1792 2391 estis
1822 2352 1835 2389 :
1865 2340 1930 2390 ut
1975 2335 2068 2390 in-

420 2425 672 2481 duentes
702 2426 1001 2481 thoracem
1019 2427 1293 2498 justitim,
1327 2427 1563 2482 staretis
1588 2425 1866 2481 adversus
1920 2423 2069 2479 insi—

420 2516 550 2571 dias
579 2515 799 2570 diaboli
821 2516 885 2569 7'.
911 2518 1053 2571 Nam
1077 2516 1239 2572 velut
1262 2517 1528 2572 Christus
1550 2522 1685 2587 post
1706 2514 2067 2588 baptismum

420 2608 479 2659 et
510 2603 699 2659 sancti
730 2604 982 2676 Spiritus
1004 2606 1062 2659 in
1098 2621 1159 2660 se
1181 2604 1519 2673 adventum,
1563 2621 1834 2677 egressus
1864 2602 2067 2660 debel-

419 2692 562 2747 lavit
590 2692 997 2748 adversarium
1018 2692 1100 2747 3°:
1138 2694 1219 2750 ita
1244 2699 1301 2748 et
1330 2711 1430 2749 vos
1460 2699 1594 2765 post
1623 2709 1859 2750 sacrum
1883 2692 2069 2765 bapti-

420 2797 547 2837 sma
567 2786 627 2836 et
647 2781 963 2854 mysticum
984 2780 1028 2817 δι
1054 2782 1640 2855 unguentum,induti
1665 2786 1847 2838 totam
1878 2780 2069 2837 sancti

418 2871 668 2942 Spiritus
682 2871 1353 2927 armaturan1.adversus
1367 2872 1699 2943 oppositam
1714 2877 2066 2943 potestatem

423 2959 839 3028 consistitis",
896 2976 1145 3031 eamque
1195 2960 1506 3015 debellatis
1552 2961 1812 3016 aientes:
1873 2961 2067 3016 Omnia

413 3065 635 3119 possum
665 3052 725 3105 in
758 3065 818 3105 eo
848 3049 948 3120 qui
976 3067 1060 3105 me
1088 3051 1403 3106 corroborat
1436 3049 1653 3106 Christo
1677 3049 1744 3105 ⁴⁸.

2173 542 2349 613 λιτὸς,
2377 543 2524 600 ἀλλὰ
2558 548 2718 618 σῶμα
2746 546 3003 620 Χριστοῦ
3039 544 3183 602 οὕτω
3213 547 3303 603 καὶ
3334 548 3399 604 τὸ
3454 545 3606 624 ἅγιον
3655 553 3826 604 τοῦτο

2175 632 2375 709 μύρον,
2406 632 2505 688 οὐκ
2528 627 2608 688 ἔτι
2636 631 2822 707 ψιλὸν,
2855 632 2971 689 οὐδ’
2997 635 3071 699 ὡς
3102 634 3162 691 ἂν
3195 634 3340 693 εἷ’ποι
3369 657 3451 701 τις
3483 638 3664 693 κοινὸν
3701 641 3826 711 μετ’

2170 719 2479 792 ἑπικλησιψ
2538 720 2688 778 ἀλλὰ
2736 723 2974 797 Χριστοῦ
3029 727 3299 802 χάρισμα,
3358 726 3449 781 καὶ
3501 728 3822 800 Πνεύματος

2172 809 2348 883 ἁγίου,
2380 811 2647 885 παρουσίᾳ
2676 814 2751 885 (1)
2776 819 2876 882 τῆς
2908 814 3077 869 αὐτοῦ
3128 814 3413 887 θεότηνος,
3470 815 3826 893 ἐνεργητικὸν

2171 896 2483 974 γινόμενον.
2516 906 2683 978 Ὅπερ
2715 898 3070 976 συμϐολικῶς
3128 901 3217 960 ἒπὶ
3273 906 3558 979 μετώπου,
3588 907 3681 962 καὶ
3709 913 3823 963 τῶν

2171 989 2361 1047 ἄλλων
2393 1012 2493 1046 σου
2546 991 2760 1067 χρίεται
2812 993 3204 1069 αἰσθητηρίων.
3264 995 3361 1051 Καὶ
3387 1000 3467 1070 τῷ
3501 997 3596 1071 μὶν
3629 1018 3828 1074 φαινο-

2176 1081 2322 1155 μὲνῳ
2356 1082 2512 1158 μύρῳ
2538 1083 2601 1138 τὸ
2630 1088 2789 1157 σῶμα
2844 1084 3083 1161 χρίεται,
3139 1089 3221 1159 τῷ
3268 1082 3327 1142 δὲ
3361 1086 3502 1164 ἁγίῳ
3556 1088 3649 1144 καὶ
3682 1093 3825 1159 ζωο-

2171 1171 2317 1243 ποιῴ
2349 1171 2623 1245 Πνεύματι
2653 1174 2688 1227 ’ὃ
2722 1175 2877 1249 ψυχὴ
2908 1175 3210 1251 ἁγιάζεται.

2245 1353 2317 1410 Δ“.
2378 1352 2477 1408 Καὶ
2536 1358 2755 1429 πρῶτον
2816 1354 3070 1431 ὶχρίεσθε
3126 1355 3215 1411 ἐπὶ
3272 1356 3336 1412 τὸ
3405 1354 3680 1431 μέτωπον·
3732 1356 3831 1414 ἵνα

2173 1439 2530 1517 ἀπαλλαγῆτε
2580 1450 2679 1514 τῆς
2724 1444 2998 1521 αἲσχύνης
3032 1489 3046 1515 ,
3103 1445 3171 1516 ἢν
3232 1448 3260 1503 ὁ
3315 1452 3535 1523 πρῶτος
3575 1444 3834 1525 παραϐά-

2172 1551 2272 1601 της
2332 1535 2411 1605 (2)
2468 1530 2754 1609 ἅνθρωπος
2839 1539 3121 1610 πανταχοῦ
3176 1535 3501 1614 περιέφερε·
3561 1538 3653 1593 καὶ
3735 1538 3831 1594 ἳνα

2173 1621 2676 1695 ανακεκαλυμμὲνῳ
2784 1624 3067 1698 προσώπῳ
3171 1626 3272 1695 τὴν
3381 1622 3535 1697 δόξαν
3622 1628 3828 1703 Κυρίου

2173 1709 2815 1784 κατοπτρίζησθε.Εἶτα
2873 1711 2961 1767 ἐπὶ
3019 1712 3087 1767 τὰ
3132 1711 3265 1769 ὦτα·
3323 1715 3412 1769 ἳνα
3468 1713 3829 1789 προσλάϐητε

2173 1800 2242 1854 τὰ
2281 1800 2574 1857 ἀκουστικᾶι
2625 1806 2735 1857 τῶν
2796 1801 2954 1867 θείων
3013 1806 3329 1878 μυστηρίων
3391 1804 3524 1877 ὦτα,
3559 1807 3688 1883 περὶ
3745 1809 3825 1863 ὧν

2177 1888 2399 1952 Ἠσαῗας
2456 1888 2609 1967 ἔλεγε
2640 1909 2653 1922 ⁸
2730 1892 2834 1948 Καὶ
2890 1894 3197 1968 προσέθηκὲ
3250 1915 3342 1968 μοι
3402 1895 3603 1971 Κύριος
3659 1896 3827 1952 ὠτίον

2177 1982 2274 2033 τοῦ
2303 1978 2537 2034 ἀκούειν’
2592 1980 2682 2035 καὶ
2740 1981 2768 2035 ὁ
2826 1981 3022 2055 Κύριος
3080 1986 3157 2057 (3)
3214 1984 3424 2054 Ἰησοῦς
3482 1984 3536 2040 ἐν
3592 1987 3835 2062 Εύαγγε-

2181 2065 2326 2132 λίοις
2360 2086 2374 2099 ’
2422 2069 2484 2126 Ὁ
2539 2067 2683 2145 ἔχων
2746 2071 2859 2125 ὦτα
2911 2070 3128 2127 ἀκοὺειν
3163 2116 3179 2142 ,
3236 2072 3500 2131 ἆγουέτω.
3561 2075 3692 2131 Εἶτα
3739 2074 3832 2130 ἐπὶ

2177 2157 2276 2227 τὴν
2308 2152 2591 2234 ὄσφρησιν·
2625 2158 2775 2219 ὅπως
2802 2162 2898 2214 τοῦ
2947 2158 3094 2224 θείου
3150 2156 3687 2236 ἀντιλαμϐανόμενοι
3723 2161 3830 2237 μύ-

2180 2266 2321 2321 ρου,
2382 2246 2577 2322 λὲγητε
2609 2265 2622 2279 ·
2681 2248 2917 2323 Χριστοῦ
2979 2245 3184 2304 εὐωδία
3239 2248 3400 2323 ἐσμὶν
3456 2249 3538 2323 τῷ
3593 2256 3713 2324 Θεῷ
3766 2251 3829 2309 ἐν

2176 2339 2293 2397 τοῖς
2353 2336 2685 2408 σωζομένοις
2718 2378 2732 2392 .
2793 2335 2943 2393 Μετᾶ
3016 2341 3185 2392 ταῦτα
3240 2337 3327 2393 ἐπὶ
3384 2339 3627 2412 τᾶστήθη
3661 2382 3676 2397 .
3734 2343 3833 2398 ἳνα

2181 2421 2529 2497 ἐνδυσάμενοι
2559 2425 2650 2479 τὸν
2684 2426 2906 2502 Θώρακα
2931 2434 3034 2496 τῆς
3086 2425 3463 2499 δικαιοσύνης,
3495 2437 3657 2501 στῆτε
3686 2431 3831 2505 πρὸς

2177 2514 2272 2574 τὰς
2305 2511 2583 2587 μεθοδείας
2607 2518 2705 2568 τοῦ
2726 2509 3011 2571 διαϐόλου.
3044 2518 3250 2589 Ὥσπερ
3280 2519 3384 2593 γὰρ
3417 2520 3446 2573 ὁ
3480 2504 3836 2593 minacis)

2184 2604 2318 2675 μετᾶ
2391 2602 2453 2657 τὸ
2510 2602 2788 2679 βάπτισμα
2843 2603 2934 2659 καὶ
2989 2605 3089 2674 τὴν
3137 2609 3237 2660 τοῦ
3297 2605 3451 2680 ἁγίου
3510 2610 3833 2682 Πνεύματος

2181 2690 2545 2768 ἐπιφοίτησιν,
2578 2690 2809 2763 ἐξελθὼν
2840 2692 3236 2769 κατηγονίσατο
3287 2695 3378 2749 τὸν
3434 2696 3833 2770 ἀντικείμενον·

2181 2779 2323 2836 οὕτω
2354 2779 2441 2835 καὶ
2478 2781 2632 2853 ὑμεῖς
2687 2780 2821 2855 μετά
2866 2781 2929 2836 τὸ
2976 2782 3122 2858 ἱερὸν
3159 2783 3442 2859 βάπτισμα
3472 2786 3563 2840 καὶ
3608 2786 3669 2840 τὸ
3720 2808 3837 2860 μυ-

2183 2870 2365 2926 στικὸν
2396 2869 2612 2946 χρίσμα
2641 2866 2985 2944 ἐνδεδυμένοι
3033 2872 3136 2941 τήν
3188 2871 3499 2929 πανοπλίαν
3540 2878 3633 2929 τοῦ
3663 2876 3832 2949 ἁγίου

2182 2958 2522 3032 Ηνεύματος,
2565 2959 2785 3014 ἳστασθε
2841 2960 2979 3035 πρὸς
3032 2961 3131 3029 τήν
3194 2961 3571 3037 ἀντικειμένην
3599 2960 3835 3038 δύναμιν

2181 3051 2279 3122 (ὅ),
2313 3048 2400 3103 καὶ
2434 3048 2635 3120 ταύτην
2666 3048 3091 3124 καταγωνίζεσθε
3138 3047 3403 3126 λέγοντες·
3441 3051 3619 3108 Πάντα
3649 3051 3831 3129 ἰσχύω

2182 3137 2233 3194 ἐν
2263 3138 2342 3211 τῷ
2377 3134 2763 3211 ἐνδυναμοῦντι
2796 3158 2863 3212 με
2891 3138 3129 3213 Χριστῷ.

490 3227 554 3283 ν.
590 3228 710 3282 Ηοο
740 3232 944 3283 sancto
974 3227 1293 3283 chrismate
1324 3227 1485 3301 digni
1530 3228 1739 3297 habiti,
1771 3226 2062 3284 vocamini

2250 3197 2331 3285 E':
2364 3197 2584 3282 Τούτου*
2628 3230 2725 3281 τοῦ
2780 3197 2950 3302 ἇγίου.
2999 3197 3305 3303 χρίσματος
3335 3232 3414 3304 (ὃ)
3468 3232 3833 3303 καταξιωθέν-

420 3315 761 3385 Christiani,
803 3318 1106 3373 veritatem
1154 3335 1390 3389 quoque
1440 3319 1699 3374 nominis
1739 3319 1916 3391 hujus
1965 3335 2072 3390 per

423 3407 898 3480 regnerationem
929 3415 1334 3481 assequentes.
1360 3409 1529 3465 Prius
1555 3410 1717 3465 enim
1741 3426 1918 3481 quam
1945 3410 2071 3465 hanc

420 3496 590 3553 vobis
621 3498 809 3569 gratia
833 3497 1049 3555 collata
1070 3504 1246 3564 esset,
1281 3514 1348 3553 eo
1380 3499 1623 3555 nomine
1654 3500 1889 3571 proprie
1910 3499 2072 3572 digni

426 3602 548 3642 non
569 3586 770 3656 eratis,
802 3588 906 3644 sed
938 3603 1006 3643 eo
1035 3587 1487 3645 contendebatis
1530 3595 1596 3643 ut
1633 3589 1841 3645 essetis
1872 3588 2069 3644 Chris-

428 3676 595 3732 tiani.

2178 3338 2284 3387 τες,
2316 3316 2571 3381 καλεῖσθε
2626 3317 2970 3392 Χριστιανοὶ.
3025 3316 3450 3385 ἆπαληθεύοντες
3492 3324 3561 3395 τῇ
3610 3323 3828 3398 ἀναγεν-

2180 3408 2336 3477 νήσει
2362 3406 2452 3461 καὶ
2481 3406 2543 3461 τὸ
2576 3406 2770 3479 δνομα.
2804 3406 2916 3479 Πρὸ
2967 3406 3073 3481 γὰρ
3102 3410 3202 3463 τοῦ
3255 3410 3656 3480 καταξιωθῆναι
3687 3412 3829 3485 ὑμᾶς

2177 3496 2379 3565 ταύτης
2407 3502 2508 3565 τῆς
2536 3492 2785 3572 χάριτος.
2814 3493 3015 3566 ταύτης
3047 3502 3150 3566 τῆς
3179 3499 3562 3573 προσηγορίας
3619 3502 3824 3574 κυρίως

2182 3585 2283 3642 ούλ
2311 3588 2409 3655 ἥτε
2435 3582 2596 3655 ἄξιοι.
2631 3581 2757 3639 ἀλλ’
2788 3579 3067 3648 ὁδεύοντες
3112 3581 3461 3660 προεϐαίνετε
3491 3586 3571 3651 είς
3596 3588 3660 3644 τὸ
3690 3592 3826 3645 εἶναι

2182 3675 2519 3753 Χριστιανοί.

497 3800 543 3836 ⁷⁴
575 3805 826 3873 Ceam,
855 3806 1013 3877 7,_8.
1088 3803 1213 3877 75le
1261 3804 1388 3859 Cor.
1449 3821 1528 3871 ιιι,
1591 3805 1673 3858 18.
1710 3803 1798 3877 -.⁷⁸
1850 3808 1960 3877 lsa.
2020 3820 2065 3874 L,

2236 3800 2281 3837 ’⁷⁷
2311 3800 2513 3877 Matth.
2573 3815 2652 3877 xl,
2707 3802 2793 3853 15.
2828 3797 2921 3877 W73
2946 3800 2995 3853 Il
3052 3801 3183 3877 Cor.
3246 3804 3456 3877 1},_15.
3533 3801 3584 3839 7°
3609 3805 3831 3877 Ephes.

412 3878 866 4016 ἕῬὮΙῗιιιίέίξί.

486 4079 575 4153 (1)
600 4073 892 4153 Παρουσίᾳ.
926 4076 1313 4153 Coisl.,_l‘toe,
1336 4075 1618 4153 Casaub.,
1665 4077 1884 4145 Ottob.,
1914 4077 2068 4133 Scir-

417 4147 521 4219 let,
552 4147 776 4231 ferunt,
801 4156 1117 4231 napouciaq:
1143 4149 1268 4231 Non
1298 4147 1693 4231 alia,_prze_ter.
1717 4164 1846 4231 eam
1884 4165 2066 4230 quam

418 4220 1009 4294 sequimur,lectione
1021 4225 1081 4275 et
1100 4220 1580 4294 interpunctione
1594 4220 1771 4294 hujus
1786 4220 1897 4274 loci
1912 4237 2068 4294 com;

418 4291 596 4373 moda
611 4292 972 4373 constructio
996 4308 1063 4373 anc
1085 4307 1294 4373 sensus
1326 4291 1633 4373 informari
1659 4297 1881 4373 potest._
1902 4292 2067 4373 Quod

419 4372 691 4422 sanctum
723 4364 984 4419 chrisma
1014 4362 1266 4434 Spiritus
1298 4364 1486 4418 sancti
1520 4362 1787 4418 efﬁciens
1826 4362 2064 4429 dicitur,

417 4438 728 4494 neminem
759 4434 1114 4491 conturbare
1138 4439 1367 4505 potest;
1402 4451 1538 4490 cnm
1570 4434 1839 4490 dicamus
1871 4435 2064 4505 quoti-

418 4511 514 4566 die
544 4514 689 4580 post,
707 4508 802 4562 SS.
836 4509 1060 4580 Patres,
1095 4505 1678 4580 sace_rdotes_Christi
1714 4523 1927 4580 corpus
1959 4523 2064 4562 suo

416 4597 518 4637 ore
545 4577 863 4645 conficere,
897 4578 1192 4633 Christum
1223 4577 1285 4631 in
1317 4578 1488 4633 nobis
1519 4579 1785 4644 formari;
1819 4585 1930 4633 etc.

487 4655 561 4725 (2)
583 4641 1176 4725 ΠαραιϐάτηςμΜὶῐὶυε
1229 4650 1462 4725 Roe,__et
1482 4641 2062 4725 Casaub.,jtapuSaiq.

414 4716 688 4790 Inferius,
724 4716 1049 4794 ροειδόξαν
1104 4736 1305 4794 vocem
1340 4719 1561 4794 Κυρίου
1619 4716 1947 4791 οάλθοίιιιύε
1996 4735 2067 4776 ex

415 4795 568 4854 codd
615 4791 817 4862 Coisl.,
852 4794 988 4860 Roe,
1021 4792 1293 4859 Casaub.,
1322 4791 1499 4862 Crod.
1526 4797 1584 4846 et
1612 4807 1778 4862 sacro
1811 4798 1991 4847 textu.

487 4870 562 4939 (3)
594 4865 699 4921 Καὶ
752 4860 1265 4939 δ-Κύριοςηνορθε
1322 4860 1411 4939 λαὶ
1461 4868 1521 4918 et
1555 4860 1776 4939 μύριοί.
1824 4862 2064 4939 addidi:

416 4932 553 4995 mus
580 4954 651 4993 ex
679 4936 854 4994 codd.
909 4932 1114 5004 Coisl.,
1173 4936 1311 5003 Roe,
1361 4934 1608 4992 Casaub.
1637 4932 1701 4990 et
1731 4934 1929 5004 Grod.,
1964 4932 2067 4989 sed

415 5010 703 5064 omittunt
731 5008 961 5077 Ἰησοῦς.

491 5078 654 5152 (4)(’0
707 5074 960 5152 Χριστός.
1020 5078 1223 5149 Coisl.,
1281 5081 1421 5146 Roe,
1478 5077 1750 5147 Casaub.,
1812 5076 1986 5134 Crod.
2038 5074 2067 5130 ὁ

417 5151 638 5225 Σωτήρ,
671 5151 948 5225 Salvator.

490 5217 1023 5295 (5)”’ᾼντικειμξ,νην
1052 5217 1327 5295 δύναμιν.
1378 5222 1587 5289 Iidem,
1638 5221 1923 5279 Grodecio
1966 5236 2066 5295 ex;

417 5291 610 5367 cepto,
642 5291 1023 5364 ἀντικειμένην
1049 5291 1334 5365 ἐνεργέιαν.
1370 5295 1612 5367 Ιιᾶ-Οειιη
1656 5297 1745 5360 20,
1797 5309 1964 5367 num,
2011 5294 2067 5360 3,

417 5362 508 5423 de“
521 5366 653 5440 oleo
673 5362 1271 5440 catechumeuorum,
1302 5362 1751 5440 φυγαδευτήριοχ
1792 5364 2065 5440 τυγχάνον

416 5433 869 5511 παντὸςλχνους
922 5433 1653 5511 ἀντικειμένηςὲνεργείας.
1712 5438 1782 5491 Ει
1835 5433 2065 5492 Procat.

414 5527 475 5568 n.
513 5503 1380 5582 iOJva'vmiﬁmgdvtﬁtetpévaq
1404 5503 1691 5582 ἐνεργείας.

490 5575 929 5655 (δι’)ςρίσματνςζ
963 5578 1161 5655 Coisl..
1200 5575 1345 5655 ᾖσε,
1400 5575 1674 5655 Casaub.,
1702 5575 2067 5655 χαρίσματος.

417 5648 579 5728 Post,
611 5648 751 5712 Ιὸοό
772 5651 979 5725 ταύτης
1009 5654 1108 5721 τῆς
1144 5648 1392 5729 χάριτος,
1422 5652 1487 5710 in
1516 5648 1743 5709 iisdem'
1777 5648 1909 5708 cod.
1960 5650 2067 5706 ha-

893 3875 942 3912 ⁸⁰
999 3876 1199 3930 Matth.
1264 3891 1338 3943 ιν,
1391 3877 1415 3930 1
1463 3891 1629 3947 seqq.
1705 3873 1752 3909 εί
1808 3876 1931 3933 Vid.
1990 3890 2065 3931 cal

2178 3879 2210 3943 ι,
2264 3891 2321 3929 n.
2384 3874 2490 3937 43;
2543 3876 2594 3926 et
2651 3877 2760 3926 cat.
2819 3874 2906 3939 17,
2953 3887 3011 3925 n.
3064 3873 3152 3928 36.

3253 3874 3300 3909 ⁸³
3326 3874 3541 3945 Ephes.
3587 3874 3676 3943 v1,
3727 3880 3821 3943 11,

2176 4075 2370 4150 betur,
2404 4071 2473 4150 Ti:
2497 4069 2789 4150 pinnata
2816 4070 2915 4150 τὴν
2945 4074 3042 4150 tofi
3091 4071 3247 4145 ἁγίου
3290 4072 3605 4150 Πνεύματος
3635 4076 3822 4150 χάριν.

2176 4147 2409 4202 Fuisset
2429 4143 2614 4216 igitur
2643 4150 2788 4216 ante
2828 4143 3169 4216 legendum,
3200 4143 3549 4214 καταξιῶσαι.
3584 4170 3613 4198 ‹‹
3636 4143 3825 4205 Ᾰιίιε-

2178 4242 2205 4270 ‹‹
2273 4233 2407 4273 uam
2427 4214 2724 4287 baptisma
2748 4214 2998 4286 Spiritus
3016 4216 3200 4271 sancti
3224 4217 3474 4289 gratiam
3493 4219 3659 4274 vobis
3681 4236 3826 4275 con-

2178 4313 2203 4340 ‹‹
2229 4236 2443 4354 ἓθννθη
2469 4289 2581 4357 »ιιι
2610 4285 2801 4343 Ottob.
2830 4287 3303 4357 2,7xataEtw0ﬁsat
3338 4288 3476 4357 ὑμᾶς
3505 4293 3603 4344 τοῦ
3637 4289 3826 4357 βαπτί-

2177 4313 2203 4340 ‹‹
2229 4289 2443 4354 fert‘et;
2469 4289 2581 4376 n‘in
2610 4289 2801 4343 Ottob.
2830 4290 2883 4353 2,
2906 4289 3303 4357 καταξιωθῆναι
3338 4289 3476 4359 ὑμᾶς
3505 4293 3603 4344 τοῦ
3637 4289 3830 4365 βαπτί-

2178 4380 2408 4431 σματος,
2434 4378 2524 4435 και
2556 4357 2652 4425 τὴν
2675 4360 2773 4411 τοῦ
2813 4356 2968 4435 ἁγίου
3033 4356 3341 4435 υνεύματ-ος
3364 4431 3374 4435 Δ
3398 4360 3583 4435 χάριν·
3624 4364 3824 4435 Aeliam

2176 4426 2618 4507 constructione
2649 4426 2903 4507 peccans
2933 4426 3460 4507 locutioglnferiu's
3477 4426 3825 4507 προεϐαίνετε

2178 4504 2620 4577 scripsimusex
2640 4498 2812 4557 codd.
2837 4500 3032 4557 Ottob.
3068 4508 3128 4557 et
3146 4502 3413 4577 Coistin._,
3447 4498 3575 4561 loco
3597 4498 3825 4577 προϐαι-

2175 4573 2315 4631 νετεῖ
2336 4573 2806 4646 Christianorum
2836 4589 3059 4646 nomen
3080 4590 3199 4628 non
3219 4574 3530 4646 gestabant
3550 4573 3820 4633 catechu-

2175 4646 2339 4720 meni
2369 4645 2546 4720 certis
2576 4644 2724 4699 locis
2754 4643 2910 4720 ut_in
2941 4645 3160 4720 Africa,
3193 4643 3341 4702 teste
3368 4649 3615 4720 August.
3650 4654 3818 4705 tract.

2174 4721 2244 4774 44
2273 4719 2332 4774 in
2363 4718 2552 4777 Joan..
2599 4731 2764 4770 num.
2817 4718 2869 4782 2,
2903 4733 3019 4787 quo
3071 4716 3199 4772 loco
3250 4716 3718 4776 catechumenus
3750 4720 3824 4777 ad

2176 4788 2592 4861 quaestionem,
2622 4787 2946 4861 Christanus
3001 4805 3057 4843 es
3076 4790 3112 4861 ?_
3164 4789 3506 4861 respondet,
3532 4794 3654 4849 Non
3682 4808 3823 4859 sum,

2176 4857 2758 4931 Hierosolymisvero
2785 4857 3139 4931 baptizandi,
3159 4857 3295 4915 cum
3321 4861 3528 4918 ﬁdeles
3554 4857 3822 4920 dicerené

2176 4938 2292 4999 tur,
2325 4929 2513 4986 multo
2545 4929 2741 5003 etiam
2768 4930 2955 5003 magis
2984 4930 3255 5003 ferebant
3283 4949 3504 4989 nomen
3535 4935 3823 4991 Christia-

2176 5019 2413 5063 norum.
2447 4999 2605 5073 quod
2635 4999 2746 5055 sibi
2776 4999 2911 5056 cum
2942 5001 3311 5059 auditoribus
3354 5021 3675 5062 commune
3705 5013 3824 5062 tes-

2177 5082 2335 5149 tatur
2364 5072 2617 5149 Cyrillus
2648 5073 2880 5149 cat._e0_,
2909 5090 2971 5129 n.
3005 5076 3090 5131 t6.
3124 5075 3308 5149 Vulgo
3335 5075 3376 5130 ii
3407 5078 3509 5148 qui
3559 5078 3819 5149 primum

2177 5147 2252 5205 ad
2277 5143 2671 5202 Christianam
2700 5143 3048 5216 religionem
3070 5143 3453 5216 accedebant,
3486 5143 3680 5205 crucis
3709 5150 3820 5204 im-

2178 5218 2472 5292 positione
2522 5217 3174 5292 ouscepta_Christiani
3236 5218 3361 5292 ﬁeri
3418 5219 3822 5291 dicebpntur:

2179 5286 2305 5347 tum
2336 5288 2466 5345 alea
2497 5286 2907 5363 _czpr_emoni_a,_
2948 5294 3017 5363 u_t
3045 5305 3258 5363 manus
3290 5286 3694 5363 impositiohe,
3725 5306 3828 5347 ca-

2180 5359 2512 5435 tecgumeni
2544 5357 2787 5435 ﬁebant,
2815 5358 3030 5435 deinde
3052 5357 3408 5435 _e1_rorcismis
3429 5357 3829 5435 subjicieban-

2177 5428 2303 5490 tur:
2326 5433 2492 5487 Hunc
2543 5428 2815 5485 ordinem
2873 5429 3157 5487 describit
3212 5449 3405 5489 canon
3435 5428 3659 5490 “Iconc.
3712 5433 3824 5490 ΟΡ.

2178 5505 2320 5561 Vide
2353 5509 2411 5578 et
2439 5518 2572 5559 can.
2607 5502 2673 5578 39
2700 5507 2757 5556 et
2788 5504 2856 5556 45
2887 5518 3053 5578 conc.
3085 5503 3353 5578 Eliberit.
3390 5522 3404 5561 :
3437 5511 3499 5561 at
3527 5504 3825 5578 perfectus

2177 5577 2549 5634 Christianus
2579 5572 2706 5630 solo
2756 5575 3237 5633 conﬁrmationis
3292 5572 3665 5635 sacramento
3694 5575 3825 5634 efﬁ-

2178 5649 2354 5707 citur.
