4150 6278
357 324 518 390 1093

1336 324 1821 389 CATECHESIS
1863 325 2031 387 XXI.
2076 323 2623 388 MYSTAGOGICA
2670 327 2780 388 IlI.

3606 328 3765 392 109‘

435 459 497 529 ζ’.
527 454 745 517 Εῒδίναι
779 453 837 511 δὶ
870 456 1012 530 ὑμᾶς
1040 455 1355 532 ἀναγκαῖον,
1414 456 1498 513 ὅτι
1552 460 1653 513 τοῦ
1700 454 2012 532 χρίσματος

2198 460 2290 514 Vi.
2316 460 2498 515 Nosse
2515 464 2712 515 autem
2736 474 2838 514 vos
2860 463 3093 531 oportet
3112 459 3449 517 chrismatis
3480 460 3608 533 [seu
3654 478 3773 518 uno

354 547 557 604 τούτου
586 547 639 602 ἐν
682 546 897 616 Παλαιᾷ
951 549 1137 623 Γραφῇ
1194 547 1257 602 τὸ
1314 541 1596 620 σύμϐολον
1655 550 1850 602 κεῖται.
1906 544 2011 603 Καὶ

348 637 450 713 γὰρ
483 634 722 706 ὁπηνίκα
747 635 811 690 τὸ
839 637 937 690 τοῦ
964 639 1098 691 Θεοῦ
1127 634 1453 712 πρόσταγμα
1483 641 1688 705 Μωσῆς
1714 640 1794 708 τῷ
1832 629 2011 691 ἀϐελ-

354 730 439 803 φῷ
472 721 781 799 μετεδίδου,
840 722 1099 800 ἀρχιερέα
1154 728 1424 788 καθιστῶν
1478 728 1694 780 τοῦτον
1758 724 1894 797 μετὰ
1949 723 2013 778 τὸ

355 814 407 870 ἐν
436 811 591 870 ὕδατι
651 812 975 881 λούσασθαι,
1034 811 1241 889 ἔχρισεο
1297 813 1389 868 καὶ
1444 812 1691 869 ἐκαλεῖτο
1752 814 2010 888 Χριστὸς,

358 903 419 960 ἑκ
443 908 541 960 τοῦ
589 903 897 980 γρίσματος
959 900 1175 974 δηλαδὴ
1234 908 1332 959 τοῦ
1386 907 1639 962 τυπικοῦ.
1703 902 1862 958 Iler
1919 903 2013 959 καὶ

353 994 446 1051 τὸν
481 994 796 1067 Σολομῶνα
824 992 1080 1071 προάγων
1129 992 1206 1056 εἰς
1262 992 1515 1070 βασιλέα,
1567 992 1782 1071 ἔχρισεν
1828 994 2013 1067 αὐτὸν,

358 1083 494 1157 μετὰ
517 1084 583 1138 τὸ
614 1082 909 1138 λούσασθαι
941 1082 993 1138 ἐν
1042 1087 1125 1155 τῷ
1176 1083 1373 1154 Γειὼν,
1411 1085 1438 1138 ὁ
1469 1082 1783 1160 ἀρχιερεύς.
1836 1083 2020 1141 Ἀλλὰ

352 1176 521 1229 ταῦτα
556 1172 651 1245 μὲν
702 1171 925 1233 ἐκείνοις
982 1165 1260 1227 συνέϐαινε
1318 1175 1587 1243 τυπικῶς,
1652 1173 1781 1247 ὑμῖν
1837 1169 1896 1228 δὶ
1952 1170 2016 1228 ού

357 1265 624 1333 τυπικῶς,
655 1257 786 1315 ἀλλ’
817 1257 1060 1330 ἀληθῶς·
1093 1258 1281 1330 ἐπειδή
1342 1260 1450 1316 ἀπὸ
1495 1265 1592 1316 τοῦ
1638 1260 1797 1335 ἁγίου
1846 1261 2014 1317 Ηνεύ-

367 1349 840 1445 ματος-ἐχρίεσθε
898 1349 1210 1445 ἀληθῶς,ἡ
1256 1351 1405 1427 ἀρχή
1463 1359 1562 1445 τῇς
1618 1352 1883 1445 ὑμετέρας
1939 1352 2014 1445 (1)

360 1440 635 1516 σωτηρίας
668 1441 696 1496 ὁ
737 1440 995 1515 Χριστός’
1054 1441 1260 1504 ἐκεῖνος
1316 1442 1422 1518 γὰρ
1480 1440 1702 1513 ἀληθῶς
1762 1440 2013 1518 ἀπαρχὴ,

356 1532 447 1588 καὶ
482 1532 636 1605 ὑμεῖς
664 1531 728 1585 τὸ
759 1529 1004 1609 φύραμα·
1039 1530 1085 1585 εί
1118 1529 1176 1586 δὲ
1204 1532 1240 1601 ἡ
1273 1531 1501 1608 ἀπαρχὴ
1559 1530 1703 1607 ἁγία,
1757 1528 2013 1603 δηλονότι

367 1615 729 1696 μεταϐήσεται
761 1618 848 1673 ἐπὶ
877 1619 940 1675 τὸ
972 1618 1194 1698 φύραμα
1222 1621 1258 1691 ἡ
1291 1620 1532 1697 ἁγιότης.

2120 548 2358 619 ctionisJ
2374 548 2552 621 hujus
2567 549 2628 604 in
2643 548 2836 605 Veteri
2850 548 3152 620 Scriptura
3165 549 3501 621 symbolum
3515 556 3768 610 exstare.

2119 637 2365 704 Quando
2398 637 2558 694 enim
2590 640 2817 711 Moyses
2843 637 3109 694 divinum
3131 654 3264 694 cum
3294 639 3475 696 fratre
3499 656 3772 697 commu-

2117 726 2336 784 nicavit
2364 727 2733 795 mandatum,
2761 743 3062 782 summum
3081 743 3217 783 eum
3243 727 3607 785 sacerdotem
3629 745 3774 785 con-

2121 817 2395 886 stituens,
2428 816 2698 871 ablutum
2730 831 2885 887 aqua
2912 817 3194 888 perunxit
3219 807 3301 871 δῖε
3332 816 3382 851 ⁸⁵
3410 824 3770 891 vocatusque

2121 905 2485 963 estchristus
2501 904 2567 974 ⁸⁸,
2587 905 2659 961 ab
2683 905 3003 962 chrismate
3024 905 3298 962 videlicet
3317 907 3445 978 [seu
3467 907 3771 979 unctione]

2123 996 2449 1068 figurativa.
2481 995 2574 1050 Sic
2606 999 2664 1050 et
2693 994 3070 1050 Salomonem
3101 1012 3370 1051 summus
3419 996 3683 1068 pontifex
3713 997 3776 1052 in

2119 1102 2320 1160 regem
2348 1102 2726 1158 promovens,
2759 1086 2932 1141 unxit
2960 1102 3097 1142 eum
3118 1092 3433 1159 postquam
3455 1087 3779 1144 lavissetin

2122 1175 2314 1231 Gihon
2342 1173 2410 1228 ⁸⁷.
2443 1176 2521 1230 At
2545 1175 2673 1231 hac
2704 1174 2767 1230 in
2814 1174 3003 1247 ﬁgura
3050 1175 3477 1248 contingebant
3525 1176 3646 1231 illis
3688 1173 3776 1230 '3:

2121 1264 2285 1320 vobis
2314 1273 2513 1320 autem
2546 1279 2669 1319 non
2705 1264 3034 1321 secundum
3082 1265 3352 1339 ﬁguram,
3387 1264 3542 1322 818
3577 1265 3681 1322 sed
3713 1265 3777 1322 in

2125 1353 2414 1421 veritate;
2450 1351 2743 1424 siquidem
2774 1368 2809 1408 a
2838 1352 3060 1423 Spiritu
3118 1359 3323 1411 sancto
3370 1370 3503 1409 vere
3550 1353 3783 1410 inuncti

2128 1442 2295 1498 estis.
2330 1441 2698 1514 Principium
2730 1446 2937 1498 vestra:
2969 1441 3178 1497 salutis
3209 1447 3300 1499 est
3346 1442 3651 1512 Christus;
3681 1443 3786 1500 ille

2124 1533 2285 1588 enim
2315 1548 2450 1588 vere
2480 1531 2758 1604 primitiae
2791 1536 2883 1586 est
2908 1531 2974 1601 ⁸⁸,
3005 1549 3107 1587 vos
3136 1548 3271 1588 vero
3326 1534 3670 1605 conspersio
3699 1535 3785 1590 ":

2123 1620 2165 1657 ⁹¹
2205 1621 2252 1677 si
2277 1627 2475 1676 autem
2499 1620 2780 1693 primitias
2813 1625 3033 1676 sanctae
3056 1626 3213 1689 sunt,
3228 1638 3350 1677 non
3369 1621 3615 1678 dubium
3637 1624 3785 1695 quin

2123 1711 2197 1766 ad
2227 1710 2713 1782 conspersioncm
2745 1708 3160 1767 transferenda
3190 1711 3268 1766 sit
3298 1711 3603 1767 sanctitas.

431 1801 504 1858 Z‘.
555 1802 732 1856 Τοῦτο
791 1797 1059 1873 φυλάξατε
1117 1798 1371 1856 ἄσπιλονο
1432 1799 1649 1856 πάντων
1706 1802 1808 1877 γὰρ
1869 1796 2015 1856 ἔσται

2197 1801 2444 1855 VIl.Hoc
2461 1800 2767 1871 [chrisma]
2791 1799 3331 1855 incontaminatum
3348 1800 3637 1856 custodite
3661 1815 3674 1857 :
3709 1799 3782 1857 de

355 1887 517 1944 τοῦτο
550 1885 878 1955 ὃιδακτικὸν,
938 1886 982 1942 εί
1038 1887 1089 1942 ἐν
1151 1889 1280 1961 ὑμῖν
1341 1888 1515 1962 μένοι,
1580 1890 1760 1952 καθὼς
1816 1888 2018 1965 ἀρτίως

361 1977 631 2049 ἠκούσατε
659 1980 756 2032 τοῦ
792 1977 1062 2053 μακαρίου
1106 1978 1361 2034 ἰωάδνου
1409 1973 1687 2053 λέγοντος,
1733 1978 1823 2035 καὶ
1873 1984 2017 2034 πολ-

368 2064 440 2122 λὰ
468 2067 594 2141 περί
628 2064 831 2120 τούτου
857 2066 1168 2142 χρίσματος
1199 2063 1654 2145 φιλοσοφοῦντος.
1712 2068 1867 2124 Ἔστι
1910 2066 2015 2144 γὰρ

366 2160 531 2212 τοῦτο
563 2155 625 2210 τὸ
657 2156 808 2231 ἅγιον
865 2156 963 2229 (2),
1013 2155 1375 2229 πνευματικὸν
1432 2154 1687 2230 σώματος
1734 2155 2020 2234 φυλακτή-

366 2266 505 2322 ριον,
536 2246 621 2301 καὶ
653 2248 842 2320 ψυχῆς
872 2247 1170 2319 σωτήριον.
1219 2249 1393 2302 Τοῦτο
1443 2244 1502 2302 ἐκ
1558 2244 1806 2302 παλαιῶν
1870 2245 2016 2323 χρό-

363 2355 469 2389 νων
524 2335 555 2389 ὁ
616 2334 885 2409 μακάριος
933 2332 1158 2398 Ἡσαΐας
1239 2335 1599 2414 προφητεύων
1685 2332 1856 2413 ἔλεγε·
1918 2335 2018 2391 Καὶ

360 2425 580 2495 ποιήσει
661 2424 866 2499 Κύριος
947 2429 1107 2479 πᾶσιν
1192 2422 1395 2489 ἔθνεσιν
1474 2428 1549 2499 (3)
1623 2424 1711 2480 ἐπὶ
1767 2425 1831 2481 τὸ
1888 2424 2019 2502 ὅρος

358 2516 520 2568 τοῦτο
603 2507 753 2586 (ὄρος
809 2508 868 2567 δὲ
921 2509 1082 2567 καλεῖ
1130 2513 1229 2582 τήν
1293 2512 1623 2585 Ἐκκλησίαν
1693 2514 1785 2569 καὶ
1840 2512 2020 2570 ἀλλα-

364 2605 496 2676 χοῦ,
553 2602 626 2665 ὡς
678 2599 800 2656 ὅταν
864 2600 1021 2677 λέγῃ·
1087 2602 1192 2657 Καὶ
1251 2598 1396 2657 ἔσται
1453 2601 1506 2658 ἐν
1564 2607 1682 2664 ταῖς
1719 2594 2016 2679 ’ἐσχάταις

366 2691 601 2763 ἡμὲραις
684 2688 913 2767 ἒμφανὶς
995 2690 1058 2746 τὸ
1147 2685 1274 2766 ὅρος
1385 2689 1690 2768 Κυρίου),
1802 2691 2015 2747 πίονται

373 2780 542 2846 οἶνον,
626 2779 837 2835 πίονται
949 2779 1309 2857 εὐφροσύνην,
1424 2780 1709 2856 χρίσονται
1821 2780 2015 2856 μύρον.

371 2870 474 2927 Καὶ
499 2868 589 2926 ’ἶνα
629 2869 993 2949 ἀσφαλίσηταί
1052 2892 1130 2945 σε,
1187 2868 1351 2927 ἄκουε
1407 2873 1440 2926 ἃ
1494 2873 1618 2947 περὶ
1672 2870 1869 2927 τούτου
1920 2877 2018 2928 τοῦ

374 2959 570 3035 μύρου,
630 2961 708 3023 ὡς
763 2965 1048 3035 μυστικοῦ,
1107 2958 1259 3039 φησί·
1322 2959 1567 3038 ιίαράδος
1623 2966 1791 3017 ταῦτα
1846 2961 2020 3019 πάντα

366 3054 485 3113 τοῖς
513 3048 740 3113 ἔθνεσιν·
798 3051 834 3120 ἡ
892 3050 996 3124 γὰρ
1058 3048 1234 3125 βουλή
1291 3054 1388 3106 τοῦ
1445 3050 1649 3127 Κυρίου
1706 3050 1794 3106 ἐπὶ
1849 3049 2020 3107 πάντα

2131 1888 2409 1945 omnibus
2440 1889 2600 1945 enim
2630 1905 2730 1944 vos
2761 1887 3018 1955 docebit,
3051 1889 3101 1944 si
3148 1889 3211 1944 in
3259 1888 3423 1945 vobis
3470 1888 3737 1945 manebit
3764 1905 3781 1948 :

2131 1977 2638 2050 quemadmodum
2660 1977 2836 2050 paulo
2859 1983 2995 2034 ante
3022 1977 3328 2034 audivistis
3350 1978 3589 2035 beatum
3603 1980 3779 2036 Joan-

2131 2084 2273 2123 nem
2300 2067 2558 2123 aientem
2588 2067 2655 2139 ⁸³,
2687 2072 2747 2123 et
2778 2067 2967 2123 multa
2994 2066 3067 2123 de
3086 2067 3197 2123 hac
3217 2068 3499 2124 unctione
3516 2068 3776 2141 philoso-

2129 2158 2437 2231 phantem.
2465 2156 2515 2192 93
2541 2159 2644 2213 Est
2668 2157 2828 2212 enim
2849 2157 2960 2212 hoc
2980 2156 3284 2231 [chrisma]
3307 2159 3780 2231 sanctum,spiri—

2130 2246 2290 2303 tuale
2321 2246 2587 2319 corporis
2615 2244 2970 2310 amuletum,
3000 2250 3059 2302 et
3087 2246 3301 2302 animas
3323 2245 3581 2303 salutare
3605 2249 3777 2320 [pras—

2130 2336 2395 2408 sidium].
2428 2337 2508 2393 De
2540 2353 2608 2392 eo
2630 2336 2759 2409 jam
2790 2352 2825 2391 a
2852 2335 3151 2392 veteribus
3173 2336 3540 2408 temporibus
3569 2336 3778 2393 beatus

2133 2426 2313 2483 Isaias
2338 2426 2702 2498 prophetans
2724 2424 2992 2481 dicebat:
3013 2448 3040 2477 «
3056 2426 3127 2480 Et
3148 2424 3325 2481 faciet
3345 2426 3632 2482 Dominus
3651 2442 3779 2482 om-

2134 2538 2161 2567 «
2184 2516 2360 2573 nibus
2380 2515 2659 2589 gentibus
2676 2516 2737 2570 in
2756 2521 2959 2572 mo‘nte
2979 2515 3089 2571 hoc
3113 2537 3142 2566 »
3159 2517 3447 2587 (montem
3468 2521 3665 2572 autem
3684 2532 3782 2589 ap-

2129 2605 2315 2678 pellat
2344 2603 2691 2674 Ecclesiam,
2718 2604 2899 2660 etiam
2930 2604 2993 2659 in
3036 2604 3172 2661 aliis
3226 2605 3393 2675 locis,
3436 2605 3593 2661 velut
3642 2621 3777 2661 cum

2131 2696 2276 2752 dicit
2299 2713 2312 2751 :
2337 2719 2364 2746 «
2387 2697 2459 2750 Et
2479 2696 2591 2751 erit
2610 2695 2670 2750 in
2694 2695 2975 2751 extremis
2997 2694 3205 2751 diebus
3228 2696 3581 2767 conspicuus
3604 2712 3776 2752 mons

2137 2808 2158 2834 ·
2184 2784 2416 2840 Domini
2438 2783 2504 2856 9‘)
2536 2801 2548 2839 :
2573 2783 2779 2839 bibent
2800 2783 3021 2851 vinum,
3041 2783 3248 2840 bibent
3267 2784 3536 2839 lmtitiam
3556 2800 3781 2858 ungen-

2132 2896 2159 2925 ι(
2181 2879 2277 2930 tur
2293 2874 2424 2929 oleo
2451 2874 2494 2909 93
2517 2896 2568 2930 ››.
2598 2876 2788 2945 Atque
2808 2879 2876 2928 ut
2896 2889 2963 2928 eo
2987 2874 3174 2946 magis
3197 2878 3253 2929 te
3279 2873 3613 2943 conﬁrmet,
3640 2872 3780 2930 audi

2133 2980 2266 3034 qua}
2288 2963 2359 3018 de
2384 2963 2495 3018 hoc
2512 2967 2813 3035 unguento
2838 2968 3124 3033 tanquam
3144 2963 3393 3034 mystico
3416 2962 3586 3018 dicit:
3604 2964 3782 3019 «Tra-

2132 3075 2161 3104 «
2190 3052 2262 3108 de
2285 3052 2412 3108 haec
2433 3052 2637 3107 omnia
2665 3051 2974 3124 gentibus:
3002 3050 3322 3107 consilium
3355 3050 3516 3107 enim
3546 3052 3782 3109 Domini

366 3137 434 3194 τὰ
458 3134 609 3209 ἔθνη.
644 3137 837 3212 Τούτῳ
867 3137 959 3193 οῦν
1009 3140 1324 3214 χρισθέντες
1368 3143 1448 3211 τῷ
1497 3138 1637 3214 ἁγίῳ
1684 3139 1864 3216 μύρῳ,
1912 3161 2014 3212 τη-

2132 3164 2161 3191 ‹‹
2195 3157 2374 3213 super
2396 3156 2606 3197 omnes
2634 3145 2841 3213 gentes
2870 3137 2918 3174 9⁸
2952 3161 3004 3194 ››.
3037 3140 3157 3195 Ηοο
3186 3138 3366 3212 igitur
3410 3145 3616 3196 sancto
3668 3156 3782 3197 un-

369 3228 572 3300 ρήσατε
593 3227 724 3282 αὐτὸ
751 3225 983 3283 ἄσπιλον
1014 3229 1104 3283 καὶ
1137 3226 1371 3302 ἄμωμον
1420 3227 1472 3284 ἐν
1527 3229 1674 3303 ὑμῖν·
1722 3226 1792 3285 δι’
1838 3225 2014 3305 ἔργων

365 3316 584 3393 ἀγαθῶν
639 3318 1066 3392 προκόπτοντες,
1125 3318 1215 3373 καὶ
1270 3318 1549 3394 εὐάρεστοι
1599 3321 1881 3395 γενόμενοι
1935 3324 2016 3393 τῷ

364 3406 603 3482 ἀρχηγῷ
629 3414 733 3477 τῆς
762 3410 1036 3484 ςωτηρίας
1072 3409 1226 3482 ὑμῶν
1280 3410 1499 3486 Χριστῷ
1545 3412 1748 3480 Ἰησοῦ,
1783 3410 1829 3483 ᾧ
1854 3411 1889 3480 ἡ
1924 3407 2013 3465 δό-

362 3497 425 3570 ξα
455 3495 531 3558 εἷς
557 3495 686 3559 τοὺς
719 3497 919 3560 αἰῶνας
944 3497 1051 3553 τῶν
1085 3498 1320 3556 αἰώνων.
1354 3500 1557 3573 Ἀμτίν.

432 3619 481 3696 ξδ
511 3621 689 3677 Levit.
716 3639 836 3696 vm,
870 3624 891 3678 l
931 3640 1113 3696 seqq.
1203 3622 1251 3660 ⁸⁸
1287 3626 1415 3682 Vid.
1450 3632 1557 3681 cat.
1591 3627 1646 3690 3,
1676 3642 1735 3683 η.
1776 3629 1830 3684 5.

361 3691 409 3765 ξ’
435 3694 461 3748 Ι
485 3697 615 3749 (lor.
647 3711 737 3763 xv,
771 3695 860 3749 23.
961 3691 1221 3752 “TCor.
1251 3713 1305 3765 ν,
1339 3700 1392 3750 7.

362 3763 411 3802 9‘
437 3765 549 3821 Isa.
584 3781 646 3835 ιι,
675 3768 731 3821 2.
805 3765 853 3815 05
882 3767 992 3822 Isa.
1027 3783 1158 3835 xxv,
1189 3769 1240 3822 6.
1293 3763 1364 3803 ’⁸⁸
1394 3768 1538 3824 ibid.
1577 3772 1630 3824 7.

438 3893 516 3966 (l)_
541 3892 657 3966 Τῆς
691 3889 1205 3966 ὑμετέραςηοοόά.
1267 3893 1485 3962 Ottob.,
1541 3896 1680 3957 Roe,
1741 3894 2015 3961 Casaub.,

367 3962 565 4039 (ἓνορη
596 3962 1191 4039 ᾐμετέραςζιῐιίθιζὶιιε,
1224 3982 1329 4037 pro
1360 3966 1546 4037 ἡμεῖς,
1571 3966 1802 4038 scripsi,
1837 3966 2015 4039 ὑμεῖς,

364 4050 437 4090 ex
464 4034 668 4098 Coisl..
702 4038 841 4102 Boe,
870 4037 1117 4093 Casaub.

439 4108 509 4181 (ᾖ)
537 4107 712 4181 Τοῦτο
742 4106 805 4160 τὸ
831 4106 1008 4181 ἅγιον.
1043 4108 1153 4164 Hoc
1208 4116 1460 4164 sanctum
1506 4108 1717 4181 supple
1761 4110 2016 4166 chrisma.

366 4177 699 4250 Articulum
731 4195 800 4233 ex
831 4177 1002 4235 cedd.
1065 4181 1186 4235 Roe
1244 4186 1302 4235 et
1360 4177 1638 4235 Casaub.
1668 4181 2020 4250 adiecimus.

362 4249 696 4305 Familiaris
727 4250 945 4321 Cyrillo
978 4250 1257 4321 loquendi
1288 4252 1458 4321 ratio.
1494 4252 1589 4307 Sic
1622 4252 1694 4307 de
1726 4249 2017 4320 Ecclesia,

1934 3625 1982 3662 ³⁸
2010 3626 2189 3682 Levit.
2225 3641 2298 3691 IV,
2327 3624 2382 3679 5.

1496 3696 1543 3731 9‘
1604 3697 1729 3753 Vid.
1762 3705 1872 3754 cat.
1909 3701 1995 3766 i7,
2026 3713 2180 3754 num.
2212 3698 2266 3753 9.

2130 3235 2349 3304 guento
2374 3230 2669 3302 peruncti,
2694 3228 2844 3285 illud
2864 3227 3313 3285 immaculatum
3329 3234 3390 3284 et
3408 3245 3443 3285 a
3462 3229 3783 3302 reprehen-

2126 3320 2293 3376 sione
2307 3318 2562 3375 liberum
2577 3319 2639 3373 in
2658 3317 2822 3374 vobis
2844 3317 3156 3386 custodite;
3172 3334 3278 3390 per
3291 3318 3448 3375 bona
3459 3335 3638 3392 opera
3650 3336 3783 3392 pro.

2126 3409 2417 3477 ﬁcientes,
2450 3414 2509 3466 et
2532 3408 2835 3480 placentes
2865 3408 3092 3464 auctori
3124 3408 3335 3464 salutis
3354 3414 3563 3465 vestras
3583 3409 3781 3465 Chris-

2126 3506 2185 3557 to
2214 3500 2352 3556 Jesu
2379 3517 2391 3555 :
2427 3498 2521 3554 cui
2548 3498 2735 3571 gloria
2765 3499 2827 3552 in
2858 3497 3079 3553 saecula
3107 3498 3483 3555 saeculorum.
3512 3500 3722 3556 Amen.

2486 3620 2641 3695 87111
2671 3624 2809 3695 Reg.
2845 3638 2884 3688 ι,
2918 3623 3128 3695 39,145.
3177 3693 3187 3695 _
3230 3622 3276 3658 ⁸⁸
3332 3624 3353 3679 Ι
3395 3624 3526 3680 Cor.
3580 3639 3636 3692 ι,
3690 3627 3777 3682 lt.

2368 3693 2417 3729 νε
2445 3695 2469 3748 Ι
2498 3694 2666 3750 Joan.
2714 3691 2782 3763 ιι,
2810 3696 2900 3751 27.
3003 3691 3049 3730 '3
3085 3693 3209 3750 Viti.
3237 3701 3348 3751 cat.
3385 3699 3473 3766 l7,
3502 3711 3653 3751 num.
3686 3695 3774 3753 37.

2126 3896 2267 3948 sunt
2294 3892 2356 3947 in
2388 3889 2557 3946 codd.
2591 3889 2790 3945 Coisl..
2824 3892 2945 3946 Roe
2975 3895 3035 3945 et
3060 3890 3309 3947 Casaub.

2196 3964 2274 4035 (3)
2307 3963 2474 4035 Ηᾶσιν
2507 3955 2729 4035 ἔθνεσιν.
2756 3961 2962 4035 Coisl..
2997 3963 3137 4029 Roe,
3168 3961 3416 4035 Casaub.
3474 3965 3606 4015 πᾶσι
3632 3963 3779 4035 ῌτοῖς

2127 4027 2316 4100 tota,
2346 4041 2412 4089 ut
2441 4033 2504 4088 in
2534 4033 2704 4090 Isaia.
2754 4032 3031 4102 Inferius,
3085 4027 3280 4102 verba,
3330 4031 3547 4104 πίονται
3600 4032 3773 4104 οἶνον,

2128 4124 2260 4179 quas
2292 4104 2744 4179 Cyrillusponit
2769 4110 2907 4159 ante
2934 4104 3152 4179 πίονται
3184 4103 3540 4179 εὐφροσύνην,
3588 4105 3652 4160 in
3684 4103 3777 4179 Bi-

2129 4173 2270 4234 bliis
2299 4173 2434 4249 post
2488 4173 2877 4249 collocantur.
2935 4176 3221 4249 Inferius,
3258 4173 3376 4248 'pru
3423 4178 3521 4230 τοῦ
3582 4173 3781 4249 Κυρίου

2132 4256 2221 4306 est
2251 4245 2319 4304 in
2345 4265 2511 4304 sacro
2545 4253 2707 4319 textu
2738 4245 2892 4316 αῧνη,
2924 4249 3177 4303 voluntas
3205 4245 3336 4305 haec.
3395 4249 3562 4304 Hunc
3603 4245 3781 4319 porro

364 4326 477 4398 cat.
502 4324 533 4398 _l
547 4322 599 4398 8_,
631 4318 795 4398 num“.
830 4324 898 4376 26
921 4338 935 4377 :
962 4318 1139 4398 Δ1⁸οῦτο
1180 4322 1252 4398 ’τὸ
1301 4318 1472 4376 ἶδικὸν
1527 4320 1703 4398 ὄνομα
1760 4318 2015 4398 τυγχάνεγί

2132 4321 2333 4398 locum
2362 4318 2736 4398 uti_Cyrill_us
2769 4319 3284 4398 noste_r_§usebius
3314 4318 3786 4398 Caesariensiset

360 4389 641 4467 rﬁg‘évia;
670 4391 870 4462 ταύτης
891 4391 978 4447 καὶ
1004 4392 1367 4467 Αμητρὸςλθιο
1396 4412 1425 4467 νς
1465 4401 1577 4450 cat.
1750 4389 1916 4467 nunt.
1952 4397 2016 4450 13

361 4464 433 4519 de
464 4463 685 4551 Spiritu
709 4472 925 4551 iuncto
947 4480 967 4551 ἐ
1003 4463 1182 4551 Ηοξον,
1204 4464 1348 4551 λέγει
1449 4464 1728 4551 ξραφήντξ)
1750 4465 1927 4551 ἅγιον)
1961 4472 2020 4522 et

363 4534 529 4612 n_um’.
552 4539 629 4612 15
660 4536 799 4612 ίΜὴ
829 4534 1067 4612 νομίσῃς
1095 4534 1308 4612 (λόγον)
1343 4537 1469 4612 περὶ
1492 4534 1596 4591 ’τοῦ
1626 4534 2017 4612 ἁγίουπούτου

368 4606 519 4662 εἶναι.
551 4607 735 4664 Paulo
765 4606 919 4680 post,
951 4606 1147 4678 verba,
1200 4606 1297 4663 καῖ
1338 4606 1525 4682 ψυχῆς
1572 4606 1863 4683 σωτήριον,
1914 4609 2015 4666 de-

2135 4392 2389 4473 Cyrillus
2411 4389 2869 4473 alexandrinus.
2893 4396 2952 4473 et
2971 4389 3459 4473 Hieronymusde
3482 4390 3782 4473 mysteriis
3814 4409 3825 4415 -

2128 4460 2279 4535 sacri
2312 4461 2652 4517 chrismatis
2685 4467 2743 4517 et
2778 4461 3154 4535 Eu‘charistim
3194 4460 3628 4535 intelligunt'in
3658 4460 3783 4517 suis

2126 4534 2203 4591 ad
2232 4535 2444 4590 Isaiam
2475 4532 2945 4590 commentariis.
