4150 6278
384 310 544 371 H05
1358 317 1835 403 CA‘TECHESIS
1877 312 2023 375 XXII

2163 310 2706 371 ilYSTAGOGICA
2747 311 2821 371 V.
3648 314 3802 374 1106

385 462 575 515 μενον,
606 438 859 516 ἔρχεσθαι
894 440 999 497 ἀπὸ
1029 440 1190 515 δόξης
1223 444 1300 509 εἰς
1335 444 1511 519 δόξαν·
1558 447 1609 504 ἐν
1655 450 1874 525 Χριστῷ
1925 445 2024 513 Ἰη-

2162 458 2223 496 ex
2252 441 2441 514 gloria
2468 442 2530 495 in
2561 442 2833 514 gloriam,
2868 442 2929 496 in
2958 440 3189 495 Christo
3219 441 3355 496 Jesu
3386 443 3634 498 Domino
3693 459 3801 499 no-

383 535 481 587 σοῦ
510 535 591 603 τῷ
616 530 802 606 Κυρίῳ
827 535 906 604 (1)
940 534 1124 606 ἡμῶν.
1159 535 1203 607 ᾧ
1246 538 1280 605 ἡ
1333 538 1493 611 τιμὴ,
1542 539 1630 594 καὶ
1679 538 1896 613 κράτος,
1946 531 2022 588 κα“

2159 536 2292 599 stro,
2326 530 2419 585 cui
2447 530 2640 587 honor
2671 537 2728 587 et
2757 535 3040 603 potestas,
3074 535 3130 584 et
3161 530 3348 602 gloria
3370 530 3431 586 in
3449 532 3667 588 saecula
3688 550 3798 589 saa-

382 616 513 692 δόξα
544 619 620 681 εἰς
650 620 778 683 τοὺς
812 620 1012 685 αἰῶνας
1045 628 1152 678 τῶν
1184 623 1425 687 αἶ’ώνων.
1458 628 1657 701 ’Δμήν.

1051 628 1152 678 τῶν
1184 623 1425 687 αἶ’ώνων,
1458 628 1657 701 ’Δμήν.
2152 620 2445 677 culorum.
2480 624 2690 677 Amen.

383 800 707 879 mysteriis,
768 818 901 872 quas
958 808 1098 879 sunt
1155 804 1370 861 futuras
1430 807 1493 862 in
1552 807 1781 863 Christo
1839 806 2039 879 glorise
2149 803 2410 879 Μαί),
2448 803 2672 879 ΠοῌΡΓο
2705 799 2771 871 ᾦο
2807 799 3035 879 δρίζιθί·
3069 803 3146 871 τῷ
3176 800 3419 879 ἡοῙάθῐξι
3450 817 3583 879 cum
3601 804 3797 879 Ottob.

391 872 681 943 symbola,
715 878 1248 947 communicamus,
1309 884 1374 934 ut
1424 896 1555 936 eam
1604 881 1748 936 olim
1792 872 2041 952 gloriam
2152 874 2392 961 290181..
2427 880 2485 961 et
2532 872 2976 961 .Ro,e,"0mit~ti§'
3009 873 3402 961 VOQeS,~1Egﬂ
3429 874 3559 961 Ini.
3606 876 3804 961 κράτοε

386 942 845 1019 cenaequamur.
1235 942 1243 947 ⁷
1794 942 1823 952 ν

2162 942 2486 1019 καίηΟιιςὼ.
2525 950 2574 1019 1,
2607 944 2658 998 ἐν
2685 947 2909 1019 Χριστῷ
2940 942 3119 1014 Ἰησοῦ
3175 946 3255 1015 τῷ
3304 942 3488 1019 Κυρίῳ
3536 942 3722 1019 ἡμῶν,
3757 946 3801 1019 ᾧ

454 1017 530 1093 (1)
564 1014 1269 1093 T@_Kup_ltp._Articulum
1302 1040 1369 1078 ex
1401 1024 1571 1079 codd.
1615 1024 1846 1079 Scirlet.
1900 1025 2042 1090 Roe,

1252 1040 1269 1077 ι
1302 1040 1369 1078 ex
1401 1024 1571 1079 codd.
1615 1024 1846 1079 Scirlet.
1900 1025 2042 1090 Roe,
2149 1016 2287 1089 τιμὴ
2318 1016 2410 1071 καὶ
2442 1014 2660 1093 κράτος,
2689 1014 2891 1088 ’Ᾰμῆνέ

384 1092 442 1143 et
471 1088 720 1144 Casaub.
751 1088 1091 1162 adjicimus,
1126 1099 1192 1149 ut
1222 1100 1313 1151 est
1344 1096 1403 1151 in
1438 1096 1554 1152 ﬁne
1586 1098 1809 1152 Procat.
1843 1100 1902 1150 et
1927 1088 2040 1150 cat.

633 1408 797 1466 ⁹²³
890 1425 1895 1552 CATECHESIS
1986 1422 2790 1548 VICESIMA
2876 1422 3536 1551 TERTIA.

1758 1624 2319 1688 MYSTAGOGICA
2362 1624 2433 1685 V.

1311 1764 1414 1824 DE
1458 1763 1713 1825 SACRA
1758 1763 2138 1825 LITURGIA
2178 1762 2282 1822 ET
2329 1758 2871 1822 COMMUNIONE.

1723 2033 2459 2132 ADMONITIO.

470 2212 517 2272 Ι.
544 2215 616 2296 In
646 2211 767 2273 hac
796 2210 1188 2296 institutione
1215 2212 1499 2296 omnium
1535 2220 1853 2292 postrema
1882 2216 2142 2296 exponit
2162 2213 2425 2296 Cyrillus
2444 2212 2724 2296 singulas
2744 2213 3032 2275 sacrificii
3049 2212 3358 2296 incruenti
3375 2219 3614 2296 partes,
3641 2234 3799 2295 quas

389 2294 785 2376 brevibusac
812 2291 1120 2376 dilucidis
1155 2291 1648 2376 expositionibus
1678 2291 1983 2369 illustrat,
2011 2302 2072 2357 et
2103 2291 2612 2357 communicandi
2644 2294 2799 2355 ritus
2830 2314 2904 2356 ac
2936 2295 3215 2356 modum.
3252 2294 3510 2355 Omissis
3541 2291 3683 2376 quae
3714 2298 3797 2357 ad

386 2374 635 2434 initium
667 2373 935 2453 liturgiae
964 2374 1387 2456 pertinebant,
1422 2394 1495 2436 ea
1527 2383 1772 2438 tantum
1806 2383 2107 2455 recenset,
2142 2395 2305 2456 quae,
2341 2376 2536 2455 pnlsis
2564 2375 2638 2435 iis
2669 2376 2961 2437 omnibus
2993 2377 3220 2456 quibus
3264 2392 3444 2437 sacro
3496 2373 3798 2439 interesse

380 2456 641 2538 jusinon
676 2462 827 2538 erat,
867 2454 1101 2538 actioni
1134 2456 1263 2515 sive
1294 2456 1497 2538 Missae
1525 2458 1806 2518 fidelium
1846 2454 2102 2538 propria
2132 2454 2331 2518 erant.

470 2537 547 2595 11.
580 2536 942 2618 Ινηοὴθθιμειὶ)
976 2554 1292 2618 manuum,
1310 2537 1631 2599 ablutione
1652 2536 1995 2600 sacerdotis
2022 2544 2082 2599 et
2100 2540 2634 2618 presbyterorum,
2664 2537 2928 2599 diacono
2953 2538 3347 2599 ministrante
3375 2537 3543 2599 facta
3567 2555 3580 2598 :
3604 2557 3793 2617 quam

399 2616 1106 2699 munditieiianimarum
1134 2617 1494 2699 symbolum
1528 2638 1661 2681 esse
1692 2620 1876 2681 docet
1906 2616 2118 2699 (numf
2140 2620 2225 2699 2).
2261 2618 2496 2679 Deinde
2528 2619 2603 2679 de
2634 2620 2848 2679 osculo
2884 2621 3075 2699 pacis,
3111 2620 3467 2680 animorum
3509 2616 3790 2679 reconci-

397 2694 672 2757 liationis
702 2698 906 2775 signo,
940 2697 1090 2757 dicit
1119 2694 1315 2777 (num.
1350 2700 1436 2777 3).
1471 2700 1823 2761 Sacerdotis
1856 2694 2279 2761 hortationem
2312 2700 2392 2760 ad
2421 2698 2727 2762 elevanda
2757 2694 3003 2761 sursum
3035 2700 3246 2771 corda,
3287 2706 3347 2760 et
3377 2700 3612 2777 gratias
3665 2703 3792 2761 Deo

395 2780 690 2861 agendas,
721 2779 1066 2861 populique
1099 2780 1593 2861 consentientem
1628 2782 2117 2859 responsionem,
2151 2781 2250 2857 pie
2280 2781 2562 2841 edisserit
2592 2781 2796 2860 (num.
2832 2784 2869 2839 4
2902 2788 2965 2842 et
2994 2782 3076 2861 5).
3112 2785 3270 2842 Tum
3316 2781 3601 2861 meminit
3647 2799 3791 2842 ora-

394 2857 577 2939 tionis
604 2879 639 2918 a
668 2860 993 2919 sacerdote
1020 2860 1173 2918 fusae
1205 2860 1284 2919 ad
1316 2866 1525 2937 grates
1552 2865 1678 2921 Deo
1709 2857 1785 2922 de
1818 2863 2109 2922 omnibus
2135 2860 2315 2921 bonis
2347 2857 2624 2939 agendas
2654 2879 2666 2920 :
2704 2862 2767 2920 in
2796 2880 2922 2939 qua
2951 2857 3175 2922 novem
3207 2859 3637 2938 angelicorum
3687 2880 3790 2922 or-

389 2936 603 3021 dinum
636 2940 918 3000 recensio
947 2939 1146 3021 (num.
1180 2940 1261 3018 6).
1288 2936 1523 3001 Deinde
1554 2941 1775 3021 hymni
1807 2942 2045 3020 trisagii
2077 2961 2115 3002 a
2145 2948 2279 3003 toto
2312 2936 2546 3020 populo
2575 2936 2924 3001 decantati:
2961 2961 3033 3001 ac
3076 2936 3325 3001 demum
3378 2940 3792 3021 invocationis

388 3019 657 3103 _S_pi1:itus
686 3021 905 3103 sancti,
943 3020 1022 3079 ad
1054 3021 1546 3103 convertendum
1582 3019 1810 3101 panem
1842 3023 1906 3083 in
1938 3019 2164 3102 cerpus
2195 3023 2444 3103 Christi,
2481 3027 2543 3083 et
2562 3022 2860 3103 vinumin
2885 3021 3166 3099 ejusdem
3194 3020 3563 3099 sanguinem
3586 3022 3786 3103 (num.

384 3098 469 3178 8).
504 3100 788 3161 Perfecto
818 3101 1509 3183 incruentosacrif‘mio,
1547 3098 1706 3163 ti'unt
1735 3124 1924 3183 super
1951 3098 2233 3164 sanctam
2265 3102 2736 3181 propitiationis
2767 3098 3062 3175 hostiam,
3098 3098 3371 3181 primum
3417 3098 3793 3165 obsecratio-

391 3198 499 3240 nes
529 3200 643 3260 pro
675 3182 967 3242 omnibus
996 3181 1277 3242 omnium
1310 3181 1830 3257 necessitatibus;
1860 3185 2088 3247 deinde
2122 3183 2422 3244 memoria
2451 3183 2891 3243 defunctorum
2920 3202 2933 3243 :
2968 3183 3032 3242 in
3064 3202 3189 3262 qua
3219 3189 3481 3262 rogatur
3512 3188 3701 3256 Deus,
3722 3192 3792 3246 ut

380 3269 745 3323 sanctorum
776 3263 1069 3343 precibus
1101 3263 1451 3324 orationem
1485 3271 1766 3327 nostram
1800 3271 2125 3344 acceptam
2158 3264 2426 3335 habeat;
2462 3271 2523 3323 et
2554 3282 2666 3342 pro
2700 3264 2940 3324 caeteris
2974 3264 3282 3324 defunctis
3315 3266 3390 3324 ad
3435 3284 3652 3326 eorum
3694 3266 3788 3325 le-

382 3359 605 3427 vamen
640 3344 749 3427 Dei
778 3344 1110 3427 clementia
1141 3350 1439 3405 exoratur
1464 3344 1666 3425 (num.
1689 3348 1773 3427 9).
1805 3347 2021 3407 Obiter
2042 3344 2375 3427 utilitatem
2409 3363 2664 3427 precum
2700 3364 2811 3427 pro
2830 3345 3158 3427 defunctis,
3185 3346 3517 3408 adversum
3538 3346 3791 3407 muiltos

382 3423 491 3501 qui
520 3442 594 3506 ea
624 3425 701 3485 de
732 3444 797 3486 re
828 3426 1187 3485 dubitantes
1220 3423 1612 3503 quaerebant,
1647 3423 1881 3500 tuetur,
1914 3434 1975 3487 et
2001 3426 2290 3505 apposito
2323 3425 2613 3503 exemplo
2661 3426 2942 3485 declarat
2989 3424 3193 3504 (num.
3249 3427 3371 3506 10).
3424 3429 3518 3489 Ad
3573 3428 3788 3505 expla—

378 3504 654 3586 pandam
687 3512 907 3585 postea
938 3506 1285 3566 orationem
1316 3508 1708 3569 Dominicam
1742 3504 2127 3586 aggreditur,
2164 3506 2341 3584 cujus
2373 3506 2653 3583 singulas
2674 3512 2883 3583 partes
2908 3506 3065 3566 mira
3082 3504 3386 3568 brevitate
3408 3504 3787 3569 etfacilitate

380 3584 835 3669 interpretatur
866 3587 1064 3669 (num.
1087 3587 1340 3669 11-18).
1378 3591 1700 3662 Quartam,
1738 3584 1878 3669 quae
1910 3590 1986 3649 de
2013 3606 2175 3666 pane
2207 3587 2605 3669 substantiali
2636 3592 2747 3669 est,
2786 3588 2862 3646 de
2883 3587 3274 3669 Eucharistia
3306 3590 3564 3668 exponit
3586 3589 3782 3669 (num.

388 3666 513 3745 15).
554 3669 765 3728 Refert
794 3666 1134 3728 saCerdotis
1165 3685 1405 3741 vocem,
1443 3669 1673 3729 Sancta
1698 3666 1948 3741 sanctis,
1986 3675 2049 3729 et
2076 3667 2296 3747 populi
2326 3666 2762 3747 respondentis
2793 3667 3020 3727 verba:
3059 3674 3121 3727 et
3151 3666 3423 3730 cantoris
3452 3666 3774 3731 invitatio-

388 3765 531 3830 nem
565 3748 643 3830 ad
677 3749 1186 3830 communionem
1218 3749 1615 3822 sumendam,
1649 3768 1761 3829 per
1788 3746 2580 3830 versiculum’psalmorum
2630 3746 2832 3827 (num.
2878 3747 2994 3828 19).
3048 3748 3345 3830 Habitum
3399 3751 3678 3830 corporis
3725 3756 3789 3810 et

385 3826 582 3910 animi
609 3830 959 3907 praescribit
988 3829 1186 3910 (num.
1221 3829 1347 3907 20),
1382 3849 1507 3909 quo
1548 3830 1629 3891 ad
1650 3826 1840 3892 sacra
1880 3826 2690 3910 mysteria’accedendum;
2745 3846 2819 3888 ac
2871 3826 3246 3889 sumendum
3298 3826 3527 3909 manu;
3563 3830 3787 3891 deinde

384 3908 585 3991 oculis
615 3915 677 3969 et
704 3912 797 3970 ori
826 3908 1295 3991 admovendum
1322 3910 1551 3971 Christi
1582 3928 1847 3991 corpus;
1878 3908 2259 3989 sanguisque
2281 3909 2507 3969 Christi
2527 3927 2727 3991 prono
2750 3928 3014 3989 corpore
3035 3910 3417 3985 adorandus,
3451 3908 3513 3973 et
3542 3928 3789 3971 sumen-

383 3987 501 4049 dus
530 4007 606 4049 ex
635 3991 851 4073 calice.
884 3989 1165 4073 Tandem
1197 3992 1640 4053 commendata
1670 3987 2136 4073 praeceptorum
2161 3987 2428 4073 suorum
2460 3987 2767 4073 custodia,
2801 3987 3017 4073 etnon
3042 3991 3562 4073 interrumpenda
3587 4010 3789 4052 sacro-

381 4087 521 4129 rum
556 4071 1059 4150 participatione,
1099 4072 1307 4131 fausta
1338 4070 1699 4150 precatione
1731 4070 2110 4134 cateChesim
2141 4070 2464 4132 concludit
2493 4070 2696 4150 (num.
2732 4070 2803 4131 21
2840 4077 2902 4132 et
2930 4070 3055 4151 22).
3109 4070 3498 4148 Habita—est,
3552 4079 3621 4134 ut
3668 4091 3790 4151 pu-

381 4156 612 4223 tamus,
646 4152 802 4213 feria
832 4158 1009 4213 sexta
1042 4158 1182 4230 post
1203 4152 1469 4213 Pascha.
3518 4198 3519 4201 η

469 4231 574 4291 IIl.
608 4232 964 4315 Catechesis
994 4233 1129 4315 haec
1162 4251 1355 4293 unum
1388 4238 1481 4315 est
1510 4252 1586 4295 ex
1617 4234 1953 4315 praecipuis
1982 4232 2419 4315 ecclesiasticae
2437 4232 2831 4312 antiquitatis
2855 4234 3315 4315 monumentis;
3343 4252 3456 4295 nec
3477 4232 3676 4294 ullum
3700 4241 3793 4295 est

390 4329 465 4371 ea
496 4318 702 4393 tetate,
735 4314 799 4375 in
830 4334 955 4393 quo
987 4314 1197 4393 plures
1226 4313 1452 4375 veteris
1475 4314 1744 4393 liturgias
1775 4313 1836 4377 et
1866 4314 2325 4375 communionis
2375 4332 2570 4374 sacrae
2613 4315 2767 4373 ritus
2810 4314 3238 4386 addiscantur,
3298 4322 3677 4386 asserantur,
3729 4322 3791 4375 et

386 4392 827 4470 explanentur.
850 4392 1166 4467 Quasdam
1200 4400 1409 4454 autem
1442 4395 1519 4455 ad
1554 4392 1872 4474 litnrgiam
1905 4416 1941 4457 a
1972 4402 2189 4456 sancto
2219 4394 2450 4472 Cyrillo
2474 4395 2850 4472 explicatam
2883 4395 3350 4457 observationes
3373 4415 3409 4457 a
3430 4397 3611 4457 nobis
3634 4414 3787 4473 prte-

386 4475 733 4535 mittendae.
769 4476 1003 4547 Primo,
1040 4476 1154 4536 etsi
1187 4492 1311 4534 non
1342 4493 1587 4553 negem,
1624 4477 1752 4537 imo
1786 4496 1932 4538 vero
1955 4476 2241 4537 confiteri
2265 4494 2513 4535 necesse
2540 4475 2640 4549 sit,
2669 4474 2866 4535 multo
2895 4476 2991 4535 his
3010 4478 3397 4554 temporibus
3430 4478 3781 4538 breviorem

378 4572 452 4636 ac
483 4555 931 4635 simpliciorem
965 4554 1238 4634 liturgias
1272 4555 1586 4617 actionem
1619 4557 1952 4630 exstitisse,
1982 4577 2123 4636 qua:
2153 4557 2331 4617 novis
2361 4555 2627 4616 subinde
2655 4554 3069 4628 orationibus,
3105 4558 3516 4634 caeremoniis,
3550 4566 3613 4619 et
3645 4556 3780 4617 riti-

385 4634 503 4693 bus
534 4634 886 4698 acCessione
918 4644 1275 4716 temporum
1305 4636 1675 4711 increverit;
1713 4637 1883 4698 haud
1915 4634 2125 4698 tamen
2171 4636 2660 4699 existimandum
2710 4654 2928 4697 omnes
2980 4638 3057 4697 ad
3106 4657 3297 4698 unam
3346 4638 3773 4711 caeremonias,

387 4733 603 4797 preces
621 4723 683 4778 et
712 4719 989 4779 actiones
1018 4717 1307 4778 sacrificii
1333 4736 1369 4778 a
1394 4718 1624 4797 Cyrillo
1658 4724 2036 4780 memoratas
2066 4737 2222 4779 esse.
2258 4716 2421 4779 Nam
2447 4718 2603 4777 nihil
2637 4717 2737 4778 hic
2763 4718 2839 4778 de
2865 4717 3347 4779 salutationibus
3361 4719 3595 4781 crebris
3615 4718 3781 4797 epis-

386 4796 529 4875 copi
557 4797 638 4858 ad
668 4799 975 4877 populum
1006 4818 1021 4873 ;
1057 4798 1214 4858 nihil
1243 4798 1319 4859 de
1342 4799 1661 4860 oblatione
1690 4799 2002 4861 donorum
2028 4800 2108 4859 ad
2130 4800 2347 4870 altare,
2384 4803 2444 4859 et
2471 4798 2757 4877 precibus
2784 4798 3013 4876 quibus
3044 4801 3170 4859 Deo
3201 4799 3593 4874 offeruntur;
3618 4796 3778 4859 nihil

384 4878 461 4937 de
491 4880 869 4957 evangelica;
899 4898 1088 4940 caena;
1118 4886 1181 4939 et
1207 4897 1527 4940 sacrorum
1559 4880 1896 4941 verborum
1928 4880 2293 4961 recitatione
2326 4879 2514 4951 dicit;
2566 4880 2723 4961 nihil
2758 4880 2848 4961 de
2895 4879 3088 4961 signis
3132 4880 3333 4940 crucis
3377 4899 3565 4961 super
3611 4882 3780 4940 dona

381 4961 811 5021 consecranda
839 4962 936 5020 vel
958 4966 1322 5021 consecrata
1351 4961 1571 5037 factis;
1606 4962 1765 5022 nihil
1794 4961 1871 5021 de
1900 4960 2124 5022 hostiae
2155 4961 2526 5030 elevatione,
2557 4967 2618 5020 et
2648 4958 2952 5020 divisione
2978 4977 2991 5031 ;
3027 4960 3185 5021 nihil
3215 4963 3291 5021 de
3326 4958 3612 5040 precibus
3633 4968 3779 5022 ante

383 5041 918 5115 communionem,
952 5048 1013 5102 et
1040 5041 1506 5102 communionis
1536 5042 2050 5103 administrandae
2082 5041 2392 5114 formula;
2428 5040 2645 5101 aliisve
2676 5041 2921 5121 ritibus,
2956 5060 3113 5119 quos
3144 5060 3220 5101 ex
3253 5042 3441 5121 hujus
3486 5043 3689 5104 aetatis
3719 5048 3781 5103 et

378 5121 774 5203 superiorum
800 5121 1327 5203 monumentis,in
1348 5122 1596 5183 actione
1617 5123 1908 5183 sacriﬁcii
1934 5123 2049 5182 hoc
2073 5128 2355 5203 tempore
2384 5127 2714 5203 usurpatos
2736 5120 2925 5203 fuisse
2952 5122 3242 5203 dubitare
3270 5120 3391 5183 nOn
3419 5142 3775 5203 possumus.

458 5201 560 5261 IV.
595 5204 905 5275 Secundo,
941 5221 1131 5281 quam
1165 5202 1266 5263 hic
1296 5210 1577 5264 recenset
1606 5204 1925 5281 liturgiam
1995 5203 2127 5263 sine
2171 5202 2363 5263 dubio
2414 5202 2703 5262 Ecclesia:
2754 5202 3339 5281 Hierosolymitanaa
3390 5201 3524 5265 fuit.
3576 5205 3778 5276 Quam

423 5299 566 5363 orre
599 5302 763 5345 nunc
796 5284 1104 5345 habemus
1135 5283 1250 5342 sub
1283 5285 1536 5343 nomine
1566 5285 1766 5345 sancti
1792 5284 2034 5355 Jacobi,
2071 5283 2254 5362 eique
2284 5284 2583 5342 asseritur
2613 5284 2692 5343 ab
2724 5282 3026 5343 'l‘rullano
3058 5286 3351 5357 concilio,
3386 5304 3625 5346 canone
3672 5286 3773 5363 32,

376 5300 566 5421 Eorro
599 5302 763 5345 nunc
796 5300 1104 5345 habemus
1135 5300 1250 5342 suo
1283 5302 1536 5343 nomine
1566 5300 1766 5345 sancti
1792 5300 2034 5355 Jacom,
2071 5302 2254 5362 eique
2284 5300 2583 5342 asseritur
2613 5300 2692 5343 ab
2724 5300 3026 5343 'i'ruuano
3058 5300 3351 5357 concilio,
3386 5304 3625 5346 canone
3672 5300 3770 5363 :52,

423 5382 511 5424 sec
541 5361 891 5445 longinquo
921 5372 1203 5441 tempore
1239 5364 1301 5423 in
1334 5364 1522 5442 hujus
1553 5365 1842 5426 Ecclesia)
1878 5384 1989 5425 usu
2023 5364 2177 5437 fuit;
2212 5370 2475 5441 eratque
2507 5370 2869 5424 constanter
2899 5366 3101 5425 Caroli
3137 5367 3353 5443 Magni
3385 5368 3770 5427 Francorum

372 5445 537 5538 regis
568 5446 978 5539 temporibus,
1014 5445 1354 5539 multisque
1386 5453 1603 5539 postea
1626 5446 1912 5539 iaculis;
1949 5446 2155 5539 donec
2171 5445 2718 5538 Constantinopoli
2738 5446 3116 5539 patriarchae
3137 5448 3427 5539 Ecclesiae
3450 5466 3578 5507 sum
3606 5448 3779 5539 litur-

375 5526 541 5601 giam
576 5533 731 5590 824
762 5528 930 5605 apud
962 5544 1179 5586 omnes
1210 5525 1404 5607 Graeci
1434 5527 1593 5587 ritus
1626 5528 1958 5600 Ecclesias,
1995 5527 2224 5606 partim
2285 5526 2601 5597 suasione,
2648 5526 2879 5605 partim
2932 5529 3114 5587 minis
3168 5529 3360 5607 recipi
3410 5534 3774 5605 coegerunt,

378 5608 722 5690 antiquatis
753 5607 995 5690 caneris
1024 5605 1415 5690 singularum
1447 5608 1864 5669 Ecclesiarum
1898 5605 2191 5688 propriis.
2225 5609 2305 5690 At
2334 5612 2553 5668 nostra
2583 5608 2792 5690 sancti
2839 5608 3061 5669 Jacobi
3116 5605 3372 5689 liturgia
3403 5610 3463 5669 in
3499 5608 3779 5690 multisa

374 5685 715 5767 Cyril'liana
744 5686 1175 5750 disconvenit:
1210 5704 1352 5765 quae
1382 5693 1595 5751 tamen
1623 5685 1960 5752 varietates
1989 5685 2137 5752 sunt
2164 5687 2263 5751 vel
2294 5706 2506 5752 rerum
2538 5706 2577 5750 a
2605 5688 2841 5768 Cyrillo
2872 5685 3463 5770 praetermissarum,
3484 5687 3583 5749 vel
3606 5685 3778 5747 addi-
