4148 6286
396 341 553 404 11οτ
1445 335 1511 394 S.
1557 333 1863 396 CYRILLI
1908 333 2322 397 HIEROSOL.
2368 336 2735 398 ARCHIEP.
3649 332 3820 394 “08

398 479 823 538 tamentorum
856 471 982 534 sive
1012 471 1076 531 in
1107 469 1337 542 verbis,
1371 467 1501 530 sive
1531 469 1594 529 in
1625 469 1873 552 ritibus,
1909 488 2050 552 quas
2082 487 2119 530 a
2148 470 2364 549 Cyrilli
2394 471 2787 552 temporibus
2817 487 3011 532 sacras
3043 468 3288 552 actioni
3317 481 3633 552 accessere
3659 485 3674 539 ;
3708 465 3818 527 vel

403 555 656 616 tandem
691 552 1106 613 formularum
1139 569 1497 632 sacrarum,
1522 569 1664 628 quas
1695 551 1833 611 aliis
1863 548 2068 612 verbis
2098 569 2136 611 a
2165 548 2396 631 Cyrillo
2429 548 2619 632 atque
2650 553 2713 612 in
2745 551 3001 630 liturgia
3029 551 3230 612 sancti
3258 548 3476 610 Jacobi
3511 548 3815 632 referun-

399 644 540 698 tur:
577 652 845 714 quorum
878 633 1183 714 nonnulla
1212 631 1275 691 in
1308 631 1536 714 nostris
1567 629 2624 694 animadversionibus'notavimus.
2663 629 2929 714 Caetera:
2959 650 3215 714 prorsus
3263 629 3681 714 conveniunt:
3709 632 3817 714 __ut

402 717 571 778 idem
599 709 860 794 prorsus
892 713 1159 790 liturgiae
1191 731 1420 790 corpus
1450 712 1779 785 observes;
1816 732 2203 793 quanquam,
2241 719 2306 773 ut
2363 715 2425 774 in
2456 714 2817 793 hujusmodi
2849 709 3034 774 rebus
3081 713 3215 772 ﬁeri
3258 709 3815 794 solet,__nonnullis

400 791 802 859 incrementis
834 801 890 855 et
923 794 1334 856 varietatibus
1365 799 1700 874 mutatum.
1736 791 2082 853 Fatendum
2119 801 2326 854 tamen
2360 791 2567 874 pauca
2597 794 2938 856 admodum
2970 811 3104 855 esse
3137 793 3302 872 apud
3327 791 3812 874 Cyrillu_m,quse

402 877 676 955 liturgiaa
707 875 907 936 sancti
936 874 1158 938 Jacobi
1187 875 1276 934 ita
1308 873 1562 952 proprio
1595 874 1744 945 sint,
1780 880 1848 932 ut
1875 874 1936 932 in
1971 874 2108 933 aliis
2140 871 2408 953 liturgiis
2442 877 2672 937 Graecis
2701 877 2920 937 eodem
2974 871 3808 955 modo’nonJreperiantur.

403 951 589 1020 Ratio
621 963 731 1028 est,
769 957 934 1035 quod
967 973 1245 1015 summas
1278 951 1546 1032 liturgise
1579 961 1788 1032 partes
1819 960 2063 1014 tantum
2099 951 2366 1034 Cyrillus
2397 965 2764 1036 persecutus
2794 957 2894 1035 sit,
2927 974 3069 1032 quae
3093 956 3156 1015 in
3179 952 3470 1014 omnibus
3499 951 3805 1023 ecclesiis,

405 1038 639 1102 Graecis
668 1038 915 1108 saltem,
950 1053 1316 1096 communes
1345 1044 1546 1094 erant.

483 1120 555 1180 V.
589 1118 822 1189 Tertio,
861 1117 1058 1177 multa
1088 1117 1149 1176 in
1182 1115 1522 1193 Cyrilliana
1552 1114 1806 1192 liturgia
1839 1115 2201 1174 communia
2231 1121 2378 1176 sunt
2409 1134 2551 1176 cum
2584 1135 2656 1177 ea
2689 1117 2944 1195 liturgia
2975 1135 3116 1194 quae
3147 1115 3211 1175 in
3261 1111 3814 1177 Constitutionibus

406 1199 770 1280 apostolicis,
804 1197 914 1258 lib.
948 1214 1015 1280 ῃ,
1049 1215 1188 1280 cap.
1221 1197 1323 1268 57,
1358 1204 1421 1256 et
1451 1195 1560 1280 li_b.
1592 1213 1718 1268 vm,
1753 1213 1892 1280 cap.
1928 1197 1964 1253 5
1996 1205 2056 1255 et
2084 1197 2124 1256 6
2149 1203 2216 1280 _et
2238 1215 2379 1280 sqq.
2416 1215 2492 1258 ex
2526 1198 2772 1276 integro
2804 1197 3225 1280 describitur:
3259 1195 3310 1255 si
3341 1200 3552 1280 tamen
3583 1211 3712 1280 una
3744 1199 3813 1252 et

407 1274 626 1341 eadem
661 1285 772 1350 est,
807 1297 946 1355 quae
976 1277 1040 1337 in
1075 1274 1236 1336 libro
1269 1276 1542 1336 secundo
1575 1283 1796 1354 etquae
1819 1276 1878 1334 in
1903 1282 2127 1336 octavo
2149 1276 2457 1350 habetur;
2486 1296 2625 1338 nam
2658 1274 2964 1338 nonnulla
2986 1278 3148 1338 inter
3169 1277 3447 1336 diversos
3471 1274 3613 1355 illos
3634 1274 3814 1355 locos

408 1360 796 1440 deprehendi
831 1354 1364 1440 ’varietaspotest.
1398 1358 1540 1440 Jam
1573 1375 1608 1416 a
1642 1356 1854 1440 mpltis
1885 1363 2030 1440 ante
2063 1375 2175 1416 nos
2206 1362 2298 1417 est
2338 1357 2765 1431 observatum,
2829 1357 3299 1440 Constitutiones
3329 1354 3683 1440 apostolicae
3713 1354 3810 1440 ad

412 1434 592 1502 usum
624 1439 976 1500 Palaestinae
998 1445 1057 1500 et
1079 1434 1663 1518 Hierosolymitanae
1686 1435 1978 1497 Ecclesiae
2002 1455 2297 1515 magnam
2322 1443 2563 1516 partem
2586 1457 2912 1518 expressas
2942 1457 3072 1499 esse
3095 1456 3108 1497 :
3136 1437 3306 1515 quod
3327 1434 3526 1518 nevis,
3550 1435 3598 1518 si
3617 1434 3813 1518 hujus

409 1523 496 1582 rei
532 1522 702 1582 locus
734 1526 919 1591 esset,
953 1517 1496 1579 observationibus
1527 1517 1841 1577 illustrare
1874 1536 2220 1596 possemus.
2255 1515 2433 1578 Certe
2481 1515 2799 1579 nonnullis
2855 1520 3008 1579 locis
3062 1519 3266 1595 major
3311 1525 3404 1578 est
3450 1515 3810 1594 Cyrillianse

410 1602 701 1680 liturgim,
739 1599 1021 1680 cumilla
1055 1601 1560 1659 Constitutionum
1590 1597 2070 1680 apostolicarum,
2107 1616 2293 1680 quam
2327 1617 2469 1659 cum
2501 1601 2700 1660 sancti
2731 1600 2950 1660 Jacobi
2980 1599 3236 1680 liturgia
3274 1597 3618 1680 similitudo
3646 1596 3811 1680 ;_sed

409 1676 684 1744 vicissim
718 1681 858 1740 aliis
885 1679 950 1760 in
982 1680 1291 1760 partibus,
1325 1680 1526 1757 magis
1557 1676 1638 1738 ad
1667 1677 1832 1738 hanc
1864 1697 2052 1758 quam
2087 1679 2164 1760 ad
2196 1679 2370 1739 illam
2407 1682 2648 1742 accedit
2675 1681 3036 1760 Cyrilliaua.
3072 1679 3240 1739 Nihil
3272 1679 3332 1738 id
3369 1676 3810 1760 mirum_vide-

407 1765 578 1824 bitur
607 1764 684 1835 ei,
720 1761 827 1840 qui
860 1757 1320 1822 Constitutiones
1349 1761 1702 1841 apostolicus
1746 1757 2019 1841 non’exr
2051 1758 2234 1841 unius
2283 1760 2589 1833 Ecclesiae,
2642 1757 2751 1822 sed
2801 1780 2875 1821 ex
2922 1761 3195 1840 plurium
3246 1757 3810 1820 consuetudinibus

409 1862 732 1921 expressas
762 1859 896 1902 esse
929 1841 1303 1902 meminerit.
1338 1840 1490 1901 Tres
1520 1840 1661 1921 illas
1693 1841 1976 1918 liturgias
2007 1840 2067 1899 in
2101 1840 2264 1899 notis
2296 1843 2523 1901 nostris
2554 1859 2721 1921 saepe
2752 1842 3279 1920 comparavimus.

488 1919 590 1984 VI.
625 1927 882 1992 Quarto,
915 1922 1079 1982 circa
1111 1920 1570 1982 communionis
1600 1921 1759 1980 ritus
1788 1939 1988 2000 pauca
2019 1927 2166 1980 sunt
2195 1921 2374 1980 nobis
2395 1919 2812 1982 observanda.
2840 1919 2996 1982 Nam
3019 1922 3188 2000 quod
3214 1919 3550 1998 separatim
3577 1937 3809 1998 corpus

404 2004 635 2065 Christi
662 2012 723 2063 et
750 2003 1004 2080 sanguis
1037 2021 1113 2063 ex
1144 2003 1336 2062 calice
1369 2001 1791 2079 praebeantur,
1827 2002 1972 2061 licet
2002 2000 2320 2061 hodiernae
2349 2005 2712 2063 Graecorum
2744 2002 3204 2074 consuetudini,
3267 2019 3518 2061 sacrum
3571 2018 3806 2080 panem

403 2085 707 2163 sanguine
737 2084 1068 2143 intinctum
1097 2083 1160 2143 in
1194 2081 1509 2163 cochleari
1533 2081 1666 2157 jam
1701 2096 1738 2141 a
1767 2084 1998 2142 saeculo
2029 2100 2092 2141 x1
2123 2084 2583 2160 praestantium,
2619 2085 3025 2153 adversetur;
3063 2083 3358 2161 antiquus
3406 2081 3530 2140 illis
3561 2091 3810 2159 tempo-

406 2162 580 2226 ribus
613 2167 843 2226 Greecae
874 2170 929 2224 et
964 2163 1204 2224 Latinas
1237 2162 1529 2224 Ecclesiae
1561 2180 1698 2221 mos
1726 2163 1881 2222 fuit:
1936 2181 2122 2240 quem
2168 2163 2249 2221 ab
2298 2164 2880 2242 Hierosolymitanis
2933 2164 3162 2224 saeculo
3213 2163 3546 2222 undecimo
3602 2163 3811 2222 medio

406 2253 765 2307 constanter
795 2250 1106 2306 retentum
1141 2243 1496 2321 gratulatur
1527 2243 1914 2303 Humbertus
1945 2242 2306 2314 cardinalis,
2340 2243 2640 2305 adversus
2695 2248 3060 2304 Grascorum
3112 2243 3461 2304 calumnias
3505 2243 3805 2313 scribens,

408 2326 547 2389 Bib.
586 2325 717 2386 PP.
765 2325 958 2404 Lagi.
998 2331 1040 2385 t.
1075 2323 1327 2398 XVIII,
1363 2343 1426 2403 p.
1462 2326 1600 2404 397.
1650 2325 1822 2395 Quod
1875 2343 2105 2402 corpus
2160 2323 2388 2384 Christi
2432 2324 2496 2384 in
2552 2343 2774 2385 manus
2823 2325 3100 2396 daretur,
3151 2323 3507 2386 communis
3555 2341 3812 2401 quoque

407 2407 829 2468 Ecclesiarum
865 2403 1153 2466 omnium
1192 2424 1361 2464 usus.
1398 2403 1580 2474 Quod
1601 2411 1812 2464 autem
1843 2405 2111 2483 Cyrillus
2142 2423 2367 2465 manus
2398 2405 2484 2465 ita
2515 2407 2898 2466 conformari
2931 2405 3279 2485 praecipiat,
3314 2404 3562 2464 utlasva
3586 2423 3812 2464 manus

407 2489 680 2548 dexterae
714 2504 959 2546 sacrum
996 2503 1220 2564 corpus
1251 2491 1597 2562 receptum
1631 2491 2065 2563 supponatur:
2101 2485 2162 2544 id
2196 2491 2286 2544 est
2319 2486 2487 2564 quod
2536 2487 2732 2547 Graeci
2781 2487 3024 2559 volunt,
3059 2486 3206 2547 dum
3258 2504 3485 2546 manus
3532 2485 3595 2544 in
3647 2485 3809 2562 figu-

407 2588 542 2630 ram
576 2567 778 2627 crucis
809 2567 1102 2641 componi
1129 2564 1376 2642 jubent.
1412 2565 1505 2624 Ita
1537 2583 1713 2624 conc.
1747 2567 1944 2626 Trull.
1981 2567 2293 2646 can.710l,
2330 2570 2512 2627 Joan.
2573 2570 2858 2627 Damasc.
2917 2567 3025 2627 lib.
3083 2584 3145 2628 Iv
3202 2567 3284 2626 De
3329 2565 3468 2646 ﬁde,
3514 2583 3651 2644 cap.
3704 2568 3806 2633 13,

408 2652 800 2727 προσέλθωμεν
829 2647 1212 2723 σταυροειδῶς·
1247 2651 1341 2713 τὰς
1371 2649 1626 2727 παλᾴμας
1655 2650 2020 2712 τυπώσαντες.

2164 2646 2232 2704 ῆι
2265 2665 2516 2725 quoque
2547 2647 2750 2708 dicam
2783 2649 2858 2708 de
2891 2647 3296 2726 responsione
3327 2645 3802 2727 communican-

416 2723 516 2799 tis,
554 2729 759 2808 Amen,
779 2725 873 2808 ad
909 2731 1180 2784 veterem
1212 2732 1268 2783 et
1319 2723 1666 2808 simplicem
1720 2725 2168 2808 distribuendae
2223 2723 2683 2788 communionis
2732 2723 3098 2800 formulam,
3159 2732 3392 2808 Corpus
3442 2725 3698 2798 Christi,
3749 2732 3811 2786 et

410 2805 982 2887 Sangm’sChristi;
1018 2824 1144 2887 qua
1175 2805 1647 2887 communicaris
1679 2806 2018 2866 assentitur
2047 2807 2293 2867 veritati
2326 2809 2511 2868 realis
2554 2810 2903 2887 praesentiae
2949 2808 3178 2868 Christi
3229 2805 3510 2886 corporis
3557 2814 3614 2865 et
3655 2825 3804 2865 san-

413 2888 622 2968 guinis
655 2886 774 2946 sibi
805 2887 959 2946 dati.
995 2886 1115 2946 Sed
1149 2884 1329 2968 quod,
1350 2885 1620 2968 Cyrillus
1651 2887 1958 2968 praecipit,
1998 2894 2062 2947 ut
2093 2894 2432 2968 antequam
2467 2884 2574 2949 ore
2605 2897 2892 2950 sumatur
2923 2889 3100 2968 panis
3129 2907 3323 2960 sacer,
3343 2884 3549 2948 oculis
3577 2887 3801 2968 admo-

413 2965 672 3042 veatur;
711 2973 904 3048 utque
936 2973 1269 3048 postquam
1305 2965 1492 3048 fuerit
1522 2985 1598 3025 ex
1631 2966 1823 3048 calice
1855 2973 2079 3046 epotus
2109 2965 2338 3027 Christi
2369 2971 2650 3048 sanguis,
2684 2965 2983 3030 collectus
3013 2969 3223 3047 digitis
3253 2968 3573 3029 adhaerens
3619 2965 3795 3025 labiis

413 3050 655 3121 mador,
690 3047 910 3121 oculis,
947 3047 1138 3108 fronti
1169 3052 1229 3129 et
1259 3046 1542 3129 sensibus
1573 3047 1965 3127 applicetur;
2007 3049 2065 3108 id
2101 3068 2240 3109 cum
2276 3046 2594 3126 singulare
2625 3052 2785 3112 forte
2821 3050 3010 3111 videri
3043 3046 3260 3129 possit,
3297 3049 3557 3110 aliorum
3588 3051 3798 3106 aucto-

411 3149 550 3192 rum
587 3129 894 3208 exemplis
927 3134 1019 3188 est
1049 3127 1573 3188 confirmandum.

489 3210 621 3270 VIl.
658 3212 743 3269 Ac
775 3209 977 3289 primo
1008 3210 1192 3270 Joan.
1225 3210 1652 3268 Damasccnus
1685 3208 1822 3269 loco
1847 3208 1980 3286 jam
2015 3208 2272 3270 laudato
2306 3227 2429 3269 non
2463 3211 2678 3272 oculos
2709 3213 2937 3285 solum,
2969 3210 3074 3272 sed
3105 3209 3349 3272 etlabia
3370 3227 3483 3289 per
3504 3208 3809 3287 osculum,

415 3296 475 3356 et
507 3291 800 3366 frontem,
833 3289 1063 3350 Christi
1093 3289 1344 3367 corpori
1373 3289 1697 3349 admoveri
1731 3291 2018 3368 praecipit
2051 3308 2053 3345 1

2182 3299 2210 3349 ὖ
2244 3293 2657 3371 ἐσταυρωμένον
2687 3299 2749 3352 τὸ
2792 3303 2952 3370 σῶμα
2981 3295 3370 3370 ἐπιδεξώμεθα”
3405 3295 3493 3350 καὶ
3543 3294 3813 3371 ἐπιθὲνῖες

417 3373 743 3453 ὀφθαλμοὺς
773 3375 861 3429 καὶ
881 3373 1174 3453 Δχείλη-καὶ
1210 3374 1454 3446 μέτωπα,
1484 3379 1581 3430 τοῦ
1614 3367 1756 3453 9;qu
1788 3367 2049 3453 ἄνορὰκοᾷς

2173 3367 2504 3449 ταλαεωμενζ
2553 3367 3111 3452 Cruci/ixicorpus
3159 3367 3562 3453 recipiamus;
3610 3367 3811 3453 appli-

419 3449 728 3530 cantesque
758 3449 956 3530 acules
986 3449 1167 3522 labia,
1201 3460 1253 3509 et
1282 3457 1558 3527 frontem,
1594 3449 1864 3530 divinam
1889 3449 2205 3512 carbonem
2233 3470 2553 3516 sumamus.
2583 3449 3055 3513 Theodoretus:
3090 3459 3152 3510 in
3203 3449 3376 3513 cant.
3411 3469 3454 3523 ι,
3489 3453 3515 3511 1
3549 3472 3562 3510 :
3617 3450 3814 3508 Consi-

421 3530 582 3612 deret
612 3529 899 3612 Quomodo
929 3536 992 3590 in
1021 3540 1276 3612 tempore
1304 3534 1719 3612 mysteriorum
1753 3529 1968 3609 Sponsi
1998 3532 2255 3594 membra
2283 3534 2662 3609 suscipientes
2690 3533 3020 3594 osculamur
3049 3542 3104 3592 et
3149 3529 3711 3612 circumplectirnur,
3759 3540 3816 3588 ct

418 3611 606 3672 oculis
635 3611 1009 3691 imponimus.
1047 3610 1195 3688 Ejus
1229 3610 1414 3670 moris
1446 3612 1694 3688 antiqui.
1726 3612 1894 3672 testis
1925 3619 2018 3672 est
2047 3613 2416 3677 Theodorus
2453 3613 2734 3674 Phurnes
2782 3614 2949 3692 apud
2999 3613 3186 3674 Allat.
3239 3612 3348 3672 lib.
3371 3610 3495 3683 ίιιι,
3543 3611 3631 3672 De
3679 3630 3817 3692 con-

411 3711 606 3775 sensu,
633 3701 744 3755 etc.
777 3709 914 3775 cap.
954 3693 1049 3775 l5.
1086 3695 1172 3752 De
1197 3693 1402 3775 altero
1427 3712 1572 3775 usu,
1607 3691 1938 3775 collectum
1991 3711 2032 3775 ei
2073 3693 2255 3754 labiis
2301 3703 2442 3775 post
2481 3691 2911 3775 sumptionem
2957 3693 3168 3775 calicis
3219 3693 3541 3775 madorem
3593 3691 3815 3775 oculis,

418 3772 635 3845 fronti,
670 3778 730 3832 ct
761 3771 1018 3850 reliquis
1049 3772 1333 3832 sensibus
1364 3772 1748 3853 adhibendi;
1785 3791 1924 3831 eum
1959 3771 2412 3853 Hierosolymis
2444 3774 2826 3852 singularem
2876 3794 2999 3834 non
3049 3774 3236 3834 fuisse
3278 3774 3464 3833 ritum
3517 3771 3819 3832 nonnulla

419 3859 828 3938 monumenta
859 3853 1161 3938 s_uaden_t._
1184 3856 1338 3938 Nam
1371 3853 1582 3932 Cyrill.
1621 3852 1978 3938 Alexandr.,
2014 3854 2125 3938 lib.
2159 3871 2202 3916 ll
2241 3852 2690 3938 Glap/iyrornm
2725 3853 2785 3914 in
2820 3854 3124 3938 Exodum,
3160 3873 3306 3933 pag.
3340 3853 3551 3938 278_et
3580 3853 3825 3938 27‘l_,_d_e

413 3934 645 3996 Christi
678 3933 981 4011 sanguine
1015 3953 1049 3992 a
1082 3932 1370 4014 fidelibus
1400 3939 1652 4012 sumpto
1683 3933 2001 4014 explicans
2033 3935 2298 4012 figuram
2351 3932 2673 4013 sanguinis
2721 3935 2892 4014 agni,
2948 3932 3277 3995 domorum
3323 3935 3608 4013 postibus
3657 3932 3823 4003 illiti,

417 4015 506 4075 ait
541 4021 753 4093 portas
784 4019 1051 4095 nostras,
1089 4013 1208 4074 hoc
1239 4019 1352 4085 est,
1385 4033 1629 4095 sensus,
1665 4013 1892 4095 Christi
1923 4033 2055 4092 sang

2197 4035 2227 4076 e
2261 4017 2464 4092 liniri;
2501 4021 2663 4095 θύρας
2696 4019 2752 4076 δὲ
2776 4013 2997 4092 ίνοήσεις
3045 4021 3141 4085 τὰς
3195 4019 3244 4076 ἐν
3293 4023 3428 4094 ἡμῖν
3481 4020 3825 4090 dicebam...

417 4114 530 4174 per
560 4115 718 4174 quas
737 4093 992 4178 invadit
1023 4096 1297 4164 daemon,
1335 4094 1450 4154 nisi
1479 4094 1704 4178 Christi
1737 4095 2045 4178 sanguine

2194 4106 2378 4158 antur
2404 4119 2417 4170 ;
2454 4105 2517 4159 οὐ
2549 4093 2651 4178 γὰρ
2684 4104 2817 4172 ἦσαν
2847 4093 3346 4178 κατακεχρισμὲναιγ
3374 4107 3454 4175 τῷ
3509 4103 3703 4178 αἳμαῗτι
3733 4106 3825 4178 to?»

419 4185 686 4254 Χριστοῦ.
723 4176 916 4246 Quem
952 4175 1158 4234 locum
1194 4193 1345 4234 sane
1377 4193 1503 4252 prae
1537 4175 1735 4234 oculis
1764 4175 2059 4236 habuisse
2089 4177 2336 4239 videtur
2365 4175 2735 4240 Theodorus
2766 4175 3127 4246 Balsamon,
3163 4197 3305 4237 cum
3339 4178 3402 4236 in
3439 4177 3705 4253 epistola
3741 4176 3824 4236 De

399 4255 663 4336 jejuniis
703 4257 889 4334 (num.
929 4254 1023 4333 14)
1055 4255 1322 4315 Coteler.
1359 4259 1628 4316 Monum.
1663 4261 1815 4314 tom.
1843 4259 1922 4328 II,
1949 4275 2037 4335 pa,

2184 4259 2261 4331 )3,
2288 4261 2586 4319 scriberet
2612 4276 2626 4324 ζ
2660 4267 2738 4336 Τῇ
2773 4261 2960 4335 αἵματι
2991 4262 3081 4317 καὶ
3111 4266 3190 4333 τῷ
3217 4262 3431 4334 σώματι
3463 4262 3697 4334 Χριστοῦ
3726 4260 3822 4315 τὰς

414 4347 520 4397 τῶν
558 4341 858 4412 αἰσθήσεων
892 4339 1236 4416 παρχθῦρους
1269 4342 1563 4415 χριόμενοι
1593 4341 1682 4395 καὶ
1706 4341 2052 4416 ἁγιαζόμενοι

2182 4350 2497 4418 nungentes
2547 4348 2599 4398 et
2662 4337 3102 4416 sanctiﬁcantes
3150 4355 3426 4418 sensuum
3493 4346 3820 4418 nostrorum

402 4416 634 4494 januas
661 4421 952 4496 sangnine
984 4424 1037 4474 et
1064 4433 1314 4496 corpore
1348 4415 1601 4478 Christi.
1635 4415 2006 4496 Theodorus
2037 4417 2281 4479 Studita
2303 4415 2482 4481 hunc
2516 4437 2752 4480 morem
2806 4415 3054 4477 videtur
3105 4417 3475 4496 respexisse,
3530 4417 3677 4475 dum
3737 4416 3823 4475 ait

416 4515 602 4558 serm.
637 4500 715 4556 46
742 4494 954 4578 {Neve
984 4495 1142 4556 oculi
1166 4494 1418 4578 augusto
1448 4495 1746 4576 sanguine
1769 4496 1932 4577 ρίαιὶ
1961 4498 2205 4576 eﬂerum
2237 4511 2547 4561 cernunto.
2590 4501 2746 4560 Eum
2803 4517 3054 4578 quoque
3105 4494 3233 4576 pra}
3283 4499 3481 4558 oculis
3534 4496 3825 4556 habuisse

420 4595 642 4638 censeo
675 4575 1109 4659 Apollinarem
1143 4594 1250 4659 seu
1285 4575 1577 4659 quisquis
1597 4583 1689 4659 est
1719 4575 1941 4659 auctor
1962 4575 2310 4659 'l‘ragazdiaa
2346 4580 2581 4645 Christi
2605 4575 2910 4659 patientis,
2945 4575 3120 4659 apud
3148 4581 3332 4650 Naz.,
3368 4587 3520 4637 tom.
3557 4578 3636 4650 II,
3672 4583 3819 4659 325

412 4677 561 4739 pag.
596 4661 736 4728 272,
771 4657 967 4739 aiens,
1003 4657 1433 4739 centurionem
1467 4657 1576 4736 qui
1603 4657 2027 4739 latus_Christi
2060 4656 2354 4737 perfodit,
2391 4668 2451 4722 et
2481 4656 2818 4723 clamavit:
2855 4656 3053 4721 Filias
3085 4659 3201 4720 Dei
3224 4670 3353 4719 erat
3387 4660 3490 4718 iste
3519 4675 3533 4730 ;
3573 4656 3825 4734 sangui-

414 4737 560 4801 nem
584 4758 626 4813 Ie
656 4738 888 4801 Christi
919 4740 1115 4800 latere
1148 4737 1567 4818 proﬂuentem
1602 4737 1892 4798 manibus
1922 4739 2271 4819 collegisse,
2306 4748 2368 4802 et
2399 4742 2599 4804 oculis
2631 4740 3031 4820 applicuisse.

1554 4969 1804 5050 ’épﬁstat
1836 4991 1899 5050 ιτς
1924 4974 2082 5050 χερσὶ
2112 4978 2365 5050 κρορνοζξ,
2396 4975 2485 5030 καὶ
2515 4977 2679 5050 κέρας

1551 5043 1833 5122 ᾎΕχρισεν,
1867 5043 2165 5122 ὠξέρικενξ
2203 5048 2277 5109 ὡς
2311 5043 2530 5122 {ymo-pf
2553 5043 2678 5122 ἔχῃ.

1537 5119 1588 5180 E
1619 5122 1788 5180 fonte
1822 5121 2110 5181 manibus
2143 5119 2376 5195 haurit,
2411 5129 2474 5181 et
2502 5119 2752 5182 inu‘nxit
2783 5139 3004 5200 pupas,

1539 5201 1634 5259 Ita
1665 5205 1734 5260 ut
1763 5201 2049 5275 decebat,
2085 5203 2484 5264 sanctitatem
2509 5201 2655 5263 inde
2688 5209 3011 5281 expetens.

511 5407 687 5490 Nihil
710 5408 1001 5470 Rivetum
1037 5427 1265 5483 moror,
1302 5407 1407 5489 qui
1442 5406 1534 5470 uti
1565 5409 2069 5488 superstitiosum
2104 5415 2167 5471 et
2197 5417 2426 5490 praeter
2455 5413 2811 5490 Scripturas
2845 5411 3120 5470 traducit
3150 5407 3318 5470 hunc
3362 5429 3398 5469 a
3449 5409 3702 5487 Cyrillo,
3754 5409 3829 5467 de

437 5509 562 5573 quo
593 5489 858 5573 agimus,
887 5490 1404 5573 commendatum
1440 5509 1703 5573 morem.
1736 5490 1971 5550 Eodem
1999 5491 2141 5568 jure
2172 5489 2394 5554 omnes
2425 5499 2570 5552 ante
2598 5489 2895 5573 laudatos
2917 5497 3216 5573 auctores
3247 5498 3518 5573 accuset.
3567 5495 3832 5573 Accuset

431 5569 838 5652 Gorgoniam,
875 5569 1566 5652 GregoriiﬂN‘azianzeni
1597 5588 1895 5652 sororem,
1933 5590 2074 5648 quas
2107 5575 2390 5652 corporis
2420 5580 2482 5634 et
2512 5572 2834 5652 sanguinis
2866 5571 3094 5633 Christi
3145 5571 3523 5652 particulas,
3563 5570 3831 5650 propriis

421 5649 722 5737 lacrimis
757 5649 991 5725 mistas,
1029 5649 1353 5712 medicinae
1382 5651 1444 5712 in
1480 5652 1734 5712 modum
1770 5651 2201 5714 laborantibus
2220 5649 2495 5717 artubus
2524 5649 2869 5733 applicuit:
2904 5649 3163 5714 accuset
3185 5658 3247 5714 et
3274 5649 3640 5731 Gregorium
3699 5653 3827 5712 fra-
