4148 6286
1036 56 1039 59 .
2161 61 2170 64 Ν
2179 51 2184 56 ο
2299 59 2304 61 ,
2400 48 2401 51 ‘
2479 57 2484 60 .
2491 57 2500 62 ς.
2577 57 2592 63 _
2601 57 2644 63 ς...
2653 57 2674 62 νς.
2703 59 2706 62 ,
2773 45 2790 60 ’.
2815 47 3348 64 _—.c..;_._......__.__—.--—.-~——.

447 413 604 472 1109
1425 413 1906 476 CATECHESIS
1953 413 2174 473 XXIII.
2223 413 2776 471 MYSTAGOGIGA
2819 413 2892 471 V.
3713 414 3867 476 1110

445 553 632 631 trem.
668 547 778 628 qui
807 546 928 631 hoc
957 546 1270 631 insorore
1299 536 1393 609 uti
1424 538 1817 630 praacipuum
1849 548 1996 631 ﬁdei
2027 554 2090 631 et
2119 546 2364 608 ﬁduciae
2396 547 2459 607 in
2489 540 2688 608 Deum
2720 547 3061 626 specimen,
3096 565 3133 609 a
3165 536 3320 610 Deo.
3344 536 3483 628 ipso
3513 535 3647 628 'per
3691 553 3870 614 resti-

445 629 753 690 tutionem
788 628 1078 688 sanitatis
1112 628 1832 702 remuneratumfrefert
1859 637 1923 691 et
1951 628 2170 690 laudat
2197 635 2357 690 orat.
2397 631 2492 697 11,
2529 646 2674 707 pag.
2713 631 2851 689 187.

524 711 677 770 VIII.
715 710 889 770 Hanc
918 709 1302 770 catechesim
1335 713 1716 772 contulimus
1747 730 1891 772 cum
1921 711 2243 771 codicibus
2273 728 2466 788 supra
2497 709 2729 769 notatis
2756 725 2769 768 :
2806 729 3076 787 quorum
3111 729 3144 770 ο
3175 729 3441 772 numero
3489 715 3868 775 eximendus

440 790 886 860 Coislinianus,
922 791 1030 870 qui
1060 791 1124 850 in
1160 797 1443 853 extrema
1475 794 1732 871 pagina,
1767 793 1955 853 taedio
1988 792 2147 852 forte
2175 790 2440 866 librarii,
2477 789 2666 866 hujus
2697 791 2999 850 orationis
3029 791 3232 850 solum
3269 792 3519 852 titulum
3557 796 3864 857 continet.

438 874 712 952 Insuper
743 890 878 931 eam
912 871 1356 932 contendimus
1386 893 1527 933 cum
1563 874 1936 952 fragmentis
1966 891 2004 933 a
2035 874 2266 932 Nicone
2302 871 2612 952 monacho
2644 871 2705 929 in
2741 872 3076 952 Pandecte,
3114 874 3452 946 Eustratio,
3491 881 3553 934 et
3605 884 3868 937 auctore

442 951 642 1034 libelli
675 960 802 1032 Περῖ
833 957 990 1034 (istan:
1028 959 1345 1034 μυστηρίων
1377 955 1602 1015 citatis.
1641 951 1824 1016 Caret
1861 955 2046 1014 titulo
2077 975 2088 1011 ι

2205 951 2628 1034 ννειιωοιιιοίίη
2656 951 2948 1011 omnibus
2973 953 3465 1034 exemplaribus.
3494 957 3651 1015 Eum
3678 975 3870 1034 quem

440 1031 579 1109 ipsa
611 1031 968 1111 argumenti
999 1033 1159 1092 ratio
1199 1031 1580 1113 postulabat,
1615 1035 1996 1095 effinximus.
2032 1035 2334 1093 Notarum
2371 1032 2860 1113 crebritatemet
2892 1031 3320 1110 prolixitatem
3365 1031 3714 1096 excusabit
3752 1037 3876 1096 lec-

441 1117 542 1195 tor
585 1113 964 1195 proptergrei
997 1119 1280 1195 tractatae
1306 1112 1675 1192 dignitatem
1709 1123 1772 1176 et
1803 1116 2178 1176 ubertatem.
2215 1113 2420 1195 Unum
2453 1118 2546 1174 est
2576 1112 2838 1195 quodin
2870 1113 3380 1195 dissertatiouem
3413 1115 3680 1176 tertiam
3708 1117 3869 1195 reje-

443 1193 682 1334 (ἔξωρα.
702 1191 871 1272 quod
890 1193 1201 1334 tnimirum
1232 1191 1505 1274 pertinet
1535 1197 1614 1256 ad
1673 1196 2138 1257 invocationem
2191 1193 2460 1273 Spiritus
2506 1193 2707 1255 sancti
2748 1191 2813 1252 in
2863 1193 3340 1255 consecratione
3387 1195 3562 1274 apud
3611 1191 3870 1259 Graecas

467 1291 568 1334 acc
597 1292 760 1334 esias
793 1274 886 1334 usi
919 1282 1122 1334 alam.

467 1274 760 1335 Ecclesias
793 1274 1089 1336 usitatam
1107 1321 1122 1335 .

1425 412 1906 476 CATECHESIS
1953 411 2174 473 XXIII.
2223 409 2776 471 MYSTAGOGIGA
2819 411 2892 471 V.

1285 1595 2008 1692 ΚΑΤΗΧΗΣΙΣ
2096 1592 2994 1691 ΜΥΣΤΑΓΩΓΙΚΗ
3067 1595 3168 1689 E’

555 1848 652 1906 Ἐκ
707 1854 807 1920 τῆς
861 1846 1067 1926 Πέτρου
1117 1847 1426 1921 καθολικῆς
1486 1850 1835 1921 Ἐπιστολῆς·
1899 1851 1998 1927 hic
2049 1849 2606 1927 duoﬁépevothniaav
2669 1844 2959 1927 ῥυπαρίαν,
3018 1848 3109 1904 καὶ
3161 1847 3337 1906 πὰντα
3395 1845 3583 1925 δόλον,
3642 1855 3734 1907 καὶ

1767 1919 2129 1996 καταλαλιᾶν,
2159 1919 2251 1978 καὶ
2281 1921 2349 1978 τὰ
2377 1919 2526 1996 ἑξῆς.

1608 2339 2034 2398 CATECHESIS
2074 2338 2573 2398 NYSTAGOGICA
2615 2340 2678 2396 ν.

715 2545 796 2602 Ex
825 2545 1090 2618 Epistola
1119 2547 1277 2602 Petri
1307 2545 1601 2603 catholica
1630 2562 1643 2602 :
1673 2547 1890 2603 Idcirco
1919 2549 2248 2618 deponentes
2278 2562 2492 2602 omnem
2523 2547 2957 2618 immunditiam,
2991 2552 3040 2604 et
3067 2562 3278 2604 omnem
3303 2545 3490 2604 dolum
3520 2562 3584 2604 ac

1587 2619 1981 2675 detractionem
2010 2618 2078 2689 ³³,
2111 2624 2171 2675 et
2199 2635 2334 2691 quia
2366 2624 2722 2692 sequuntur.

515 2822 596 2878 A‘.
632 2822 712 2895 Τῇ
742 2824 838 2876 τοῦ
871 2826 1002 2877 Θεοῦ
1043 2821 1431 2900 φιλανθρώπίᾳ
1486 2823 1540 2879 ἐν
1598 2828 1717 2886 ταῖς
1773 2817 2086 2898 προλαϐού-

2278 2825 2320 2879 Ι.
2354 2824 2602 2881 Abunde
2635 2824 2699 2879 in
2730 2823 3206 2896 prmcedentibus
3231 2825 3570 2898 synaxibus,
3594 2824 3712 2881 Deo
3735 2824 3864 2882 cle-

446 2931 560 2968 σαις
612 2910 908 2980 συνάξεσιν,
966 2911 1276 2985 ἀρκούντως
1336 2913 1608 2982 ἀκηκόατε
1686 2912 1810 2987 περί
1887 2932 1947 2966 τε
2020 2913 2094 2984 (1)

447 2999 843 3072 βαπτίσματος,
875 3001 964 3055 καὶ
995 3001 1322 3076 χρίσματος,
1355 3002 1448 3056 καὶ
1493 2998 1855 3074 μεταλήψεως
1903 2999 2095 3072 σώμα-

440 3109 534 3149 τος
564 3089 654 3142 καὶ
688 3087 919 3162 α’ίματος
947 3093 1204 3166 Χριστοῦ·
1239 3095 1329 3145 νῦν
1389 3088 1445 3145 δὲ
1505 3091 1592 3146 ἐπὶ
1646 3091 1710 3145 τὰ
1751 3091 1873 3163 ἑξῆς
1928 3110 2092 3163 μετα-

443 3171 645 3232 ϐαίνειν
680 3179 997 3253 ἀναγκαῖον,
1041 3182 1283 3253 σήμερον
1329 3181 1428 3248 τὴν
1489 3180 1753 3256 στεφάνην
1802 3179 2093 3250 ἐπιθήσον-

439 3287 532 3328 τας
561 3270 628 3340 τῇ
662 3271 1003 3342 πνευματικῇ
1039 3269 1191 3342 ὑμῶν
1224 3275 1324 3338 τῆς
1353 3267 1619 3346 ὠφελείας
1653 3266 1947 3342 οῗκοδομῇ.

509 3357 585 3414 B‘.
630 3356 941 3434 Ἑωράκατε
995 3357 1179 3412 τοίνυν
1235 3360 1326 3412 τὸν
1379 3356 1629 3414 διάκονον
1690 3358 1782 3413 τὸν
1841 3357 2092 3432 νίψασθαι

442 3442 660 3501 διδόντα
688 3450 768 3519 τῷ
800 3447 956 3520 ἱερεῖ,
986 3446 1077 3501 καὶ
1124 3452 1240 3508 τοῖς
1293 3448 1553 3503 κυκλοῦσι
1603 3447 1666 3502 τὸ
1711 3449 2092 3522 θυσιαστήριον

437 3538 534 3589 τοῦ
566 3541 702 3591 Θεοῦ
734 3532 1144 3611 πρεσϐυτέροις.
1177 3535 1253 3593 Οὐ
1285 3536 1500 3599 πάντως
1533 3534 1592 3590 δὲ
1640 3534 1820 3591 ἐδίδου
1865 3534 1955 3591 διὰ
1999 3537 2091 3591 τὸν

440 3626 751 3693 σωματικὸν
783 3625 974 3701 ῥύπον·
1019 3625 1118 3680 οὐκ
1175 3621 1288 3680 ἔστι
1343 3630 1524 3682 τοῦτο.
1579 3623 1718 3683 Οὔτε
1775 3627 1880 3700 γὰρ
1924 3625 2091 3701 ῥύπον

441 3717 695 3789 σώματος
727 3713 974 3791 ἕχουτες,
1004 3717 1102 3785 τὴν
1136 3716 1317 3791 ἀρχὴν
1352 3717 1624 3789 εἰσήειμεν
1659 3715 1734 3778 εἷς
1763 3717 1862 3784 τήν
1895 3714 2095 3786 ἐκκλη-

443 3806 577 3861 σίαν.
609 3805 792 3862 Ἀλλὰ
823 3801 1105 3879 σύμϐολόν
1136 3807 1270 3876 ἐστι,
1298 3810 1396 3860 τοῦ
1429 3803 1538 3860 δεῖν
1598 3806 1736 3878 ὑμᾶς
1780 3805 2091 3881 καθαρεύειν

442 3896 659 3949 πάντων
691 3896 905 3970 ἁμαρτη
919 3896 1102 3967 μάίτων
1135 3895 1225 3949 καὶ
1260 3893 1658 3967 ἀνομημάτων,
1715 3893 1779 3948 τὸ
1815 3894 2091 3966 νίψασθαι.

439 3983 662 4054 Ἐπειδὴ
695 3985 798 4060 γὰρ
833 3987 886 4039 αἱ
931 3990 1116 4061 χεῖρες
1175 3980 1457 4057 σύμϐολον
1521 3984 1783 4059 πράξεως·
1837 3985 2093 4058 νίψασθαι

439 4074 656 4144 ταύτας,
685 4077 747 4129 τὸ
778 4075 1006 4148 καθαρὸν
1064 4072 1318 4146 δηλονότι
1367 4073 1457 4129 καὶ
1503 4071 1736 4148 ἄμωμον
1793 4078 1901 4129 τῶν
1957 4074 2093 4150 πρά-

2206 2920 2441 2970 menter
2469 2915 2780 2988 largiente,
2821 2915 3130 2970 audivistis
3184 2921 3311 2970 tum
3361 2915 3434 2970 de
3479 2914 3858 2987 baptismate,

2163 3007 2169 3012 ’
2207 3021 2342 3059 cum
2375 3005 2448 3059 de
2479 3005 2819 3072 chrismate,
2855 3010 2913 3059 et
2943 3005 3281 3076 sumptione
3313 3005 3578 3076 corporis
3628 3011 3686 3060 et
3725 3021 3859 3062 sano

2205 3093 2400 3166 guinis
2431 3094 2686 3147 Christi:
2747 3110 2908 3148 nunc
2959 3093 3033 3147 ad
3098 3111 3166 3148 ea
3223 3109 3354 3164 quas
3407 3099 3859 3165 consequuntur

2169 3195 2171 3197 ‘
2205 3182 2538 3254 transgredi
2570 3199 2680 3237 nos
2711 3187 2962 3253 oportet,
2993 3182 3169 3238 hodie
3203 3183 3496 3254 spirituali
3528 3183 3858 3241 institutio-

2205 3272 2300 3326 nis
2331 3277 2538 3326 vestraa
2569 3271 2820 3326 aadiﬁcio
2853 3272 3196 3327 coronidem
3227 3272 3636 3344 imposituros.

2274 3361 2342 3416 Il.
2377 3361 2617 3416 Vidistis
2649 3361 2827 3433 igitur
2855 3361 3172 3416 diaconum
3206 3361 3496 3417 sacerdoti
3527 3367 3586 3416 et
3613 3362 3851 3435 presby-

2205 3452 2346 3507 teris
2378 3451 2564 3506 altare
2595 3451 2697 3505 Dei
2725 3451 3248 3506 circumstantibus
3279 3468 3495 3523 aquam
3537 3452 3859 3508 abluendis

2204 3540 2480 3596 manibus
2509 3541 2910 3612 porrigentem
2941 3541 3040 3611 (3).
3074 3539 3423 3596 Nullatenus
3455 3558 3594 3596 vero
3618 3542 3860 3613 propter

2205 3645 2518 3700 corporeas
2550 3629 2755 3684 sordes
2786 3629 3173 3701 extergendas
3195 3629 3390 3684 dabat.
3420 3631 3565 3696 Non,
3590 3629 3858 3701 inquam,

2205 3724 2558 3791 prOpterea;
2594 3733 2788 3789 neque
2823 3718 2980 3772 enim
3013 3719 3279 3789 corporis
3311 3719 3516 3773 sordes
3561 3724 3854 3791 gerentes,

2206 3808 2378 3862 initio
2403 3807 2715 3862 ecclesiam
2733 3807 2984 3880 ingressi
3007 3824 3242 3862 eramus
3264 3809 3361 3880 (4).
3387 3809 3462 3862 At
3483 3824 3551 3863 ea
3570 3824 3856 3863 manuum

2208 3897 2430 3952 ablutio
2469 3896 2805 3967 symbolum
2864 3901 2970 3964 est,
3022 3896 3277 3951 mundos
3307 3913 3407 3951 vos
3455 3895 3527 3952 ab
3577 3897 3856 3952 omnibus

2207 3986 2465 4058 peccatis
2507 3991 2566 4040 et
2612 3985 3194 4057 praavaricationibus
3245 4001 3375 4040 esse
3427 3984 3660 4043 debere.
3711 3986 3855 4041 Cum

2207 4075 2366 4129 enim
2399 4091 2612 4130 manus
2643 4075 2977 4146 symbolum
3009 4075 3130 4130 sint
3158 4075 3431 4144 actionis,
3464 4073 3538 4128 iis
3567 4073 3855 4144 lavandis,

441 4166 568 4235 ξεων
599 4164 966 4238 αἰνιττόμεθα.
1000 4163 1115 4221 Οὐκ
1168 4161 1411 4234 ἤκολσας
1463 4168 1560 4219 τοῦ
1611 4163 1878 4240 μακαρίου
1928 4159 2088 4218 Δαῦὶδ

2206 4165 2528 4236 puritatem
2543 4181 2791 4236 operum
2804 4182 3128 4236 eorumque
3142 4164 3213 4220 ab
3227 4165 3379 4220 omni
3391 4164 3856 4236 reprehensione

440 4253 568 4309 αὐτὸ
589 4257 750 4309 τοῦτο
787 4258 1268 4330 μυσταγωγοῦντος
1299 4257 1400 4326 (2),
1423 4252 1513 4308 καὶ
1545 4252 1821 4329 λέγοντος,
1847 4253 2093 4328 Νίψομαι

439 4343 490 4398 ἐν
524 4343 726 4408 ἀθώοις
756 4343 850 4406 τὰς
882 4345 1073 4420 χεῖράς
1135 4364 1262 4416 μου,
1313 4342 1403 4398 καὶ
1460 4344 1731 4398 κυκλώσω
1788 4345 1850 4398 τὸ
1904 4355 2092 4407 θυσια-

441 4433 661 4509 στήριόν
696 4453 817 4504 σου,
848 4432 1052 4506 Κύριε;
1111 4431 1322 4490 Οὐκοῦν
1382 4432 1444 4486 τὸ
1501 4432 1755 4504 νίψασθαι
1817 4433 1911 4492 τὰς
1965 4436 2088 4506 χεῖ-

439 4543 552 4599 ρας,
607 4527 708 4578 τοῦ
769 4522 1128 4578 ἀνυπεύθυνον
1186 4522 1322 4577 εἶναι
1386 4522 1746 4595 ἁμαρτήμασι
1804 4515 2086 4593 σύμϐολόν

440 4610 526 4667 ἔστ
536 4633 602 4670 ιν.

513 4737 603 4795 ³³1
632 4741 788 4797 Petr.
822 4757 882 4811 ιι,
917 4741 966 4796 1.

511 4865 578 4934 (1)
612 4864 743 4939 Περὶ
773 4867 1242 4939 ryScripsimus
1278 4883 1338 4918 τε
1389 4863 1519 4919 loco
1572 4864 1808 4921 articuli
1858 4867 1978 4939 τοῦ,
2022 4881 2093 4939 ex

438 4939 557 5009 Roe
591 4942 648 4991 et
676 4937 925 4994 Casaub.
955 4937 1095 5009 quia
1126 4940 1444 5008 sequentes
1474 4953 1644 4991 voces
1677 4938 1805 4994 sine
1838 4937 2088 4993 articulo

441 5008 697 5064 scripta.

513 5025 554 5062 ['1
605 5025 697 5064 ιω.

629 5079 775 5152 Αὐτὸ
830 5080 990 5134 τοῦτο
1053 5081 1560 5152 μυσταγωγοῦντος.
1618 5082 1759 5146 Roe,
1820 5087 1879 5135 et
1934 5082 2087 5147 Cas.,

443 5148 572 5225 αύτρ
602 5151 762 5206 τοῦτό
795 5171 852 5205 σε
887 5148 1395 5225 μυστεαγωγοῦντος,
1431 5151 1530 5205 hoc
1561 5153 1745 5220 ipsum
1778 5160 1828 5207 te
1859 5154 2031 5207 docet.

516 5223 590 5289 (3)
619 5226 923 5280 Diaconum
951 5223 1245 5286 sacerdou,
1288 5227 1397 5276 etc.
1449 5238 1649 5296 aquam
1689 5227 2087 5296 porrigentem.

439 5293 734 5351 Diaconus
765 5313 982 5366 aquam
1016 5297 1077 5349 in
1111 5309 1324 5348 manus
1357 5291 1648 5366 sacerdoti
1681 5291 1968 5349 fundebat
1986 5312 2092 5366 per

438 5382 646 5421 omnes
704 5363 995 5422 Ecclesias
1052 5365 1334 5434 (Latinas)
1389 5363 1657 5419 Romana
1701 5363 2090 5435 exceptafex

438 5443 592 5491 auct.
627 5440 922 5502 Quaastion.
959 5437 1016 5510 in
1054 5439 1219 5491 Vetus
1249 5441 1300 5487 et
1323 5436 1536 5510 rivorum
1575 5438 1711 5510 Test.
1746 5437 1902 5507 apud
1943 5440 2087 5510 Aug.

440 5513 582 5561 tom.
617 5510 712 5574 Ill,
747 5508 1014 5579 Append.
1049 5511 1256 5579 quiest.
1312 5507 1430 5579 lOl.
1460 5506 1550 5579 __In
1599 5506 2090 5564 Constitutionibas

443 5595 578 5651 vero
600 5575 912 5650 apostolicis
942 5579 1002 5632 id
1033 5575 1295 5651 ofﬁcium
1327 5575 1728 5651 subdiaconus
1778 5579 2046 5651 fungitur
2074 5598 2086 5635 :

445 5647 719 5720 idque—in
759 5651 1023 5706 Ecclesia
1078 5648 1397 5704 Parisiensi
1445 5647 1916 5720 observabatur:
1940 5657 2090 5709 teste

445 5718 766 5781 Fortunato
792 5724 856 5779 in
893 5721 1027 5777 Vita
1053 5721 1233 5777 sancti
1270 5718 1539 5788 Marcelli,
1579 5723 1735 5795 apud
1766 5723 2024 5796 Surium,
2060 5731 2084 5781 1

1047 4740 1094 4775 ³⁸
1123 4741 1278 4797 Psal.
1313 4757 1444 4810 xxv,
1478 4742 1531 4796 6.

2206 4254 2647 4311 immunitatem
2666 4255 3225 4328 signiﬁcamus.Non
3247 4255 3466 4310 audisti
3481 4254 3722 4311 beatum
3745 4255 3858 4311 Da-

2201 4345 2296 4399 vid
2330 4346 2440 4400 hoc
2473 4345 2646 4400 nobis
2676 4345 2945 4416 mysterii
2993 4345 3384 4416 aperientem,
3435 4344 3852 4416 aientemque:

2201 4435 2418 4488 Lavabo
2447 4436 2594 4488 inter
2623 4433 2934 4490 innocentes
2965 4434 3119 4490 820
3163 4449 3358 4488 manus
3410 4449 3574 4501 meas,
3621 4438 3675 4488 et
3725 4431 3847 4488 cir-

2199 4523 2463 4578 cumdabo
2495 4523 2671 4579 altare
2703 4530 2879 4591 tuum,
2905 4525 3130 4578 Domine
3158 4521 3204 4557 ²⁵
3225 4522 3254 4577 ‘l
3280 4523 3484 4594 Itaque
3530 4521 3690 4593 quod
3719 4537 3851 4577 ma-

2198 4628 2311 4668 nus
2341 4611 2688 4680 abluuntur,
2722 4613 2960 4686 signum
2979 4617 3069 4669 est
3091 4611 3488 4668 immunitatis
3513 4627 3550 4667 a
3569 4610 3849 4684 peccatis.

2204 4862 2708 4936 Novembninum.
2743 4866 2772 4919 3
2807 4869 2864 4920 et
2893 4868 2944 4921 4.
2978 4862 3134 4918 Nihil
3165 4862 3238 4918 de
3287 4862 3581 4936 ejusmodi
3623 4865 3848 4924 lotione

2200 4934 2261 4990 in
2282 4935 2482 5010 sancti
2501 4935 2712 5010 Jacobi
2745 4936 3003 5010 liturgia.

2273 5007 2350 5084 (ᾇ)
2380 5007 2568 5084 Initio_
2592 5008 2868 5084 ecclesiam
2896 5007 3156 5076 'ingressi
3212 5022 3454 5084 eramus,
3508 5008 3607 5076 τήν
3667 5007 3850 5084 ἀρχὴν

2198 5075 2493 5148 εἰσῄειμεν.
2527 5079 2684 5132 Verti
2716 5081 2891 5134 etiam
2923 5075 3137 5150 potest,
3166 5078 3451 5133 ecclesiam
3489 5075 3714 5150 prorsus
3741 5075 3849 5138 ’ἶνι-

2234 5150 2367 5221 ressi
2378 5164 2622 5204 essemus.
2647 5152 2779 5205 Hmc
2801 5152 2959 5205 enim
2983 5150 3220 5221 elegans
3242 5157 3546 5221 usurpatio
3569 5155 3726 5208 vocis
3749 5155 3848 5221 τήν

2237 5219 2411 5292 ρχήνἱ
2439 5221 2640 5292 Notus,
2663 5238 2756 5275 me
2773 5223 3006 5288 silente,
3032 5219 3344 5275 ecclesiam
3368 5219 3552 5279 illotis
3575 5219 3850 5281 manibus

2200 5290 2320 5366 non
2343 5290 2600 5366 adeundi
2624 5309 2768 5366 usus
2793 5310 2804 5348 :
2827 5296 2918 5348 cui
2934 5293 3266 5366 comparati
3287 5302 3457 5366 erant
3477 5314 3597 5366 prae
3621 5298 3846 5352 foribus

2202 5362 2590 5438 ecclesiarum
2619 5365 2893 5438 dispositi
2923 5365 3135 5438 fontes.
3170 5362 3558 5438 Quodautém
3578 5368 3760 5438 aliqui
3789 5369 3849 5422 id

2201 5434 2273 5489 de
2305 5433 2665 5508 presbyteris
2690 5433 2883 5508 solum
2916 5436 3138 5491 dictum
3163 5450 3196 5508 a
3225 5435 3441 5508 Cyrillo
3473 5433 3701 5508 putant:
3724 5457 3845 5493 non

2201 5505 2537 5561 assentior:
2572 5507 2933 5577 quod-nemo
2973 5508 3034 5562 in
3067 5505 3399 5571 ecclesiam,
3426 5505 3612 5563 multo
3643 5511 3844 5564 minus

2203 5577 2304 5648 qui
2327 5579 2820 5634 communicaturi
2843 5585 3032 5648 erant,
3057 5577 3241 5632 illotis
3261 5579 3536 5634 manibus
3565 5580 3846 5635 accedere

2201 5649 2467 5725 auderet,
2496 5651 2729 5725 etiamsi
2769 5668 2983 5725 magna
3011 5648 3368 5725 necessitate
3385 5656 3847 5725 premeretur,ut

2149 5728 2156 5734 ’
2200 5721 2287 5780 ait
2310 5721 2636 5797 Chrysost.,
2663 5723 2824 5781 hom.
2856 5721 2946 5797 22,
2977 5725 3049 5782 ad
3066 5737 3206 5794 pop.
3235 5721 3514 5792 Antioch,
3546 5736 3678 5794 pag.
3714 5721 3840 5773 260.
