4148 6286
409 286 562 347 1111

1466 287 1535 348 3.
1579 284 1893 348 CYRILLI
1936 282 2361 348 HIEROSOL.
2405 286 2776 351 ARCHIEP.

3676 287 3839 347 1112

482 419 578 472 III.
613 414 836 472 Deinde
868 414 1087 472 clamat
1106 415 1392 474 diaconus
1422 432 1436 472 :
1469 419 1592 476 νοω
1615 419 1847 475 invicem
1887 420 2060 474 susci-

2242 421 2314 473 I“.
2349 418 2483 474 Εἶτα
2543 419 2646 493 βοᾷ
2701 417 2730 472 ὁ
2790 414 3062 480 διάκονος
3123 413 3444 487 ’Δλλήλους
3497 410 3837 485 ἀπολάϐετε,

406 509 546 578 pite,
581 507 994 578 osculemurque
1023 514 1215 562 mutuo
1245 507 1340 580 (1).
1374 509 1454 564 Ne
1484 509 1752 564 osculum
1786 507 1935 564 illud
1966 525 2062 564 ar-

412 597 634 651 bitrere
667 596 938 669 ejusdem
969 597 1196 653 ordinis
1226 613 1294 653 ac
1325 598 1506 653 moris
1536 615 1687 668 esse,
1723 598 1924 670 qualia
1962 597 2068 654 illa

413 692 556 742 sunt
587 703 718 757 quas
749 687 907 742 inter
936 704 1288 744 communes
1318 689 1539 744 amicos
1563 688 1625 743 in
1645 688 1773 743 foro
1795 689 2068 760 frequen-

411 782 637 834 tantur.
670 777 795 832 Non
827 781 917 832 est
947 777 1289 849 hujusmodi
1322 778 1591 834 osculum
1619 777 1810 844 istud;
1835 779 2064 833 animas

413 866 573 922 enim
605 870 814 922 mutuo
848 866 1129 922 conciliat
1159 872 1217 922 et
1234 869 1460 937 miscet,
1489 874 1665 939 atque
1687 867 2065 923 omnemillis

411 957 769 1030 injuriarum
802 956 1160 1013 oblivionem
1192 958 1462 1030 spondet.
1497 959 1738 1032 Signum
1769 959 1947 1032 igitur
1977 963 2067 1014 est

415 1048 691 1103 osculum
723 1047 856 1115 hoc,
888 1047 1118 1103 animas
1150 1047 1261 1102 sibi
1322 1049 1572 1104 invicem
1621 1048 1958 1117 admisceri,
2008 1052 2068 1103 et

415 1153 656 1192 omnem
688 1136 1041 1208 injuriarum
1068 1139 1417 1192 memoriam
1449 1138 2068 1211 ablegare.Propterea

415 1226 685 1284 Christus
716 1225 950 1281 aiebat:
982 1227 1044 1281 Si
1075 1228 1274 1296 offeras
1311 1243 1505 1283 munus
1555 1235 1708 1282 tuum
1751 1228 1824 1282 ad
1865 1226 2064 1296 altare,

414 1323 468 1371 et
499 1316 576 1370 ibi
604 1315 920 1371 recordatus
949 1319 1124 1384 fueris
1151 1317 1298 1386 quod
1324 1320 1505 1386 frater
1525 1326 1647 1373 tuus
1665 1317 1824 1372 habet
1850 1316 2069 1387 aliquid

415 1405 700 1461 adversum
733 1411 824 1470 te;
855 1407 1105 1476 relinque
1127 1422 1324 1462 munus
1355 1413 1505 1462 tuum
1527 1407 1600 1461 ad
1625 1407 1824 1470 altare,
1851 1413 1901 1460 et
1929 1406 2068 1460 vade

407 1497 571 1566 prius
587 1511 651 1550 ac
671 1494 1039 1550 reconcilieris
1068 1497 1240 1562 fratri
1272 1503 1445 1565 tuo,et
1478 1504 1606 1552 tunc
1637 1498 1894 1552 accedens
1929 1497 2069 1566 offer

417 1600 612 1641 munus
644 1592 798 1640 tuum
829 1584 895 1640 ’5.
929 1585 1112 1657 Igitur
1137 1586 1406 1642 osculum
1429 1587 1834 1642 reconciliatio
1859 1592 1949 1641 est
1973 1603 1987 1652 ;
2011 1590 2070 1641 et

415 1681 731 1748 propterea
753 1679 1044 1743 sanctum,
1070 1675 1454 1732 sicutalicubi
1474 1675 1682 1732 beatus
1705 1675 1923 1731 Paulus
1945 1675 2066 1731 cla-

419 1763 620 1820 mabat
641 1763 848 1819 dicens
873 1781 886 1819 :
918 1764 1169 1820 Salutate
1200 1768 1430 1820 invicem
1461 1767 1518 1819 in
1552 1766 1734 1822 osculo
1762 1771 1949 1820 sancto
1979 1763 2026 1800 ³⁸
2051 1782 2063 1834 ;

418 1858 478 1908 et
506 1855 747 1908 Petrus:
781 1855 844 1907 In
873 1854 1053 1908 osculo
1084 1854 1374 1911 charilatis
1403 1854 1468 1909 ³⁷.

490 1941 580 1994 IV.
606 1943 816 1995 Postea
828 1941 1046 1998 clamat
1058 1943 1363 1998 sacerdos:
1386 1944 1614 1999 Sursum
1636 1944 1803 1999 corda
1820 1945 2067 2014 (2).Vere

420 2031 582 2086 enim
614 2030 674 2086 in
706 2031 815 2086 hac
838 2049 942 2103 per
963 2049 1142 2103 quam
1161 2035 1417 2089 maxime
1441 2034 1750 2090 tremenda
1775 2034 1940 2099 hora,
1969 2050 2069 2088 cor

421 2137 660 2176 sursum
691 2120 911 2176 habere
943 2128 1176 2194 oportet
1203 2123 1277 2178 ad
1309 2125 1517 2191 Deum,
1550 2129 1607 2178 et
1636 2141 1754 2179 non
1787 2123 2064 2178 deorsum

416 2212 574 2268 circa
605 2218 821 2268 terram
856 2218 913 2267 et
943 2218 1180 2270 terrena
1208 2216 1464 2287 negotia.
1497 2215 1661 2270 Idem
1692 2215 1871 2287 igitur
1892 2219 1981 2270 est
1998 2229 2066 2270 ac

417 2304 463 2359 si
496 2305 803 2376 praecipiat
833 2305 1214 2374 sacerdos,ut
1244 2323 1451 2362 omnes
1483 2306 1640 2362 circa
1669 2307 1829 2362 illam
1857 2307 2064 2361 horam

413 2393 716 2465 deponant
745 2410 917 2449 curas
947 2394 1076 2448 vita:
1109 2395 1288 2467 hujus
1311 2400 1370 2452 et
1400 2396 1755 2452 domesticas
1783 2396 2068 2452 sollicitu-

412 2484 606 2553 dines,
639 2482 1015 2554 habeantque
1049 2501 1284 2539 sursum
1318 2485 1380 2538 in
1413 2485 1559 2540 cmlo
1592 2503 1693 2542 cor
1712 2485 1785 2542 ad
1803 2486 2068 2542 clemen-

413 2576 532 2626 tem
566 2573 773 2626 Deum.
808 2571 1033 2627 Deinde
1064 2573 1439 2644 respondetis
1466 2576 1772 2630 :Habemus
1801 2577 1874 2630 ad
1894 2577 2068 2630 Domi-

413 2678 543 2717 num
569 2680 582 2729 ;
618 2662 669 2716 ei
703 2667 998 2734 praecepto
1029 2678 1136 2734 per
1153 2678 1283 2718 eam
1310 2679 1488 2734 quam
1513 2665 1913 2734 pronuntiatis
1934 2681 2070 2720 con-

414 2750 739 2806 fessionem
756 2750 1170 2806 assentientes.
1192 2753 1373 2807 Nemo
1395 2752 1575 2824 igitur
1595 2755 1677 2809 ita
1694 2762 2068 2826 comparatus

421 2839 596 2908 adsit,
629 2845 716 2913 ut,
749 2857 885 2895 cum
917 2856 1017 2896 ore
1063 2839 1238 2910 dicat,
1297 2842 1568 2898 Habemus
1625 2843 1698 2899 ad
1753 2847 2066 2912 Dominum,

2173 503 2263 560 καὶ
2292 505 2576 577 ἀλλήλους
2605 508 2992 580 ἀσπαζῶμεθα.
3053 507 3148 576 Μὴ
3205 500 3493 580 ὑπολάϐῃς
3544 505 3608 560 τὸ
3659 503 3841 582 φίλη·

2177 593 2452 668 μαὲκεῖνο
2485 596 2708 667 σύνηθες
2757 599 2893 652 εἶναι
2950 600 3068 658 τοῖς
3124 595 3207 650 ἐπ’
3259 595 3461 671 ἀγορᾶς
3512 596 3835 669 γινομένοις

2176 683 2279 739 ὑπὸ
2306 689 2412 740 τῶν
2444 690 2643 741 κοινῶν
2677 683 2876 764 φίλων.
2914 683 3032 742 Οὐκ
3070 680 3184 740 ἔστι
3215 688 3289 756 (3)
3344 683 3524 740 τοίνυν
3571 688 3834 739 τοιοῦτον

2169 773 2234 827 τὸ
2263 771 2502 851 φίλημα.
2553 773 2904 846 Ἀνακίρνησι
2959 773 3056 837 τὰς
3114 773 3318 848 ψυχὰς,
3374 771 3679 844 ἀλλήλαις,
3745 774 3835 827 καί

2173 868 2344 918 πᾶσαν
2403 863 2800 938 ἀμνησικακίαν
2859 863 3046 926 αὐταῖς
3118 862 3493 937 μνηστεύεται.
3579 867 3834 937 Σημεῖον

2171 950 2353 1006 τοίνυν
2374 951 2486 1007 ἐστὶ
2515 953 2578 1008 τὸ
2633 953 2878 1032 φίλημα,
2925 950 3022 1008 τοῦ
3062 951 3430 1026 ἆνακραθῆναι
3471 951 3568 1014 τὰς
3619 952 3835 1028 ψυχὰς,

2173 1042 2260 1097 καὶ
2295 1046 2465 1098 πᾶσαν
2525 1041 2783 1120 ἐξορίζειν
2838 1042 3220 1116 μνησικτκίαν.
3279 1041 3376 1098 Διὰ
3427 1047 3588 1097 τοῦτο
3641 1044 3672 1096 ὁ
3707 1044 3839 1117 Χρι-

2177 1133 2300 1194 στὸς
2335 1130 2540 1209 ἔλεγεν
2573 1133 2698 1190 Ἐὰν
2746 1135 3064 1210 προσφέρῃς
3118 1133 3180 1188 τὸ
3239 1130 3414 1209 δῶρόν
3471 1154 3566 1189 σου
3622 1131 3718 1188 ἐπὶ
3777 1133 3837 1187 τὸ

2175 1224 2579 1297 Θυσιαστήριον,
2637 1224 2726 1278 καὶ
2805 1221 2918 1278 ἐκεῖ
3006 1226 3278 1297 μνησθῇς,
3363 1222 3446 1278 ὅτι
3505 1224 3534 1277 ὁ
3593 1220 3838 1298 ἀδελφός

2177 1333 2273 1366 σου
2302 1311 2419 1388 ἔχει
2464 1334 2517 1368 τι
2570 1314 2707 1367 κατὰ
2765 1316 2881 1366 σοῦ·
2937 1312 3064 1390 ἃφες
3117 1313 3182 1367 τὸ
3237 1310 3411 1386 δῶρόν
3467 1333 3563 1367 σου
3622 1310 3719 1366 ἐπὶ
3775 1313 3836 1366 τὸ

2178 1404 2583 1476 θυσιαστήριον,
2656 1405 2746 1456 καί
2825 1401 3004 1477 ὕπαγε
3083 1405 3326 1477 πρῶτον,
3418 1401 3509 1456 καὶ
3591 1397 3833 1455 διαλλά-

2175 1494 2305 1567 γηθι
2364 1496 2438 1566 (4)
2494 1497 2575 1565 τῷ
2628 1489 2850 1569 ἀδελφῷ
2909 1511 3025 1546 σου·
3103 1491 3194 1546 καὶ
3280 1492 3402 1546 τότε
3478 1488 3833 1566 προσελθὼν,

2175 1581 2447 1658 πρόσφερε
2473 1579 2536 1635 τὸ
2585 1578 2758 1655 δῶρόν
2822 1601 2939 1637 σου.
2997 1579 3206 1637 Οὐκοῦν
3261 1579 3324 1635 τὸ
3381 1577 3605 1657 φίλημα
3668 1576 3830 1634 διαλ-

2176 1669 2317 1744 λαγή
2352 1669 2486 1737 ἐστι,
2514 1670 2606 1724 καὶ
2658 1667 2747 1724 διὰ
2793 1674 2952 1725 τοῦτο
3007 1669 3181 1744 ἅγιον*
3234 1668 3308 1732 ὥς
3360 1690 3464 1724 που
3497 1670 3831 1746 ὁμακάριος

2179 1757 2396 1822 ῐιαῦλος
2452 1753 2583 1813 ἐϐόα
2639 1755 2838 1833 λέγων.
2899 1758 3237 1816 ’Δσπάσασθε
3285 1757 3567 1828 ἅλλήλους,
3629 1757 3684 1814 ἰν
3742 1780 3832 1836 φι-

2177 1849 2386 1922 λήματι
2419 1847 2581 1923 ὀιγίῴ·
2615 1848 2702 1902 καὶ
2738 1849 2942 1924 Πέτρος
2977 1851 3070 1921 (5)⁶
3101 1850 3190 1904 Ἐν
3225 1846 3497 1926 φιλήματι
3532 1849 3776 1924 ἀγάπης.

2249 1939 2320 1994 Δ“.
2348 1936 2493 1992 Μετὰ
2524 1940 2685 1990 τοῦτο
2751 1937 2852 2010 βοᾷ
2904 1937 2932 1990 ὁ
2991 1935 3190 2010 ἱερεύς.
3243 1938 3395 1994 ’Δνω
3451 1936 3547 1999 τὰς
3575 1934 3826 2013 καρδίας.

2174 2025 2434 2095 ’Λληθῶς
2465 2024 2590 2102 γὰρ,
2625 2026 2743 2080 κατ’
2770 2023 2979 2095 ἐκείνην
3035 2025 3134 2093 τήν
3186 2023 3631 2102 φρικωδεστάτην
3683 2025 3826 2102 ὥραν

2177 2114 2259 2171 δεῖ
2280 2114 2387 2170 ἅνω
2418 2109 2567 2189 ἔχειν
2596 2115 2696 2184 τήν
2728 2111 2953 2188 καρδίαν
2986 2115 3123 2190 πρὸς
3149 2116 3244 2170 τὸν
3265 2115 3416 2184 Θεὸν,
3451 2114 3542 2170 καὶ
3577 2117 3654 2190 μή
3679 2115 3827 2171 κάτω

2175 2204 2296 2280 περὶ
2327 2205 2426 2273 τήν
2457 2209 2559 2279 γῆν
2587 2203 2676 2258 καὶ
2708 2203 2777 2257 τὰ
2831 2205 2994 2277 γήϊνα
3049 2204 3362 2278 πράγματα.
3419 2205 3651 2277 Δυνάμει
3711 2205 3827 2260 τοί-

2174 2319 2264 2353 νυν
2298 2297 2326 2350 ὁ
2356 2294 2530 2370 ἱερεὺς
2561 2294 2882 2370 προστάττει
2925 2296 3021 2368 (6),
3079 2296 3196 2349 κατ’
3256 2294 3467 2364 ἐκείνην
3520 2296 3620 2363 τήν
3679 2295 3821 2372 ὥραν

2175 2387 2371 2449 πάντας
2420 2383 2626 2465 ἆφιὲναι
2680 2383 2967 2462 φροντίδας
3057 2386 3340 2462 βιωτικᾶς,
3405 2387 3671 2465 μερίμνας
3725 2387 3819 2448 τὰς

2175 2479 2291 2533 κατ’
2323 2479 2496 2547 οἷκον,
2537 2476 2623 2532 καὶ
2679 2470 2826 2552 ἔχειν
2880 2475 2932 2530 ἐν
2991 2475 3204 2551 οὐρανῷ
3259 2477 3358 2545 τήν
3411 2475 3634 2554 καρδίαν
3686 2476 3819 2552 πρὸς

2174 2569 2264 2622 τὸν
2299 2567 2686 2645 φιλάνθρωπον
2729 2564 2857 2620 Θεόν
3043 2567 3200 2636 Ἐἶτα
3243 2565 3610 2642 ἀποκρίνεσθε.
3651 2570 3816 2640 ’Ἐγο-

2180 2677 2273 2730 μεν
2308 2657 2443 2732 πρὸς
2501 2655 2592 2711 τὸν
2648 2654 2866 2730 Κύριον·
2925 2651 3106 2726 τούτῳ
3160 2654 3688 2730 συγκατατιθέμενοι,
3747 2652 3814 2709 δι’

2178 2750 2249 2803 ὧν
2279 2747 2623 2823 ὁμολογεῖτε.
2660 2743 2868 2817 Μηδεὶς
2903 2741 2958 2799 δὲ
2987 2744 3235 2809 τοιοῦτος
3266 2747 3538 2823 παρέστω,
3578 2747 3650 2808 ὡς
3693 2745 3812 2801 στό-

2181 2861 2305 2915 ματι
2343 2839 2437 2912 μὶν
2472 2837 2671 2915 λέγειν,
2713 2840 2957 2912 Ἕχομεν
3013 2835 3149 2912 πρὸς
3205 2837 3297 2892 τὸν
3362 2837 3576 2912 Κύριον·
3630 2841 3694 2910 τῇ
3750 2833 3806 2888 δὲ

486 3028 534 3066 ³⁵
564 3029 766 3087 Matth.
799 3046 855 3099 v,
886 3031 975 3096 23,
1009 3031 1096 3084 24.
1177 3028 1225 3065 ³⁸
1255 3031 1278 3085 Ι
1307 3032 1438 3089 Cor.
1473 3049 1584 3100 xw,
1613 3036 1702 3089 20.
1779 3033 1824 3069 ³⁷
1853 3035 1878 3089 I
1907 3036 2064 3090 Petr.
2096 3052 2150 3106 ν,
2188 3033 2272 3089 14.

414 3211 615 3302 Eacies
647 3227 883 3302 quoque
914 3216 1056 3302 ante
1069 3212 1565 3294 communionem
1593 3213 1947 3270 abluebatur
1997 3231 2063 3270 ex
2096 3233 2140 3302 ρ
2177 3211 2644 3302 scribiturhzec,
2677 3208 2946 3302 "Avpi_1b‘v
2959 3212 3128 3302 γοῦν,
3155 3211 3384 3302 Spursum
3404 3217 3654 3302 meptem‘.
3678 3209 3811 3291 Huic

413 3283 716 3354 Chrysost.
751 3288 809 3336 et
838 3283 1185 3355 Augustino.

485 3355 558 3426 (1)
597 3355 704 3408 Vos
737 3356 965 3426 invicem
995 3357 1272 3426 suscipite,
1308 3360 1416 3411 etc.
1447 3359 1534 3412 Ita
1562 3357 1866 3424 vertimus,
1927 3355 2061 3410 ἄπο-

423 3417 637 3499 λᾶϐετ-ε,
672 3423 829 3496 quod
859 3417 1194 3499 significare
1219 3417 1413 3499 potest
1443 3429 1551 3498 vel,
1583 3436 1735 3498 gestu
1750 3417 1994 3499 corporis
2013 3435 2065 3484 et

419 3497 707 3567 complexu
735 3498 1147 3569 apprehendite,
1175 3497 1288 3562 vel,
1320 3502 1519 3556 animis
1547 3497 1899 3569 gratulanter
1919 3503 2066 3557 acci-

410 3571 556 3695 pite,
587 3573 653 3623 ut
678 3568 874 3648 socios
902 3574 959 3622 et
987 3568 1218 3636 fratres,
1251 3568 1655 3654 dimissisj’am
1679 3573 2067 3628 extraneis.ln

444 3640 658 3695 ituruia
689 3645 878 3694 sancti
901 3640 1120 3695 Jacobi.
1153 3648 1288 3695 post
1317 3641 1729 3695 dimissmnem
1788 3645 2065 3695 catechu-

444 3640 658 3712 iturgia
689 3639 878 3713 sancti
901 3640 1120 3713 Jacobi,
1153 3648 1288 3713 post
1317 3639 1729 3699 dimissionem
1788 3645 2065 3700 catechu-

419 3729 754 3777 menorum,
783 3711 1268 3787 jubetdiaconus
1298 3720 1362 3768 ut
1394 3715 1599 3771 ﬁdeles
1623 3732 1684 3770 se
1704 3715 1955 3787 quisque
1983 3732 2070 3770 re-

420 3780 800 3859 cognoscant,
813 3780 1096 3859 ἀλλήλους
1123 3780 1763 3859 ἐπίγνῳτε.ΙιθινιιῐῐιιῙιι’θ
1785 3780 2069 3859 postthus

419 3855 730 3924 adolitum,
764 3856 970 3927 hymni
1003 3856 1306 3912 cherubici
1337 3863 1600 3927 cantum,
1633 3855 1930 3914 dono—rum
1962 3859 2066 3914 ad—

419 3928 767 4002 missionem
796 3927 856 3981 in
877 3928 1073 4002 altari,
1108 3929 1519 4002 recitationem
1550 3930 1825 4002 symboli,
1859 3929 2071 3985 indicit

420 4000 704 4075 diaconus
731 3999 1001 4075 osculum
1034 4000 1217 4075 pacis,
1251 4001 1343 4056 his
1374 3999 1610 4056 verbis}
1671 4002 2068 4075 Ἀγαπήσωμεν

421 4067 704 4138 ἀλλήλους
739 4069 788 4123 ἐν
820 4067 1090 4140 Πνεύμαῖιι
1119 4069 1282 4143 ἀγίῳ,
1333 4075 1588 4128 Amemus
1632 4067 1984 4128 nos'mutuo'
2012 4075 2073 4128 in

423 4144 637 4212 Spiritu
664 4152 871 4198 sancto.
911 4144 1034 4197 Una
1090 4145 1339 4198 monitio
1393 4145 1715 4214 Cyrilliana
1763 4146 2072 4200 ambarum

420 4217 607 4269 vicem
641 4214 964 4284 adimplet;
999 4232 1065 4270 ac
1092 4214 1242 4271 forte
1275 4232 1344 4271 ex
1375 4215 1665 4271 divisione
1711 4217 1872 4272 illius
1921 4222 2072 4272 natae

423 4293 562 4342 sunt
583 4285 920 4360 ambaarillee‘
937 4285 997 4340 in
1023 4286 1558 4358 Hierosolymitana
1573 4288 1832 4360 liturgia.
1858 4291 1921 4344 In
1937 4290 2073 4344 Con-

421 4361 532 4431 stit.
568 4357 1118 4431 apostol.,_li‘b.__vm,
1152 4357 1305 4431 cap.’
1335 4362 1418 4431 11,
1471 4376 1591 4416 una
1619 4357 1748 4431 εδ(
1782 4361 2030 4414 monitio
2059 4375 2073 4415 :

421 4425 1107 4506 'Aondoa603_&).l'/,):ouc
1166 4425 1241 4481 ἐν’
1272 4428 1544 4506 φιλήματι
1603 4430 1761 4502 ἁγίῳ.
1823 4433 2076 4506 Salutate

425 4517 516 4556 vos
545 4509 739 4558 mutuo
771 4504 827 4554 in
859 4501 1041 4556 osculo
1087 4501 1294 4558 sancto:
1348 4503 1480 4557 Haac
1524 4501 1721 4558 autem
1771 4503 2072 4572 praecedit,

2174 3284 2593 3342 exclamationi
2630 3283 2800 3354 prmit
2830 3283 2892 3336 in
2910 3283 3165 3354 liturgiis
3181 3283 3302 3338 fere
3316 3283 3593 3338 omnibus
3607 3283 3811 3338 Graacis

2175 3363 2232 3413 et
2257 3358 2318 3411 in
2339 3357 2566 3410 Constit.
2593 3353 2902 3425 apostolicis
2933 3353 3210 3410 salutatio
3243 3355 3566 3410 sacerdotis
3599 3355 3671 3410 ad
3713 3370 3810 3426 po-

2174 3429 2419 3502 pulum:
2472 3428 2667 3502 Gratia
2697 3427 2818 3502 _Dei
2872 3428 3280 3502 omnipotentis,
3321 3433 3372 3502 et
3425 3426 3668 3502 charitas
3711 3427 3812 3502 Do-

2176 3497 2316 3557 mini
2343 3502 2470 3555 Jesu
2503 3497 2727 3567 Christi,
2767 3504 2820 3553 et
2869 3500 3290 3554 communicatio
3332 3497 3579 3568 Spiritus
3621 3499 3810 3561 sancti,

2175 3576 2244 3630 sit
2274 3588 2393 3628 cum
2425 3572 2672 3626 omnibus
2700 3571 2886 3635 vobis;
2915 3586 3046 3625 cum
3080 3569 3467 3641 responsione
3489 3570 3693 3642 populi
3724 3571 3814 3623 :Et

2177 3662 2299 3700 cum
2322 3645 2524 3714 spiritu
2556 3649 2668 3714 tuo.
2720 3642 2864 3714 Quas
2907 3657 3048 3714 sane
3105 3642 3370 3714 antiqua,
3423 3647 3541 3714 etre
3571 3643 3817 3713 Chryso-

2180 3712 2751 3802 stomintemporibus
2783 3712 3150 3802 sglutptioxa
3180 3713 3400 3802 Cyr‘illo
3433 3713 3658 3802 siletur.

2249 3783 2472 3857 (3)7706x
2499 3783 2634 3853 ἔστι,
2669 3791 2779 3840 etc.
2809 3785 3004 3857 Paulo
3031 3783 3238 3857 aliter
3259 3788 3400 3852 Roe,
3450 3792 3527 3857 et__
3551 3783 3820 3857 Casaub.,

2179 3851 2432 3914 Οὖκέστι
2461 3851 2629 3912 τοῦτο
2653 3857 2924 3909 τοιοῦτον·
2955 3851 3100 3910 ἀλλά
3125 3859 3286 3909 τοῦτο
3339 3851 3400 3909 τὸ
3449 3854 3584 3929 φίλη
3598 3877 3672 3926 μα
3712 3855 3827 3908 ἀνα-

2180 3935 2418 4004 κίρνησι,
2448 3937 2561 3986 etc.
2594 3946 2606 3982 :
2637 3931 2754 4004 1\_'on
2787 3929 2989 4004 est_hoc
3029 3929 3268 3998 ejusdem
3290 3929 3486 4004 modi;
3507 3946 3698 4004 verum
3733 3929 3826 3982 hoc

2181 3999 2444 4072 osculum.
2477 4008 2587 4057 etc.
2657 4001 2818 4065 Post,
2876 3999 3005 4054 loco
3069 3999 3443 4071 μνηστεύεται,
3504 4001 3632 4069 iid.,
3695 4021 3828 4072 μνη-

2185 4093 2284 4146 μον
2293 4071 2464 4146 εύεται
2475 4115 2509 4146 ,_
2522 4075 2593 4146 in_
2605 4073 2924 4146 memoriam
2952 4079 3189 4146 revocat.

2253 4147 2329 4217 (4)
2361 4142 2463 4199 Καὶ
2488 4140 2845 4217 διαλλάγηθι.
2879 4144 3228 4214 Conjunctio
3274 4139 3366 4196 καί
3395 4143 3563 4200 abest
3589 4161 3622 4199 a
3659 4143 3825 4199 codd.

2183 4215 2390 4273 lloeet
2417 4220 2557 4289 cas._
2579 4215 2751 4271 Grod.
2782 4221 2841 4269 et
2870 4232 3035 4289 sacro
3069 4221 3229 4289 testu
3258 4233 3297 4289 ;_
3317 4217 3418 4287 qui
3465 4219 3682 4289 πρῶτον
3731 4234 3828 4271 se-

2226 4295 2396 4345 arant
2423 4285 2724 4362 abii-nave,
2753 4293 2810 4340 et
2840 4303 2974 4362 cum
2998 4282 3828 4362 Sta}_laiy~r,01-conjungunt.Ex

2229 4378 2295 4415 ac
2327 4359 2526 4432 Cyrilli
2563 4358 2972 4432 thervatione
3001 4359 3195 4432 colligi
3217 4358 3418 4432 potest
3447 4358 3719 4432 osculum
3740 4379 3831 4432 pa-

2187 4376 2295 4416 nac
2327 4376 2526 4431 uyruu
2563 4376 2972 4413 onservauone
3001 4376 3178 4485 couig

2186 4433 2268 4487 cis
2301 4439 2436 4487 ante
2468 4431 2668 4486 datum
2694 4430 2901 4511 luisse,
2935 4447 3162 4511 quam“

2185 4511 2462 4559 verentur
2486 4523 2500 4571 ;
2524 4520 2595 4558 ex
2616 4503 2796 4557 veteri
2817 4503 3268 4570 consuetudine,
3293 4509 3505 4558 testata
3525 4521 3558 4558 a
3579 4505 3829 4570 Justino,

3187 4447 3302 4486 ona
3332 4431 3405 4486 ad
3427 4431 3613 4486 altare
3635 4431 3830 4487 admo-

427 4590 546 4670 ιιοη
580 4573 1258 4670 subsequitur,lqtap11‘d
1280 4573 1586 4670 Cyrillum,
1609 4591 1894 4670 manuum
1916 4575 2072 4630 ablu-
2109 4607 2156 4670 D
2188 4575 2591 4670 ιιροιειὶζκρειςἐ
2627 4577 2715 4639 97,
2753 4575 2980 4670 (.‘qn‘stit2
3015 4577 3230 4670 Apost.)
3263 4575 3364 4656 lib.
3401 4593 3518 4670 \"lll,
3569 4593 3698 4656 cap.
3749 4581 3830 4643 12,

429 4646 676 4712 tionem,
710 4645 825 4700 nisi
860 4643 1003 4716 quid
1036 4643 1338 4700 turbatum
1364 4646 1474 4712 sit;
1508 4663 1645 4700 nam
1679 4646 1899 4716 alioqui
1957 4663 2078 4701 non

429 4717 588 4772 idem
613 4723 702 4772 est
733 4717 976 4772 omnino
998 4733 1242 4788 precum
1266 4734 1333 4774 ac
1365 4717 1586 4772 rituum
1618 4717 1761 4772 ordo
1793 4717 1897 4772 lib.
1935 4735 1990 4781 ιι,
2025 4734 2074 4772 c.

428 4793 517 4859 57,
551 4806 617 4844 ac
651 4788 752 4842 lib.
783 4806 897 4855 νιιι,
927 4805 1053 4859 cap.
1090 4791 1141 4856 9,
1177 4791 1264 4858 10,
1293 4793 1377 4858 11,
1415 4790 1498 4843 13.
1526 4789 1588 4844 In
1611 4789 1888 4844 omnibus
1919 4791 2077 4844 Grai-

426 4861 512 4915 cis
543 4861 842 4928 Ecclesiis,
874 4866 931 4915 et
962 4861 1182 4916 Latinis
1211 4862 1334 4917 fere
1367 4860 1643 4917 omnibus
1670 4866 1886 4932 praeter
1912 4860 2075 4915 Afri-

428 4948 636 5005 canam
660 4936 1085 5005 et_Romanam,
1110 4939 1168 4989 et
1199 4951 1328 5005 quas
1357 4935 1654 4989 Romanos
1683 4933 1831 4988 ritus
1863 4948 2076 5005 seque-

426 5003 665 5070 bantur,
701 5003 1247 5078 dahaturosculum
1280 5006 1442 5078 pacis
1499 5012 1635 5061 ante
1679 5003 2074 5078 consecratio-

426 5090 563 5129 nem
587 5091 600 5139 ;
635 5091 769 5130 cum
802 5077 862 5132 in
892 5076 1171 5133 Africana
1193 5083 1250 5132 et
1274 5076 1540 5133 Romana
1561 5077 1930 5132 Dominicam
1956 5092 2080 5131 ora-

427 5147 650 5200 tionem
683 5154 1049 5218 sequeretur.

499 5219 578 5287 (2)
613 5219 838 5294 sursum
868 5222 1053 5275 corda.
1115 5221 1364 5294 Sanctus
1422 5221 1796 5294 Euthymius,
1860 5220 1972 5294 qui
2015 5219 2075 5275 in

427 5288 963 5364 Iliero‘solymitano
989 5298 1177 5364 tractu
1198 5293 1424 5348 vivebat
1447 5288 1663 5349 saaculo
1681 5288 2076 5364 quint6,dice-

427 5360 558 5438 bat:
593 5361 740 5416 Ἀνω
770 5367 990 5434 σχῶμεν
1023 5362 1114 5438 τὸν
1165 5367 1290 5438 νοῦν
1328 5364 1417 5438 καὶ
1466 5364 1561 5438 τὰς
1608 5360 1850 5438 καρδίας.
1885 5365 2079 5438 ,Αιιοζ-

433 5433 605 5489 lamus
636 5433 866 5508 mentem
892 5441 949 5508 _et
982 5436 1163 5492 corda.
1199 5436 1362 5502 Quod
1405 5436 1657 5492 refertur
1678 5433 1815 5492 vita:
1846 5436 1975 5508 ejus
2006 5435 2076 5490 ab

430 5513 635 5562 nostro
669 5507 837 5560 Bern.
873 5506 944 5560 de
976 5508 1348 5563 Mautfaucon
1380 5510 1535 5562 inter
1579 5510 1838 5564 Analecta
1879 5506 2078 5564 Graeca

433 5577 605 5635 edita;
628 5594 760 5652 pag.
785 5580 852 5632 62
897 5577 1114 5633 Eadem
1138 5583 1226 5633 est
1244 5579 1431 5634 sancti
1452 5579 1650 5635 Jacobi
1672 5579 1814 5636 litur
1857 5579 1924 5635 ia:
1955 5580 2079 5634 for-

433 5654 616 5706 mula.
644 5655 715 5706 At
740 5650 798 5706 in
821 5650 1045 5706 Constit.
1081 5651 1340 5706 apostol”
1371 5650 1474 5705 lib.
1505 5669 1622 5706 vm.
1655 5669 1782 5706 cap.
1817 5597 1902 5706 f2.
1925 5669 2074 5706 prte-

433 5650 715 5712 mulafAt
740 5650 798 5706 in
821 5650 1045 5708 Constit.
1081 5651 1340 5721 apostol.,
1371 5650 1474 5705 lib.
1505 5669 1622 5716 vm,
1655 5669 1782 5723 cap.
1817 5650 1902 5719 12,
1925 5669 2074 5722 ρηο-

2191 4645 2402 4702 concil.
2439 4645 2614 4713 Laod,
2647 4662 2775 4700 can.
2808 4647 2893 4717 19,
2929 4651 3038 4701 etc.
3073 4647 3289 4700 Contra
3319 4647 3376 4700 in
3410 4645 3657 4717 liturgia’
3700 4665 3831 4702 san-

2191 4721 2267 4774 cti
2297 4717 2495 4774 Jacobi
2527 4722 2662 4773 ante
2694 4715 2963 4771 osculum
2995 4718 3156 4788 pacis
3183 4719 3514 4773 oll‘eruntur
3547 4715 3621 4773 ad
3651 4719 3833 4774 altare

2191 4789 2571 4916 dona.dVaria
2602 4794 2729 4842 erat
2758 4805 2936 4859 super
2991 4789 3100 4844 hac
3147 4807 3211 4844 re
3255 4789 3652 4845 Ecclesiarum
3694 4808 3832 4846 con-

2191 4867 2356 4916 suetu
2403 4878 2456 4914 0.

2186 4867 2456 4918 suetudo.

2258 4934 2330 5004 (5)
2363 4929 2465 5004 Καὶ
2499 4931 2892 5004 Πέτροςλβιοη
2926 4931 3107 4988 Codd.
3168 4935 3287 5004 Roe
3336 4939 3396 5004 et
3437 4934 3682 4990 Casaub.
3731 4933 3834 4989 ad-

2189 4999 2692 5082 du'n'tudcmdaaoee
2725 4999 3032 5072 ἀλλήλους,
3066 5011 3202 5060 ante
3238 5003 3288 5058 ἐν
3323 5003 3620 5082 φιλήματι,
3653 5013 3718 5061 ut
3748 5012 3831 5061 est

2187 5076 2340 5149 apud
2375 5077 2635 5149 Petrum.

2259 5150 2334 5220 (6)
2374 5147 2724 5220 Ηροστάττει.
2787 5149 3151 5220 Revocamus
3209 5148 3528 5205 lectionem
3583 5151 3828 5206 Morelii.

2188 5219 2332 5276 Nam
2365 5222 2424 5276 in
2455 5219 2723 5276 Prevotio
2752 5225 2810 5274 et
2839 5237 2969 5291 sqq.
3004 5219 3135 5274 edd.
3171 5220 3386 5293 legitur
3409 5223 3584 5290 male,
3611 5221 3835 5296 προτάτ-

2185 5313 2286 5347 τει.

2260 5367 2334 5438 (7)
2367 5362 2516 5418 Θεύν.
2553 5366 2777 5438 .\_'omen
2809 5363 2918 5418 hoc
2960 5363 3343 5436 ascripsimus
3377 5384 3443 5420 ex
3490 5366 3658 5422 codd.
3694 5369 3830 5438 Roe,

2188 5435 2326 5493 οδε(
2353 5443 2410 5492 et
2441 5435 2613 5492 Grod.
2650 5452 2993 5506 quanquam
3039 5435 3213 5492 etiam
3266 5455 3324 5491 n.
3389 5442 3472 5501 10,
3534 5439 3594 5493 in
3655 5436 3829 5492 simili

2229 5510 2391 5564 hrasi
2426 5509 2734 5564 omittatur
2755 5508 2826 5579 Ain
2869 5507 3084 5579 multis
3133 5509 3592 5579 exemplaribus,
3645 5511 3724 5565 ita
3768 5512 3832 5565 ut

2231 5527 2391 5564 nrasn
2426 5527 2734 5564 ominatur
2766 5527 2826 5560 In
2877 5527 3084 5562 mlllus
3133 5527 3592 5579 exemplaribus,
3645 5527 3724 5565 lla
3768 5527 3825 5565 ui

2187 5527 2373 5637 Beum
2400 5580 2511 5636 hoc
2544 5579 2714 5635 titulo
2745 5576 2773 5630 ὁ
2806 5575 3193 5654 φιλάνθρωπος
3224 5581 3582 5652 compellare
3631 5581 3825 5637 videa-

2183 5658 2302 5709 tur.
