4148 6286
413 325 574 385 1119

411 548 526 603 Dei.
561 547 687 601 Non
711 543 868 616 quod
895 541 1142 613 incipiat
1163 545 1432 597 sanctum
1457 557 1587 597 esse
1610 543 1766 612 quod
1789 547 1923 598 ante
1947 561 2066 599 non

411 645 572 708 erat;
609 637 712 694 sed
744 637 884 708 quia
915 636 976 689 in
1008 633 1180 688 nobis
1212 634 1279 687 ﬁt
1309 638 1602 699 sanctum,
1637 651 1770 688 cum
1804 635 2066 690 sanctiﬁ-

411 746 619 787 camur
648 728 762 800 ipsi
796 731 854 782 et
885 724 1361 781 sanctiﬁcatione
1394 723 1573 794 digna
1600 722 1871 778 facimus.

485 909 632 966 XllI.
671 908 876 964 Veniat
905 922 1136 976 regnum
1167 911 1340 959 tuum.
1365 901 1594 957 Mundm
1625 903 1840 958 anima:
1869 905 1959 957 est
1982 901 2068 956 di-

412 1017 545 1055 cere
580 1015 715 1054 cum
747 997 1002 1052 ﬁducia:
1045 997 1241 1050 Veniat
1283 1011 1514 1063 regnum
1561 1000 1734 1048 tuum.
1769 993 1876 1058 Qui
1910 991 2067 1048 enim

413 1090 704 1147 audiverit
731 1087 980 1143 Paulum
1010 1086 1306 1141 dicentem
1333 1101 1344 1138 :
1373 1085 1491 1138 Non
1520 1083 1698 1153 igitur
1725 1089 1913 1153 regnet
1934 1099 2066 1153 pec-

415 1187 598 1237 catum
649 1182 708 1234 in
760 1178 987 1233 mortali
1046 1182 1220 1231 vestro
1278 1191 1505 1245 corpore
1551 1173 1636 1242 ‘0;
1691 1178 1749 1228 et
1806 1173 2068 1244 seipsum

413 1287 612 1342 Opere,
647 1268 1002 1342 cogitatione
1036 1283 1102 1322 ac
1134 1281 1408 1321 sermone
1440 1280 1655 1336 purum
1686 1262 2065 1336 praestiterit;

413 1363 464 1416 is
496 1362 613 1416 Deo
645 1359 912 1414 dicturus
944 1362 1069 1412 est:
1099 1358 1288 1411 Veniat
1310 1371 1542 1424 regnum
1573 1361 1744 1409 tuum.

488 1452 630 1506 XIV.
663 1452 788 1504 Fiat
816 1449 1071 1504 voluntas
1102 1453 1198 1501 tua
1227 1445 1683 1516 quemadmodum
1710 1446 1770 1498 in
1805 1443 1958 1508 ccrlo,
1989 1441 2068 1497 sic

415 1543 581 1596 etiam
603 1540 663 1594 in
687 1546 856 1593 terra.
883 1537 1071 1592 Divini
1099 1553 1166 1592 ac
1189 1536 1346 1590 beati
1363 1534 1557 1606 angeli
1582 1534 1683 1590 Dei
1705 1532 2069 1588 voluntatem

415 1631 517 1686 Dei
536 1626 1136 1699 faciunt,sicutDavid
1148 1627 1210 1680 in
1223 1625 1476 1681 Psalmis
1490 1623 1745 1680 dicebat:
1760 1622 2070 1679 Benedicite

413 1722 731 1786 Dominum,
764 1733 946 1773 omnes
967 1717 1152 1786 angeli
1173 1716 1310 1785 ejus,
1334 1721 1585 1786 potentes
1608 1715 1824 1780 robore,
1853 1714 2070 1781 facien—

1474 315 1532 374 S.
1585 315 1902 378 CYRILLI
1947 315 2366 381 HIEROSOL.
2414 319 2782 384 ARCHIEP.

413 453 666 524 gentibus
684 449 730 486 ⁸⁰
755 466 770 518 ;
805 463 1047 504 oramus
1076 451 1144 502 ut
1173 445 1236 502 in
1265 445 1440 502 nobis
1471 448 1842 518 sanctiﬁcetur
1878 465 2072 506 nomen

2188 445 2476 514 διαπαντὸς
2565 451 2972 530 βλασφημεῖται
3061 448 3114 504 ἐν
3222 451 3344 509 τοῖς
3440 443 3659 510 ἔθνεσιν·

3677 317 3850 378 1120

3747 447 3851 501 εύ-

2173 537 2388 613 χόμεθα
2443 539 2498 595 ἐν
2553 541 2692 613 ἡμῖν
2778 541 3101 616 ἅγιασθῆναι
3167 537 3230 592 τὸ
3290 533 3466 609 ὄνομα
3521 539 3618 590 τοῦ
3675 539 3843 590 Θεοῦ·

2175 629 2286 704 οὐχ
2316 627 2400 684 ὅτι
2433 629 2492 685 ἐκ
2519 634 2615 685 τοῦ
2674 631 2750 703 μή
2809 629 2945 684 εἶναι
2999 627 3153 702 ἅγιον
3188 631 3262 698 (1)
3293 624 3382 680 ἐπὶ
3412 625 3476 679 τὸ
3507 625 3642 679 εἶναι
3670 619 3849 700 ἔρχε-

2171 738 2278 773 ται·
2341 717 2471 773 ἀλλ’
2529 718 2612 774 ὅτι
2665 719 2715 773 ἐν
2774 721 2911 792 ἡμῖν
2974 721 3130 794 ἅγιον
3191 716 3423 792 γίνεται,
3454 713 3850 792 ἁγιαζομένοις

2173 808 2262 861 καὶ
2294 805 2415 880 ἄξια
2443 813 2540 863 τοῦ
2571 809 2846 885 ἁγιασμοῦ
2876 811 3148 864 ποιοῦσιν.

2247 897 2346 954 ΙΓ’.
2408 897 2652 955 Ἐλθὲτω
2709 901 2744 969 ἡ
2804 896 3057 974 βασιλεία
3131 917 3249 952 σου.
3329 897 3576 970 Καθαρᾶς
3651 896 3848 969 ψυχῆς

2176 985 2288 1041 ἐστι
2351 987 2414 1042 τὸ
2474 986 2566 1042 σὺν
2622 988 2901 1064 παῤῥησιᾳ
2956 987 3133 1066 φάναι’
3195 983 3433 1049 Ἐλθὲτω
3490 986 3525 1055 ἡ
3589 982 3849 1058 βασιλεία

2176 1096 2293 1131 σου.
2346 1077 2407 1134 Ὀ
2459 1076 2562 1152 γὰρ
2649 1075 2883 1141 ἀκούσας
2970 1074 3191 1131 Παύλου
3254 1075 3528 1148 λὲγοντος·
3590 1074 3683 1141 Μὴ
3747 1073 3848 1126 οὗν

2181 1164 2511 1238 βασιλευέτω
2567 1169 2602 1238 ἡ
2677 1166 2914 1240 ἁμαρτία
2998 1164 3050 1220 ἐν
3136 1169 3218 1236 τῷ
3273 1164 3455 1235 Θνητῷ
3515 1162 3669 1234 ὑμῶν
3729 1161 3843 1215 σώ-

2178 1269 2328 1326 ματι’
2389 1253 2533 1310 ἀλλᾶ
2588 1257 2826 1330 καθάρας
2884 1253 3070 1309 ἑαυτὸν
3125 1251 3314 1327 πράξει
3369 1251 3458 1306 καὶ
3520 1249 3694 1324 ἐννοίᾳ
3746 1251 3844 1305 καὶ

2177 1340 2345 1417 λόγῳ,
2379 1341 2489 1419 ἐρεῖ
2518 1348 2596 1416 τῷ
2626 1349 2762 1417 Θεῷ·
2799 1343 3038 1404 Ἐλθὲτω
3069 1346 3103 1413 ἡ
3142 1339 3390 1418 βασιλεία
3429 1362 3550 1401 σου.

2249 1434 2343 1489 IA’.
2400 1435 2688 1505 Γενηθήτω
2746 1434 2807 1489 τὸ
2891 1430 3113 1506 θὲλημά
3192 1452 3309 1504 σου,
3371 1431 3445 1494 ὡς
3497 1429 3551 1485 ἂν
3612 1431 3835 1508 ούρανῷ

2172 1521 2263 1575 καὶ
2304 1521 2391 1576 ἐπὶ
2447 1529 2547 1592 τῆς
2597 1530 2721 1600 γῆς.
2784 1524 2852 1581 Οἱ
2902 1525 3038 1578 Θεῖοι
3095 1521 3186 1576 καὶ
3247 1519 3511 1595 μακάριον
3575 1517 3670 1574 τοῦ
3701 1524 3843 1575 Θεοῦ

2175 1607 2420 1686 ἄγγελοι,
2477 1613 2540 1668 τὸ
2594 1616 2692 1667 τοῦ
2752 1617 2892 1668 Θεοῦ
2949 1615 3024 1680 (2)
3086 1607 3307 1683 θέλημα
3359 1613 3606 1681 ποιοῦσι,
3657 1607 3846 1674 καθὼς

2177 1695 2345 1754 Δαϐἱδ
2376 1698 2608 1774 ψάλλων
2671 1699 2877 1776 ἔλεγενο
2931 1698 3229 1776 Εὐλογεῖτε
3283 1699 3376 1755 τὸν
3434 1697 3662 1775 Κύριον,
3695 1700 3847 1753 πάν-

416 1816 492 1864 tes
521 1810 832 1864 voluntates
887 1806 1091 1876 ejus“.
1147 1806 1269 1860 Tua
1318 1804 1496 1874 igitur
1542 1803 1729 1859 oratio
1769 1802 1886 1857 vim
1918 1802 2070 1856 hanc

2188 1810 2263 1851 τες
2322 1789 2375 1844 οἰ
2455 1786 2674 1867 ἄγγελοι
2760 1789 2947 1859 αὐτοῦ,
3024 1786 3243 1844 δυνατοὶ
3316 1787 3492 1863 ἰσχύϊ,
3552 1790 3846 1850 ποιοῦντες

413 1899 596 1954 habet
619 1902 677 1952 et
708 1896 1224 1969 signiﬁcationem,
1250 1893 1418 1965 quasi
1443 1893 1641 1949 dicas:
1672 1891 2069 1958 Quemadmo-

415 1989 559 2044 dum
589 1987 652 2042 in
681 1987 907 2060 angelis
939 1985 1212 2040 voluntas
1269 1989 1371 2040 tua
1418 1983 1503 2052 ﬁt,
1539 1983 1623 2039 sic
1659 1987 1718 2038 et
1746 1999 1923 2054 super
1952 1986 2072 2036 ter-

415 2094 545 2134 ram
574 2077 636 2134 in
663 2093 759 2134 me
790 2077 912 2148 ﬁat,
946 2075 1215 2131 Domine.

487 2259 603 2314 XV.
657 2262 861 2312 Panem
910 2261 1156 2311 nostrum
1202 2252 1622 2308 substantialem
1668 2252 1741 2307 da
1785 2251 1940 2306 nobis
1971 2250 2073 2305 ho—

415 2350 523 2402 die.
585 2348 759 2402 Panis
817 2347 925 2401 iste
987 2344 1322 2399 communis
1355 2359 1476 2398 non
1503 2347 1594 2398 est
1639 2339 2069 2396 substantialis.

413 2436 590 2491 Panis
621 2453 755 2490 vero
789 2435 898 2488 iste
930 2433 1032 2504 qui
1078 2439 1318 2488 sanctus
1353 2437 1462 2498 est,
1496 2431 1908 2486 substantialis
1942 2434 2068 2497 est;

417 2525 585 2595 quasi
617 2524 800 2588 dicas,
835 2522 911 2577 ad
960 2521 1356 2576 substantiam
1406 2521 1620 2576 animas
1653 2519 1936 2578 directus.
1969 2519 2073 2573 Hic

419 2613 592 2684 panis
623 2629 743 2666 non
776 2612 836 2665 in
868 2615 1134 2665 ventrem
1159 2610 1319 2664 vadit
1349 2614 1526 2680 atque
1548 2610 1610 2664 in
1634 2625 1934 2664 secessum
1967 2607 2072 2679 eji-

421 2703 576 2756 citur
595 2701 676 2767 ⁴²;
713 2699 758 2734 ‘3
781 2699 885 2756 sed
916 2700 977 2754 in
1009 2715 1249 2754 omnem
1282 2698 1365 2754 tui
1399 2715 1743 2770 compagem
1774 2697 2072 2764 dividitur,

420 2792 493 2847 ad
525 2793 790 2863 corporis
823 2796 881 2847 et
910 2790 1126 2846 animus
1155 2789 1649 2845 emolumentum.
1673 2788 1828 2844 Illud
1852 2794 2073 2845 autem~

421 2882 600 2949 hodie,
635 2881 852 2936 dicitur
909 2898 1014 2952 pro
1073 2879 1376 2950 quotidie;
1438 2878 1592 2934 sicut
1628 2883 1686 2933 et
1709 2878 1927 2934 Paulus
1955 2879 2074 2934 aie-

418 2970 522 3026 bat
550 2988 562 3027 :
597 2971 789 3036 Quoad
818 2970 1134 3041 appellatur
1163 2971 1283 3025 dies
1313 2969 1607 3025 hodiernus
1629 2969 1692 3024 “.

487 3150 632 3207 XVI.
666 3153 730 3205 Et
779 3152 992 3205 remitte
1038 3149 1195 3204 nobis
1243 3148 1428 3203 debita
1472 3154 1679 3216 nostra,
1721 3150 1861 3204 sicut
1899 3155 1951 3202 et
1980 3164 2076 3208 nos
2105 3177 2148 3245 α

414 3240 746 3296 remittimus
777 3241 1113 3294 debitoribus
1161 3240 1383 3293 nostris.
1433 3238 1612 3292 Multa
1642 3238 1802 3292 enim
1833 3243 2075 3308 peccata

415 3329 736 3386 habemus:
758 3328 1114 3384 offendimus
1135 3328 1354 3399 quippe
1377 3332 1436 3382 et
1456 3326 1631 3382 verbo
1647 3327 2073 3399 etcogitatione

417 3425 475 3474 et
507 3418 695 3473 multa
753 3417 1250 3473 condemnatione
1303 3417 1483 3488 digna
1513 3415 1761 3488 agimus.
1795 3419 1876 3472 Ac
1903 3419 1952 3472 si
1984 3418 2070 3470 di-

416 3511 662 3564 merimus
691 3508 839 3578 quod
859 3514 1150 3578 peccatum
1195 3523 1306 3562 non
1353 3507 1628 3575 habemus,
1661 3509 1977 3573 mentimur,
2009 3511 2075 3561 ut

417 3598 500 3653 ait
539 3599 793 3653 Joannes
814 3596 882 3652 ⁴⁸.
932 3599 1176 3652 Pactum
1224 3596 1425 3667 itaque
1474 3613 1608 3651 cum
1662 3598 1779 3652 Deo
1828 3597 2070 3664 inimus,

417 3690 658 3741 orantes
686 3692 749 3742 ut
781 3686 936 3742 880
967 3685 1138 3740 nobis
1172 3683 1468 3740 condonet
1495 3690 1754 3756 peccata,
1788 3685 2075 3757 quemad-

415 3775 658 3831 modum
691 3780 749 3831 et
778 3792 886 3832 nos
935 3775 1225 3846 proximis
1274 3773 1472 3829 debita
1521 3774 1900 3830 remittimus.
1934 3777 2072 3830 Per-

416 3865 747 3936 pendentes
778 3865 957 3938 igitur
985 3881 1091 3936 pro
1142 3863 1419 3933 qualibus
1461 3862 1660 3933 qualia
1687 3863 2070 3935 accipiamus,

416 3971 493 4009 ne
525 3961 911 4022 cunctemur;
944 3969 1057 4008 nec
1085 3956 1323 4007 mutuas
1375 3952 1532 4005 inter
1573 3967 1682 4006 nos
1713 3953 2073 4009 offensiones

2179 1881 2246 1935 τὰ
2301 1879 2586 1954 θελήματα
2669 1881 2856 1939 αὐτοῦ.
2939 1879 3170 1954 Δυνάμει
3266 1878 3444 1935 τοίνυν
3534 1878 3844 1954 εὐχόμενος

2178 1972 2340 2024 τοῦτο
2374 1967 2570 2045 λέγεις·
2632 1979 2704 2034 Ως
2760 1969 2812 2026 ἐν
2870 1967 3128 2047 ἀγγέλοις
3180 1967 3382 2046 γίνεταί
3440 1989 3536 2023 σου
3573 1969 3636 2022 τὸ
3668 1967 3841 2039 θέλη-

2184 2079 2280 2133 μα,
2341 2058 2484 2114 οὕτω
2535 2061 2627 2115 καὶ
2685 2059 2773 2116 ἐπὶ
2829 2067 2931 2131 τῆς
3001 2067 3102 2134 γῆς
3158 2057 3209 2114 ἐν
3269 2057 3394 2132 ἐμοὶ
3447 2059 3683 2136 γένοιτο,
3746 2057 3844 2112 At-

2183 2169 2374 2205 σποτα.

2255 2239 2356 2295 ΙΕ’.
2419 2239 2527 2296 Τὸν
2587 2237 2746 2316 ἄρτον
2807 2241 2969 2314 ἡμῶν
3044 2240 3135 2294 τὸν
3212 2237 3490 2294 ἐπιούσιον
3552 2235 3645 2302 δὸς
3707 2240 3849 2312 ἡμῖν

2184 2331 2448 2404 σήμερον.
2481 2332 2538 2388 Ὀ
2570 2329 2729 2406 ὂίρτος
2758 2335 2836 2405 (3)
2868 2331 3026 2394 οὗτος
3057 2332 3084 2384 ὁ
3113 2329 3321 2398 κοινὸς,
3354 2329 3454 2384 οὐκ
3487 2327 3627 2384 ἔστιν
3663 2328 3852 2384 imm}-

2182 2440 2319 2480 σιος.
2353 2423 2552 2495 ’Άρτος
2584 2417 2640 2474 δὲ
2693 2421 2855 2482 οὗτος
2908 2420 2936 2475 ὁ
2984 2416 3158 2496 ἅγιος,
3219 2417 3500 2482 ἐπιούσιός
3530 2417 3693 2473 ἐστιν·
3727 2419 3848 2473 ἀντὶ

2184 2512 2302 2579 τοῦ,
2364 2508 2451 2562 ἐπὶ
2507 2509 2605 2577 τὴν
2689 2509 2874 2564 οὐσίαν
2931 2515 3032 2577 τῆς
3098 2511 3284 2584 ψυχῆς
3344 2508 3838 2581 κατατασσόμενος.

2185 2599 2361 2660 Οὗτος
2395 2598 2422 2652 ὁ
2453 2599 2638 2674 ἄρτος,
2698 2599 2798 2654 οὐκ
2846 2599 2924 2663 εἷς
2971 2597 3183 2653 κοιλίαν
3244 2603 3424 2673 χωρεῖ
3477 2598 3569 2652 καὶ
3609 2597 3684 2659 είς
3713 2597 3840 2676 ἀφε-

2185 2686 2365 2763 δρῶνα
2425 2683 2772 2745 ἐκϐάλλεται·
2831 2687 2957 2744 ἀλλ’
3018 2688 3092 2750 εἷς
3151 2687 3324 2744 πᾶσάν
3379 2709 3478 2744 σου
3518 2689 3617 2758 τὴν
3649 2687 3845 2742 σύστα-

2185 2798 2264 2832 σιν
2325 2774 2659 2848 ἀναδίδοται,
2719 2777 2795 2841 εἰς
2852 2777 3118 2856 ὠφέλειαν
3178 2777 3432 2851 σώματος
3483 2778 3571 2832 καὶ
3629 2781 3837 2851 ψυχῆς,

2186 2867 2264 2924 Τὸ
2324 2864 2402 2939 δὲ,
2463 2870 2728 2945 σήμερον,
2786 2869 2902 2924 ἀντὶ
2955 2873 3074 2941 τοῦ,
3133 2869 3253 2933 καθ’
3283 2868 3513 2946 ἡμέραν,
3553 2868 3836 2942 λέγει-ὡς

2185 2953 2275 3010 καὶ
2330 2955 2358 3009 ὁ
2417 2955 2631 3019 Παῦλος
2686 2954 2897 3032 ἓλεγεκν
2957 2958 3156 3032 Ἀχρις
3215 2957 3276 3012 οὗ
3336 2958 3396 3013 τὸ
3451 2958 3679 3032 σήμερον
3728 2976 3825 3009 κα-

2187 3040 2384 3102 λεῖται.

2257 3139 2346 3208 Ιζ’.
2406 3136 2509 3195 Καὶ
2568 3137 2696 3214 ἄφες
2772 3138 2907 3210 ἡμῖν
2987 3136 3054 3192 τὰ
3113 3134 3460 3214 ὀφειλήματα
3525 3137 3705 3209 ἡμῶν,
3765 3133 3839 3197 ὡς

2185 3229 2272 3285 καὶ
2330 3231 2494 3302 ἡμεῖς
2554 3227 2774 3304 ἀφίεμεν
2846 3231 2962 3289 τοῖς
3041 3225 3347 3302 ὀφειλέταις
3404 3229 3590 3298 ἡμῶν.
3651 3223 3840 3282 Πολλὰ

2180 3320 2284 3395 γὰρ
2316 3313 2518 3393 ἔχομεν
2581 3317 2968 3389 ἁμαρτήματα.
3029 3315 3298 3390 Πταίομεν
3351 3316 3452 3393 γὰρ
3485 3317 3576 3370 καὶ
3607 3314 3658 3370 ἐν
3687 3313 3841 3385 λογῳ

2179 3407 2267 3464 καὶ
2326 3407 2378 3462 to
2469 3403 2702 3478 διανοίᾳ,
2786 3405 2876 3460 καὶ
2963 3405 3194 3461 πλεῖστα
3264 3406 3658 3482 καταγνώσεως
3719 3402 3836 3474 ἄξια

2181 3502 2464 3571 ποιοῦμεν.
2554 3497 2650 3551 Καὶ
2739 3495 2828 3552 ἐὰν
2917 3495 3179 3570 εἴπωμεν,
3263 3495 3346 3551 ὅτι
3417 3495 3683 3570 ἁμαρτίαν
3741 3495 3840 3549 οὐκ

2178 3587 2408 3666 ἔχομεν,
2465 3585 2798 3664 ψευδόμεθα,
2853 3588 2929 3652 ὡς
2987 3585 3133 3662 λέγει
3206 3588 3480 3660 Ἰωάννης.
3544 3586 3646 3645 Καὶ
3704 3587 3844 3662 πρὸς

2179 3682 2270 3735 τὸν
2304 3680 2433 3736 Θεὸν
2491 3678 2748 3752 τιθέμεθα
2801 3679 3089 3748 συνθήκας,
3152 3680 3509 3753 συγχωρῆσαι
3568 3679 3703 3750 ἡμῖν
3735 3696 3842 3730 πα-

2183 3767 2545 3847 ρακαλοῦντες
2592 3768 2658 3822 τὰ
2706 3768 3093 3842 ἁμαρτήματα,
3153 3767 3228 3828 ὡς
3281 3766 3370 3821 καὶ
3403 3768 3568 3840 ἡμεῖς
3599 3769 3713 3825 τοῖς
3738 3765 3842 3818 πὲ-

2181 3857 2280 3921 λας
2330 3858 2396 3913 τὰ
2443 3855 2810 3934 ὀφειλήματα.
2872 3857 3212 3918 Ἐννοοῦντες
3287 3855 3468 3911 τοίνυν
3543 3856 3647 3910 ἀνθ’
3703 3854 3837 3908 οἵων

2183 3955 2272 4007 οἷα
2322 3945 2674 4024 λαμϐάνομεν
2729 3949 2829 4022 (4),
2891 3949 2968 4021 μὴ
3029 3946 3428 4021 ἀναμείνωμεν,
3492 3944 3634 4022 μηδὲ
3675 3945 3837 4018 ὑπερ-

488 4061 534 4098 ³⁹
564 4063 674 4118 Isa.
709 4078 799 4128 LII,
834 4064 900 4127 5;
935 4063 1103 4115 Rom.
1137 4075 1196 4128 ιι,
1229 4060 1317 4113 24.
1397 4057 1640 4130 ‘°__Rom.
1673 4074 1746 4126 VI,
1781 4061 1864 4114 12.
1946 4061 1990 4097 ⁴¹
2024 4063 2072 4116 Ρη

2213 4079 2306 4130 cu,
2339 4063 2427 4118 20.
2509 4061 2555 4095 “
2585 4061 2742 4114 Matt.
2777 4075 2866 4126 xv,
2903 4060 2986 4111 17.
3064 4057 3108 4092 ⁸³
3145 4057 3274 4114 Vid.
3309 4061 3450 4114 lren.
3494 4056 3590 4114 lib.
3624 4074 3678 4127 v,
3711 4061 3839 4128 cap'

419 4138 472 4201 2,
505 4152 562 4190 n.
595 4137 628 4187 2
659 4139 709 4188 et
737 4135 790 4189 3.
869 4131 914 4165 ⁴⁴
942 4131 1114 4187 Hebr.
1145 4147 1227 4200 ιιι,
1263 4132 1347 4186 13.
1426 4128 1473 4162 ⁸⁵
1506 4131 1528 4184 Ι
1557 4131 1723 4184 Joan.
1758 4148 1794 4198 ι,
1827 4133 1878 4185 8.

491 4250 690 4324 (1)Μή
738 4249 888 4324 εἶναι
929 4245 1097 4322 ἓιγιον·
1161 4249 1374 4302 Vocem
1435 4245 1589 4321 ἅγιον
1649 4247 1978 4320 adjecimus
2011 4267 2072 4306 ex

2190 4251 2430 4324 Cyrillo,
2466 4249 2966 4323 quemadmodum
2981 4264 3024 4324 Aa
3053 4247 3256 4324 multis
3281 4247 3581 4324 _Patribus,
3617 4248 3841 4324 Eucha-

419 4322 593 4378 codd.
624 4325 741 4377 Roe
775 4328 833 4376 et
864 4323 995 4376 Cas.

489 4397 567 4465 (2)
597 4394 671 4449 Τὸ
729 4397 826 4446 τοῦ
883 4395 1036 4447 Θεοῦ.
1100 4391 1429 4446 Articulum
1486 4394 1596 4466 ⁸τοῐὶ
1650 4391 1711 4466 in
1772 4391 2076 4466 impressis

419 4464 708 4523 omissum
736 4466 1103 4522 restituimus
1136 4481 1204 4518 ex
1237 4466 1353 4519 Roe
1385 4468 1444 4517 et
1472 4464 1721 4520 Casaub.

492 4534 849 4610 (3)f0Ao’z’p'to;
908 4535 1085 4610 οὗτος,
1147 4541 1256 4589 etc.
1314 4536 1447 4610 Hazc
1503 4535 1701 4610 verba,
1759 4553 1950 4610 usque
1984 4537 2076 4610 _ad

418 4606 613 4671 ὡς’νιαὶ
647 4608 675 4662 ὁ
708 4606 924 4672 Παῦλος
956 4608 1102 4663 excl.
1138 4610 1399 4679 citantur
1428 4606 1491 4661 in
1523 4606 1882 4679 libellornegi
1915 4607 2072 4662 Θείων

423 4679 762 4753 μυστηρίων.
796 4681 1158 4753 Particulam
1181 4677 1293 4753 _énl
1352 4683 1490 4753 ante
1545 4679 1654 4753 τήν.
1694 4677 1877 4733 οὐσίαν
1907 4680 2074 4753 addi-

419 4750 617 4810 dimus
651 4771 719 4810 ex
750 4753 920 4810 codd.
952 4752 1144 4809 Ottob.
1181 4751 1300 4807 Roe
1343 4755 1401 4805 et
1450 4750 1696 4806 Casaub.
1731 4767 1810 4823 ac_
1829 4752 2073 4823 praefato

416 4826 644 4883 libello.
680 4827 1056 4882 Manifestum
1105 4829 1195 4878 est
1247 4826 1573 4892 auctorem,
1605 4823 1762 4878 vocis
1796 4821 2072 4886 ἑὶτιούσιος

419 4899 836 4972 etymologiam
864 4916 938 4972 ex
970 4895 1200 4972 d_uobu_s
1230 4893 1423 4972 verbis
1454 4891 1567 4972 ἐπί
1601 4900 1659 4972 e_t
1690 4892 1882 4972 οὐσίαν
1916 4897 2075 4972 deri-

420 4966 588 5024 vare:
625 4966 1127 5041 quemadmodum
1160 4966 1656 5041 Basilius‘Begul.
1690 4967 1942 5041 brevior.
1977 4969 2071 5023 in-

418 5037 793 5121 terrog._252,
828 5043 1048 5121 aliique
1079 5037 1394 5121 per‘m‘ulti.’
1416 5037 1764 5121 Quanquam
1795 5039 2072 5121 probabi-

417 5111 536 5166 lior
557 5106 970 5184 interpr—etatid
990 5106 1120 5184 quae
1146 5111 1218 5165 ab
1243 5106 1467 5180 ἐπιούσῃ
1488 5106 2076 5184 ﬁgéquerivatSub-

418 5182 733 5238 stantialem
752 5193 946 5241 autem
965 5182 1246 5239 vertimus
1261 5199 1331 5236 ex
1344 5197 1523 5236 sensu
1541 5182 1866 5253 Cyrilli,cui
1887 5199 2071 5254 super-

417 5256 791 5311 substantialis
812 5257 1163 5313 vocabulum
1185 5271 1305 5308 non
1328 5254 1620 5308 convenit.
1645 5255 1790 5309 Loco
1811 5274 2074 5323 καταστη-

420 5326 650 5408 σόμενος
673 5328 830 5397 quod
935 5325 1596 5408 impressis'legebatur,
1614 5327 1984 5408 scripsimus
2002 5344 2072 5408 ex

418 5395 735 5470 nominat—t.
771 5401 942 5455 codd.
967 5395 1454 5470 καίτατασσᾷμενος.
1480 5399 1701 5470 Auctor
1723 5395 1910 5454 libelli
1939 5396 2071 5470 Περὶ

419 5469 578 5554 θείων
616 5489 848 5554 μυστηρ.
885 5467 1443 5554 Ιθείι,ιςττρεπόμεν¹ος,
1491 5467 1773 5554 mendose
1805 5487 1907 5542 pro
1938 5467 2069 5554 τρεῖ

417 5539 680 5616 πιόμενος,
715 5539 815 5616 qui
845 5539 1204 5616 conuertitur.
1246 5539 1540 5616 Additque
1595 5541 1700 5616 has
1758 5539 1949 5609 voces,
1974 5539 2069 5616 ἀαὶ

419 5608 676 5689 ἐμμένων
721 5608 965 5690 ’[νίῐὶοεε
1019 5608 1666 5690 scriptum_éui1alvwv]
1706 5616 1841 5690 τοῖς.
1887 5608 2071 5690 ’καθα-

418 5683 563 5764 ρόῗς,
595 5697 646 5746 et
675 5683 918 5760 in'puris
949 5689 1266 5743 immanem.
1299 5684 1519 5737 Panem
1553 5683 2005 5740 substantialem
2036 5702 2070 5742 ιι

2188 4320 2420 4379 τῖειίειιῐι
2452 4320 2724 4395 intelligi,
2760 4321 3028 4393 quamvis
3067 4321 3374 4395 Albertino
3407 4320 3701 4395 incertum
3743 4321 3840 4395 sit.

2188 4395 2506 4451 obscurum
2539 4391 2677 4450 esse
2699 4391 2820 4449 non
2850 4397 3046 4464 potest
3089 4392 3248 4446 hunc
3280 4391 3478 4464 locum
3509 4391 3838 4464 conferenti

2187 4484 2322 4523 cum
2354 4473 2465 4522 cat.
2500 4470 2589 4532 22,
2621 4483 2788 4522 num.
2822 4462 3000 4519 3_et5.
3029 4464 3168 4528 Quis
3201 4463 3358 4519 enim
3392 4462 3544 4518 alius
3575 4465 3746 4532 panis
3766 4463 3838 4518 ad

2185 4540 2505 4595 utilitatem
2546 4538 2830 4610 corporis
2870 4541 2928 4591 et
2984 4535 3199 4590 animaa
3228 4535 3310 4610 _in
3354 4540 3552 4610 totam
3577 4535 3837 4610 hominis

2185 4627 2528 4683 compagem
2561 4606 2959 4683 distribuitur,
2988 4612 3205 4679 prater
3228 4606 3658 4683 Eucharistiam
3677 4607 3838 4683 iper

2185 4678 2361 4755 quam
2395 4678 2478 4738 ait
2505 4683 2568 4737 in
2599 4682 2792 4737 citatis
2813 4679 2958 4735 locis
2980 4696 3192 4804 corpus
3215 4685 3266 4733 et
3298 4679 3647 4750 sanguinem
3670 4678 3835 4733 Chri-

2185 4755 2259 4804 sti
2290 4755 2347 4804 in
2381 4754 2648 4804 membra
2679 4757 2882 4804 nostra
2909 4750 3079 4804 distri
3126 4751 3206 4804 ui.
3240 4750 3501 4804 animam
3532 4757 3592 4804 et
3620 4767 3834 4804 cornus

2185 4750 2259 4810 sti
2290 4755 2350 4810 in
2381 4754 2648 4809 membra
2679 4757 2882 4808 nostra
2909 4750 3206 4817 distribui,
3240 4750 3501 4805 animam
3532 4757 3592 4805 et
3620 4767 3834 4817 corpus

2186 4827 2364 4880 simul
2395 4825 2790 4881 sanctiﬁcari:
2841 4823 2981 4878 dum
3038 4823 3238 4878 anima
3284 4839 3391 4894 per
3446 4823 3701 4877 Verbum
3729 4822 3834 4877 Dei

2183 4899 2491 4970 proprium
2519 4897 2628 4970 sibi
2657 4897 2855 4951 cibum
2878 4894 3171 4970 pascitur;
3206 4893 3439 4970 corpus,
3463 4893 3679 4970 Christi
3711 4911 3834 4970 car-

2183 4965 2277 5025 nis
2296 4965 2361 5025 et
2385 4969 2689 5041 sanguinis
2720 4965 2964 5041 attactu,
2989 4965 3268 5041 adversus
3298 4965 3601 5041 d_aamones
3631 4965 3836 5041 defen-

2184 5041 2362 5107 ditur,
2394 5047 2462 5096 ut
2489 5035 2632 5114 Slim
2663 5040 2795 5114 agni
2822 5038 3106 5112 sanguine
3140 5037 3297 5092 aades
3325 5037 3703 5114 llebraaorum
3726 5035 3838 5114 _a_d-

2180 5130 2384 5168 versus
2416 5111 3119 5185 angelum'vastatorem,
3170 5114 3282 5185 cat.
3321 5111 3405 5185 t9,
3441 5126 3606 5164 num.
3641 5111 3691 5163 3.
3726 5111 3838 5164 Nec

2183 5181 2646 5240 existimandum
2703 5188 2794 5239 est
2848 5182 3134 5254 Cyrillum
3170 5181 3566 5254 existimasse
3619 5196 3838 5254 corpus

2181 5257 2395 5312 Christi
2430 5258 2490 5312 in
2523 5263 2793 5312 nostrum
2843 5252 3023 5308 dividi
3063 5258 3123 5307 et
3152 5252 3337 5323 digeri
3364 5269 3377 5306 :
3409 5253 3511 5308 sed
3549 5253 3723 5308 solita
3753 5252 3837 5308 lo-

2183 5329 2405 5399 quendi
2434 5330 2665 5384 ratione
2709 5332 2910 5399 sancto
2961 5324 3192 5399 corpori
3241 5323 3469 5399 tribuit,
3503 5325 3662 5397 quod
3693 5341 3836 5395 spe-

2182 5396 2386 5456 ciebus
2407 5401 2557 5455 illud
2587 5397 3000 5471 obtegentibus
3026 5396 3202 5450 unice
3224 5396 3619 5471 conve_nit._At
3641 5413 3835 5471 neque

2182 5473 2408 5540 species
2459 5473 2520 5528 in
2570 5468 2869 5527 secessum
2917 5470 3002 5523 ire
3059 5474 3254 5540 negat,
3307 5468 3410 5524 sed
3461 5468 3831 5524 solummodo

2182 5490 2408 5598 sp‘ecies
2459 5490 2520 5528 in
2570 5490 2660 5527 sec

2179 5545 2220 5599 C
2266 5544 2395 5616 risti
2426 5561 2660 5616 corpus.

2251 5617 2324 5685 (4)
2385 5604 2550 5678 Ἀνθ’⁸
2583 5612 2711 5668 οἵων
2771 5604 3291 5685 οἷα-λαμϐάνομεν.
3375 5612 3524 5685 LOJCO
3607 5612 3701 5685 ὧν,
3759 5628 3829 5685 εξ

2182 5679 2351 5744 codd.
2408 5689 2528 5744 Roe
2585 5691 2643 5743 et
2700 5683 2946 5743 Casaub.
2995 5679 3372 5755 scripsimus,
3414 5679 3566 5738 οἵων·
3600 5683 3826 5741 inducti
