4150 6278
361 391 518 453 1191

1333 388 1820 452 CATECHESIS
1861 384 2082 460 XXIII,
2128 382 2691 448 MYSTAGOGICA
2733 388 2808 450 V.

3619 395 3776 457 1122

356 523 646 598 τιθώμεθα
674 525 976 598 συγχωρεῖν
1005 517 1303 592 ἀλλήλοις.
1335 522 1418 580 Τὰ
1446 520 1757 596 πταίσματα
1775 520 1843 576 τὰ
1861 516 2010 596 γινό-

2129 518 2425 577 remittere
2454 519 2929 594 tergiversemur.
2963 523 3102 590 Quae
3131 522 3195 580 in
3231 541 3342 581 nos
3391 527 3782 585 committun-

361 634 499 686 μενοι
530 612 606 675 είς
635 615 804 686 ἡμᾶς,
842 611 1008 686 μικρά
1046 609 1178 683 ἐστι,
1211 610 1302 667 καὶ
1333 609 1554 683 εὐτελῆ,
1583 613 1673 668 καὶ
1705 608 2015 667 εὐδιάλυτον

355 702 427 758 τὰ
455 698 514 756 δὶ
546 699 624 764 είς
656 700 785 756 Θεὸν
821 701 906 779 ὑφ’
944 702 1106 773 ἡμῶν
1165 701 1454 777 γενόμενα,
1515 700 1723 776 μεγάλα
1753 697 1887 772 ἐστὶ,
1915 705 2016 768 τῆς

358 790 531 846 αὐτοῦ
568 791 742 863 μόνης
771 791 844 863 (1)
877 787 1107 862 δεόμενα
1137 788 1566 868 φιλανθρωπίας.
1619 791 1866 866 Πρόσεχε
1897 789 2017 856 οὖν,

363 881 442 955 μὴ
478 877 569 935 διὰ
596 879 664 935 τὰ
701 879 869 954 μικρᾶ
896 879 988 935 καὶ
1019 879 1211 950 εὐτελῆ
1245 878 1322 944 εἷς
1356 881 1414 935 σε
1461 881 1848 957 ἁμαρτήματα,
1881 879 2019 934 ἀπο-

357 971 586 1047 κλείσῃς
647 976 856 1045 σεαυτῷ
911 975 1020 1027 τῶν
1085 973 1399 1049 βαρυτάτων
1451 971 1864 1047 ἁμαρτημάτων
1917 971 2016 1040 τήν

362 1065 509 1140 παρὰ
539 1066 675 1120 Θεοῦ
720 1061 1093 1140 συγχώρησιν.

436 1155 511 1211 ΙΖ’
544 1199 558 1214 .
624 1152 729 1208 Καὶ
793 1153 869 1226 μὴ
932 1151 1236 1228 είσενέγκῃς
1311 1154 1460 1226 ἡμᾶς
1533 1151 1610 1215 είς
1665 1151 1965 1229 πειρασμὸν
2001 1188 2016 1218 ,

362 1242 546 1319 Κύριε.
582 1244 720 1316 ’Λρα
748 1247 912 1298 τοῦτο
958 1239 1218 1313 διδάσκει,
1271 1239 1526 1319 εὔχεσθαι
1557 1245 1704 1314 ἡμᾶς
1756 1239 2018 1315 μηδόλως

362 1334 742 1409 πειρασθῆναι,
776 1333 804 1388 6
836 1331 1089 1410 Κύριοςς
1147 1333 1238 1388 καὶ
1291 1337 1410 1398 πῶς
1465 1331 1678 1410 έίρηται
1737 1331 2013 1407 ἀλλαχοῦ·

360 1423 524 1498 Ἀνήρ
586 1422 938 1499 ἀπείραστος,
997 1419 1265 1496 ἀδόκιμος
1325 1425 1436 1496 (2);
1495 1423 1585 1479 καὶ
1646 1421 1835 1477 πάλινο
1897 1425 2015 1477 Πᾶ-

358 1533 454 1566 σαν
479 1513 684 1588 ζχαρὰν
739 1513 1018 1587 ἡγήσασθε
1051 1557 1067 1583 ,
1153 1510 1386 1589 ἀδελφοί
1474 1534 1580 1587 μου
1615 1555 1630 1585 ,
1712 1512 1836 1567 ὅταν
1893 1531 2015 1566 πει-

357 1605 595 1676 ρασμοῖς
653 1602 982 1676 περιπέσητε
1035 1601 1362 1666 ποικίλοις.
1421 1600 1621 1671 Ἀλλὰ,
1684 1603 1899 1675 μήποτε
1953 1603 2015 1656 τὸ

357 1690 620 1754 εἰσελθεῖν
673 1688 814 1745 ἐστιν
877 1689 954 1753 είς
1011 1691 1336 1766 πειρασμὸν,
1393 1691 1456 1746 τὸ
1512 1685 2014 1760 καταϐαπτισθῆναι

358 1779 464 1836 ὑπὸ
493 1783 591 1835 τοῦ
621 1783 924 1857 πειρασμοῦ
958 1799 972 1851 ;
1032 1781 1219 1837 Ἕοικε
1275 1781 1376 1858 γὰρ
1431 1781 1460 1835 6
1509 1781 1810 1854 πειρασμὸς
1833 1779 2012 1853 ὥσπερ

2125 615 2223 666 tur
2251 612 2512 682 offensae,
2543 628 2625 666 eae
2657 629 2872 684 parvas,
2901 613 3075 670 ‘leves
3109 619 3168 670 et
3207 614 3502 674 dissolutu
3549 619 3775 676 faciles.

2125 700 2278 766 Quas
2309 716 2444 756 vero
2462 701 2523 756 in
2549 702 2729 756 Deum
2760 702 3208 771 committimus,
3236 721 3486 778 magnae,
3515 713 3572 764 et
3593 709 3779 765 solius

2126 790 2257 862 ejus
2301 790 2684 863 benignitatis
2735 791 2955 847 auxilio
3015 792 3335 850 diluendaa.
3397 798 3541 853 Cave
3600 799 3780 871 igitur

2125 896 2198 935 ne
2229 885 2473 953 propter
2502 897 2680 953 parva
2722 885 2782 936 et
2819 882 2958 937 vilia
3007 881 3068 938 in
3098 887 3155 938 te
3185 883 3469 952 admissa,
3501 888 3776 959 gravissi-

2124 985 2360 1025 morum
2409 969 2516 1025 tibi
2563 971 2676 1042 ipsi
2733 975 3114 1042 peccatorum
3170 973 3589 1031 remissionem
3620 976 3777 1050 apud

2124 1064 2314 1115 Deum
2346 1059 2746 1132 praecluseris.

2194 1149 2362 1206 XVII.
2380 1172 2409 1201 «
2430 1151 2584 1206 Etne
2603 1150 2852 1207 inducas
2865 1167 2973 1208 nos
2987 1150 3050 1206 in
3065 1153 3459 1210 tentationem
3474 1156 3779 1212 Domine.»

2124 1239 2266 1294 Idne
2289 1240 2574 1295 Dominus
2596 1257 2767 1296 orare
2798 1257 2907 1297 nos
2947 1241 3140 1312 docet,
3164 1260 3238 1299 ne
3261 1244 3561 1301 ullatenus
3584 1251 3778 1303 tente-

2124 1345 2260 1383 mur
2274 1328 2685 1400 ‘Ithuomodo
2702 1329 2924 1385 alibubi
2941 1330 3167 1387 dictum
3186 1338 3308 1388 est:
3332 1357 3360 1385 «
3391 1336 3491 1389 Vir
3511 1351 3633 1391 non
3655 1341 3779 1392 ten-

2128 1438 2156 1471 ιι
2177 1423 2355 1487 tatus,
2378 1435 2500 1475 non
2531 1424 2622 1474 est
2639 1420 2924 1491 probatus
2945 1419 2991 1455 ⁸⁸
3011 1421 3038 1476 ?
3086 1429 3139 1476 et
3186 1425 3388 1478 iterum
3410 1441 3428 1481 :
3469 1425 3779 1482 Summum

2128 1531 2149 1559 ι
2175 1508 2453 1581 gaudium
2472 1509 2826 1578 existimate,
2848 1509 3060 1566 fratres
3085 1511 3225 1582 mei,
3251 1529 3386 1568 cum
3407 1515 3468 1569 in
3491 1517 3775 1572 tentatio-

2125 1620 2153 1649 «
2176 1615 2281 1653 nes
2303 1597 2633 1653 incideritis
2648 1598 2839 1653 varias
2861 1597 2927 1654 ⁴⁷.
2955 1621 2983 1648 ››
3008 1600 3224 1656 Verum
3246 1601 3475 1672 ingredi
3499 1603 3561 1658 in
3587 1610 3778 1661 tenta-

2121 1692 2366 1760 tionem,
2387 1707 2588 1746 nonne
2615 1690 2848 1746 fuerita
2877 1691 3206 1748 tentatione
3248 1693 3546 1767 submergi
3570 1696 3598 1750 ?
3632 1699 3774 1753 Nam

2121 1782 2368 1839 tentatio
2386 1782 2635 1837 torrenti
2651 1781 2723 1838 ad
2742 1781 3161 1854 trajiciendum
3175 1782 3407 1839 difficili
3427 1785 3641 1842 similis
3664 1793 3774 1842 est:

357 1867 651 1946 Χειμάῤῥῳ
699 1871 805 1924 τινὶ
869 1865 1314 1970 δυσκόλῳρπρὸς
1373 1863 1636 1926 διάϐασιν.
1696 1870 1764 1970 (Ξὶ
1799 1870 1893 1944 μὲν
1919 1869 2009 1924 οὗν

2129 1873 2222 1945 qui
2245 1872 2498 1946 igiturin
2533 1871 2965 1927 tentatiouibus
2999 1889 3119 1927 non
3159 1872 3638 1948 submerguntur,
3673 1895 3776 1950 op-

359 1958 413 2016 ἐν
474 1963 801 2034 πειρασμοῖς
860 1960 936 2033 μή
993 1953 1559 2033 καταϐαπτιζόμενοι,
1621 1954 2010 2032 διαϐαίνουσιν,

361 2046 576 2123 ἄριστοί
631 2069 775 2113 τινες
847 2045 1199 2122 κολυμϐηταὶ
1255 2048 1548 2126 γινόμεοι,
1605 2048 1695 2105 καί
1754 2047 2017 2122 μηδόλως

367 2139 457 2193 ὑπ’
503 2139 678 2193 αὐτῶν
729 2136 1184 2213 κατασυρόμενοι.
1235 2140 1304 2196 Οἱ
1350 2136 1407 2195 δὲ
1457 2141 1532 2213 μή
1584 2143 1849 2212 τοιοῦτοι,
1905 2139 2013 2195 είσ-

360 2228 544 2292 τόντες
593 2224 1124 2300 καταϐαπτίζονται.
1183 2232 1313 2288 Οἷον
1341 2275 1354 2301 ,
1389 2231 1462 2296 ὡς
1509 2229 1597 2286 ἐπὶ
1645 2229 2013 2306 ποραδείγμα-

361 2340 474 2388 τος,
534 2315 745 2381 Ἰούδας
804 2317 1061 2374 εἰσελθὼν
1128 2318 1208 2382 εἷς
1264 2321 1354 2375 τὸν
1409 2327 1508 2391 τῆς
1565 2320 2013 2399 φιλοχρηματίας

358 2411 660 2482 πειρασμὸν
695 2450 711 2477 ,
771 2407 832 2463 οὐ
892 2405 1170 2479 διενήξατο
1205 2427 1220 2442 '
1296 2408 1441 2466 ἀλλὰ
1512 2405 2011 2479 καταϐαπτισθεὶς,

356 2497 444 2551 καὶ
501 2500 827 2570 σωματικῶς
883 2495 974 2551 καῖ
1032 2502 1414 2572 πνευματικῶς
1466 2497 1758 2574 ἀπεπνίγη.
1815 2499 2014 2574 Πέτρος

363 2585 613 2656 είσῆλθεν
676 2587 751 2650 εἷς
830 2587 918 2642 τὸν
975 2594 1075 2658 τῆς
1132 2589 1407 2664 ἀρνήσεως
1466 2591 1808 2664 πειρασμόν·
1871 2589 2016 2646 ἀλλᾶ

369 2673 630 2739 εἰσελθὼν
688 2675 786 2732 οὐκ
841 2673 1182 2750 ἐϐαπτίσθη,
1245 2677 1390 2734 ἀλλὰ
1445 2679 1706 2754 γενναίως
1762 2677 2013 2752 διανηξάα

376 2785 536 2837 μενος
596 2763 819 2842 ἐρῥύσθη
882 2767 989 2822 ἀπὸ
1038 2772 1136 2824 τοῦ
1187 2773 1531 2843 πειρασμοῦ.
1591 2770 1792 2828 ’Ἄκουε
1849 2769 2012 2825 πάλιν

369 2853 620 2930 ἀλλαχοῦ
653 2855 980 2932 ὁλοκλήρων
1147 2857 1312 2934 άγίων
1337 2863 1536 2934 χοροῦ,
1563 2858 2017 2936 εὐχαριστοῦντος

365 2941 452 2998 ἐπὶ
503 2949 602 3000 τοῦ
681 2944 1019 3021 ἐξαιρεθῆναι
1091 2951 1188 3002 τοῦ
1238 2953 1544 3022 πειρασμοῦ
1579 2966 1592 2981 ⁸
1655 2947 2018 3022 Ἐδοκίμασας

362 3035 511 3106 ἡμᾶς
547 3077 562 3104 ,
621 3034 649 3089 6
707 3035 884 3106 Θεὸς,
964 3034 1244 3110 ἐπύρωσας
1300 3040 1446 3110 ἡμᾶς
1505 3039 1579 3100 ὡς
1632 3043 1898 3114 πυροῦται
1953 3039 2016 3094 τὸ

363 3121 675 3198 άργῦριον”
736 3123 1022 3200 εἰσήγαγες
1099 3127 1248 3199 ἡμᾶς
1337 3125 1413 3189 είς
1461 3130 1559 3196 τήν
1619 3125 1840 3203 παγίδα’
1891 3126 2014 3193 ἔθου

360 3209 580 3285 θλίψεις
637 3210 726 3268 ἐπὶ
782 3214 874 3268 τὸν
933 3219 1102 3270 νῶτον
1161 3217 1322 3288 ἡμῶν
1356 3235 1369 3249 ⁸
1429 3212 1754 3281 ἐπεϐίϐασας
1811 3217 2014 3294 ἀνθρὼ-

2123 1963 2251 2018 timi
2274 1962 2435 2017 velut
2449 1965 2753 2017 natatores
2771 1959 3047 2033 trajiciun
3057 1966 3161 2030 t,et
3173 1962 3341 2019 nulla
3360 1965 3592 2021 ratione
3607 1967 3677 2022 ab
3691 1967 3777 2024 eis

2120 2051 2547 2126 pertrahuntur
2571 2069 2585 2117 ;
2611 2051 2710 2122 qui
2732 2067 2868 2106 vero
2890 2051 3038 2106 tales
3062 2068 3183 2106 non
3210 2058 3368 2122 sunt,
3400 2055 3650 2128 ingressi
3674 2057 3772 2113 de-

2122 2148 2490 2216 merguntur.
2524 2141 2744 2207 Qualis,
2769 2145 2833 2195 ut
2855 2141 3125 2213 exemplo
3149 2147 3408 2212 utamur,
3433 2145 3610 2202 Judas
3631 2146 3774 2218 fuit;

2123 2233 2222 2304 qui
2246 2233 2308 2287 in
2323 2231 2581 2287 avaritiae
2598 2230 2889 2285 tentation
2899 2245 2992 2285 em
3007 2231 3330 2302 ingressus,
3347 2250 3468 2288 non
3493 2238 3752 2292 enatavit

2123 2321 2227 2378 sed
2245 2321 2608 2387 submersus,
2640 2325 2698 2374 et
2717 2335 2961 2391 corpore
2984 2325 3043 2375 et
3063 2321 3274 2392 spiritu
3319 2323 3641 2379 suffocatus
3666 2331 3772 2381 est.

2123 2415 2331 2467 Petrus
2364 2411 2423 2465 in
2456 2410 2864 2483 denegationis
2899 2411 3290 2466 tentationem
3339 2413 3623 2484 introivit,
3672 2416 3775 2471 sed

2123 2503 2426 2574 ingressus
2447 2515 2678 2555 mersus
2708 2517 2828 2555 non
2863 2504 2953 2554 est
2977 2501 3051 2572 (3)
3077 2517 3088 2555 :
3113 2517 3317 2556 verum
3341 2518 3624 2575 generose
3658 2510 3777 2560 tra—

2123 2609 2273 2647 nans
2309 2607 2340 2646 a
2371 2591 2696 2646 tentatione
2728 2590 3014 2645 liberatus
3055 2595 3162 2646 est.
3215 2592 3366 2647 Audi
3398 2610 3603 2649 rursus
3635 2594 3776 2649 alibi

2123 2679 2515 2735 incolumium
2544 2683 2885 2733 sanctorum
2916 2679 3183 2745 chorum,
3208 2681 3366 2752 quod
3393 2699 3427 2736 a
3453 2683 3778 2738 tentatione

2125 2776 2362 2842 ereptus
2390 2769 2467 2824 sit
2505 2769 2723 2840 gratias
2764 2767 3234 2840 persolventem:
3277 2794 3306 2820 «
3340 2771 3604 2826 Probasti
3648 2790 3780 2828 nos-

2128 2882 2153 2911 «
2170 2862 2323 2915 Deus
2339 2876 2351 2926 ;
2368 2857 2685 2913 incendisti
2699 2874 2809 2912 nos
2824 2857 3643 2932 sicutincenditurargentum
3663 2880 3674 2926 ;
3693 2863 3750 2916 in
3763 2905 3775 2929 ,

2124 2972 2152 3000 «
2179 2948 2396 3004 duxisti
2419 2947 2929 3018 nosinlaqueum;
2953 2949 3201 3019 posuisti
3221 2949 3576 3005 afflictiones
3600 2968 3778 3022 super

2127 3060 2155 3090 «
2173 3039 2414 3093 dorsum
2428 3040 2695 3091 nostrum
2719 3053 2733 3102 ;
2750 3035 3085 3108 imposuisti
3105 3036 3374 3093 homines
3389 3055 3567 3110 super
3584 3041 3778 3111 capita

2125 3151 2152 3180 «
2170 3127 2352 3183 nosir.
2368 3125 2769 3180 Transivimus
2785 3142 2892 3195 per
2909 3126 3106 3196 ignem
3123 3131 3181 3181 et
3194 3143 3433 3198 aquam,
3449 3133 3506 3183 et
3520 3129 3774 3184 eduxisti

2125 3241 2152 3268 «
2169 3235 2277 3272 nos
2295 3217 2355 3271 in
2373 3215 2744 3286 refrigerium
2758 3215 2853 3269 “.n
2877 3214 3080 3269 Viden’
3096 3233 3196 3271 eos
3212 3217 3775 3274 ﬁdenterexsultan-

357 3323 494 3363 πους
549 3301 638 3357 ἐπὶ
693 3303 794 3365 τὰς
849 3303 1089 3383 κεφαλὰς
1147 3307 1332 3378 ἡμῶν.
1399 3305 1706 3381 Διήλθομεν
1767 3305 1856 3362 διὰ
1910 3330 2014 3364 πυ-

2129 3315 2212 3364 tes
2225 3305 2380 3378 quod
2399 3303 2762 3376 trajecerint,
2777 3319 2887 3359 nec
2899 3303 3010 3376 ipsi
3026 3305 3275 3375 perfossi
3300 3307 3373 3377 (4)
3389 3307 3506 3362 sint
3520 3309 3546 3363 ‘2
3561 3310 3624 3364 Et
3649 3309 3777 3364 edu-

428 3420 474 3456 ⁴⁶
502 3421 680 3479 Eccli.
713 3439 896 3494 χχχιιι,
929 3426 982 3492 9,
1014 3424 1118 3491 10;
1151 3427 1319 3482 Rom.
1353 3443 1407 3494 v,
1437 3426 1489 3481 3.
1525 3428 1578 3484 4.
1655 3427 1698 3462 ⁴⁷
1724 3428 1841 3483 Jac.
1877 3445 1914 3495 ι,
1944 3429 2000 3483 2.

2153 3425 2308 3483 Psal.
2341 3438 2469 3492 va,
2508 3425 2694 3475 10-12.

363 3547 544 3603 simili
578 3546 863 3620 loquendi
898 3548 1127 3620 ratione
1150 3555 1269 3620 cat.
1312 3555 1364 3604 2.
1406 3567 1568 3605 num.
1607 3556 1659 3616 7,
1692 3547 1743 3620 ἐξ
1776 3550 1905 3604 οἳων
1942 3549 2019 3615 είς

363 3565 544 3603 Slmlll
580 3565 636 3601 10
683 3565 863 3602 uenat
898 3565 1127 3604 ratione
1157 3565 1269 3605 cat.
1312 3565 1364 3604 2.
1406 3567 1568 3605 num.
1607 3565 1659 3616 '1,
1692 3565 1743 3620 εξ
1776 3571 1905 3604 οιων
1942 3565 2015 3615 εις

362 3619 448 3672 οἶα
478 3565 816 3692 κατηνῗχθη.
851 3622 991 3674 Post
1022 3615 1400 3692 λαμϐάνομεν,
1435 3639 1502 3677 ex
1535 3623 1745 3678 iisdem
1796 3623 2015 3679 codici~

362 3692 474 3746 bus
505 3690 682 3748 Coisl.
712 3690 857 3748 edit.
891 3693 1072 3747 Morel
1112 3699 1170 3748 et
1228 3690 1393 3748 vers.
1438 3694 1610 3749 Grod.
1677 3694 2017 3750 addidimus

362 3763 561 3822 verba.
600 3761 676 3832 μὴ
707 3760 1108 3834 ἀναμείνωμεν.

435 3834 652 3906 (4)sz:
703 3832 867 3906 αὐτοῦ
929 3832 1123 3906 μόνης.
1172 3841 1284 3892 etc.
1342 3836 1531 3906 Aliter
1585 3836 1756 3894 codd.
1809 3842 1928 3894 Roe
1961 3843 2019 3894 et

362 3904 763 3983 Casaubq‘xai
786 3907 884 3976 τῆς
913 3904 1076 3983 άῦτοῦ
1109 3904 1880 3983 δεόμεθαΑιριλανθρ-ωπίας.ει
1910 3911 2015 3964 hu-

355 3979 460 4050 jus
484 3977 902 4050 opushabemus
944 3977 1300 4050 benignitate.
1353 3977 1418 4036 In
1461 3977 1632 4036 codd.
1667 3982 1886 4047 Ottob.,
1915 3986 2018 4049 τῆς

361 4047 532 4124 αὐτῆς
569 4047 904 4124 μόνης-(ξω.
937 4047 1222 4124 εοιιίίρεα
1267 4069 1372 4122 per
1417 4069 1470 4106 se
1521 4054 1858 4123 benignitate
1883 4047 2018 4124 opus

361 4117 586 4194 habent.
623 4123 742 4194 Vox
774 4117 965 4194 δέομαι
1000 4117 1136 4177 ηοιί
1163 4117 1458 4192 significat
1501 4117 1854 4194 simpliciter
1883 4117 2020 4194 opus

365 4193 1047 4281 habereA‘s‘ed,"l‘1‘oc‘solo
1077 4195 1296 4280 auxilio
1327 4212 1503 4280 posse
1531 4193 1681 4281 tolli.
1714 4197 1820 4280 Sic.
1841 4193 2014 4251 Basil.

360 4265 538 4389 epist.
571 4265 713 4319 317:
762 4265 836 4318 Τὸ
895 4265 951 4318 δὲ
1009 4265 1455 4339 ἀμάρτημαίτοῦ
1513 4267 1733 4340 Λαμὶχ,
1767 4265 1828 4320 οὐ
1855 4287 2019 4320 κατα-

357 4355 394 4388 κ
438 4338 615 4412 υσμοῦ
642 4332 831 4412 δεῖται.
863 4335 999 4410 πρὸς
1051 4337 1356 4412 θεραπείαν,
1407 4335 1534 4412 ἁλλ’
1585 4337 1750 4393 αὐτοῦ
1805 4342 1902 4412 τοῦ
1933 4339 2017 4392 αἱ·

363 4410 585 4478 ροῦντες
641 4409 658 4479 [
771 4407 832 4460 αἶ’
868 4407 1070 4478 οντος]
1115 4407 1217 4476 τήν
1279 4408 1542 4481 ἁμαρτίαν
1601 4414 1700 4464 τοῦ
1755 4411 1966 4482 κόσμου
1999 4452 2012 4464 .

363 4482 590 4534 Peccato
626 4427 860 4534 Lameci
886 4498 995 4534 non
1024 4483 1228 4534 sufﬁcit
1256 4481 1330 4534 ad
1355 4483 1691 4534 curationem
1720 4482 2012 4534 diluvium.

360 4482 590 4535 Peccato
626 4481 856 4535 Lamech
886 4498 995 4535 non
1024 4483 1228 4551 sufﬁcit
1256 4481 1330 4535 ad
1355 4483 1691 4537 curationem
1720 4482 2012 4538 diluvium.

360 4551 457 4605 sed
480 4551 816 4623 necessarius
846 4561 922 4623 est
953 4556 998 4607 is
1027 4556 1125 4623 qui
1153 4553 1305 4623 tollit
1322 4560 1611 4622 peccatum
1640 4556 1852 4608 mundi.

438 4623 516 4691 (2)
546 4621 717 4696 Ἀνήρ
750 4620 1091 4697 ἀπείραστός,
1112 4620 1400 4695 άδόκιμός.
1429 4625 1612 4678 Locus
1631 4625 1730 4680 ille
1752 4626 2015 4697 utjacet,
2051 4624 2096 4687 Ο

365 4709 696 4777 numquam
742 4696 1038 4777 reperitur
1075 4697 1154 4777 .in
1205 4697 1544 4777 Scriptura,
1578 4697 1711 4777 Ij‘uit
1758 4696 1956 4777 tamen
1983 4715 2018 4753 a

365 4765 570 4819 multis
602 4765 874 4822 Patribus
907 4767 1122 4822 Graecis
1151 4774 1209 4822 et
1239 4765 1443 4822 latinis
1474 4767 1708 4822 citatus.
1760 4769 1846 4824 Ad
1879 4787 2015 4825 eum

363 4836 579 4912 alludit
608 4840 763 4912 Νεη.2
793 4839 964 4910 epist.
989 4842 1117 4912 215,
1146 4839 1286 4894 dum
1319 4838 1558 4894 scribit:
1593 4838 1667 4892 Οὐ
1695 4836 1920 4912 δόκιμον
1951 4841 2014 4895 τὸ

361 4905 706 4983 άπείρ-ᾳστον.
743 4905 992 4983 Sanctus
1033 4910 1216 4983 Nilus,
1259 4912 1568 4983 Peristeriaa
1599 4917 1741 4967 sect.
1775 4905 1831 4983 4,
1861 4929 1911 4983 c.
1945 4916 2013 4968 6:

363 4976 751 5057 Οὐκῆκουσοις
780 4984 880 5044 τῆς
912 4981 1058 5057 θείας
1114 4976 1384 5054 λεγούσης
1417 4988 1620 5057 φωνῆς·
1665 4976 1833 5051 Ἀνὴρ
1860 4982 2018 5038 ἀπεί-

363 5069 578 5123 ραστος,
610 5049 875 5122 ἀδόκιμος
923 5053 1071 5121 παρᾶ
1128 5049 1244 5123 Θεῷ
1277 5072 1290 5122 ;
1326 5049 1444 5109 Non
1475 5057 1740 5110 audivisti
1771 5049 2016 5111 divinam

369 5140 546 5198 recepi
578 5125 919 5198 dicentem:
982 5127 1080 5178 Vir
1125 5141 1234 5198 non
1279 5133 1538 5196 tentatus,
1587 5143 1697 5181 non
1744 5129 2016 5198 probatus

367 5196 520 5270 apud
566 5197 732 5270 Deum
765 5239 777 5250 .
809 5198 1127 5270 Damasci,
1153 5196 1268 5270 _lib.
1318 5214 1354 5251 ιι
1414 5199 1489 5270 De
1534 5199 1661 5270 ﬁde,
1698 5269 1703 5270 γ
1739 5196 1879 5270 cap.
1917 5201 2012 5253 30:

364 5263 533 5339 ’Ᾱνήρ
563 5265 663 5343 γάρ
697 5267 1042 5343 ᾀπείραστος,
1069 5263 1612 5343 ἀδόκιμοςηούδενὸς
1642 5263 1827 5343 λόγου⁸
1845 5267 2013 5339 ἄξιος.

366 5339 678 5408 Reperitur
707 5339 768 5394 in
803 5339 1022 5412 Latinis
1058 5341 1245 5394 sancti
1288 5339 1582 5411 Ephrwm,
1620 5347 1696 5397 De
1727 5339 1930 5412 'paénit.
1967 5348 2016 5397 et

355 5413 622 5484 patient,
653 5428 782 5484 pag.
818 5415 910 5466 151
943 5429 956 5466 :
992 5411 1135 5484 item
1167 5412 1322 5482 apud
1357 5412 1699 5484 ARufﬁnum,
1738 5411 1822 5469 ’De
1854 5416 2018 5468 bene-

363 5481 695 5537 dictionibus
735 5481 1036 5553 patriarcq
1069 5482 1170 5536 lib.
1206 5481 1297 5548 in,
1353 5482 1415 5538 in
1465 5485 1766 5541 Benedict.
1824 5486 1962 5542 Gad.
2000 5502 2013 5540 :

373 5553 482 5626 Yig:
503 5555 810 5610 intentatus
833 5571 945 5610 non
977 5560 1054 5610 est
1078 5554 1410 5625 probabilis.
1443 5557 1612 5626 Apud
1646 5557 2016 5626 Cassianum,

364 5623 507 5698 βοιι.
543 5642 625 5692 1x,
654 5643 782 5698 cap,
816 5629 905 5692 23,
938 5632 997 5680 et
1017 5623 1120 5698 qui
1145 5643 1213 5698 ex
1236 5642 1304 5681 eo
1329 5623 1585 5697 sumpsit
1615 5629 1918 5685 lulianum
1941 5623 2017 5685 To

368 5693 653 5770 letanum,
688 5693 791 5754 lib.
823 5715 865 5754 ιι
914 5693 1354 5769 Ἀντὶκειμένων,
1413 5693 1606 5770 quast.
1647 5702 1784 5757 138:
1834 5703 2018 5758 Omnis

364 5767 447 5821 vir
473 5768 574 5837 qui
600 5785 710 5825 non
742 5779 818 5826 est
845 5775 1104 5835 tentatus,
1129 5767 1240 5825 non
1267 5775 1346 5826 est
1366 5767 1652 5840 probatus.
1684 5773 1892 5830 Nullus
1917 5789 2020 5830 eo-

364 5852 495 5894 rum
526 5855 643 5912 quo
675 5857 744 5898 ex
794 5841 927 5899 loco
977 5841 1337 5901 sententiam
1383 5842 1536 5900 hanc
1580 5843 2022 5919 deprompserit

2126 3551 2407 3621 assignat.
2442 3545 3101 3623 SuntinEcclesiastico
3129 3550 3270 3623 etin
3305 3549 3774 3623 aliisScripturas

2126 3617 2296 3678 libris
2325 3619 2634 3690 sententiae
2666 3618 2763 3671 isti
2787 3617 3050 3686 similes;
3085 3636 3115 3672 e
3147 3621 3382 3690 quibus,
3416 3622 3558 3678 dum
3585 3617 3616 3678 ὀ
3647 3641 3772 3679 me-

2127 3693 2319 3750 moria
2346 3691 2436 3746 vel
2462 3689 2588 3744 solo
2612 3705 2791 3743 sensu
2808 3689 3396 3755 recitantur,’factum
3426 3694 3605 3749 fuerit
3635 3697 3776 3751 ada-

2126 3767 2294 3839 gium»
2319 3765 2430 3839 hoc
2457 3763 2698 3839 Patrum
2730 3777 2830 3839 ore
2861 3763 3202 3839 contritum.

2199 3837 2302 3908 (2‘)
2331 3830 2711 3908 Ὀλοκλήρων.
2739 3833 2906 3908 Lege,
2941 3830 3280 3904 ὁλοκλήρου.
3314 3834 3464 3890 EDIT.

2199 3908 2272 3977 (3)
2305 3909 2496 3961 Petrus
2526 3907 2584 3958 in
2620 3907 2973 3959 tentationem
3011 3908 3278 3976 ingressus
3307 3924 3511 3963 mersus
3541 3925 3649 3962 non
3683 3917 3778 3964 cst.

2125 3979 2745 4050 HaudinegatPetrum
2768 3978 2924 4047 gravi
2942 3977 3325 4032 succubuisse
3341 3981 3776 4050 peccato,juxta

2129 4047 2514 4122 quosdamab
2540 4048 2928 4122 Hieronymo,
2959 4051 3018 4103 in
3056 4050 3233 4103 Matth
3277 4047 3427 4114 xx’w,
3461 4055 3548 4118 72,
3595 4047 3772 4106 casti-

2127 4119 2315 4202 gates,
2349 4120 2450 4202 qui
2481 4119 2688 4202 frivola
2717 4119 2873 4173 verbi
2897 4122 3778 4202 occupatione,_perm_eutalem

2127 4191 2563 4249 restrictionem
2595 4191 2769 4261 culpa
2823 4208 3066 4262 prorsus
3125 4192 3462 4248 liberabant
3516 4196 3777 4250 Petrum.

2128 4265 2383 4337 Cyrillus
2405 4280 2548 4337 vero
2581 4267 2694 4318 cat.
2729 4266 2998 4337 2,_num.i
3046 4265 3131 4337 19,
3178 4264 3497 4337 confitetur
3542 4269 3779 4321 Petrum

2127 4335 2217 4392 ter
2248 4336 2566 4392 Dominum
2595 4335 2938 4405 negavisse;
2988 4336 3166 4407 hujus
3215 4336 3459 4391 admissi
3509 4338 3778 4392 interiori

2127 4408 2476 4480 pmnitentia
2505 4411 2727 4480 tactum
2760 4407 2991 4480 veniam
3012 4408 3433 4477 promeruisse,
3459 4415 3516 4463 et
3536 4427 3780 4480 peccan-

2127 4477 2275 4535 tium
2297 4496 2403 4550 per
2423 4477 2832 4550 pmnitentiam
2856 4479 3110 4533 salutem
3141 4477 3593 4535 consecutoruin
3636 4481 3782 4536 insi-

2127 4569 2238 4624 gne
2269 4549 2574 4621 exemplar
2599 4549 2876 4604 evasisse.
2907 4551 3032 4624 Hoc
3059 4556 3147 4604 est
3178 4551 3357 4621 igitur
3387 4552 3606 4622 Cyrillo
3639 4559 3778 4607 ten-

2131 4621 2415 4696 tationem
2448 4637 2727 4696 superare
2754 4639 2784 4696 ;_
2804 4637 2923 4675 non
2951 4621 3144 4696 solum
3167 4621 3475 4696 peccatum
3499 4626 3780 4696 effugere,

2128 4695 2231 4752 sed
2263 4713 2294 4750 a
2323 4699 2572 4775 peccato
2607 4692 2978 4775 resipiscere.
3005 4693 3251 4775 “Idcirco
3282 4694 3490 4775 Judam
3523 4692 3780 4775 avaritim

2127 4764 2454 4823 tentatione
2486 4765 2861 4819 submersum
2902 4764 3065 4830 dicit,
3100 4781 3220 4818 non
3255 4766 3411 4835 quod
3463 4767 3778 4822 tentationi

2130 4837 2524 4895 succumbens
2539 4835 2865 4910 prodiderit
2881 4836 3177 4910 Christum
3197 4837 3319 4910 ;sed
3335 4838 3493 4907 quod
3511 4839 3783 4910 despera-

2124 4913 2284 4966 tione
2299 4911 2512 4982 laqueo
2535 4909 2722 4982 vitam
2740 4907 2947 4960 finivit.
2977 4907 3408 4982 Inusitatath
3425 4907 3775 4982 superanda)

2125 4977 2497 5046 temtationis,
2522 4978 2611 5051 vel
2630 4977 2825 5051 eidem
2851 4978 3286 5051 succumbendi
3317 4977 3782 5051 explicatio.Ha-

2126 5054 2302 5110 betur
2322 5052 2458 5107 huic
2490 5050 2744 5104 ﬁnitima
2768 5049 2887 5121 sub
2941 5049 3183 5104 nomine
3226 5049 3538 5121 cujus—dam
3569 5056 3778 5110 Patris.

2125 5128 2286 5180 Prati
2314 5125 2464 5193 Spir.
2500 5138 2628 5197 cap.
2681 5119 2833 5197 209._
2858 5121 3199 5197 llesychius,
3235 5119 3413 5194 quem
3445 5125 3784 5197 Hierosoly-

2129 5192 2779 5264 tanum’presbyterum
2809 5192 2992 5247 fuisse
3023 5192 3413 5259 ferunt,icum
3449 5198 3595 5252 mihi
3629 5192 3782 5253 Lati-

2128 5285 2240 5324 nus
2267 5263 2448 5320 fuisse
2489 5263 2882 5340 videatur,_in
2927 5266 3151 5340 Leritic.
3187 5283 3314 5337 cap.
3340 5285 3396 5331 v,
3427 5272 3478 5321 2.
3515 5292 3541 5318 ‹‹
3582 5272 3779 5340 Neque

2130 5340 2338 5395 «enim
2370 5337 2568 5392 omnis
2599 5335 2757 5405 quia
2787 5335 3239 5408 bestiacapitur
3259 5335 3386 5407 jam
3418 5341 3582 5396 omni
3605 5335 3780 5396 modo

2133 5437 2152 5462 ι
2189 5412 2261 5468 ab
2294 5426 2364 5484 ea
2392 5414 2451 5463 et
2481 5407 2809 5484 occiditur;
2855 5407 3102 5484 forsitan
3148 5411 3308 5464 enim
3349 5417 3407 5484 et
3462 5419 3778 5484 postquam

2130 5507 2158 5536 «
2192 5483 2455 5553 capitur,
2481 5479 2788 5549 liberatur,
2837 5480 2990 5535 sicut
3019 5482 3248 5536 Petrus.
3287 5479 3501 5538 Incidit
3530 5479 3686 5539 enim
3722 5485 3781 5539 in

2129 5580 2156 5607 «
2189 5551 2408 5610 diaboli
2442 5551 2655 5626 laqueo
2693 5557 2957 5626 tempore
2990 5554 3360 5626 negationis:
3395 5555 3497 5609 sed
3538 5556 3782 5626 resipis-

2131 5652 2156 5678 (ι
2181 5643 2320 5682 cens
2354 5624 2554 5690 evasit,
2590 5628 2648 5677 et
2680 5622 2820 5678 dicit
2852 5640 2986 5678 cum
3019 5622 3231 5680 David:
3268 5648 3293 5676 ››
3343 5647 3370 5676 κ
3404 5628 3618 5682 Anima
3648 5622 3782 5681 inca

2131 5721 2159 5753 ιι
2192 5700 2344 5754 sicut
2375 5710 2582 5768 passer
2611 5699 2814 5768 erepta
2844 5701 2954 5762 est,
2991 5717 3026 5768 »ί
3061 5701 3172 5752 etc.

2194 5772 2272 5844 (4)
2304 5766 2588 5844 Εείὶηίίιί,
2616 5767 2678 5822 in
2700 5767 2912 5840 laqueo
2942 5767 3033 5823 vel
3064 5768 3125 5823 in
3171 5767 3314 5822 limo
3354 5767 3628 5838 profundi
3663 5766 3780 5837 (Ps.

2125 5840 2315 5912 vaul,
2349 5840 2426 5914 3).
