4150 6278
390 362 544 426 1127
1438 355 1504 413 S.
1551 352 1868 417 CYBILLI
1912 351 2328 416 HIEROSOL.
2373 353 2741 417 ARCHIEP.
3657 366 3813 426 1128

385 493 591 569 gloria,
624 494 813 548 honor
838 494 897 547 et
926 489 1268 562 imperium,
1303 504 1441 544 cum
1470 489 1643 545 Patre
1666 488 1749 562 [et
1776 489 1947 562 Filio]
1980 495 2024 545 e1

2168 491 2242 544 τοῦ
2271 491 2481 566 Κυρίου
2510 492 2672 564 ἡμῶν
2716 486 2895 561 Ἰησοῦ
2952 495 3198 565 Χριστοῦ
3258 491 3644 571 διατηρηθειῃ·
3680 498 3727 571 ᾧ
3774 502 3807 571 ἡ

386 588 589 642 sancto
622 582 864 656 Spiritu,
889 597 1050 638 nunc
1082 584 1141 635 et
1173 595 1431 652 semper,
1452 583 1510 634 et
1538 580 1603 636 in
1629 579 1846 636 saacula
1860 596 2025 636 saecu-

2166 573 2306 652 Βὸξα,
2326 580 2488 653 τιμὴ,
2548 580 2637 633 καὶ
2687 580 2908 655 κράτος,
2969 579 3061 635 σὺν
3121 580 3292 657 Πατρὶ
3350 584 3464 657 [καὶ
3527 587 3662 660 Υἱῷ]
3718 590 3805 644 καὶ

382 675 602 730 lorum.
637 674 850 731 Amen.

2157 667 2289 743 ἁγίῳ
2318 667 2616 741 Ιινεύματι,
2647 672 2740 725 νῦν
2771 670 2858 727 καὶ
2892 668 2995 741 ἀεὶ,
3027 669 3120 727 καὶ
3150 670 3227 737 εἰς
3273 671 3404 741 τοὺς
3458 672 3662 739 αἰῶνας
3689 682 3796 735 τῶν

2151 756 2387 815 αἰώνων.
2430 758 2494 814 Ἀ
2505 759 2637 833 μήν.

1233 1065 1395 1188 .'”
1553 1076 2150 1201 SANCTI
2292 1075 2960 1206 CYRILLI

1603 1316 2102 1357 HIEROSOLYMITANI
2158 1315 2570 1358 ARCHIEPISCOPI

1162 1473 1458 1529 HOMILIA
1488 1472 1557 1529 IN
1596 1472 2102 1528 PARALYTICUM
2131 1472 2226 1527 AD
2268 1470 2602 1528 PISCINAM
2630 1473 3013 1536 JACENTEM.

1727 1791 2459 1890 ADMONITIO.

448 2013 499 2072 Ι.
533 2008 732 2094 Hujus
752 2006 1028 2069 homiliaa
1051 2011 1291 2079 auctor,
1325 2023 1514 2094 quem
1548 2003 1734 2094 modo
1766 2003 2069 2094 Cyrilluhm
2094 2008 2377 2094 austrum
2402 2022 2537 2094 esse
2565 2006 2997 2085 probabimus,
3023 2011 3498 2094 explicatzillam
3521 2018 3786 2080 Joannis

366 2084 691 2174 Evangelii
722 2097 987 2174 partem,
1024 2107 1150 2168 qua
1181 2084 1541 2174 continetur
1577 2087 1949 2174 miracuium
1981 2084 2235 2174 Christi,
2270 2084 2687 2174 paralyticum
2740 2107 3049 2174 an_no_rum
3097 2084 3360 2174 triginta
3390 2095 3470 2154 ad
3504 2098 3786 2174 probati-

367 2192 506 2255 cam
541 2166 839 2255 bigcidam
867 2166 1184 2255 jacen'tem
1214 2169 1406 2255 verbo
1437 2166 1740 2255 sanantis,
1774 2166 1876 2255 die
1905 2166 2167 2255 Sabbati
2198 2168 2740 2255 murmurantibus
2792 2170 3052 2255 Judasis.
3088 2166 3376 2234 Historias
3424 2166 3615 2255 hujus
3661 2181 3792 2242 sin-

366 2246 554 2332 gulas
577 2246 1079 2312 circumstantias
1109 2250 1408 2332 expendit
1429 2255 1490 2309 et
1520 2248 1819 2322 declarat,
1850 2254 2031 2327 aptas
2060 2246 2293 2325 ubique
2321 2249 2400 2308 ad
2422 2249 2570 2311 ﬁdei
2616 2252 3231 2315 commendationem
3281 2262 3344 2317 et
3394 2246 3787 2323 emendatio-

371 2331 512 2395 nem
546 2352 792 2393 morum
826 2332 1297 2392 exhortationes
1326 2331 1726 2390 interserens.

445 2416 518 2474 ll.
552 2414 868 2493 Principio
897 2418 1108 2473 monet
1133 2414 1370 2494 Jesum,
1404 2411 1759 2494 animarum
1812 2409 2000 2494 simul
2031 2414 2111 2494 iet
2165 2428 2502 2488 corporum
2536 2412 2874 2486 medicum,
2909 2433 3304 2494 quaecunque
3327 2416 3465 2479 loca
3495 2418 3788 2485 lustravit

366 2495 712 2578 benefactis
743 2489 870 2554 suis
900 2495 1190 2578 implesse
1220 2493 1419 2569 (num.
1449 2492 1477 2550 1
1513 2498 1573 2551 et
1594 2492 1653 2571 2)
1681 2508 1754 2578 ;_e
1776 2489 2124 2578 paralytico
2147 2509 2402 2578 rogasse
2424 2510 2582 2578 num
2607 2489 2945 2578 sanitatem
2975 2495 3179 2566 vellet,
3203 2489 3336 2556 'non
3368 2500 3737 2563 inscientem
3767 2522 3781 2578 ;

366 2577 475 2660 sed
505 2576 658 2660 aegri
688 2581 814 2660 tam
845 2571 1058 2660 animo
1088 2591 1278 2652 quam
1310 2590 1574 2660 aorpore
1596 2571 2477 2660 yoiuntatem_ad_petendum
2507 2573 2855 2635 elicientem
2888 2579 3090 2655 (num.
3119 2581 3154 2637 3
3191 2584 3252 2637 et
3272 2578 3374 2660 4);
3418 2580 3482 2641 id
3514 2584 3681 2660 quod
3711 2571 3772 2646 et

362 2658 429 2743 in
462 2651 590 2743 alio
622 2656 921 2743 miracula
950 2651 1265 2715 ccecorum
1294 2653 1565 2743 duorum
1591 2652 1734 2743 fecit
1753 2651 1951 2743 (nam.
1982 2652 2067 2731 5).
2094 2651 2881 2743 Tum‘occasionesumpta
2902 2651 2990 2715 "ex
3012 2651 3420 2743 responsione
3446 2651 3780 2743 paralytici

363 2737 690 2821 hominem
725 2756 789 2797 se
812 2735 1045 2821 habere
1077 2734 1396 2821 negantis,
1416 2733 2059 2821 Christi‘divinitatem
2090 2750 2230 2793 cum
2264 2732 2663 2821 humanitate
2694 2732 3191 2821 conjunctamet
3221 2732 3551 2821 utriusque
3581 2732 3781 2806 conﬁ-

366 2819 575 2879 tendas
608 2818 1040 2899 necessitatem
1074 2815 1348 2899 ostendit
1374 2815 1573 2899 (num.
1603 2814 1667 2899 _6)
1698 2834 1711 2883 ;
1748 2813 2105 2899 Christique
2153 2813 2853 2899 omnipotentissimani,
2882 2824 2944 2877 et
2973 2835 3040 2877 se
3078 2819 3214 2880 sola
3261 2813 3601 2899 pollentem
3654 2827 3779 2886 vim

366 2900 757 2959 demonstrat
777 2899 866 2978 (n.
899 2898 1096 2976 7-10).
1130 2895 1367 2957 Deinde
1395 2894 2201 2978 imperiumilludChristi,
2232 2912 2361 2978 quo
2390 2896 2777 2978 paralyticus
2808 2898 3039 2958 lectum
3071 2894 3279 2960 suum'
3297 2902 3361 2961 in
3400 2905 3635 2964 ferculo
3667 2923 3781 2965 ex-

367 2986 621 3059 portare
645 2974 1008 3057 jubebatur,
1053 2974 1500 3056 interpretans,
1532 2975 1885 3059 digreditur
1925 2974 1989 3034 in
2020 2974 2213 3059 illum
2232 2974 2630 3059 Canticorum
2666 2978 2895 3053 locum,
2949 2998 3075 3058 quo
3119 2982 3416 3043 Salomon
3472 2985 3774 3045 ferculum

370 3055 493 3120 sibi
517 3055 736 3121 fecisse
767 3066 1154 3121 memoratur
1182 3076 1195 3131 ;
1217 3055 1485 3135 eumque
1507 3058 1587 3116 ad
1612 3056 1965 3136 passionem
1989 3055 2220 3138 Christi
2243 3056 2579 3138 allegorice
2600 3059 2826 3132 refert;
2853 3055 3029 3138 prius
3056 3080 3318 3123 monens
3342 3082 3467 3124 non
3497 3083 3777 3127 commu-

373 3159 515 3226 nem
549 3147 612 3201 et
631 3142 965 3220 profanum
998 3140 1177 3226 ilium
1207 3138 1438 3226 iibrum
1471 3135 1766 3226 esse,Ased
1798 3136 2110 3226 mysteriis
2132 3135 2360 3226 Chris_ti
2387 3138 2707 3226 passionis
2723 3135 2985 3226 plenum
3016 3140 3383 3226 (11.10.12).
3421 3146 3514 3206 Ad
3543 3165 3776 3226 propo-

375 3222 566 3281 situm
599 3217 939 3294 revertens,
965 3220 1251 3303 miraculi
1277 3238 1314 3279 a
1343 3218 1597 3303 Christo
1618 3218 1780 3303 facti
1797 3217 2179 3303 celeritatem
2202 3222 2264 3277 et
2294 3218 2661 3303 facilitatem
2696 3217 2911 3303 laudat
2940 3222 3026 3303 (τι.
3066 3224 3166 3303 13)
3191 3244 3205 3297 ;
3244 3217 3443 3287 multo
3473 3217 3782 3291 difﬁcilio-

371 3320 506 3362 rem
538 3308 760 3362 sanatu
792 3308 1020 3362 notans
1048 3301 1414 3362 Judaeorum
1446 3298 1603 3381 illud
1636 3298 1927 3381 malignis
1951 3297 2148 3381 oculis
2177 3298 2565 3381 cernentium
2598 3304 2660 3359 et
2681 3297 3271 3379 reprehendentium
3314 3305 3774 3381 inﬁdelitatem,

375 3401 569 3461 quam
594 3383 730 3461 ipso
763 3382 1048 3469 miraculi
1070 3385 1387 3469 saepecta,
1420 3385 1481 3440 et
1506 3379 1735 3469 Christi
1753 3378 2052 3457 potentias
2081 3378 2587 3469 consideratione
2608 3378 3111 3469 sanaripaperat
3131 3384 3221 3469 (η,
3249 3389 3323 3469 14
3346 3394 3408 3469 et
3430 3389 3551 3469 15).
3577 3378 3782 3451 Chris-

372 3459 505 3523 tum
540 3459 759 3541 postea
776 3463 854 3523 ad
878 3463 1240 3523 evitandum
1272 3460 1559 3541 miraculi
1592 3460 1879 3541 plausum
1911 3478 1977 3520 se
2005 3459 2377 3541 subduxisse
2402 3459 2765 3535 observans,
2798 3459 3078 3523 ﬁdelium
3117 3459 3298 3527 donis
3329 3459 3778 3532 miraculorum

371 3539 646 3623 acceptis
675 3544 1081 3622 gloriantium
1116 3542 1508 3623 praecipitem
1530 3539 1939 3619 jactationem
1965 3540 2245 3600 retundit
2267 3539 2358 3619 (η.
2395 3543 2515 3618 16),
2550 3559 2623 3602 ac
2648 3543 2953 3623 monitum
2979 3544 3206 3605 Christi
3235 3548 3314 3607 ad
3344 3558 3638 3611 sanatum
3671 3552 3780 3613 ho-

369 3622 625 3702 minem,
659 3643 736 3685 ne
774 3625 1047 3707 amplius
1076 3630 1292 3702 peccet
1320 3622 1632 3707 deteriora
1662 3640 2093 3707 perpessurus_,
2128 3639 2455 3707 recensens
2489 3640 2503 3697 ;
2547 3622 2759 3707 omnia
2783 3625 3203 3707 inalapnostra
3229 3646 3302 3688 ex
3327 3633 3601 3707 peccatis
3628 3633 3777 3693 oriri

370 3712 568 3780 notat,
605 3725 804 3785 eaque
825 3706 1162 3787 diligenter
1192 3704 1581 3787 amputanda
1622 3708 1856 3787 monet,
1892 3719 2005 3761 nec
2052 3702 2162 3787 I_)_ei
2193 3702 2499 3787 patientia
2527 3704 2912 3765 abutendum
2946 3704 3037 3787 (η.
3070 3707 3190 3787 17).
3248 3702 3397 3771 [nde
3450 3714 3775 3773 occasione

365 3797 617 3866 sumpta
639 3782 720 3846 ex
746 3788 907 3847 lecta
937 3782 1220 3864 superius
1249 3785 1310 3844 in
1340 3784 1602 3866 ecclesia
1632 3783 1810 3866 Pauli
1839 3782 2110 3861 apostoli
2140 3783 2473 3866 sententia,
2506 3803 2886 3866 sensumque
2908 3782 3043 3863 ejus
3075 3782 3435 3863 en'ucleans,
3463 3794 3664 3853 varias
3695 3794 3775 3854 ad

277 3919 291 3925 -
364 3863 657 3928 virtutem
682 3863 1070 3950 hortationes
1099 3865 1427 3950 subjungit
1460 3863 1810 3950 (n._18)_;_et
1838 3864 2281 3925 commendata
2309 3863 2373 3923 in
2395 3864 2710 3926 Christum
2750 3865 3005 3941 ﬁducia,
3056 3869 3338 3950 episcopi
3380 3875 3654 3936 orationi
3681 3874 3775 3935 lo-

368 3966 507 4008 cum
539 3950 842 4021 facturus,
875 3966 1003 4007 suae
1036 3947 1222 4005 finem
1253 3945 1522 4024 imponit
1550 3944 1639 4019 (n.
1677 3945 1799 4023 19).

438 4030 517 4089 lll
551 4030 883 4089 Homiliam
918 4028 1214 4111 hanc7._7ex
1238 4026 1529 4111 msicoAd.
1554 4025 1910 4111 Bodleianaa
1934 4024 2334 4111 bibliotheca;
2365 4043 2539 4111 num.
2564 4027 2642 4111 25
2675 4031 2894 4111 notato
2917 4046 3299 4111 expressam,
3319 4033 3642 4111 primusin
3672 4035 3771 4095 lu-

357 4127 491 4194 cem
516 4111 713 4194 edidit
732 4111 1009 4170 Thomas
1039 4106 1336 4194 Millesius
1358 4106 1420 4165 in
1446 4105 1783 4194 Oxoniensi
1810 4106 2024 4194 Cyrilli
2054 4105 2616 4194 Hierosolymitani
2638 4105 3090 4194 editioneanni
3122 4114 3301 4174 1303.
3322 4105 3449 4174 Sed
3473 4135 3615 4194 quae
3641 4135 3767 4177 om-

363 4191 536 4251 nium
569 4191 913 4251 editionum
948 4208 1021 4249 ex
1046 4206 1171 4248 uno
1195 4189 1503 4247 duntaxat
1524 4187 1740 4268 codice
1762 4188 2209 4247 adornatorum
2243 4187 2497 4268 fortuna
2534 4192 2647 4258 est,
2689 4187 2754 4246 in
2789 4190 2993 4249 medio
3049 4194 3267 4253 mutila
3290 4202 3403 4268 est,
3438 4187 3509 4256 et'
3531 4197 3772 4257 mendis

361 4270 926 4331 innumerabilibus
950 4288 1233 4352 respersa
1259 4287 1273 4343 ;
1299 4287 1443 4352 nam
1472 4266 1704 4328 codicis
1725 4268 1819 4352 sui
1840 4268 2216 4352 scripturam
2239 4266 2443 4352 editor
2463 4285 2710 4352 summa
2732 4268 2853 4330 ﬁde
2874 4272 3079 4349 qualis
3100 4280 3234 4333 erat
3256 4266 3513 4336 omnino
3542 4295 3769 4352 reprae-

364 4353 649 4419 sentavit,
673 4352 933 4428 adjectis
954 4350 1034 4432 ad,
1055 4351 1248 4432 imam
1274 4350 1647 4432 paginarum
1669 4348 1905 4432 calicem
1930 4347 2206 4432 scholiis,
2236 4347 2632 4432 quibussuas
2654 4349 2731 4409 de
2754 4347 3150 4412 emendando
3174 4360 3343 4413 textu
3367 4347 3766 4432 conjecturas

367 4434 686 4512 proponit.
723 4432 924 4492 Nosin
955 4431 1338 4491 bibliotheca
1359 4429 1871 4512 Christianissimi
1902 4428 2065 4507 regis
2104 4447 2297 4512 unum
2331 4429 2797 4512 orationisejus
2835 4434 3156 4509 exemplar
3198 4434 3384 4504 nacti,
3436 4428 3500 4492 in
3548 4434 3763 4494 codice

369 4509 853 4575 membranaceo
874 4512 1191 4573 undecimi
1217 4512 1313 4571 vel
1344 4510 1701 4571 duodecimi
1729 4510 1975 4570 circiter
2005 4510 2217 4569 saeculi
2248 4515 2476 4590 notato
2514 4509 2670 4569 2030
2700 4511 2761 4569 in
2795 4530 2920 4590 quo
2945 4512 3212 4572 habetur
3238 4513 3348 4573 fol.
3386 4516 3522 4585 135,
3556 4532 3763 4587 verso,

359 4593 652 4655 lacunam
686 4595 907 4654 medias
940 4593 1212 4653 homilias
1243 4591 1656 4670 explevimus,
1690 4609 1764 4651 ac
1796 4590 2110 4668 permulta
2157 4589 2487 4668 Anglicani
2517 4590 2750 4651 codicis
2798 4589 3006 4652 errata
3035 4593 3459 4666 correximus;
3494 4595 3636 4655 falsi
3666 4601 3763 4655 ta-

363 4693 504 4734 men
537 4675 728 4737 alium
763 4676 1043 4735 codicem
1076 4691 1114 4734 a
1142 4673 1323 4734 nobis
1353 4671 1717 4749 desiderari,
1751 4678 1820 4730 ut
1856 4690 2016 4749 pura
2064 4676 2125 4731 et
2161 4672 2433 4750 perfecte
2481 4671 2783 4731 defaecata
2833 4673 3238 4749 producatur.
3285 4676 3563 4736 Tametsi
3603 4678 3770 4737 enim

365 4756 696 4817 amborum
730 4757 1013 4817 codicum
1046 4754 1302 4815 collatio
1334 4770 1632 4830 magnum
1665 4751 1745 4811 ad
1776 4757 1985 4812 textus
2015 4752 2517 4812 emendationem
2550 4757 2934 4811 momentum
2977 4753 3281 4827 attulerit,
3316 4756 3525 4817 adhuc
3557 4763 3769 4818 tamen

362 4844 699 4915 supersunt
730 4837 888 4898 ηεξ)νί
921 4835 1248 4897 nonnulli:
1286 4835 1557 4893 maxime
1586 4833 1648 4892 in
1682 4850 1756 4916 ea
1783 4839 1963 4916 parte
1994 4832 2270 4916 homiliae
2293 4851 2493 4916 quam
2517 4850 2747 4916 ex__uiio
2776 4832 2952 4916 regio
2983 4833 3199 4916 codice
3231 4836 3423 4908 edidi,
3449 4857 3589 4916 qua:
3623 4839 3770 4898 alte-

362 4912 491 4977 rius
521 4919 752 4979 codicis
783 4917 1019 4979 auxilio
1050 4916 1357 4977 declarari
1375 4920 1449 4997 et
1477 4913 1798 4997 emendari
1823 4913 2217 4997 ne_quivit._In
2250 4913 2347 4973 his
2376 4912 2531 4997 locis
2551 4912 2706 4997 aihil
2735 4912 2903 4997 aliud
2928 4913 3134 4997 facere
3163 4915 3320 4973 384
3342 4912 3543 4995 potui,
3577 4937 3767 4997 quam

359 5002 430 5078 ut
460 4999 822 5075 conjectura
852 4998 1233 5078 supplerem.
1270 4996 1391 5078 Ubi
1430 4995 1760 5078 manifesta
1789 4994 1949 5078 ratio
1981 4994 2450 5078 cogebathon
2481 4993 2763 5078 dubitavi
2792 4993 2854 5054 id
2888 4996 3057 5073 quod
3098 4993 3516 5076 conjiciebum
3549 4993 3765 5077 legen-

362 5077 513 5137 dum
546 5074 745 5139 toxtui
773 5074 1070 5153 inserere,
1104 5097 1182 5139 ne
1210 5077 1545 5138 barbaram
1577 5081 1639 5136 et
1666 5074 2056 5158 inusitatam,
2116 5080 2179 5158 et
2226 5074 2497 5158 alienam
2547 5074 2903 5149 lectionem,
2940 5095 3054 5156 pro
3111 5096 3185 5139 ea
3215 5074 3356 5158 quas
3414 5074 3767 5141 indubitate

363 5158 701 5234 Cyrilliana
730 5160 1083 5232 videbatur,
1118 5157 1542 5219 obtruderem.
1578 5159 1660 5237 At
1690 5155 1797 5215 ubi
1829 5155 1985 5237 nihil
2015 5156 2169 5217 certi
2215 5154 2634 5237 suppetebat,_
2666 5154 3114 5234 repraesentata
3172 5154 3317 5220 mss.
3380 5160 3670 5237 lectione,
3702 5160 3767 5220 in

360 5238 527 5299 notis
560 5257 761 5301 meam
796 5240 1223 5319 conjecturam
1256 5237 1548 5310 indicavi,
1573 5236 1836 5297 liberam
1871 5235 2549 5319 aliorumiconjecturis
2578 5234 2782 5319 aleam
2824 5238 3206 5317 relinquens.

444 5320 546 5380 IV.
584 5323 647 5379 ln
678 5316 1027 5398 Anglicana
1055 5320 1329 5380 editione
1358 5323 1845 5398 repraesentatur
1874 5318 2056 5452 quasi
2083 5317 2263 5377 initio
2297 5316 2561 5381 mutila:
2595 5317 2810 5396 sicque
2840 5316 3112 5381 habetur
3141 5321 3277 5399 ejus
3324 5321 3573 5381 initium
3609 5340 3771 5401 pras-

451 5401 502 5452 is
532 5400 775 5452 alimmt
807 5401 1051 5452 minatis
1081 5400 1445 5452 cnntinnnte
1475 5398 1768 5452 nnsitis...
1803 5394 1864 5450 οὗ
1928 5398 1939 5419 ’
1970 5396 2028 5450 ἂν
2063 5399 2202 5452 φανῆ
2231 5397 2462 5452 Ἰησοῦς.
2491 5400 2583 5452 Ac
2630 5416 2846 5452 revera
2897 5401 3204 5452 narticnla
3238 5396 3295 5452 δέ
3323 5404 3611 5452 nnmdam
3647 5402 3771 5452 alia

358 5401 502 5461 ﬁxis
532 5394 1051 5480 aliquot'punctis
1081 5394 1449 5461 continuata
1475 5398 1768 5481 positis...
1803 5394 1864 5450 οὗ
1892 5394 1939 5452 δ’

2131 5399 2202 5481 1νῇ
2231 5397 2462 5481 Ἰησοῦς.
2490 5400 2583 5481 Ac
2630 5394 2847 5481 revera
2897 5394 3206 5477 particula
3238 5396 3295 5454 δέ
3323 5394 3629 5481 quasdam-
3647 5402 3770 5462 alia

358 5476 758 5564 praecessisse
789 5476 1120 5564 significat.
1154 5481 1335 5564 Haud
1366 5476 1580 5564 tanien
1610 5479 1891 5564 declarat
1921 5478 2216 5564 Millesius
2246 5482 2400 5556 quot
2429 5476 2603 5564 folia,
2636 5479 2735 5539 vel
2762 5476 3057 5564 quae’folii
3082 5501 3225 5561 pars
3248 5476 3409 5543 desit
3432 5484 3495 5543 in
3528 5484 3763 5564 codice.

357 5558 439 5626 At
468 5563 530 5623 in
564 5582 680 5642 ms.
714 5558 904 5642 regiae
936 5561 1335 5642 bibliotheca
1366 5562 1548 5633 libro,
1584 5560 1756 5620 nulla
1787 5578 2041 5642 prorsus
2070 5558 2444 5642 cujusquam
2495 5558 2797 5642 defectus’
2823 5558 3222 5637 signiﬁcatio.
3283 5563 3513 5642 Incipit
3559 5563 3639 5623 ab
3669 5563 3768 5624 his

354 5645 582 5718 verbis,
617 5641 755 5697 ὅπου
785 5638 845 5698 ἂν
878 5642 1016 5718 φανῇ
1049 5638 1303 5725 ξριστὸς,
1327 5643 1743 5725 atad—Laium“,
1771 5646 1820 5701 υ
1861 5640 1983 5725 mqj

2129 5642 2213 5725 lia
2265 5638 2585 5725 adpictain
2633 5641 2822 5725 piscis
2870 5642 3159 5725 ﬁguram,
3224 5638 3481 5724 propter
3510 5644 3768 5725 piscinas

353 5727 759 5806 mentionem,
791 5722 1371 5803 circumplectente.
1403 5723 1572 5784 Nihil
1602 5741 1857 5803 prorsus
1887 5722 1967 5783 ad
1998 5721 2275 5784 homilise
2298 5720 2489 5799 hujus
2517 5720 2947 5801 integritatem
2978 5724 3193 5800 deest;
3224 5720 3303 5787 ut
3332 5720 3384 5788 si
3413 5720 3563 5806 quid
3606 5744 3769 5807 prm-
