4148 6286
245 453 403 516 1129
1373 447 1723 510 HOMILIA
1769 449 1849 509 IN
1893 447 2479 516 PAltALYTlCUM.
3512 466 3670 527 1130

249 584 607 671 termissum
639 580 740 653 sit,
762 576 932 671 nihil
963 577 1136 671 aliud
1169 582 1397 671 praeter
1424 580 1801 671 principium
1852 584 2175 662 quoddam
2223 586 2351 647 sive
2391 586 2718 648 exordium
2755 587 3013 650 minime
3075 593 3524 667 necessarium,
3558 605 3672 661 aut

246 686 378 729 una
406 667 683 725 alterave
715 663 982 739 phrasis,
1008 659 1256 720 deessse
1283 661 1591 721 videatur.

326 748 400 807 V.
430 749 521 829 De
541 744 744 829 hujus
774 742 1076 829 orationis
1105 746 1362 829 auctore
1384 744 1518 829 jam
1550 742 2030 829 disquireudum
2058 753 2362 824 superest.
2396 748 2600 808 Ambo
2650 748 2917 820 codices,
2971 750 3349 827 Anglicanus
3379 760 3441 813 it
3471 758 3666 819 Galli-

248 845 383 913 cus.
411 823 638 913 Cyrilli
660 821 1207 913 Hierosolymitani
1239 840 1467 913 nomen
1498 821 1690 913 hujus
1710 823 1905 883 fronti
1935 821 2572 913 inﬁxumpraaferunt
2604 846 2619 890 :
2658 847 2769 889 nec
2801 821 3149 913 quidquam
3183 839 3277 893 est
3306 836 3473 913 quod
3509 838 3655 899 huic

244 901 641 1048 irgcridptigni
693 901 1211 1041 Opponitpossit;
1273 901 1402 963 imo
1447 906 1645 964 multa
1692 912 1840 965 sunt
1888 923 2031 983 qum
2074 901 2373 986 Cyrillum
2434 916 2780 982 auctorem,
2821 901 3265 989 'mea'qui-lem
3324 901 3659 994 sententia,

247 1006 285 1048 a
337 1009 417 1047 un
468 1005 501 1046 e
576 1003 794 1044 emons
828 1001 932 1041 ren
970 1025 984 1040 .

247 992 501 1049 abunde
530 992 984 1045 demonstrent.

326 1069 429 1131 Vl.
463 1071 553 1127 Ac
586 1065 789 1153 primo
823 1062 1079 1153 quidem
1113 1060 1389 1123 homiliaa
1438 1061 1618 1153 istius
1674 1063 2114 1153 antiquitatem
2168 1066 2349 1144 plura
2397 1070 2794 1153 conﬁrmant.
2856 1068 3078 1153 Adhuc
3108 1072 3275 1132 enim
3309 1092 3381 1133 ea
3411 1074 3664 1153 vigebat

250 1149 667 1229 consuetudo,
703 1150 771 1203 ut
802 1145 982 1220 plura
1012 1143 1086 1229 in
1109 1160 1232 1202 una
1262 1143 1482 1221 synaxi
1530 1145 2077 1229 concinnarentur,
2111 1143 2179 1229 et
2201 1155 2555 1225 postremus
2601 1149 2879 1210 omnium
2931 1150 3263 1229 episcopus
3339 1143 3510 1214 Nam”
3547 1157 3662 1217 sub

249 1229 555 1314 orationis
588 1221 773 1314 tinem
807 1242 984 1314 num:
1014 1221 1094 1314 20
1126 1230 1381 1314 veretur
1405 1225 1738 1314 ne_patr_is,
1794 1226 1913 1314 hoc
1943 1233 2037 1286 est
2068 1221 2368 1314 episcopi,
2406 1229 2709 1289 doctrinm
2740 1238 2802 1288 et
2831 1221 3114 1291 concioni
3145 1221 3258 1293 sua
3288 1234 3369 1293 ob
3404 1236 3663 1314 prolixi-

246 1315 440 1395 [diem
473 1307 925 1395 impedimento
958 1305 1168 1395 fultura
1192 1304 1297 1395 sit,
1331 1312 1395 1363 et
1424 1305 1793 1395 sublimiora
1822 1306 1902 1395 ab
1921 1325 2006 1395 -eo
2038 1304 2229 1367 verba
2261 1304 2684 1395 exspectanda
2716 1310 2826 1370 ait.
2862 1313 3100 1395 Notum
3142 1322 3352 1395 autem
3400 1304 3495 1377 est
3538 1317 3660 1395 Gy-

243 1391 482 1457 rillum,
516 1384 643 1469 quo
674 1393 956 1469 tempore
1002 1385 1371 1469 Catgcheses
1429 1384 1725 1457 habebat,
1784 1386 2089 1469 nimirum,
2112 1396 2256 1447 ante
2308 1384 2742 1467 episcOpatum
2801 1409 2980 1450 suum
3027 1392 3289 1469 singulis
3321 1384 3661 1469 synaxibus

247 1459 609 1531 couciondri
634 1459 892 1550 solitum
927 1483 1083 1550 esse.
1115 1465 1203 1523 Eo
1247 1464 1435 1524 etiam
1469 1471 1752 1550 tempore
1780 1468 2138 1550 communia
2169 1459 2539 1529 erant'inter'
2570 1469 2808 1541 fideles,
2843 1471 3013 1531 nulla
3046 1459 3272 1550 insigni
3306 1459 3653 1538 sanctitatis

251 1559 402 1611 nota
433 1547 828 1626 conspicuos,
863 1544 1850 1628 somniorumpropheticorum,
1886 1549 2309 1621 curationum,
2358 1554 2421 1609 et
2472 1550 2987 1628 expellendorum
3038 1544 3397 1613 daemonum
3448 1558 3655 1622 dona:

248 1633 397 1691 dum
431 1624 611 1690 notat
640 1644 814 1712 num.
849 1627 946 1694 16,
982 1624 1154 1712 sicui
1182 1624 1546 1712 huiusmodi
1577 1645 1898 1712 successus
1940 1631 2333 1712 contingant,
2386 1630 2530 1689 inde
2553 1624 2869 1712 ihomines
2918 1632 3149 1707 passim
3195 1634 3399 1694 efferri
3431 1640 3655 1712 solere,

150 1720 163 1733 '
242 1730 441 1790 eaque
474 1727 597 1769 non
635 1706 920 1790 modesto
951 1705 1200 1790 silentio
1231 1706 1647 1790 supprimere,
1679 1706 1785 1790 sed
1819 1705 2509 1790 glorianter’evulgare.
2545 1710 2762 1789 Cyrilli
2793 1705 3001 1771 autem
3054 1721 3241 1774 astate
3290 1705 3651 1777 observavi;

243 1786 384 1852 mu's
417 1787 767 1870 frequentia
796 1788 986 1870 fuisse
1017 1786 1153 1845 haec
1188 1787 1405 1870 primm
1434 1788 1644 1870 mtatis
1673 1787 2075 1870 charismata,
2102 1788 2191 1848 ita
2224 1797 2289 1849 ut
2337 1808 2478 1849 cum
2533 1786 2823 1867 baptismi
2874 1792 3099 1870 gratia,
3153 1797 3494 1856 secundum
3547 1816 3656 1858 cu-

236 1871 470 1950 jusque
502 1868 646 1929 lidei
680 1867 1150 1950 proportionem
1182 1866 1515 1950 ordinaria:
1548 1868 2062 1950 concederentur.
2097 1871 2253 1950 Vide
2284 1877 2407 1929 cat.
2447 1872 2501 1940 1,
2537 1866 2709 1930 num.
2739 1873 2809 1943 5;
2861 1866 2979 1932 cat.
3018 1866 3091 1937 5(
3114 1893 3176 1933 n.
3211 1876 3247 1933 9
3277 1878 3429 1935 et11
3462 1893 3476 1950 ;
3528 1884 3649 1938 cat.

247 1946 345 2025 13,
369 1946 544 2034 hum.
568 1952 680 2021 23;
717 1956 840 2034 cat.
873 1948 975 2034 17,
1009 1965 1183 2034 num.
1216 1946 1661 2034 a7._l_’_r_reterea
1715 1948 1985 2027 simplex
2038 1947 2229 2034 hujus
2258 1951 2535 2034 auctoris
2565 1952 2883 2034 theologia
2937 1953 3093 2011 nihil
3149 1946 3650 2034 theologic'orum

244 2031 693 2093 vocabulorum
720 2027 1057 2087 admistum
1084 2026 1295 2086 habet.
1326 2027 1482 2087 Vide
1514 2027 1806 2088 disertam
1835 2026 1897 2088 et
1919 2032 2312 2107 perspicuam
2341 2031 2686 2090 divinitatis
2711 2026 3213 2094 et'humanitatis
3244 2026 3470 2096 Christi
3495 2056 3641 2098 con-

242 2112 598 2194 fesionem,
632 2128 800 2194 num.
824 2109 887 2174 6,
918 2107 1121 2185 qualis
1144 2107 1402 2194 omnino
1439 2108 1714 2194 habetur
1743 2114 1865 2194 cat.
1901 2111 1997 2181 12,
2029 2128 2202 2194 num.
2239 2112 2297 2184 1,
2331 2111 2550 2170 iisdem
2584 2113 3039 2194 propemodum
3074 2114 3275 2174 verbis
3314 2135 3648 2194 expressa.

327 2193 456 2253 VII.
480 2192 1138 2274 Secundo,_auct0rem
1174 2188 1621 2274 Hierosolyma:
1644 2190 1962 2274 scripsisse
1990 2190 2234 2274 suadet,
2270 2210 2395 2249 non
2422 2188 2661 2274 tantum
2692 2188 2758 2274 id
2800 2193 2967 2269 quod
2991 2213 3166 2253 num.
3201 2194 3237 2252 2
3270 2196 3346 2255 de
3398 2188 3650 2274 piscinas

240 2273 583 2353 probaticaa
620 2270 1037 2353 descriptione
1069 2268 1281 2353 tradit,
1318 2268 1812 2353 planesimileei
1840 2269 2010 2353 quod
2043 2269 2583 2353 Hierosolymz‘tani
2619 2268 2937 2332 Itr'nernriz'
2960 2281 3184 2333 auctor
3213 2268 3431 2335 eadem
3462 2286 3647 2337 astate

239 2347 582 2416 narrabat:
619 2369 833 2412 verum
862 2349 1050 2409 etiam
1084 2348 1256 2425 quod
1287 2366 1459 2409 num.
1495 2347 1570 2407 12
1602 2348 1680 2429 de
1701 2349 2033 2409 Gabbatha
2064 2350 2350 2429 loquens,
2385 2371 2487 2411 seu
2522 2352 2903 2413 Litlirostoto
2934 2353 2994 2413 in
3030 2354 3272 2415 adibus
3304 2357 3490 2417 Pilati
3540 2374 3649 2417 ex-

242 2436 524 2505 sistente,
549 2432 660 2501 ait,
693 2430 1318 2512 auditoremtantum
1349 2447 1497 2512 non
1513 2428 2077 2512 adainspectionem
2112 2428 2388 2512 locorum
2425 2433 2791 2512 remittens;
2828 2453 2953 2512 quo
2993 2434 3056 2493 in
3116 2436 3251 2495 loco
3279 2455 3354 2495 ea
3386 2438 3656 2499 formula

241 2515 490 2577 dicendi
524 2513 740 2581 utitur,
775 2513 1017 2570 Norunt
1047 2509 1331 2593 Ecclesiae
1360 2508 1879 2593 studiosi,"tgaaty

2016 2509 2450 2593 ῖῆς“Ἐκξιληςτίτξς
2482 2508 2793 2593 στςοιξδαῖοι,
2830 2507 2956 2593 qua
2986 2515 3047 2573 in
3092 2514 3279 2576 simili
3326 2518 3654 2579 occasione

243 2615 391 2656 usus
421 2600 514 2654 est
544 2600 666 2653 cat.
703 2594 798 2663 13,
834 2608 1009 2650 num.
1044 2590 1141 2648 26.
1176 2583 1400 2643 oram
1426 2587 1478 2640 ot
1510 2582 1799 2640 σπουδαῖοι
1829 2592 1881 2640 τί

2098 2584 2295 2658 λησίας
2322 2587 2640 2662 ψαλμῳδοί.
2776 2582 2786 2587 ’
2850 2582 2868 2593 ⁸

320 2675 480 2735 Vill.
512 2672 726 2733 Tertio
756 2674 952 2749 stylus
980 2670 1114 2748 ipse
1145 2676 1206 2728 et
1235 2668 1482 2727 dicendi
1515 2669 1672 2728 ratio
1703 2669 2056 2745 Cyrillianaa
2088 2670 2345 2747 similis;
2382 2673 2440 2731 in
2476 2674 2650 2732 varia
2683 2673 2965 2733 membra
3014 2675 3321 2749 concisus,
3357 2695 3483 2736 non
3515 2695 3651 2738 am-

243 2756 527 2834 pullatus
556 2760 663 2812 aut
693 2753 970 2834 grandis.
1005 2751 1111 2834 sed
1147 2749 1472 2834 familiaris
1502 2757 1563 2809 et
1593 2750 1798 2834 qualis
1829 2751 2275 2828 extemporalis
2305 2753 2630 2834 orationis,
2664 2754 3019 2830 cujusmodi
3066 2763 3213 2816 sunt
3241 2775 3460 2817 omnes
3490 2766 3652 2817 cate-

245 2829 482 2904 cheses,
519 2853 650 2893 esse
680 2832 858 2892 solet.
896 2831 1254 2913 Scripturas
1287 2830 1647 2913 frequenter
1676 2829 1828 2889 citat
1857 2838 2097 2913 auctor,
2132 2850 2236 2890 eas
2267 2833 2612 2909 explanans
2645 2829 3048 2913 paraphrasis
3080 2836 3140 2895 in
3177 2838 3431 2896 modum
3459 2854 3473 2907 ;
3511 2838 3651 2896 bre-

244 2917 425 2975 vibus
457 2914 802 2995 sententiis,
838 2911 1246 2989 expositionis
1276 2910 1502 2987 gratia,
1537 2928 1751 2995 earum
1786 2911 1977 2969 verba
2007 2913 2434 2995 Intercipicns,
2468 2910 2661 2991 atque
2688 2910 3027 2975 identidem
3063 2922 3390 2993 repetens;
3434 2917 3652 2995 sicque

244 2999 634 3059 continuens.
671 2994 870 3053 donec
902 2999 1103 3051 totum
1138 2997 1495 3072 contextum
1528 2990 1645 3049 sibi
1679 2995 2068 3072 propositum
2104 2991 2442 3051 absolverit
2476 3011 2491 3062 ;
2547 2990 2852 3071 praetcrea
2895 2990 3149 3053 crebris
3177 2990 3657 3072 parentliesibus

243 3079 343 3136 vel
374 3076 721 3136 orationem
756 3092 959 3141 suam,
996 3073 1087 3131 vel
1120 3071 1313 3131 citata
1344 3071 1683 3149 Scriptura
1725 3071 1915 3130 verba
1954 3070 2439 3149 interrumpens.
2487 3070 2559 3133 Id
2608 3075 2667 3133 in
2717 3076 3007 3134 omnibus
3038 3070 3488 3148 cateI-hesibus,
3525 3083 3656 3138 tute

248 3156 616 3221 observasti.
652 3164 843 3231 atque
873 3155 933 3212 in
969 3152 1086 3211 hac
1120 3151 1376 3211 humilia
1411 3152 1739 3233 perspicue
1768 3150 2218 3229 deprehendes,
2259 3154 2602 3230 praesertim
2637 3173 2810 3214 num.
2848 3154 2921 3213 10
2952 3162 3013 3215 et
3041 3157 3100 3214 5.
3154 3156 3654 3233 Digressionibus

243 3238 623 3316 quandoque
656 3235 858 3310 longis
890 3234 1084 3316 utitur
1113 3234 1400 3316 Cyrinus2
1441 3240 1505 3316 ut
1535 3239 1657 3291 cat.
1692 3232 1753 3301 6,
1789 3250 1962 3291 num.
1995 3236 2071 3316 29
2099 3241 2267 3316 ;_cat.
2306 3234 2402 3302 16,
2438 3252 2610 3316 num.
2649 3237 2759 3299 14;
2798 3235 2992 3316 habes
3023 3232 3476 3314 quoqueisthic
3510 3255 3654 3315 pro-

239 3310 459 3387 lixam,
494 3310 636 3396 que:
669 3320 963 3374 numeros
997 3313 1092 3396 170,
1130 3315 1295 3396 11‘et
1326 3310 1424 3381 12,
1479 3312 2269 3396 integrosucomplectitur.
2335 3313 2690 3390 Scripturas
2747 3314 2849 3374 hic
2885 3310 3193 3393 mystica,-
3228 3323 3289 3377 et
3346 3325 3414 3377 ut
3445 3310 3650 3394 vocat,

240 3392 741 3477 contemplatrice,
799 3413 906 3454 seu
957 3392 1298 3477 allegorica
1343 3392 1811 3477 commentandi
1863 3394 2625 3477 ratione_interpretatur,
2681 3397 3023 3477 praesertim
3076 3392 3249 3456 num.
3312 3397 3387 3457 10
3420 3404 3482 3457 et
3510 3392 3651 3477 sqq.

242 3481 420 3539 Hanc
450 3472 659 3538 autem
692 3484 870 3536 extra
899 3472 1404 3554 catechcsesipsi
1433 3473 1789 3554 Scripturas
1834 3473 2170 3533 enarrandi
2228 3475 2745 3534 consuetudinem
2805 3476 2993 3535 fuisse
3050 3477 3361 3554 significat
3392 3483 3514 3538 cat.
3554 3472 3651 3549 13,

238 3577 416 3619 num.
448 3564 509 3633 9,
542 3577 669 3636 quo
703 3558 840 3616 loco
871 3555 1055 3636 docet
1083 3552 1465 3636 catechesim
1492 3552 1946 3636 aliud‘dicendi
1977 3572 2196 3631 genus,
2233 3555 2533 3636 facienda
2566 3555 2707 3615 ﬁdei
2751 3558 2978 3635 aptius,
3020 3552 3336 3634 postulare
3364 3577 3378 3617 :
3415 3577 3528 3618 nec
3562 3566 3653 3618 ta-

238 3658 383 3699 men
414 3642 478 3699 in
508 3632 949 3697 Catechesibus
983 3634 1234 3694 litterati
1263 3632 1471 3692 sensui
1520 3633 1608 3693 ita
1662 3632 1941 3715 intentus
1971 3642 2084 3707 est,
2124 3640 2189 3694 ut
2218 3653 2343 3696 non
2393 3635 2745 3713 allegoricis
2796 3632 2875 3697 ac
2936 3632 3235 3715 mysticis,
3272 3656 3414 3697 cum
3451 3657 3516 3697 se
3545 3639 3656 3699 dat

249 3721 524 3789 occasio,
557 3718 825 3777 libenter
853 3719 1226 3775 immoretur
1254 3731 1328 3772 ex
1361 3712 1836 3773 consuetudine.

330 3801 437 3860 IX.
474 3801 708 3870 Quarto
740 3797 976 3857 similes
1007 3798 1067 3854 in
1101 3795 1219 3854 hac
1250 3794 1534 3875 homilia.
1570 3802 1760 3871 atque
1789 3792 1851 3852 in
1872 3793 2349 3875 _Catechesihus,
2399 3813 2472 3856 ac
2504 3813 2661 3875 pene
2692 3795 2771 3855 ad
2804 3796 3064 3857 verbum
3116 3797 3398 3875 repetita;
3436 3797 3652 3856 obser-

246 3886 480 3939 vantur
508 3879 855 3938 sententias.
887 3875 1242 3937 Nonnullas
1266 3874 1400 3951 jam
1431 3892 1623 3951 supra
1653 3891 1828 3939 num.
1862 3872 1897 3934 6
1928 3881 1989 3934 et
2020 3873 2054 3932 7
2094 3872 2589 3935 observavimus.
2636 3878 2724 3936 En
2755 3878 2909 3937 alias
2937 3895 2950 3944 ;
2987 3872 3299 3938 Christum
3334 3876 3483 3933 885
3519 3895 3656 3937 cor-

252 3976 480 4039 porum
514 3966 577 4019 et
606 3959 959 4018 animarum
996 3954 1305 4039 medicum
1338 3954 1553 4039 iisdem
1589 3972 1745 4039 pene
1776 3955 1980 4014 verbis
2010 3955 2193 4039 docet
2222 3956 2283 4015 in
2319 3955 2751 4039 hachomilia,
2777 3976 2947 4017 num.
2972 3961 3033 4027 2,
3068 3965 3129 4039 et
3160 3964 3282 4017 cat.
3318 3957 3413 4025 10,
3452 3976 3512 4015 n.
3544 3955 3614 4017 t3
3644 3974 3659 4029 ;

255 4035 383 4119 quo
412 4041 602 4101 etiam
634 4040 696 4099 in
733 4040 893 4109 loco,
928 4043 999 4097 ut
1026 4043 1090 4096 et
1253 4052 1426 4094 num.
1462 4038 1558 4119 _19,
1595 4035 1904 4119 hortatur,
1941 4041 2008 4094 ut
2037 4035 2146 4119 qui
2176 4036 2493 4119 corporeis
2524 4037 2920 4097 conflictatur
2942 4037 3198 4119 morbis,
3233 4037 3311 4097 ad
3344 4037 3656 4119 Christum

252 4114 602 4199 confugiat.
636 4119 953 4180 Christum
985 4116 1279 4178 omnibus
1308 4115 1522 4175 omnia
1550 4115 1715 4199 effici
1746 4114 1965 4199 eodem
2004 4118 2189 4199 modo
2220 4117 2372 4199 dicit
2406 4117 2504 4177 hic
2534 4135 2708 4199 num.
2743 4120 2780 4177 9
2811 4125 2871 4178 et
2901 4117 3159 4199 cat.10,
3207 4136 3379 4178 num.
3416 4118 3470 4199 5A.
3508 4117 3659 4188 Qum

248 4202 356 4261 hic
390 4195 746 4261 de'Christo
779 4217 903 4258 una
931 4217 1003 4258 ex
1039 4204 1214 4274 parte
1246 4199 1395 4266 Deo,
1428 4214 1504 4255 ex
1535 4195 1733 4256 altera
1765 4197 2040 4267 homine,
2076 4196 2323 4256 disserit
2347 4216 2519 4256 num.
2555 4196 2614 4266 6,
2651 4198 2834 4274 plane
2863 4198 3091 4258 similia
3122 4203 3268 4258 sunt
3297 4197 3502 4257 verbis
3531 4204 3652 4257 cat.

247 4283 312 4353 4,
350 4300 522 4341 num.
556 4282 614 4340 9.
654 4284 732 4342 Ut
763 4278 950 4357 hujus
980 4277 1282 4338 orationis
1313 4294 1484 4357 num.
1519 4279 1578 4336 9.
1613 4276 1674 4334 in
1706 4276 1947 4357 Christe
1977 4294 2102 4335 non
2135 4294 2277 4336 eum
2311 4277 2418 4355 qui
2468 4285 2755 4357 apparet,
2816 4280 2921 4338 sed
2967 4297 3107 4338 eum
3144 4279 3250 4356 qui
3280 4278 3664 4357 operabatur

258 4362 325 4423 in
357 4380 431 4422 eo
463 4361 569 4439 qui
601 4356 968 4438 apparebat,
1004 4356 1527 4418 considerandum
1562 4365 1813 4439 monet;
1848 4356 1938 4439 ita
1965 4362 2087 4416 cat.
2114 4358 2210 4439 11,
2246 4376 2421 4417 num.
2455 4356 2555 4439 2A0,
2594 4364 2780 4435 negat
2802 4359 3248 4439 attendendum
3282 4356 3361 4418 ad
3394 4376 3534 4418 eum
3559 4356 3668 4434 qui

258 4451 449 4503 natus
478 4436 573 4501 est
600 4436 663 4500 in
688 4436 1042 4511 Bethleem,
1075 4440 1180 4497 sed
1211 4455 1355 4498 eum
1388 4438 1776 4515 adorandum
1808 4436 1918 4515 qui
1946 4438 2329 4514 sempiterno
2360 4437 2608 4514 genitus
2639 4447 2732 4497 est
2761 4457 2834 4499 ex
2870 4440 3073 4498 Patre.
3097 4438 3411 4499 Christum
3445 4457 3521 4499 ex
3552 4439 3667 4498 Pa-

257 4530 352 4583 tre
386 4522 717 4581 immediate
747 4540 804 4599 gr
831 4519 1028 4579 nilum
1061 4518 1214 4578 dicit
1245 4517 1344 4577 hic
1375 4535 1550 4599 num,
1584 4514 1639 4588 6,
1679 4520 1845 4594 quod
1879 4517 2107 4599 repetit
2134 4518 2651 4599 etaexplicatcat.
2687 4518 2744 4589 7,
2781 4538 2955 4579 num.
2984 4521 3045 4599 4,
3079 4525 3143 4578 et
3170 4524 3291 4578 cat.
3336 4520 3433 4589 11,
3458 4598 3463 4599 ν
3488 4535 3662 4599 num.

260 4603 318 4665 7.
355 4603 668 4663 Christum
706 4596 861 4661 nutu
894 4599 1094 4661 Patris
1123 4599 1405 4659 omnium
1439 4598 1736 4657 factorem
1769 4597 2050 4676 appellat
2078 4596 2263 4657 isthic
2287 4616 2457 4657 num.
2485 4597 2542 4657 5.
2578 4599 2647 4658 In
2680 4598 3112 4659 catechesibus
3140 4616 3330 4676 saepe,
3362 4604 3423 4659 et
3451 4598 3515 4658 in
3549 4597 3669 4676 pri-

258 4684 379 4745 mis
411 4690 532 4742 cat.
568 4685 662 4749 11,
701 4701 761 4741 n.
800 4681 877 4739 22
906 4689 968 4741 et
997 4680 1096 4739 24.
1132 4678 1368 4739 Eadem
1401 4684 1496 4737 est
1520 4678 1851 4747 sententia,
1904 4679 2250 4755 eademque
2307 4679 2498 4739 verba
2528 4678 2605 4737 de
2635 4679 2903 4752 Christo,
2961 4678 3350 4757 prophetica,
3384 4677 3671 4754 quamvis

248 4781 370 4844 per
398 4762 703 4831 derisum,
734 4781 777 4844 _a
807 4762 1109 4844 militibus
1141 4779 1255 4844 pro
1288 4776 1434 4844 rege
1464 4757 1985 4844 salutato,_huj_us
2016 4766 2387 4844 orat._num.
2424 4757 2521 4828 12,
2555 4764 2618 4844 et
2647 4767 2747 4844 cat
2799 4758 2897 4837 13,
2933 4756 3105 4844 num.
3169 4758 3267 4844 17.
3291 4760 3377 4844 in
3410 4757 3530 4844 hac
3558 4756 3673 4817 ho~

261 4838 440 4905 milia
472 4861 646 4903 num.
683 4841 783 4915 10,
816 4841 880 4901 in
912 4838 1527 4902 commendationem
1560 4838 1720 4900 sacri
1749 4839 2149 4899 Canticorum
2184 4839 2326 4899 libri
2353 4839 2649 4909 excurrit,
2681 4839 2894 4917 aitque
2926 4838 3232 4918 passionis
3279 4838 3509 4898 Christi
3541 4855 3677 4915 pro-

252 4924 582 5004 pheticum
615 4941 769 4983 esse.
803 4923 871 5004 Id
900 4922 1169 4983 maxime
1198 4920 1431 5004 Cyrillo
1461 4920 1816 5004 proprium.
1847 4919 2163 5004 quinullo
2190 4920 2313 4980 alio
2338 4919 2694 5004 Scriptura:
2744 4920 2905 4979 libro
2963 4919 3343 5004 familiarius
3365 4918 3671 5004 ac_l_ibe_n-

250 4997 380 5066 iius
412 5006 502 5064 uti
532 5005 711 5075 solet,
751 5003 1097 5080 multrsque
1129 5004 1191 5060 in
1224 4997 1298 5061 eo
1330 4997 1557 5061 Christi
1588 4997 1895 5079 passionis
1923 5000 2426 5061 circumstantias
2460 4997 2869 5078 p‘rophetatas
2891 5017 3024 5060 esse
3055 4997 3675 5080 contendit.Similia

252 5104 517 5166 prorsus
548 5085 623 5145 de
658 5084 840 5166 horto
864 5083 925 5143 in
959 5077 1082 5166 quo
1114 5082 1451 5166 cruciﬁxus
1482 5087 1545 5141 et
1573 5077 1861 5166 sepultus
1885 5087 1978 5140 est
2008 5080 2288 5166 Christus
2317 5077 2815 5166 chanticorum
2854 5079 3012 5140 libro
3033 5077 3462 5166 dicunturbic
3493 5095 3665 5139 num.

256 5158 360 5237 11,
394 5172 452 5226 et
485 5171 603 5225 cat.
642 5164 741 5235 13,
776 5182 948 5223 num.
980 5158 1080 5231 32,
1118 5179 1191 5222 ac
1223 5168 1344 5221 cat.
1387 5160 1483 5232 14,
1519 5158 1692 5221 num.
1724 5161 1780 5220 5.
1836 5163 1991 5220 Item
2023 5160 2100 5219 de
2124 5159 2266 5221 favo
2299 5159 2500 5220 mellis
2557 5165 2698 5238 post
2754 5159 3271 5220 resurrectionem
3317 5158 3676 5238 degustato,

250 5265 331 5307 ac
363 5245 865 5383 vinpimyrrhato
896 5249 1039 5304 ante
1072 5259 1348 5312 crucem,
1379 5240 1600 5301 homil.
1636 5241 1696 5301 in
1727 5239 2010 5321 Paralyt.
2044 5258 2219 5301 num.
2273 5240 2370 5314 11,
2431 5246 2494 5301 et
2550 5247 2673 5301 cat.
2738 5238 2833 5313 13,
2895 5259 3069 5301 num.
3122 5239 3222 5319 29,
3281 5257 3357 5300 ac
3410 5248 3537 5310 cat,
3574 5239 3672 5313 11,

252 5345 433 5383 num.
555 5371 569 5383 .

252 5345 433 5389 num.
470 5328 569 5388 11.

338 5408 413 5468 X.
446 5407 680 5467 Omitto
716 5403 944 5464 multas
970 5399 1129 5461 alias
1160 5399 1398 5460 similes
1427 5399 1764 5461 sententias
1796 5417 1868 5460 ac
1897 5399 2248 5463 locutiones
2281 5418 2295 5460 :
2333 5418 2394 5459 v.
2430 5419 2493 5477 με.
2536 5399 2962 5478 Paralyticum
3018 5405 3303 5461 nostrum
3340 5399 3549 5462 anima
3580 5395 3669 5456 si-

259 5490 393 5548 mul
424 5494 487 5547 et
512 5503 775 5563 corpore
809 5488 1148 5557 aegrotasse
1167 5482 1265 5563 ait
1296 5481 1395 5563 hic
1427 5499 1600 5563 num.
1632 5484 1695 5551 4,
1727 5486 1789 5541 et
1807 5486 1923 5540 cat.
1965 5482 2063 5552 10,
2097 5500 2272 5544 num.
2302 5480 2393 5542 13.
2429 5482 2606 5552 Quod
2638 5482 2714 5541 de
2737 5481 2980 5563 Judmis
3008 5499 3256 5563 semper
3290 5478 3675 5563 discentibus

260 5575 325 5630 et
353 5569 416 5627 in
444 5556 802 5643 ignorantia
835 5556 1304 5643 senescentibus
1328 5561 1427 5643 hic
1458 5562 1667 5643 refert,
1704 5579 1877 5620 num.
1914 5563 1975 5634 5,
2009 5564 2276 5623 habetur
2300 5569 2426 5643 cat.
2459 5565 2521 5643 4.
2556 5580 2730 5622 num.
2763 5560 2822 5632 2,
2856 5569 2918 5622 et
2946 5568 3070 5624 cat.
3126 5556 3220 5630 1⁷3.
3275 5578 3448 5643 num.
3498 5557 3532 5615 7
3565 5556 3674 5615 iis-

257 5649 403 5709 dem
439 5639 664 5706 vérbis.
694 5649 922 5704 lterum
966 5640 1182 5701 homil.
1217 5646 1282 5701 in
1310 5639 1623 5716 Paralyt.,
1659 5659 1829 5702 num.
1866 5643 1963 5715 11,
1998 5644 2190 5704 verba
2215 5642 2418 5702 verbis
2447 5642 2709 5712 destrui,
2742 5660 2902 5720 opus
2932 5646 3375 5721 argumentum
3408 5640 3664 5721 insupe-

254 5729 455 5790 rabile
486 5726 805 5788 continere
847 5728 1100 5793 monet;
1132 5721 1299 5783 idem
1321 5728 1443 5783 cat.
1473 5723 1570 5795 13,
1604 5740 1779 5783 num.
1810 5724 2187 5785 8Christum
2221 5730 2402 5784 vocat
2457 5722 2644 5784 isthic
2675 5717 2848 5784 num.
2896 5726 2957 5799 9,
2997 5717 3185 5799 maris
3236 5719 3563 5799 aurigam;
3600 5717 3664 5769 θι

258 5816 384 5873 cat.
406 5813 470 5885 9,
503 5824 679 5870 num.
714 5806 773 5883 9,
815 5805 1012 5866 Deum
1045 5791 1245 5883 aquas
1274 5791 1572 5884 tanquam
1631 5803 1896 5884 guberna

2027 5823 2059 5867 o
2114 5809 2437 5885 regentem
2494 5791 3103 5885 reprmsentat,'68wp
3135 5791 3403 5862 οἰακίζειξ
3437 5791 3665 5852 Vocem

550 5944 812 6010 Pyr-et.
858 5943 947 6004 Gn
966 5985 981 6003 .
1025 5939 1303 6001 XXXIII.
3315 5925 3390 5983 3t;
