4148 6286
351 446 510 510 1137

1492 441 1825 503 HOMlLlA
1871 442 1950 504 IN
1992 445 2582 510 PARALYTICUM.

3609 439 3766 510 1138

351 577 480 639 τοὺς
540 571 862 649 ὀφθαλμοὺς
920 572 995 644 μή
1059 572 1504 645 ὑπηρετήσαντας
1585 574 1658 645 (1)
1726 573 1802 636 εἷς
1864 575 1996 630 ἅνά-

2119 579 2420 636 oculorum
2448 582 2779 638 ministerio
2811 582 2884 639 ad
2915 583 3232 655 legendum
3263 588 3432 640 erant
3461 570 3751 650 destituti,

355 689 556 744 γνωσιν
591 661 831 740 ἔχοντες.
864 662 1093 723 Τούτοις
1125 661 1441 736 προσελθὼν
1477 665 1504 718 6
1558 666 1752 738 Σωτὴρ
1797 662 2003 740 ἔλεγεν·

356 757 643 816 Πιστεύετε
672 759 769 826 (2),
805 755 887 808 δτι
949 750 1181 824 δύναμαι
1242 758 1406 808 τοῦτο
1465 760 1690 823 ποιῆσαι
1729 755 1859 825 ;καὶ
1918 756 2001 825 τὸ,

352 849 420 906 Τί
452 846 633 912 θέλετε
661 844 748 897 ἳνα
807 843 1024 911 ποιήσω
1075 843 1248 913 ὑμῖνς
1309 842 1424 898 Οὐκ
1480 844 1643 898 εἶπεν⁸
1703 844 1764 898 Τί
1821 841 2005 899 θέλετε

349 936 443 991 ’ἳνα
476 933 612 989 εἶ’πω
649 936 775 1003 ὑμῖν
809 953 822 1000 ;
856 928 1022 997 ἀλλὰ,
1057 929 1120 986 Τί
1167 931 1351 993 θέλετε
1405 929 1494 985 ’ἕνα
1545 934 1764 1003 ποιήσω
1825 933 1951 1004 ὑμῖν
1987 953 2002 1002 ;

352 1028 602 1097 Ποιητής
627 1026 729 1098 γὰρ
787 1025 876 1093 ἦν,
935 1021 1023 1076 καὶ
1087 1019 1388 1092 ζωοδὸτης,
1450 1021 1512 1077 οὐ
1565 1027 1656 1077 νῦν
1703 1021 2006 1098 ἀρξάμενος

359 1122 537 1172 ποιεῖν
574 1115 628 1186 (ὁ
662 1113 846 1185 Πατὴρ
880 1111 983 1185 γὰρ
1041 1109 1207 1164 αὐτοῦ
1263 1111 1494 1166 πάντοτε
1551 1110 1856 1187 ἐργάζεται,
1914 1112 2005 1166 καὶ

357 1205 519 1266 αὐτὸς
548 1207 628 1275 τῷ
661 1201 833 1275 Ιιατρὶ
867 1199 1289 1274 συνεργάζεται)
1347 1200 1436 1254 καὶ
1491 1203 1731 1271 ποιητής
1767 1204 1831 1270 ἦν
1892 1205 1998 1255 τῶν

350 1293 499 1349 ὅλων
531 1291 758 1364 νεύματι
795 1289 1026 1364 Πατρός.
1062 1287 1235 1350 Αὐτὸς
1292 1285 1349 1343 δὶ
1406 1291 1480 1362 (3)
1541 1291 1706 1362 μόνιος
1739 1289 1799 1346 ἐκ
1830 1290 2000 1362 μόνου

351 1379 718 1455 ἆμεσιτεύτως
745 1377 1040 1453 γεννηθεὶς,
1076 1377 1251 1452 ἐρωτᾷ
1303 1376 1432 1441 τοὺς
1487 1378 1744 1456 τυφλοὺς,
1806 1378 2000 1454 λέγων.

349 1470 414 1528 Τί
451 1468 636 1534 θέλετε
666 1466 756 1522 ’ἱνα
784 1469 1003 1537 ποιήσω
1061 1466 1238 1539 ὑμῖνς
1299 1467 1401 1521 οὐκ
1454 1467 1662 1541 ἀγνοῶν
1709 1466 1760 1520 τί
1809 1468 2000 1531 θὲλου-

351 1579 454 1614 σιν·
491 1559 719 1637 φανερὸν
739 1558 839 1632 γὰρ
872 1559 935 1626 ἦν
968 1557 1028 1610 τὸ
1061 1561 1309 1630 πρᾶγμα·
1369 1554 1497 1610 ἀλλ’
1555 1556 1614 1611 ἐκ
1655 1560 1764 1611 τῶν
1820 1555 1998 1633 λόγων

359 1649 533 1704 αὐτῶν
559 1647 848 1723 ἐπαγαγὼν
879 1647 977 1715 τήν
1010 1642 1236 1717 δωρεὰν,
1263 1642 1355 1699 θίνα
1386 1644 1446 1700 ἐκ
1499 1649 1604 1700 τῶν
1667 1644 1843 1722 λόγων
1905 1646 1996 1701 δι-

348 1740 756 1809 καιωθῶσινβι)
789 1735 991 1791 αὐτῶν.
1032 1733 1110 1792 Οὐ
1146 1733 1248 1808 γὰρ
1309 1731 1488 1804 δήπου)
1541 1735 1568 1789 ὁ
1623 1735 1717 1797 τὰς
1772 1733 1995 1810 καρδίας

351 1827 512 1890 εἶδὼς
537 1829 722 1900 ἀγνοεῖ
750 1826 811 1880 τὸ
843 1819 1164 1898 λεγόμενον·
1190 1823 1314 1879 ἀλλ’
1347 1822 1621 1900 ἐξεδέχετο
1679 1825 1768 1880 τὸν
1805 1824 1988 1902 λόγον,

345 1916 436 1972 ἳνα
465 1922 500 1987 ἡ
531 1916 792 1988 ἐρώτησις
824 1911 1090 1991 ἐφελκύσῃ
1113 1914 1214 1980 τὴν
1244 1911 1534 1988 ἐνέργειαν.

425 2007 479 2074 ζ’.
518 2003 676 2062 Οὕτω
721 2001 811 2057 καὶ
865 2001 1046 2074 τούτῳ
1103 2003 1398 2077 παραστὰς,
1453 2001 1541 2056 καὶ
1601 2001 1993 2075 αὐτομολήσας

353 2095 490 2171 πρὸς
518 2094 610 2149 τὸν
641 2093 958 2164 κεκμηκότα
987 2092 1015 2144 6
1047 2090 1230 2165 ἰατρὸς
1281 2095 1358 2164 (5)
1412 2092 1520 2161 (καὶ
1580 2089 1736 2147 οὐδὲν
1793 2104 2000 2166 θαυμα-

351 2185 499 2253 στὸν,
532 2183 576 2238 εἰ
626 2183 763 2258 πρὸς
801 2182 894 2236 τὸν
954 2182 1099 2254 ποιρά
1152 2181 1251 2249 τήν
1308 2175 1701 2256 κολυμϐήθραν
1751 2180 2001 2255 κείμενον

343 2273 645 2348 παρῆλθεν,
679 2271 787 2345 ε’ἓγε
812 2268 1194 2343 ηὐτομόλησεν
1229 2268 1281 2341 ἐξ
1340 2270 1573 2345 οὐρανοῦ
1629 2272 1766 2346 πρὸς
1805 2274 1998 2346 ἡμᾶς),

339 2365 530 2440 ἠρώτα
614 2367 828 2418 τοῦτον·
887 2359 1077 2422 eum
1154 2361 1313 2435 ὑγιὴς
1391 2361 1637 2435 γενέσθαι
1700 2379 1715 2430 ;
1778 2360 1838 2415 ἐκ
1901 2367 2002 2430 τῆς

343 2455 666 2531 ἐρωτήσεως
699 2451 942 2529 ἐφέλκων
993 2449 1152 2504 αὐτὸν
1209 2449 1286 2514 εἷς
1326 2452 1426 2519 τήν
1485 2448 1708 2526 γνῶσιν,
1767 2450 1855 2504 καὶ
1915 2449 1998 2505 δι-

345 2543 567 2621 εγείρων
601 2543 760 2596 αὐτὸν
794 2540 871 2604 εἷς
920 2539 1210 2616 ἐρώτησιν.
1273 2537 1534 2614 Μεγᾶλης
1591 2543 1822 2615 χάριτος
1881 2537 1998 2595 δω-

347 2634 464 2707 ρεά·
501 2629 730 2702 ἄμισθος
761 2629 861 2704 γὰρ
918 2631 1003 2698 ἦν’
1069 2625 1158 2682 διὰ
1211 2632 1372 2683 τοῦτο
1433 2631 1506 2701 (6)
1547 2629 1635 2684 καὶ
1685 2628 1996 2702 αὐτόμολον

351 2721 500 2793 εἶχεν
522 2718 613 2773 τὸν
649 2718 1001 2791 θεραπευτήν.
1035 2717 1096 2774 Ὁ
1129 2714 1185 2772 δὲ
1207 2718 1342 2792 πρὸς
1375 2717 1558 2772 αὐτόν·
1617 2718 1748 2788 Ναὶ,
1809 2718 1995 2794 Κύριε.

355 2809 433 2865 Τὸ
457 2810 560 2883 γὰρ
607 2807 976 2882 πολυχρόνιόν
1043 2827 1147 2879 μου
1203 2811 1310 2861 τῶν
1360 2807 1686 2880 νοσημάτων
1745 2810 1996 2879 ποθητήν

352 2917 445 2970 μοι
477 2902 628 2952 ποιεῖ
681 2897 779 2964 τήν
829 2894 1055 2967 ὑγίειαν·
1110 2895 1259 2971 κᾶγὼ
1325 2896 1418 2968 μὲν
1477 2898 1654 2968 ποθῶ,
1715 2894 1999 2972 ἄνθρωπον

354 2983 411 3040 δὲ
443 2985 542 3041 οὐκ
569 2981 708 3060 ἓχω.
743 2987 830 3055 Μὴ
864 2986 1154 3058 ἆθυμήσῃς
1184 2986 1280 3058 (7),
1339 2986 1609 3060 ἄνθρωπε,
1669 2985 1752 3040 ὅτι
1793 2983 1998 3063 ἄνθρω-

348 3093 454 3130 πον
486 3076 588 3130 οὐκ
616 3073 783 3150 ἔχεις·
830 3074 958 3129 Θεὸν
1016 3069 1162 3149 ἔχεις
1223 3078 1562 3150 παρεστῶτα,
1608 3075 1742 3130 κατά
1792 3097 1843 3131 τι
1901 3079 1994 3150 μὲν

354 3166 660 3239 ἄνθρωπον,
691 3163 827 3218 κατά
854 3183 905 3216 τι
941 3159 998 3217 δὲ
1029 3162 1180 3217 Θεόν·
1240 3162 1521 3239 ἀμφότερα
1575 3164 1674 3238 γὰρ
1715 3164 1997 3240 ὁμολογη-

351 3255 491 3308 τὲον.
529 3252 608 3307 Οὐ
636 3254 736 3328 γὰρ
770 3255 804 3321 ἠ
834 3259 936 3321 τῆς
964 3247 1386 3323 ἀνθρωπότητος
1416 3253 1713 3330 ὁμολογία,
1766 3257 1843 3326 μὴ
1875 3277 1995 3310 συν-

2114 669 2202 725 Ad
2226 688 2326 726 eos
2345 672 2633 728 accedens
2665 673 2927 728 Salvator
2957 672 3136 726 dixit:
3165 673 3394 727 Creditis
3442 674 3592 743 quod
3618 688 3749 743 pos-

2113 761 2217 814 sim
2251 760 2350 814 hoc
2403 764 2587 830 facere
2625 761 2710 816 “‘l
2764 767 2824 815 et
2851 760 3035 816 illud:
3071 761 3214 826 Quid
3241 763 3408 816 vultis
3449 769 3512 815 ut
3557 764 3766 831 faciam

2113 849 2263 904 vobis
2280 848 2323 883 ⁸⁷
2347 849 2374 904 ?
2395 852 2518 904 Non
2541 850 2710 904 dixit:
2736 852 2880 916 Quid
2911 850 3077 905 vultis
3112 857 3173 904 ut
3195 851 3370 904 dicam
3412 851 3560 906 vobis
3582 850 3608 903 ?
3635 849 3763 916 sed,

2115 939 2259 1002 Quid
2279 938 2443 993 vultis
2464 945 2524 993 ut
2544 938 2753 1007 faciam
2773 938 2962 993 vobis?
2981 937 3030 972 ω
3048 939 3255 993 Factor
3273 940 3430 993 enim
3455 945 3580 994 erat
3612 944 3671 994 et
3686 940 3764 994 vi-

2115 1031 2186 1080 tae
2215 1025 2512 1098 dator,qui
2530 1045 2648 1083 non
2672 1033 2798 1082 tum
2821 1028 3076 1098 primum
3100 1027 3762 1099 facereincipiebat(Pa-

2115 1120 2204 1170 ter
2226 1117 2384 1170 enim
2405 1119 2533 1187 ejus
2550 1134 2784 1188 semper
2796 1123 3160 1188 Operatur,et
3175 1117 3189 1170 i
3202 1133 3301 1187 pse
3315 1134 3434 1171 una
3447 1133 3580 1172 cum
3597 1117 3764 1172 Patre

2113 1211 2394 1276 operatur
2413 1207 2479 1277 ⁸ο)
2508 1223 2520 1260 :
2551 1204 2597 1241 7°
2628 1212 2686 1261 et
2717 1223 2918 1262 rerum
2969 1206 3238 1260 omnium
3283 1211 3432 1260 nutu
3463 1206 3616 1261 338
3650 1207 3765 1262 Pa-

2115 1295 2220 1348 tris
2251 1296 2439 1350 factor
2465 1301 2610 1351 erat.
2643 1294 2686 1330 ⁷¹
2722 1297 2852 1366 Ipse
2885 1301 3084 1350 autem
3118 1295 3280 1350 solus
3312 1312 3382 1350 ex
3415 1295 3766 1350 soloimme-

2113 1383 2269 1439 diate
2295 1387 2548 1457 genitus,
2583 1386 2912 1457 interrogat
2932 1402 3140 1448 caecos,
3168 1384 3372 1440 dicens
3399 1402 3410 1438 :
3434 1385 3579 1449 Quid
3595 1385 3761 1440 vultis

2112 1479 2172 1528 ut
2191 1476 2397 1541 faciam
2417 1475 2613 1530 vobis?
2642 1491 2762 1529 non
2792 1475 3076 1546 ignorans
3099 1473 3242 1544 quid
3275 1473 3497 1528 vellent
3522 1491 3533 1540 ;
3561 1477 3766 1545 aperta

2114 1564 2272 1618 enim
2294 1580 2388 1619 res
2422 1569 2548 1620 erat
2571 1581 2583 1619 :
2619 1565 2722 1620 sed
2741 1581 2811 1619 ex
2837 1580 3040 1618 eorum
3059 1562 3252 1617 verbis
3275 1579 3448 1618 suum
3471 1563 3765 1618 adductu-

2110 1670 2212 1710 rus
2244 1653 2489 1720 donum,
2523 1659 2588 1708 ut
2619 1671 2685 1709 ex
2719 1654 2842 1708 suis
2869 1654 2982 1724 ipsi
3014 1653 3208 1707 verbis
3243 1652 3756 1723 justificarentur;

2111 1758 2221 1796 nec
2253 1742 2412 1796 enim
2449 1743 2549 1812 qui
2577 1741 2756 1797 corda
2773 1742 2934 1796 novit
2961 1741 3272 1813 ignorabat
3289 1741 3432 1810 quid
3465 1740 3766 1796 essentdi-

2111 1829 2258 1884 cturi
2289 1848 2301 1896 ;
2336 1831 2439 1886 sed
2473 1847 2678 1885 eorum
2703 1831 3032 1884 orationem
3066 1829 3546 1899 exspectabat,ut
3575 1829 3762 1884 inter—

2110 1919 2337 1991 rogatio
2370 1919 2490 1974 illis
2524 1919 2826 1990 proposita
2855 1917 3264 1989 Operationem
3293 1935 3460 1972 suam
3493 1917 3756 1974 eliceret.

2181 2009 2271 2062 VI.
2301 2009 2392 2063 Sic
2423 2013 2482 2062 et
2512 2009 2648 2063 huic
2674 2008 3002 2080 paralytico
3035 2023 3096 2061 se
3123 2013 3479 2078 prmsentem
3513 2007 3752 2076 sistens,

2113 2102 2441 2168 sponteque
2493 2114 2598 2152 sua
2628 2097 2701 2151 ad
2748 2097 3117 2152 laborantem
3151 2096 3447 2166 profectus
3492 2096 3758 2152 medicus

2111 2195 2244 2257 (nec
2276 2187 2514 2250 mirum,
2537 2188 2582 2241 si
2614 2187 2688 2242 ad
2714 2187 3204 2258 jacentemjuxta
3225 2185 3515 2256 piscinam
3539 2202 3760 2257 aegrum

2110 2277 2380 2343 accessit,
2413 2278 2512 2348 qui
2546 2277 2619 2331 ad
2651 2293 2762 2331 nos
2793 2293 2860 2331 ex
2894 2275 3040 2331 cmlo
3075 2280 3283 2346 sponte
3310 2274 3591 2345 delapsus
3625 2274 3757 2342 est),

2111 2365 2306 2437 ipsum
2364 2366 2804 2438 interrogabat:
2845 2367 2940 2420 Vis
2991 2381 3156 2420 sanus
3185 2364 3354 2434 ﬁeri?
3409 2380 3480 2419 ex
3520 2364 3632 2418 hac
3661 2363 3755 2418 in-

2109 2457 2506 2528 terrogatione
2538 2472 2672 2510 eum
2704 2455 2778 2509 ad
2806 2455 3206 2527 cognitionem
3239 2453 3550 2515 inducens,
3596 2456 3655 2506 et
3683 2450 3756 2507 ad

2107 2545 2596 2616 interrogandum
2633 2544 2937 2616 [vicissim]
2989 2543 3338 2598 sollicitans.
3393 2543 3612 2614 Magnae
3643 2540 3756 2595 hoc

2105 2635 2306 2707 gratiae
2331 2634 2550 2690 donum
2578 2652 2592 2701 ;
2626 2633 2790 2688 nullo
2834 2633 2993 2687 enim
3051 2633 3240 2704 pretio
3299 2630 3627 2686 constabat.
3655 2629 3752 2686 Id-

2106 2724 2262 2780 circo
2286 2723 2654 2779 etmedicum
2673 2722 2880 2778 habuit
2900 2726 3106 2793 sponte
3129 2722 3203 2776 ad
3226 2738 3287 2776 se
3309 2724 3751 2792 properantem.

2107 2813 2210 2870 llle
2230 2830 2363 2868 vero
2394 2813 2466 2869 ad
2491 2829 2624 2867 eum
2654 2829 2666 2866 :
2690 2813 2881 2866 Etiam
2903 2828 3060 2874 vero,
3082 2811 3329 2865 Domine
3354 2828 3367 2876 ;
3392 2808 3753 2863 diuturnitas

2105 2903 2262 2958 enim
2294 2901 2636 2956 morborum
2671 2917 2940 2956 meorum
2972 2900 3113 2954 facit
3135 2899 3280 2953 mihi
3314 2896 3632 2969 optandam
3664 2913 3757 2951 va-

2103 2991 2539 3046 letudinen1.At
2559 3007 2663 3062 ego
2681 2989 2921 3060 quidem
2943 2988 3460 3059 percupio,verum
3481 2987 3754 3040 hominem

2102 3098 2212 3136 non
2243 3081 2412 3135 habeo
2441 3078 2560 3148 7',”
2593 3081 2672 3134 Ne
2698 3079 2897 3133 animo
2940 3077 3259 3148 dejiciaris.
3293 3094 3326 3131 o
3357 3077 3556 3141 homo,
3592 3075 3752 3146 quod

2103 3171 2408 3226 hominem
2440 3185 2559 3223 non
2593 3169 2833 3223 habeas.
2869 3169 3053 3223 Deum
3087 3166 3269 3220 habes
3291 3171 3586 3220 astantem
3619 3165 3750 3233 tibi,

2110 3259 2210 3330 qui
2243 3258 2359 3314 alia
2383 3264 2548 3329 parte
2581 3259 2758 3312 homo
2779 3261 2890 3322 est,
2916 3256 3034 3311 alia
3053 3271 3188 3310 vero
3220 3256 3373 3310 Deus
3399 3260 3752 3325 :utrumque

353 3341 808 3416 ομολογουμένης
845 3348 945 3411 τῆς
1000 3341 1254 3410 θεότητος
1310 3341 1612 3420 ὠφέλιμος·
1674 3342 1886 3416 μᾶλλον
1943 3343 2000 3401 δὲ

2119 3348 2272 3404 enim
2296 3347 2569 3402 conﬁteri
2592 3345 2899 3401 debemus.
2922 3344 2967 3379 ⁷⁵
2997 3345 3124 3399 Non
3146 3345 3300 3399 enim
3326 3343 3618 3399 confessio
3643 3343 3755 3398 hu-

348 3433 584 3506 κατάρας
640 3431 898 3504 πρόξενος
957 3432 1056 3502 (8).
1118 3432 1548 3506 Ἐπικατάρατος
1621 3432 1722 3508 γὰρ
1781 3433 1842 3496 ὅς
1893 3436 1992 3502 τήν

350 3517 548 3576 ἐλπίδα
601 3514 718 3594 ἔχει
776 3518 859 3573 ἐπ’
913 3520 1218 3593 ἄνθρωπον.
1277 3519 1343 3577 Ei”
1403 3520 1496 3592 μὲν
1558 3521 1649 3575 οὗν
1702 3522 1790 3576 καὶ
1830 3525 1994 3595 ἡμεῖς

352 3609 427 3671 εἰς
465 3612 674 3678 Ἰησοῦν
703 3607 1035 3677 ἐλπίζοντες,
1069 3607 1146 3669 εἰς
1204 3609 1486 3684 ἄνθρωπον
1518 3607 1835 3683 ἐλπίζομεν,
1867 3597 1996 3686 οὐχὶ

358 3696 416 3753 δὶ
444 3699 534 3753 καὶ
565 3700 662 3764 τήν
698 3696 928 3767 θεότητα
957 3695 1355 3770 συμπλέκοντες
1383 3702 1452 3772 τῇ
1503 3697 1707 3769 ἐλπίδι,
1765 3702 2000 3775 κατάρας

353 3786 512 3860 ἐσμὲν
545 3785 914 3863 κληρονόμοι.
968 3788 1078 3842 Νῦν
1130 3783 1187 3841 δὲ
1238 3787 1326 3840 καὶ
1375 3788 1503 3842 Θεὸν
1561 3786 1652 3843 καί
1711 3789 1994 3861 ἄνθρωπον

2107 3437 2409 3493 manitatis
2441 3454 2474 3492 a
2507 3434 2880 3491 confessione
2911 3434 3239 3490 divinitatis
3271 3434 3561 3505 sejuncta,
3586 3432 3750 3488 utilis

2107 3531 2217 3589 est,
2239 3526 2358 3580 imo
2379 3523 2815 3580 maledictionis
2833 3523 3220 3578 conciliatrix.
3245 3522 3566 3578 Maledictus
3589 3521 3750 3576 enim

2107 3617 2204 3686 qui
2230 3631 2377 3684 spem
2433 3614 2595 3668 habet
2626 3615 2685 3667 in
2732 3613 3000 3667 hominem
3029 3610 3094 3664 ⁷⁸.
3131 3613 3186 3666 Si
3244 3612 3422 3684 igitur
3461 3617 3519 3666 et
3546 3627 3657 3665 nos
3685 3611 3744 3665 in

2106 3705 2305 3759 Jesum
2338 3707 2664 3774 sperantes,
2697 3702 2758 3756 in
2791 3701 3094 3757 hominem
3113 3717 3442 3772 speremus,
3475 3700 3747 3755 divinita-

2110 3798 2229 3847 tem
2262 3791 2519 3846 simulin
2551 3808 2654 3863 spe
2681 3796 2885 3846 nostra
2911 3790 3155 3845 minime
3178 3789 3493 3860 complexi,
3517 3787 3759 3843 maledi-

425 3918 470 3953 ⁵⁸
501 3918 702 3972 Matth.
735 3933 810 3982 Ix,
844 3917 932 3972 28.
964 3915 1008 3950 ⁸⁷
1041 3919 1242 3972 Matth.
1277 3935 1370 3985 xx,
1404 3920 1490 3972 32.
1524 3917 1572 3953 ⁸⁸
1608 3919 1736 3974 Vid.
1771 3926 1878 3974 cat.
1914 3922 1969 3987 7,
1999 3944 2001 3950 <

2119 3948 2144 3987 ν,
2179 3925 2236 3976 et
2262 3927 2372 3976 cat.
2410 3920 2495 3986 11,
2523 3937 2580 3975 η.
2615 3917 2775 3973 23.⁶⁹
2797 3921 2960 3975 Joan.
2997 3936 3048 3986 v,
3086 3917 3246 3972 17.70
3283 3918 3409 3972 Vid.
3445 3923 3551 3972 cat.
3599 3919 3764 3981 11,η.

356 3991 424 4044 22
455 3993 512 4043 et
540 3991 642 4055 24;
674 3995 781 4044 cat.
818 3991 903 4054 10,
935 4004 991 4043 η,
1027 3991 1077 4042 5.
1107 3987 1152 4025 ⁷1
1189 3990 1311 4044 Vid.
1345 3996 1452 4045 cat.
1487 3990 1574 4056 11,
1603 4007 1658 4048 η.
1688 3993 1741 4058 7,
1775 3997 1834 4046 et
1860 3998 2001 4046 cat.‘

2124 4033 2136 4046 .
2170 3996 2222 4048 4.
2256 3989 2374 4033 ⁷²-⁷⁴
2406 3992 2529 4046 Vid.
2561 3998 2671 4046 cat.
2701 3993 2778 4059 4.,
2810 4008 2868 4045 n.
2936 3993 2988 4044 9.
3047 3988 3096 4022 ⁷⁵
3127 3989 3250 4044 Vid.
3311 3995 3416 4044 cat.
3473 3989 3559 4052 12,
3613 4003 3670 4041 η.
3709 3991 3759 4042 1.

354 4062 399 4096 ⁷⁸
425 4061 640 4116 Jerem.
666 4076 799 4126 xvu,
824 4061 875 4114 5.

431 4187 505 4256 (1)
534 4184 1020 4259 Ὑπηρετῄσαντας.
1052 4187 1212 4242 Hanc
1261 4188 1398 4258 Reg.
1461 4186 1589 4242 cod.
1649 4187 2004 4259 scripturam

358 4253 588 4313 excusze
623 4253 895 4329 ὑπηρέτας
928 4259 1322 4329 praetulimus.

435 4331 504 4399 (2)
541 4328 840 4391 Πιστεύετε,
903 4326 962 4384 εἰ
1015 4329 1190 4400 paulo
1240 4334 1373 4400 post
1426 4326 1629 4400 τὲλετε.
1682 4331 1768 4385 Ita
1799 4348 2003 4386 emen-

359 4401 626 4456 davimus
649 4418 720 4456 ex
752 4400 881 4473 cod.
927 4398 1064 4473 Reg.
1099 4398 1256 4473 __pro'
1295 4398 1599 4453 πιστεύεται
1657 4407 1716 4456 et
1768 4400 2001 4458 τὲλεται.

363 4472 548 4544 Verba
578 4472 910 4544 sequentia,
945 4469 1043 4524 οὐκ
1075 4469 1208 4537 εἶπε,
1243 4479 1380 4532 etc..
1410 4489 1598 4542 usque
1649 4473 1722 4526 ad
1764 4473 2006 4541 Ποιητής

357 4543 456 4616 γάρ
490 4544 636 4598 excl.
670 4543 913 4614 propter
943 4544 1224 4615 repetitas
1257 4561 1423 4599 voces
1454 4544 1672 4611 ποιήσω
1700 4544 2003 4616 ὑμῐνφτω-

363 4616 637 4670 termissa
668 4620 807 4670 sunt
837 4616 899 4669 in
931 4631 1000 4669 eo
1025 4616 1247 4671 codice.

436 4688 514 4759 (3)
548 4685 740 4759 Ἀὐτὸς
772 4681 848 4753 δέ,
882 4692 993 4742 etc.
1028 4687 1120 4742 Sic
1151 4687 1377 4759 Anglic.
1413 4687 1541 4759 cod.
1585 4686 1800 4759 Regius
1851 4703 2008 4753 vero,

366 4757 525 4831 αὐτὸς
555 4758 678 4831 vita,
713 4763 1076 4831 etcspuncto
1109 4756 1542 4830 ροει“γεννηθείς
1571 4756 2014 4831 collocato.Cy-

367 4830 538 4885 rillus
561 4829 759 4902 autem
792 4829 1001 4885 Filium
1031 4829 1209 4902 solum,
1235 4847 1305 4885 ex
1338 4833 1505 4885 Patre
1548 4831 1823 4902 genitum
1845 4829 2006 4892 dicit,

366 4903 503 4972 quia
521 4900 681 4955 solus
713 4901 1400 4973 natura,czeteriabusive
1423 4900 1601 4972 etper
1630 4901 2011 4973 adoptionem

367 4973 495 5036 filii,
530 4979 640 5026 cat.
676 4977 726 5027 7.
762 4988 925 5026 num.
960 4976 1008 5026 5.
1045 4972 1222 5026 Addit
1250 4991 1318 5028 ea:
1347 4975 1481 5040 solo,
1513 4973 1604 5028 vel
1637 4979 1699 5026 ut
1735 4972 2011 5027 excluda-

367 5049 460 5100 tur
489 5043 856 5116 alterpater.
892 5048 1067 5113 atque
1099 5043 1420 5116 ingenitus,
1453 5049 1566 5100 cat.
1603 5045 1690 5112 11,
1721 5046 2008 5116 [ιιιω.ί13,

365 5116 455 5169 vel
489 5121 553 5170 ut
573 5115 793 5186 usitata
818 5131 1132 5184 corporum
1165 5116 1484 5186 generandi
1516 5116 1686 5180 ratio,
1721 5123 1778 5169 et
1809 5115 2012 5170 Valen-

368 5188 735 5243 tinianorum
767 5185 1012 5240 deorum
1043 5185 1270 5255 c0pulae
1301 5192 1359 5240 et
1380 5187 1724 5240 successivaa
1762 5203 2008 5256 genera-

367 5261 561 5314 tiones
585 5257 952 5327 ablegentur.
989 5257 1129 5310 Vide
1151 5262 1263 5310 cat.
1301 5261 1384 5319 ll,
1419 5273 1582 5310 num.
1617 5260 1669 5320 7,
1723 5262 1780 5310 et
1807 5263 1916 5312 cat.
1954 5259 2007 5322 6,

365 5347 531 5386 num.
568 5332 652 5382 l7.
679 5327 1272 5384 Deinde.immediate
1302 5328 1567 5398 genitum
1592 5327 1781 5389 docet.
1797 5328 1914 5382 sive
1936 5327 2010 5383 ad

370 5398 817 5472 exprimendam
849 5398 1122 5472 intimam
1155 5398 1285 5452 Filii
1316 5415 1450 5452 cum
1479 5401 1648 5472 Patre
1679 5399 2009 5472 necessitu-

366 5469 567 5529 dinem
593 5476 650 5523 et
678 5469 1132 5524 connexionem.
1167 5475 1279 5524 cat.
1311 5472 1365 5535 7,
1388 5486 1448 5524 n.
1477 5471 1531 5534 4,
1565 5471 1681 5524 sive
1705 5469 1780 5524 ad
1811 5469 2012 5524 exclu-

365 5542 620 5600 dendam
652 5555 893 5594 omnem
917 5539 976 5594 in
1003 5540 1200 5595 divina
1215 5540 1596 5612 generatione
1620 5541 1706 5595 vel
1731 5541 2011 5612 temporis

366 5629 595 5670 moram
629 5615 740 5666 cat.
776 5612 862 5676 11,
896 5627 1055 5667 num.
1095 5616 1145 5680 7,
1174 5611 1263 5667 vel
1283 5611 2010 5669 deliberationemac’con-

370 5683 775 5744 sultationem.
810 5681 951 5738 ibid.
986 5700 1045 5739 n.
1077 5686 1130 5740 8.

441 5760 519 5832 (4)
551 5757 940 5812 Δικαιωτῶσιν.
975 5755 1064 5813 Ita
1084 5773 1155 5813 ex
1173 5771 1337 5812 mera
1352 5755 1698 5832 conjectura
1723 5756 1962 5832 reposui
1993 5772 2008 5816 :

369 5829 524 5889 hanc
555 5835 779 5899 tamen,
810 5845 943 5904 qum
977 5845 1110 5889 cum
1139 5829 1442 5903 proposito
1474 5829 1730 5888 auctoris
1754 5829 2008 5888 admira-

2109 4189 2310 4244 biliter
2327 4187 2598 4259 quadrat,
2612 4188 2787 4244 nobis
2805 4187 3186 4259 sufﬁcienter
3199 4187 3466 4259 insinuat
3480 4184 3760 4257 Regcod.

2115 4261 2289 4316 lectio
2323 4252 2637 4332 δέιχτῶσιν.
2669 4259 2955 4314 Millesius
2983 4258 3221 4329 scripsit
3246 4252 3596 4332 νικέστωσανξ
3630 4272 3760 4332 quas

2113 4349 2221 4386 vox
2254 4326 2453 4386 Graeca
2483 4347 2604 4386 non
2637 4336 2746 4397 est,
2782 4337 3017 4401 sumpta
3048 4326 3246 4385 tamen
3280 4346 3347 4401 ex
3380 4329 3508 4401 loco
3547 4326 3762 4401 psalmi

2113 4421 2166 4468 L,
2189 4405 2242 4468 4,
2271 4403 2370 4456 ubi
2403 4403 2476 4456 de
2499 4398 2936 4473 justiﬁcatione
2965 4419 3033 4456 ex
3064 4400 3438 4473 sermonibus
3478 4398 3762 4473 loquitur

2115 4475 2446 4543 Propheta;
2476 4472 2634 4543 quod
2665 4471 3022 4528 nonnullum
3054 4474 3225 4528 affert
3253 4471 3326 4527 ad
3355 4471 3761 4541 conjecturam

2120 4552 2385 4601 nostram
2418 4551 2810 4599 momentum.

2190 4620 2268 4684 (5)
2299 4615 2358 4670 Ὁ
2395 4612 2573 4687 ἶάτρός
2630 4615 2885 4670 Verbum
2923 4614 3116 4687 ἡρώγα
3149 4614 3374 4687 adjicit.
3434 4615 3569 4683 Reg.
3618 4610 3760 4687 cod.

2121 4688 2233 4743 Sed
2260 4685 2491 4743 sufficit
2510 4687 2668 4757 quod
2701 4685 3257 4748 inferius'ha’betur,
3303 4686 3492 4757 ἡρωτᾳ
3548 4685 3762 4757 τοῦτον,

2125 4759 2295 4814 verba
2327 4750 3660 4828 intermediaparenthesibusincludend_o.Pro
3687 4750 3764 4813 εἰς

2119 4833 2241 4899 τήν,
2275 4831 2480 4885 eodem
2513 4825 2715 4885 codice
2746 4830 2893 4883 duce
2953 4825 3503 4899 scripsimus,_r.japa‘t
3532 4826 3653 4893 τήν.

2190 4905 2263 4971 (6Δ
2299 4901 2395 4954 Διά
2425 4904 2609 4967 τοῦτο,
2644 4907 2754 4971 etc.
2787 4901 2868 4953 Ex
2911 4901 3050 4954 Rex.
3074 4897 3092 4971 ί
3119 4899 3248 4953 cod.
3314 4897 3636 4971 delevimus
3667 4912 3764 4952 ar-

2121 4965 2369 5028 ticulum
2400 4971 2433 5040 ἡ
2477 4965 2614 5027 ante
2645 4967 2752 5026 διά.
2775 4970 3333 5042 T_o'3':o__scripsimus_
3360 4968 3488 5024 loco
3543 4965 3760 5042 τούτου,

2121 5051 2180 5100 et
2207 5038 2541 5114 αὐτόμολον,
2603 5059 2708 5113 pro
2767 5038 3121 5114 αὐτομόλωνί
3183 5040 3375 5096 Lectio
3441 5040 3764 5114 Anglicana

2121 5132 2240 5170 non
2273 5111 2362 5170 est
2391 5111 3022 5178 tamen—incommoda,
3071 5113 3184 5167 hoc
3241 5128 3418 5166 sensu
3453 5127 3466 5166 :
3502 5111 3555 5160 ‹‹“
3591 5111 3759 5166 Nullo

2122 5211 2149 5237 ‹‹
2182 5187 2341 5240 enim
2369 5185 2557 5257 pretio
2589 5184 2898 5240 constabat
2929 5201 2997 5239 ea
3026 5201 3158 5254 quae
3200 5200 3307 5255 per
3335 5183 3529 5253 ipsum
3560 5184 3763 5237 aﬂ‘ere-

2122 5281 2149 5308 ‹‹
2181 5257 2627 5329 baturgratia.»

2191 5333 2268 5408 (.7;
2301 5323 2979 5408 Mt'éwpwiancgaogem
3011 5326 3266 5408 exoco'dq
3307 5325 3437 5408 ιορρ
3498 5323 3574 5396 μή
3632 5343 3763 5375 ταυ-

2125 5393 2322 5472 μάίσῃς,
2356 5393 2424 5455 ne
2456 5393 2672 5472 mire-re.
2704 5401 2817 5472 Pro
2840 5396 2954 5472 ἔχω
2987 5393 3354 5472 scripsimus,
3387 5393 3556 5468 ἔχεις,
3583 5411 3761 5472 quam

2119 5467 2345 5598 indicat
2375 5472 2546 5526 nobis
2577 5467 2906 5526 lectionem'
2927 5467 3279 5542 codex'lieg.
3327 5467 3601 5538 corrupte
3659 5467 3760 5520 ha-

2162 5561 2480 5598 ens.eync.

2162 5561 2480 5615 ens,exn<,

2190 5561 2572 5684 ἒςῗήεέάὲξῦος.
2605 5613 2968 5668 Emendatur
2994 5629 3064 5668 ex
3122 5614 3259 5680 Reg.
3313 5605 3760 5684 depravata_le-

2121 5677 2539 5760 οῐῖοπρόξὲνον.
2573 5688 2637 5741 In
2677 5686 2805 5760 loco
2851 5677 3307 5760 Ieremiaeum'ox
3361 5677 3560 5742 citato,
3617 5677 3758 5760 Reg:

2121 5764 2256 5833 Ροεῐ
2283 5754 2668 5833 ἐξειὲατάρατρλς
2702 5756 2827 5833 γᾴρ,
2885 5757 3070 5824 addit,
3117 5754 3434 5833 ﬁvtpwnoc,
3494 5763 3564 5803 ex
3594 5755 3757 5799 sacro

2123 5823 2285 5890 textu
2314 5850 2330 5904 ;
2361 5838 2419 5888 et
2446 5823 2581 5906 post
2608 5823 2823 5885 ἐλπέδα
2838 5843 3038 5886 vocem
3058 5823 3258 5877 θαύτοῦ.
