  <div class='ocr_page' id='page_1' title='image "/cluster/home/n/w/nwhite01/storage/ocr_20150623/33/mdp.39015078384412/578.png"; bbox 0 0 4148 6286; ppageno 0'>
   <div class='ocr_carea' id='block_1_1' title="bbox 343 363 494 436">
    <p class='ocr_par' dir='ltr' id='par_1_1' title="bbox 343 363 494 436">
     <span class='ocr_line' id='line_1_1' title="bbox 343 363 494 436; baseline 0 -9"><span class='ocrx_word' id='word_1_1' title='bbox 343 363 494 436; x_wconf 74' lang='grc'><strong>1141</strong></span> 
     </span>
    </p>
   </div>
   <div class='ocr_carea' id='block_1_2' title="bbox 346 588 1998 669">
    <p class='ocr_par' dir='ltr' id='par_1_2' title="bbox 346 588 1998 669">
     <span class='ocr_line' id='line_1_2' title="bbox 346 588 1998 669; baseline 0.001 -23"><span class='ocrx_word' id='word_1_2' title='bbox 346 592 477 666; x_wconf 85' lang='grc' dir='ltr'>θρας</span> <span class='ocrx_word' id='word_1_3' title='bbox 509 592 536 646; x_wconf 89' lang='grc' dir='ltr'>ὁ</span> <span class='ocrx_word' id='word_1_4' title='bbox 566 595 674 646; x_wconf 82' lang='grc' dir='ltr'>τῶν</span> <span class='ocrx_word' id='word_1_5' title='bbox 708 588 916 645; x_wconf 75' lang='grc' dir='ltr'>ὑδάτων</span> <span class='ocrx_word' id='word_1_6' title='bbox 948 590 1182 666; x_wconf 79' lang='grc' dir='ltr'>ἡνίοχος</span> <span class='ocrx_word' id='word_1_7' title='bbox 1211 591 1301 646; x_wconf 82' lang='grc' dir='ltr'>καὶ</span> <span class='ocrx_word' id='word_1_8' title='bbox 1344 594 1604 663; x_wconf 75' lang='grc' dir='ltr'>ποιητής·</span> <span class='ocrx_word' id='word_1_9' title='bbox 1665 593 1803 669; x_wconf 84' lang='grc' dir='ltr'>πρὸς</span> <span class='ocrx_word' id='word_1_10' title='bbox 1859 592 1918 648; x_wconf 82' lang='grc' dir='ltr'>ὅν</span> <span class='ocrx_word' id='word_1_11' title='bbox 1971 596 1998 648; x_wconf 88' lang='grc' dir='ltr'>ὁ</span> 
     </span>
    </p>
   </div>
   <div class='ocr_carea' id='block_1_3' title="bbox 345 681 1996 757">
    <p class='ocr_par' dir='ltr' id='par_1_3' title="bbox 345 681 1996 757">
     <span class='ocr_line' id='line_1_3' title="bbox 345 681 1996 757; baseline 0.002 -21"><span class='ocrx_word' id='word_1_12' title='bbox 345 684 661 757; x_wconf 83' lang='grc' dir='ltr'>παράλυτος</span> <span class='ocrx_word' id='word_1_13' title='bbox 742 681 911 756; x_wconf 72' lang='grc' dir='ltr'>λέγει’</span> <span class='ocrx_word' id='word_1_14' title='bbox 964 684 1286 755; x_wconf 77' lang='grc' dir='ltr'>’Ἄνθρωπον</span> <span class='ocrx_word' id='word_1_15' title='bbox 1333 685 1434 739; x_wconf 83' lang='grc' dir='ltr'>οὐκ</span> <span class='ocrx_word' id='word_1_16' title='bbox 1489 682 1628 752; x_wconf 76' lang='grc' dir='ltr'>ἔχω,</span> <span class='ocrx_word' id='word_1_17' title='bbox 1687 683 1794 750; x_wconf 63' lang='grc' dir='ltr'>ἵνα,</span> <span class='ocrx_word' id='word_1_18' title='bbox 1871 685 1996 739; x_wconf 77' lang='grc' dir='ltr'>’ὁταν</span> 
     </span>
    </p>
   </div>
   <div class='ocr_carea' id='block_1_4' title="bbox 345 769 1998 848">
    <p class='ocr_par' dir='ltr' id='par_1_4' title="bbox 345 769 1998 848">
     <span class='ocr_line' id='line_1_4' title="bbox 345 769 1998 848; baseline 0.001 -21"><span class='ocrx_word' id='word_1_19' title='bbox 345 776 601 848; x_wconf 82' lang='grc' dir='ltr'>ταραχθῆ</span> <span class='ocrx_word' id='word_1_20' title='bbox 650 772 713 826; x_wconf 86' lang='grc' dir='ltr'>τὸ</span> <span class='ocrx_word' id='word_1_21' title='bbox 772 769 939 847; x_wconf 76' lang='grc' dir='ltr'>ὕδωρ,</span> <span class='ocrx_word' id='word_1_22' title='bbox 997 772 1140 847; x_wconf 80' lang='grc' dir='ltr'>βάλῃ</span> <span class='ocrx_word' id='word_1_23' title='bbox 1199 777 1272 845; x_wconf 88' lang='grc'>(1)</span> <span class='ocrx_word' id='word_1_24' title='bbox 1307 795 1372 846; x_wconf 85' lang='grc' dir='ltr'>με</span> <span class='ocrx_word' id='word_1_25' title='bbox 1430 774 1504 836; x_wconf 88' lang='grc' dir='ltr'>εἰς</span> <span class='ocrx_word' id='word_1_26' title='bbox 1552 775 1652 843; x_wconf 69' lang='grc' dir='ltr'>τὴν</span> <span class='ocrx_word' id='word_1_27' title='bbox 1707 769 1998 846; x_wconf 79' lang='grc' dir='ltr'>κολυμϐή-</span> 
     </span>
    </p>
   </div>
   <div class='ocr_carea' id='block_1_5' title="bbox 349 862 1996 939">
    <p class='ocr_par' dir='ltr' id='par_1_5' title="bbox 349 862 1996 939">
     <span class='ocr_line' id='line_1_5' title="bbox 349 862 1996 939; baseline -0.001 -23"><span class='ocrx_word' id='word_1_28' title='bbox 349 874 498 934; x_wconf 75' lang='grc' dir='ltr'>θραν.</span> <span class='ocrx_word' id='word_1_29' title='bbox 530 862 690 935; x_wconf 76' lang='grc' dir='ltr'>Λέγει</span> <span class='ocrx_word' id='word_1_30' title='bbox 719 862 867 932; x_wconf 83' lang='grc' dir='ltr'>αὐτῷ</span> <span class='ocrx_word' id='word_1_31' title='bbox 926 863 954 916; x_wconf 87' lang='grc' dir='ltr'><strong>ὁ</strong></span> <span class='ocrx_word' id='word_1_32' title='bbox 1014 864 1232 936; x_wconf 73' lang='grc' dir='ltr'>Σωτήρ·</span> <span class='ocrx_word' id='word_1_33' title='bbox 1291 863 1350 917; x_wconf 90' lang='grc' dir='ltr'>Τί</span> <span class='ocrx_word' id='word_1_34' title='bbox 1408 865 1721 936; x_wconf 71' lang='grc' dir='ltr'>περιμένεις</span> <span class='ocrx_word' id='word_1_35' title='bbox 1749 863 1996 939; x_wconf 74' lang='grc' dir='ltr'>ταραχὴν</span> 
     </span>
    </p>
   </div>
   <div class='ocr_carea' id='block_1_6' title="bbox 351 950 1996 1025">
    <p class='ocr_par' dir='ltr' id='par_1_6' title="bbox 351 950 1996 1025">
     <span class='ocr_line' id='line_1_6' title="bbox 351 950 1996 1025; baseline -0.002 -17"><span class='ocrx_word' id='word_1_36' title='bbox 351 951 557 1008; x_wconf 80' lang='grc' dir='ltr'>ὑδάτων</span> <span class='ocrx_word' id='word_1_37' title='bbox 591 950 916 1025; x_wconf 79' lang='grc' dir='ltr'>ςάταράχως</span> <span class='ocrx_word' id='word_1_38' title='bbox 947 951 1328 1025; x_wconf 81' lang='grc' dir='ltr'>θεραπεύθητι.</span> <span class='ocrx_word' id='word_1_39' title='bbox 1372 952 1438 1010; x_wconf 84' lang='grc' dir='ltr'>Τί</span> <span class='ocrx_word' id='word_1_40' title='bbox 1485 951 1542 1008; x_wconf 80' lang='grc' dir='ltr'>δὲ</span> <span class='ocrx_word' id='word_1_41' title='bbox 1597 953 1812 1021; x_wconf 71' lang='grc' dir='ltr'>κίνησιν</span> <span class='ocrx_word' id='word_1_42' title='bbox 1873 974 1996 1010; x_wconf 77' lang='grc' dir='ltr'>φαι-</span> 
     </span>
    </p>
   </div>
   <div class='ocr_carea' id='block_1_7' title="bbox 346 1037 1995 1117">
    <p class='ocr_par' dir='ltr' id='par_1_7' title="bbox 346 1037 1995 1117">
     <span class='ocr_line' id='line_1_7' title="bbox 346 1037 1995 1117; baseline -0.001 -21"><span class='ocrx_word' id='word_1_43' title='bbox 346 1043 582 1116; x_wconf 73' lang='grc' dir='ltr'>νομένην</span> <span class='ocrx_word' id='word_1_44' title='bbox 625 1037 827 1115; x_wconf 68' lang='grc' dir='ltr'>ἐκδέχῃ</span> <span class='ocrx_word' id='word_1_45' title='bbox 864 1040 1056 1116; x_wconf 83' lang='grc' dir='ltr'>;λόγῳ</span> <span class='ocrx_word' id='word_1_46' title='bbox 1085 1041 1148 1095; x_wconf 86' lang='grc' dir='ltr'>τὸ</span> <span class='ocrx_word' id='word_1_47' title='bbox 1199 1041 1528 1117; x_wconf 83' lang='grc' dir='ltr'>πρόσταγμα</span> <span class='ocrx_word' id='word_1_48' title='bbox 1582 1044 1814 1116; x_wconf 82' lang='grc' dir='ltr'>γίνεται,</span> <span class='ocrx_word' id='word_1_49' title='bbox 1876 1041 1995 1115; x_wconf 79' lang='grc' dir='ltr'>ὀξύ-</span> 
     </span>
    </p>
   </div>
   <div class='ocr_carea' id='block_1_8' title="bbox 341 1128 1996 1207">
    <p class='ocr_par' dir='ltr' id='par_1_8' title="bbox 341 1128 1996 1207">
     <span class='ocr_line' id='line_1_8' title="bbox 341 1128 1996 1207; baseline -0.002 -19"><span class='ocrx_word' id='word_1_50' title='bbox 341 1153 497 1207; x_wconf 85' lang='grc' dir='ltr'>τερον</span> <span class='ocrx_word' id='word_1_51' title='bbox 532 1132 831 1202; x_wconf 72' lang='grc' dir='ltr'>νοήματος.</span> <span class='ocrx_word' id='word_1_52' title='bbox 865 1129 1042 1185; x_wconf 82' lang='grc' dir='ltr'>Μόνον</span> <span class='ocrx_word' id='word_1_53' title='bbox 1076 1128 1218 1185; x_wconf 80' lang='grc' dir='ltr'>ἕνιδε</span> <span class='ocrx_word' id='word_1_54' title='bbox 1254 1134 1322 1204; x_wconf 80' lang='grc' dir='ltr'>τῇ</span> <span class='ocrx_word' id='word_1_55' title='bbox 1351 1134 1450 1202; x_wconf 78' lang='grc' dir='ltr'>τῆς</span> <span class='ocrx_word' id='word_1_56' title='bbox 1495 1139 1677 1206; x_wconf 75' lang='grc' dir='ltr'>πηγῆς</span> <span class='ocrx_word' id='word_1_57' title='bbox 1733 1132 1996 1206; x_wconf 79' lang='grc' dir='ltr'>ἐνεργείᾳ,</span> 
     </span>
    </p>
   </div>
   <div class='ocr_carea' id='block_1_9' title="bbox 344 1217 1994 1298">
    <p class='ocr_par' dir='ltr' id='par_1_9' title="bbox 344 1217 1994 1298">
     <span class='ocr_line' id='line_1_9' title="bbox 344 1217 1994 1298; baseline -0.001 -22"><span class='ocrx_word' id='word_1_58' title='bbox 344 1221 435 1276; x_wconf 84' lang='grc' dir='ltr'>καὶ</span> <span class='ocrx_word' id='word_1_59' title='bbox 484 1220 927 1275; x_wconf 79' lang='grc' dir='ltr'>καθυπόπτευσον</span> <span class='ocrx_word' id='word_1_60' title='bbox 982 1218 1073 1273; x_wconf 85' lang='grc' dir='ltr'>τὸν</span> <span class='ocrx_word' id='word_1_61' title='bbox 1130 1217 1182 1274; x_wconf 77' lang='grc' dir='ltr'>ἐν</span> <span class='ocrx_word' id='word_1_62' title='bbox 1242 1221 1398 1294; x_wconf 83' lang='grc' dir='ltr'>σαρκὶ</span> <span class='ocrx_word' id='word_1_63' title='bbox 1458 1221 1785 1298; x_wconf 74' lang='grc' dir='ltr'>φαινόμενον</span> <span class='ocrx_word' id='word_1_64' title='bbox 1843 1220 1994 1276; x_wconf 86' lang='grc' dir='ltr'>Θεόν·</span> 
     </span>
    </p>
   </div>
   <div class='ocr_carea' id='block_1_10' title="bbox 346 1307 1996 1383">
    <p class='ocr_par' dir='ltr' id='par_1_10' title="bbox 346 1307 1996 1383">
     <span class='ocr_line' id='line_1_10' title="bbox 346 1307 1996 1383; baseline -0.001 -17"><span class='ocrx_word' id='word_1_65' title='bbox 346 1311 434 1366; x_wconf 85' lang='grc' dir='ltr'>καὶ</span> <span class='ocrx_word' id='word_1_66' title='bbox 473 1310 549 1383; x_wconf 76' lang='grc' dir='ltr'>μὴ</span> <span class='ocrx_word' id='word_1_67' title='bbox 579 1310 672 1363; x_wconf 83' lang='grc' dir='ltr'>τὸν</span> <span class='ocrx_word' id='word_1_68' title='bbox 696 1307 1023 1383; x_wconf 79' lang='grc' dir='ltr'>φαινόμενον</span> <span class='ocrx_word' id='word_1_69' title='bbox 1055 1308 1266 1378; x_wconf 84' lang='grc' dir='ltr'>σκόπει,</span> <span class='ocrx_word' id='word_1_70' title='bbox 1297 1308 1445 1364; x_wconf 81' lang='grc' dir='ltr'>ἀΛλὰ</span> <span class='ocrx_word' id='word_1_71' title='bbox 1494 1310 1585 1364; x_wconf 89' lang='grc' dir='ltr'>τὸν</span> <span class='ocrx_word' id='word_1_72' title='bbox 1619 1308 1709 1365; x_wconf 79' lang='grc' dir='ltr'>διὰ</span> <span class='ocrx_word' id='word_1_73' title='bbox 1736 1314 1833 1364; x_wconf 77' lang='grc' dir='ltr'>τοῦ</span> <span class='ocrx_word' id='word_1_74' title='bbox 1873 1331 1996 1383; x_wconf 83' lang='grc' dir='ltr'>φαι-</span> 
     </span>
    </p>
   </div>
   <div class='ocr_carea' id='block_1_11' title="bbox 341 1398 1994 1476">
    <p class='ocr_par' dir='ltr' id='par_1_11' title="bbox 341 1398 1994 1476">
     <span class='ocr_line' id='line_1_11' title="bbox 341 1398 1994 1476; baseline -0.001 -19"><span class='ocrx_word' id='word_1_75' title='bbox 341 1402 579 1476; x_wconf 82' lang='grc' dir='ltr'>νομὲνου</span> <span class='ocrx_word' id='word_1_76' title='bbox 661 1398 1046 1473; x_wconf 77' lang='grc' dir='ltr'>ἐργαζόμενον.</span> <span class='ocrx_word' id='word_1_77' title='bbox 1123 1401 1441 1474; x_wconf 75' lang='grc' dir='ltr'>’Ἄνθρωπον</span> <span class='ocrx_word' id='word_1_78' title='bbox 1503 1401 1602 1454; x_wconf 84' lang='grc' dir='ltr'>οὐκ</span> <span class='ocrx_word' id='word_1_79' title='bbox 1694 1398 1832 1476; x_wconf 80' lang='grc' dir='ltr'>ἔχω,</span> <span class='ocrx_word' id='word_1_80' title='bbox 1884 1398 1994 1472; x_wconf 64' lang='grc' dir='ltr'>Ἵνα,</span> 
     </span>
    </p>
   </div>
   <div class='ocr_carea' id='block_1_12' title="bbox 348 1485 1996 1564">
    <p class='ocr_par' dir='ltr' id='par_1_12' title="bbox 348 1485 1996 1564">
     <span class='ocr_line' id='line_1_12' title="bbox 348 1485 1996 1564; baseline -0.003 -16"><span class='ocrx_word' id='word_1_81' title='bbox 348 1493 473 1548; x_wconf 72' lang='grc' dir='ltr'>ὅταν</span> <span class='ocrx_word' id='word_1_82' title='bbox 528 1490 780 1564; x_wconf 80' lang='grc' dir='ltr'>ταραχθῇ</span> <span class='ocrx_word' id='word_1_83' title='bbox 836 1489 900 1542; x_wconf 89' lang='grc' dir='ltr'>τὸ</span> <span class='ocrx_word' id='word_1_84' title='bbox 959 1485 1125 1562; x_wconf 76' lang='grc' dir='ltr'>ὕδωρ,</span> <span class='ocrx_word' id='word_1_85' title='bbox 1187 1487 1328 1563; x_wconf 83' lang='grc' dir='ltr'>βάλῃ</span> <span class='ocrx_word' id='word_1_86' title='bbox 1392 1510 1458 1561; x_wconf 83' lang='grc' dir='ltr'>με</span> <span class='ocrx_word' id='word_1_87' title='bbox 1513 1489 1590 1551; x_wconf 78' lang='grc' dir='ltr'>εἰς</span> <span class='ocrx_word' id='word_1_88' title='bbox 1644 1491 1742 1558; x_wconf 78' lang='grc' dir='ltr'>τήν</span> <span class='ocrx_word' id='word_1_89' title='bbox 1783 1488 1996 1562; x_wconf 86' lang='grc' dir='ltr'>κολυμ-</span> 
     </span>
    </p>
   </div>
   <div class='ocr_carea' id='block_1_13' title="bbox 347 1575 1993 1654">
    <p class='ocr_par' dir='ltr' id='par_1_13' title="bbox 347 1575 1993 1654">
     <span class='ocr_line' id='line_1_13' title="bbox 347 1575 1993 1654; baseline -0.004 -15"><span class='ocrx_word' id='word_1_90' title='bbox 347 1578 572 1654; x_wconf 68' lang='grc' dir='ltr'>ϐήθραν.</span> <span class='ocrx_word' id='word_1_91' title='bbox 606 1581 666 1636; x_wconf 89' lang='grc' dir='ltr'>Ὁ</span> <span class='ocrx_word' id='word_1_92' title='bbox 699 1575 756 1633; x_wconf 78' lang='grc' dir='ltr'>δὲ</span> <span class='ocrx_word' id='word_1_93' title='bbox 787 1578 924 1652; x_wconf 88' lang='grc' dir='ltr'>πρὸς</span> <span class='ocrx_word' id='word_1_94' title='bbox 955 1579 1140 1633; x_wconf 82' lang='grc' dir='ltr'>αὐτον·</span> <span class='ocrx_word' id='word_1_95' title='bbox 1173 1577 1234 1632; x_wconf 82' lang='grc' dir='ltr'><strong>Τί</strong></span> <span class='ocrx_word' id='word_1_96' title='bbox 1291 1579 1602 1652; x_wconf 79' lang='grc' dir='ltr'>περιμὲνεις</span> <span class='ocrx_word' id='word_1_97' title='bbox 1659 1580 1725 1634; x_wconf 83' lang='grc' dir='ltr'>τὰ</span> <span class='ocrx_word' id='word_1_98' title='bbox 1779 1580 1948 1654; x_wconf 85' lang='grc' dir='ltr'>μικρά</span> <span class='ocrx_word' id='word_1_99' title='bbox 1980 1598 1993 1648; x_wconf 90' lang='grc'>;</span> 
     </span>
    </p>
   </div>
   <div class='ocr_carea' id='block_1_14' title="bbox 346 1666 1996 1744">
    <p class='ocr_par' dir='ltr' id='par_1_14' title="bbox 346 1666 1996 1744">
     <span class='ocr_line' id='line_1_14' title="bbox 346 1666 1996 1744; baseline -0.002 -19"><span class='ocrx_word' id='word_1_100' title='bbox 346 1670 401 1727; x_wconf 81' lang='grc' dir='ltr'>τί</span> <span class='ocrx_word' id='word_1_101' title='bbox 459 1674 638 1741; x_wconf 77' lang='grc' dir='ltr'>ζητεῖς</span> <span class='ocrx_word' id='word_1_102' title='bbox 701 1666 911 1722; x_wconf 79' lang='grc' dir='ltr'>ὑδάτων</span> <span class='ocrx_word' id='word_1_103' title='bbox 970 1666 1204 1740; x_wconf 78' lang='grc' dir='ltr'>ἰατρείαν</span> <span class='ocrx_word' id='word_1_104' title='bbox 1263 1687 1278 1736; x_wconf 77' lang='grc' dir='ltr'>ς</span> <span class='ocrx_word' id='word_1_105' title='bbox 1335 1670 1584 1744; x_wconf 78' lang='grc' dir='ltr'>’Έγειραι</span> <span class='ocrx_word' id='word_1_106' title='bbox 1622 1673 1721 1742; x_wconf 82' lang='grc'>(2),</span> <span class='ocrx_word' id='word_1_107' title='bbox 1774 1672 1808 1738; x_wconf 79' lang='grc' dir='ltr'>ἠ</span> <span class='ocrx_word' id='word_1_108' title='bbox 1869 1669 1996 1723; x_wconf 81' lang='grc' dir='ltr'>ἀνά-</span> 
     </span>
    </p>
   </div>
   <div class='ocr_carea' id='block_1_15' title="bbox 349 1758 1997 1832">
    <p class='ocr_par' dir='ltr' id='par_1_15' title="bbox 349 1758 1997 1832">
     <span class='ocr_line' id='line_1_15' title="bbox 349 1758 1997 1832; baseline -0.002 -16"><span class='ocrx_word' id='word_1_109' title='bbox 349 1761 534 1821; x_wconf 83' lang='grc' dir='ltr'>στασίς</span> <span class='ocrx_word' id='word_1_110' title='bbox 575 1780 660 1813; x_wconf 81' lang='grc' dir='ltr'>σοι</span> <span class='ocrx_word' id='word_1_111' title='bbox 719 1758 883 1812; x_wconf 75' lang='grc' dir='ltr'>εἶπεν.</span> <span class='ocrx_word' id='word_1_112' title='bbox 935 1761 1224 1831; x_wconf 86' lang='grc' dir='ltr'>Πανταχοῦ</span> <span class='ocrx_word' id='word_1_113' title='bbox 1279 1759 1380 1832; x_wconf 75' lang='grc' dir='ltr'>γάρ</span> <span class='ocrx_word' id='word_1_114' title='bbox 1440 1765 1557 1820; x_wconf 83' lang='grc' dir='ltr'>τοῖς</span> <span class='ocrx_word' id='word_1_115' title='bbox 1613 1765 1775 1814; x_wconf 81' lang='grc' dir='ltr'>πᾶσιν</span> <span class='ocrx_word' id='word_1_116' title='bbox 1823 1758 1997 1813; x_wconf 76' lang='grc' dir='ltr'>πάντα</span> 
     </span>
    </p>
   </div>
   <div class='ocr_carea' id='block_1_16' title="bbox 1484 369 2574 434">
    <p class='ocr_par' dir='ltr' id='par_1_16' title="bbox 1484 369 2574 434">
     <span class='ocr_line' id='line_1_16' title="bbox 1484 369 2574 434; baseline 0.005 -6"><span class='ocrx_word' id='word_1_117' title='bbox 1484 369 1816 433; x_wconf 82' lang='lat' dir='ltr'>HOMILIA</span> <span class='ocrx_word' id='word_1_118' title='bbox 1863 372 1940 431; x_wconf 89' lang='grc' dir='ltr'>ΙΝ</span> <span class='ocrx_word' id='word_1_119' title='bbox 1987 370 2574 434; x_wconf 81' lang='lat' dir='ltr'>PABALYTICUM.</span> 
     </span>
    </p>
   </div>
   <div class='ocr_carea' id='block_1_17' title="bbox 415 497 2072 576">
    <p class='ocr_par' dir='ltr' id='par_1_17' title="bbox 415 497 2072 576">
     <span class='ocr_line' id='line_1_17' title="bbox 415 497 2072 576; baseline -0.001 -19"><span class='ocrx_word' id='word_1_120' title='bbox 415 500 704 574; x_wconf 74' lang='grc' dir='ltr'>Θ“.11αρην</span> <span class='ocrx_word' id='word_1_121' title='bbox 750 498 926 555; x_wconf 77' lang='grc' dir='ltr'>τοίνυν</span> <span class='ocrx_word' id='word_1_122' title='bbox 996 499 1144 576; x_wconf 81' lang='grc' dir='ltr'>παρὰ</span> <span class='ocrx_word' id='word_1_123' title='bbox 1189 500 1258 557; x_wconf 80' lang='grc' dir='ltr'>τὰ</span> <span class='ocrx_word' id='word_1_124' title='bbox 1321 499 1488 556; x_wconf 72' lang='grc' dir='ltr'>ὕδατα</span> <span class='ocrx_word' id='word_1_125' title='bbox 1541 509 1642 572; x_wconf 81' lang='grc' dir='ltr'>τῆς</span> <span class='ocrx_word' id='word_1_126' title='bbox 1697 497 1988 576; x_wconf 66' lang='grc' dir='ltr'>κολυμὸἤ-</span> <span class='ocrx_word' id='word_1_127' title='bbox 2023 507 2072 573; x_wconf 81' lang='grc' dir='ltr'>Α</span> 
     </span>
    </p>
   </div>
   <div class='ocr_carea' id='block_1_18' title="bbox 3600 376 3756 440">
    <p class='ocr_par' dir='ltr' id='par_1_18' title="bbox 3600 376 3756 440">
     <span class='ocr_line' id='line_1_18' title="bbox 3600 376 3756 440; baseline 0.006 -1"><span class='ocrx_word' id='word_1_128' title='bbox 3600 376 3756 440; x_wconf 73' lang='grc'><strong>1142</strong></span> 
     </span>
    </p>
   </div>
   <div class='ocr_carea' id='block_1_19' title="bbox 2174 505 3752 584">
    <p class='ocr_par' dir='ltr' id='par_1_19' title="bbox 2174 505 3752 584">
     <span class='ocr_line' id='line_1_19' title="bbox 2174 505 3752 584; baseline 0.005 -22"><span class='ocrx_word' id='word_1_129' title='bbox 2174 506 2266 563; x_wconf 90' lang='lat' dir='ltr'>IX.</span> <span class='ocrx_word' id='word_1_130' title='bbox 2298 505 2519 562; x_wconf 80' lang='lat' dir='ltr'>Aderat</span> <span class='ocrx_word' id='word_1_131' title='bbox 2548 507 2726 579; x_wconf 79' lang='lat' dir='ltr'>igitur</span> <span class='ocrx_word' id='word_1_132' title='bbox 2746 507 2919 580; x_wconf 89' lang='lat' dir='ltr'>juxta</span> <span class='ocrx_word' id='word_1_133' title='bbox 2948 524 3136 580; x_wconf 81' lang='lat' dir='ltr'>aquas</span> <span class='ocrx_word' id='word_1_134' title='bbox 3174 510 3417 582; x_wconf 82' lang='lat' dir='ltr'>piscinae</span> <span class='ocrx_word' id='word_1_135' title='bbox 3463 519 3752 584; x_wconf 80' lang='lat' dir='ltr'>aquarum</span> 
     </span>
    </p>
   </div>
   <div class='ocr_carea' id='block_1_20' title="bbox 2108 597 3753 670">
    <p class='ocr_par' dir='ltr' id='par_1_20' title="bbox 2108 597 3753 670">
     <span class='ocr_line' id='line_1_20' title="bbox 2108 597 3753 670; baseline 0.003 -16"><span class='ocrx_word' id='word_1_136' title='bbox 2108 598 2312 670; x_wconf 81' lang='lat' dir='ltr'>auriga</span> <span class='ocrx_word' id='word_1_137' title='bbox 2326 597 2582 653; x_wconf 83' lang='lat' dir='ltr'>etfactor</span> <span class='ocrx_word' id='word_1_138' title='bbox 2600 615 2613 664; x_wconf 90' lang='lat'><strong>;</strong></span> <span class='ocrx_word' id='word_1_139' title='bbox 2629 599 2722 652; x_wconf 89' lang='lat' dir='ltr'>cui</span> <span class='ocrx_word' id='word_1_140' title='bbox 2744 599 3102 670; x_wconf 86' lang='lat' dir='ltr'>paralyticus</span> <span class='ocrx_word' id='word_1_141' title='bbox 3117 599 3198 654; x_wconf 90' lang='lat' dir='ltr'>ait</span> <span class='ocrx_word' id='word_1_142' title='bbox 3222 618 3234 655; x_wconf 91' lang='lat'><strong>:</strong></span> <span class='ocrx_word' id='word_1_143' title='bbox 3255 624 3280 648; x_wconf 91' lang='grc'>‹‹</span> <span class='ocrx_word' id='word_1_144' title='bbox 3299 601 3608 657; x_wconf 86' lang='lat' dir='ltr'>Hominem</span> <span class='ocrx_word' id='word_1_145' title='bbox 3632 621 3753 660; x_wconf 91' lang='lat' dir='ltr'>non</span> 
     </span>
    </p>
   </div>
   <div class='ocr_carea' id='block_1_21' title="bbox 2111 689 3752 764">
    <p class='ocr_par' dir='ltr' id='par_1_21' title="bbox 2111 689 3752 764">
     <span class='ocr_line' id='line_1_21' title="bbox 2111 689 3752 764; baseline 0.006 -24"><span class='ocrx_word' id='word_1_146' title='bbox 2111 709 2139 738; x_wconf 85' lang='lat'>«</span> <span class='ocrx_word' id='word_1_147' title='bbox 2163 689 2350 743; x_wconf 90' lang='lat' dir='ltr'>habeo</span> <span class='ocrx_word' id='word_1_148' title='bbox 2365 689 2489 760; x_wconf 91' lang='lat' dir='ltr'>qui,</span> <span class='ocrx_word' id='word_1_149' title='bbox 2515 695 2828 759; x_wconf 81' lang='lat' dir='ltr'>postquam</span> <span class='ocrx_word' id='word_1_150' title='bbox 2848 689 3083 744; x_wconf 90' lang='lat' dir='ltr'>turbata</span> <span class='ocrx_word' id='word_1_151' title='bbox 3105 707 3258 761; x_wconf 89' lang='lat' dir='ltr'>aqua</span> <span class='ocrx_word' id='word_1_152' title='bbox 3280 691 3478 758; x_wconf 87' lang='lat' dir='ltr'>fuerit,</span> <span class='ocrx_word' id='word_1_153' title='bbox 3498 693 3558 747; x_wconf 88' lang='lat' dir='ltr'>in</span> <span class='ocrx_word' id='word_1_154' title='bbox 3575 694 3752 764; x_wconf 89' lang='lat' dir='ltr'>pisci-</span> 
     </span>
    </p>
   </div>
   <div class='ocr_carea' id='block_1_22' title="bbox 2109 778 3752 853">
    <p class='ocr_par' dir='ltr' id='par_1_22' title="bbox 2109 778 3752 853">
     <span class='ocr_line' id='line_1_22' title="bbox 2109 778 3752 853; baseline 0.004 -19"><span class='ocrx_word' id='word_1_155' title='bbox 2109 795 2280 834; x_wconf 89' lang='lat' dir='ltr'>«nam</span> <span class='ocrx_word' id='word_1_156' title='bbox 2298 778 3224 848; x_wconf 53' lang='lat' dir='ltr'>neinjiciatsﬁ-DiciteiServator</span> <span class='ocrx_word' id='word_1_157' title='bbox 3249 798 3260 834; x_wconf 94' lang='lat'>:</span> <span class='ocrx_word' id='word_1_158' title='bbox 3284 781 3434 846; x_wconf 89' lang='lat' dir='ltr'>Qnid</span> <span class='ocrx_word' id='word_1_159' title='bbox 3449 789 3752 853; x_wconf 79' lang='lat' dir='ltr'>exspectas</span> 
     </span>
    </p>
   </div>
   <div class='ocr_carea' id='block_1_23' title="bbox 2108 868 3751 937">
    <p class='ocr_par' dir='ltr' id='par_1_23' title="bbox 2108 868 3751 937">
     <span class='ocr_line' id='line_1_23' title="bbox 2108 868 3751 937; baseline 0.004 -16"><span class='ocrx_word' id='word_1_160' title='bbox 2108 868 2249 922; x_wconf 88' lang='lat' dir='ltr'>dum</span> <span class='ocrx_word' id='word_1_161' title='bbox 2266 869 2512 923; x_wconf 72' lang='lat' dir='ltr'>turbata:</span> <span class='ocrx_word' id='word_1_162' title='bbox 2528 868 2827 937; x_wconf 71' lang='lat' dir='ltr'>sintaquaa</span> <span class='ocrx_word' id='word_1_163' title='bbox 2843 868 2870 922; x_wconf 77' lang='lat'>‘2</span> <span class='ocrx_word' id='word_1_164' title='bbox 2888 868 3036 922; x_wconf 90' lang='lat' dir='ltr'>citra</span> <span class='ocrx_word' id='word_1_165' title='bbox 3050 868 3445 925; x_wconf 85' lang='lat' dir='ltr'>turbationem</span> <span class='ocrx_word' id='word_1_166' title='bbox 3460 871 3644 927; x_wconf 84' lang='lat' dir='ltr'>ullam</span> <span class='ocrx_word' id='word_1_167' title='bbox 3660 889 3751 928; x_wconf 86' lang='lat' dir='ltr'>sa-</span> 
     </span>
    </p>
   </div>
   <div class='ocr_carea' id='block_1_24' title="bbox 2108 955 3752 1030">
    <p class='ocr_par' dir='ltr' id='par_1_24' title="bbox 2108 955 3752 1030">
     <span class='ocr_line' id='line_1_24' title="bbox 2108 955 3752 1030; baseline 0.004 -20"><span class='ocrx_word' id='word_1_168' title='bbox 2108 973 2221 1012; x_wconf 91' lang='lat' dir='ltr'>nus</span> <span class='ocrx_word' id='word_1_169' title='bbox 2239 957 2541 1020; x_wconf 85' lang='lat' dir='ltr'>esto.Quid</span> <span class='ocrx_word' id='word_1_170' title='bbox 2557 955 2900 1010; x_wconf 75' lang='lat' dir='ltr'>sensibilem</span> <span class='ocrx_word' id='word_1_171' title='bbox 2920 957 3241 1012; x_wconf 74' lang='lat' dir='ltr'>motionem</span> <span class='ocrx_word' id='word_1_172' title='bbox 3256 959 3752 1030; x_wconf 86' lang='lat' dir='ltr'>opperiris?verbo</span> 
     </span>
    </p>
   </div>
   <div class='ocr_carea' id='block_1_25' title="bbox 2109 1045 3752 1117">
    <p class='ocr_par' dir='ltr' id='par_1_25' title="bbox 2109 1045 3752 1117">
     <span class='ocr_line' id='line_1_25' title="bbox 2109 1045 3752 1117; baseline 0.004 -17"><span class='ocrx_word' id='word_1_173' title='bbox 2109 1047 2460 1116; x_wconf 89' lang='lat' dir='ltr'>imperatum</span> <span class='ocrx_word' id='word_1_174' title='bbox 2489 1060 2684 1099; x_wconf 91' lang='lat' dir='ltr'>meum</span> <span class='ocrx_word' id='word_1_175' title='bbox 2714 1045 3075 1117; x_wconf 74' lang='lat' dir='ltr'>cogitatione</span> <span class='ocrx_word' id='word_1_176' title='bbox 3107 1047 3281 1101; x_wconf 84' lang='lat' dir='ltr'>citius</span> <span class='ocrx_word' id='word_1_177' title='bbox 3313 1047 3752 1106; x_wconf 80' lang='lat' dir='ltr'>efﬁcitur.’l‘an-</span> 
     </span>
    </p>
   </div>
   <div class='ocr_carea' id='block_1_26' title="bbox 2109 1133 3754 1209">
    <p class='ocr_par' dir='ltr' id='par_1_26' title="bbox 2109 1133 3754 1209">
     <span class='ocr_line' id='line_1_26' title="bbox 2109 1133 3754 1209; baseline 0.003 -19"><span class='ocrx_word' id='word_1_178' title='bbox 2109 1141 2234 1190; x_wconf 91' lang='lat' dir='ltr'>tum</span> <span class='ocrx_word' id='word_1_179' title='bbox 2260 1134 2487 1206; x_wconf 85' lang='lat' dir='ltr'>inspice</span> <span class='ocrx_word' id='word_1_180' title='bbox 2518 1135 2579 1188; x_wconf 90' lang='lat' dir='ltr'>in</span> <span class='ocrx_word' id='word_1_181' title='bbox 2610 1133 2794 1188; x_wconf 89' lang='lat' dir='ltr'>fontis</span> <span class='ocrx_word' id='word_1_182' title='bbox 2823 1133 2939 1188; x_wconf 89' lang='lat' dir='ltr'>vim</span> <span class='ocrx_word' id='word_1_183' title='bbox 2971 1139 3030 1188; x_wconf 91' lang='lat' dir='ltr'>et</span> <span class='ocrx_word' id='word_1_184' title='bbox 3067 1135 3418 1203; x_wconf 87' lang='lat' dir='ltr'>efﬁcaciam,</span> <span class='ocrx_word' id='word_1_185' title='bbox 3451 1138 3754 1209; x_wconf 84' lang='lat' dir='ltr'>Deumque</span> 
     </span>
    </p>
   </div>
   <div class='ocr_carea' id='block_1_27' title="bbox 2106 1223 3753 1296">
    <p class='ocr_par' dir='ltr' id='par_1_27' title="bbox 2106 1223 3753 1296">
     <span class='ocr_line' id='line_1_27' title="bbox 2106 1223 3753 1296; baseline 0.002 -16"><span class='ocrx_word' id='word_1_186' title='bbox 2106 1224 2166 1280; x_wconf 91' lang='lat' dir='ltr'>in</span> <span class='ocrx_word' id='word_1_187' title='bbox 2201 1239 2379 1279; x_wconf 91' lang='lat' dir='ltr'>carne</span> <span class='ocrx_word' id='word_1_188' title='bbox 2427 1229 2813 1293; x_wconf 90' lang='lat' dir='ltr'>conspectum</span> <span class='ocrx_word' id='word_1_189' title='bbox 2847 1223 3043 1277; x_wconf 90' lang='lat' dir='ltr'>animo</span> <span class='ocrx_word' id='word_1_190' title='bbox 3102 1224 3351 1279; x_wconf 74' lang='lat' dir='ltr'>aastima.</span> <span class='ocrx_word' id='word_1_191' title='bbox 3386 1227 3584 1296; x_wconf 87' lang='lat' dir='ltr'>Neque</span> <span class='ocrx_word' id='word_1_192' title='bbox 3616 1242 3753 1284; x_wconf 88' lang='lat' dir='ltr'>eum</span> 
     </span>
    </p>
   </div>
   <div class='ocr_carea' id='block_1_28' title="bbox 2109 1311 3750 1387">
    <p class='ocr_par' dir='ltr' id='par_1_28' title="bbox 2109 1311 3750 1387">
     <span class='ocr_line' id='line_1_28' title="bbox 2109 1311 3750 1387; baseline 0.002 -19"><span class='ocrx_word' id='word_1_193' title='bbox 2109 1314 2209 1385; x_wconf 91' lang='lat' dir='ltr'>qui</span> <span class='ocrx_word' id='word_1_194' title='bbox 2242 1313 2504 1368; x_wconf 86' lang='lat' dir='ltr'>exterius</span> <span class='ocrx_word' id='word_1_195' title='bbox 2534 1311 2766 1366; x_wconf 87' lang='lat' dir='ltr'>videtur</span> <span class='ocrx_word' id='word_1_196' title='bbox 2795 1313 2893 1383; x_wconf 87' lang='lat'>(6),</span> <span class='ocrx_word' id='word_1_197' title='bbox 2950 1312 3292 1380; x_wconf 89' lang='lat' dir='ltr'>considera;</span> <span class='ocrx_word' id='word_1_198' title='bbox 3325 1313 3430 1369; x_wconf 91' lang='lat' dir='ltr'>sed</span> <span class='ocrx_word' id='word_1_199' title='bbox 3478 1331 3618 1370; x_wconf 88' lang='lat' dir='ltr'>eum</span> <span class='ocrx_word' id='word_1_200' title='bbox 3648 1318 3750 1387; x_wconf 90' lang='lat' dir='ltr'>qui</span> 
     </span>
    </p>
   </div>
   <div class='ocr_carea' id='block_1_29' title="bbox 2107 1401 3751 1472">
    <p class='ocr_par' dir='ltr' id='par_1_29' title="bbox 2107 1401 3751 1472">
     <span class='ocr_line' id='line_1_29' title="bbox 2107 1401 3751 1472; baseline 0.001 -13"><span class='ocrx_word' id='word_1_201' title='bbox 2107 1403 2431 1459; x_wconf 86' lang='lat' dir='ltr'>efﬁcaciter</span> <span class='ocrx_word' id='word_1_202' title='bbox 2451 1402 2570 1472; x_wconf 85' lang='lat' dir='ltr'>agit</span> <span class='ocrx_word' id='word_1_203' title='bbox 2586 1417 2692 1472; x_wconf 91' lang='lat' dir='ltr'>per</span> <span class='ocrx_word' id='word_1_204' title='bbox 2713 1417 2847 1456; x_wconf 91' lang='lat' dir='ltr'>eum</span> <span class='ocrx_word' id='word_1_205' title='bbox 2868 1402 2970 1472; x_wconf 89' lang='lat' dir='ltr'>qui</span> <span class='ocrx_word' id='word_1_206' title='bbox 2988 1401 3241 1457; x_wconf 91' lang='lat' dir='ltr'>videtur.</span> <span class='ocrx_word' id='word_1_207' title='bbox 3258 1425 3286 1452; x_wconf 75' lang='grc' dir='ltr'>α</span> <span class='ocrx_word' id='word_1_208' title='bbox 3304 1404 3614 1460; x_wconf 79' lang='lat' dir='ltr'>Hominem</span> <span class='ocrx_word' id='word_1_209' title='bbox 3629 1422 3751 1460; x_wconf 90' lang='lat' dir='ltr'>non</span> 
     </span>
    </p>
   </div>
   <div class='ocr_carea' id='block_1_30' title="bbox 2107 1488 3754 1566">
    <p class='ocr_par' dir='ltr' id='par_1_30' title="bbox 2107 1488 3754 1566">
     <span class='ocr_line' id='line_1_30' title="bbox 2107 1488 3754 1566; baseline 0.004 -24"><span class='ocrx_word' id='word_1_210' title='bbox 2107 1514 2134 1542; x_wconf 85' lang='grc'>‹‹</span> <span class='ocrx_word' id='word_1_211' title='bbox 2159 1491 2371 1556; x_wconf 80' lang='lat' dir='ltr'>habeo,</span> <span class='ocrx_word' id='word_1_212' title='bbox 2385 1495 2472 1556; x_wconf 91' lang='lat' dir='ltr'>ut,</span> <span class='ocrx_word' id='word_1_213' title='bbox 2489 1505 2624 1545; x_wconf 88' lang='lat' dir='ltr'>cum</span> <span class='ocrx_word' id='word_1_214' title='bbox 2639 1489 2873 1544; x_wconf 90' lang='lat' dir='ltr'>turbata</span> <span class='ocrx_word' id='word_1_215' title='bbox 2886 1488 3252 1561; x_wconf 84' lang='lat' dir='ltr'>fueritaqua,</span> <span class='ocrx_word' id='word_1_216' title='bbox 3276 1493 3578 1548; x_wconf 89' lang='lat' dir='ltr'>mittatme</span> <span class='ocrx_word' id='word_1_217' title='bbox 3594 1494 3656 1549; x_wconf 91' lang='lat' dir='ltr'>in</span> <span class='ocrx_word' id='word_1_218' title='bbox 3670 1496 3754 1566; x_wconf 87' lang='lat' dir='ltr'>pi-</span> 
     </span>
    </p>
   </div>
   <div class='ocr_carea' id='block_1_31' title="bbox 2107 1577 3754 1651">
    <p class='ocr_par' dir='ltr' id='par_1_31' title="bbox 2107 1577 3754 1651">
     <span class='ocr_line' id='line_1_31' title="bbox 2107 1577 3754 1651; baseline 0.005 -19"><span class='ocrx_word' id='word_1_219' title='bbox 2107 1578 2539 1636; x_wconf 82' lang='lat' dir='ltr'>«scinam.»llle</span> <span class='ocrx_word' id='word_1_220' title='bbox 2551 1595 2686 1632; x_wconf 93' lang='lat' dir='ltr'>vero</span> <span class='ocrx_word' id='word_1_221' title='bbox 2702 1577 2777 1633; x_wconf 92' lang='lat' dir='ltr'>ad</span> <span class='ocrx_word' id='word_1_222' title='bbox 2791 1594 2948 1633; x_wconf 91' lang='lat' dir='ltr'>eum:</span> <span class='ocrx_word' id='word_1_223' title='bbox 2963 1578 3112 1644; x_wconf 86' lang='lat' dir='ltr'>Quid</span> <span class='ocrx_word' id='word_1_224' title='bbox 3127 1581 3374 1651; x_wconf 86' lang='lat' dir='ltr'>respicis</span> <span class='ocrx_word' id='word_1_225' title='bbox 3387 1582 3459 1636; x_wconf 92' lang='lat' dir='ltr'>ad</span> <span class='ocrx_word' id='word_1_226' title='bbox 3477 1584 3754 1640; x_wconf 86' lang='lat' dir='ltr'>minima?</span> 
     </span>
    </p>
   </div>
   <div class='ocr_carea' id='block_1_32' title="bbox 2107 1667 3751 1742">
    <p class='ocr_par' dir='ltr' id='par_1_32' title="bbox 2107 1667 3751 1742">
     <span class='ocr_line' id='line_1_32' title="bbox 2107 1667 3751 1742; baseline 0.002 -19"><span class='ocrx_word' id='word_1_227' title='bbox 2107 1670 2250 1742; x_wconf 90' lang='lat' dir='ltr'>quid</span> <span class='ocrx_word' id='word_1_228' title='bbox 2283 1684 2572 1740; x_wconf 87' lang='lat' dir='ltr'>aquarum</span> <span class='ocrx_word' id='word_1_229' title='bbox 2615 1667 2975 1722; x_wconf 87' lang='lat' dir='ltr'>medicinam</span> <span class='ocrx_word' id='word_1_230' title='bbox 3016 1669 3279 1738; x_wconf 80' lang='lat' dir='ltr'>quaeris?</span> <span class='ocrx_word' id='word_1_231' title='bbox 3308 1671 3501 1739; x_wconf 81' lang='lat' dir='ltr'>Surge.</span> <span class='ocrx_word' id='word_1_232' title='bbox 3535 1672 3618 1726; x_wconf 86' lang='lat' dir='ltr'>ait</span> <span class='ocrx_word' id='word_1_233' title='bbox 3647 1673 3751 1728; x_wconf 83' lang='lat' dir='ltr'>tibi</span> 
     </span>
    </p>
   </div>
   <div class='ocr_carea' id='block_1_33' title="bbox 2106 1755 3754 1831">
    <p class='ocr_par' dir='ltr' id='par_1_33' title="bbox 2106 1755 3754 1831">
     <span class='ocr_line' id='line_1_33' title="bbox 2106 1755 3754 1831; baseline 0.002 -17"><span class='ocrx_word' id='word_1_234' title='bbox 2106 1760 2237 1831; x_wconf 90' lang='lat' dir='ltr'>ipsa</span> <span class='ocrx_word' id='word_1_235' title='bbox 2265 1759 2625 1814; x_wconf 74' lang='lat' dir='ltr'>Resurrertio.</span> <span class='ocrx_word' id='word_1_236' title='bbox 2648 1755 2768 1810; x_wconf 70' lang='lat'>&#39;5.&quot;</span> <span class='ocrx_word' id='word_1_237' title='bbox 2789 1756 3015 1828; x_wconf 90' lang='lat' dir='ltr'>Ubique</span> <span class='ocrx_word' id='word_1_238' title='bbox 3048 1757 3207 1812; x_wconf 91' lang='lat' dir='ltr'>enim</span> <span class='ocrx_word' id='word_1_239' title='bbox 3237 1759 3515 1815; x_wconf 90' lang='lat' dir='ltr'>omnibus</span> <span class='ocrx_word' id='word_1_240' title='bbox 3551 1761 3754 1818; x_wconf 85' lang='lat' dir='ltr'>omnia</span> 
     </span>
    </p>
   </div>
   <div class='ocr_carea' id='block_1_34' title="bbox 351 1845 2000 1940">
    <p class='ocr_par' dir='ltr' id='par_1_34' title="bbox 351 1845 1988 1925">
     <span class='ocr_line' id='line_1_34' title="bbox 351 1845 1988 1925; baseline -0.001 -21"><span class='ocrx_word' id='word_1_241' title='bbox 351 1850 556 1925; x_wconf 74' lang='grc' dir='ltr'>γίνεται</span> <span class='ocrx_word' id='word_1_242' title='bbox 616 1849 644 1901; x_wconf 84' lang='grc' dir='ltr'><strong>ὁ</strong></span> <span class='ocrx_word' id='word_1_243' title='bbox 699 1849 916 1918; x_wconf 75' lang='grc' dir='ltr'>Σωτήρ·</span> <span class='ocrx_word' id='word_1_244' title='bbox 977 1850 1234 1901; x_wconf 84' lang='grc' dir='ltr'>πεινῶσιν</span> <span class='ocrx_word' id='word_1_245' title='bbox 1291 1849 1471 1922; x_wconf 81' lang='grc' dir='ltr'>ἄρτος,</span> <span class='ocrx_word' id='word_1_246' title='bbox 1529 1845 1761 1922; x_wconf 80' lang='grc' dir='ltr'>διψῶσιν</span> <span class='ocrx_word' id='word_1_247' title='bbox 1819 1845 1988 1920; x_wconf 79' lang='grc' dir='ltr'>ὕδωρ,</span> 
     </span>
    </p>
   </div>
   <div class='ocr_carea' id='block_1_35' title="bbox 2115 1845 3751 1940">
    <p class='ocr_par' dir='ltr' id='par_1_35' title="bbox 2115 1847 3751 1918">
     <span class='ocr_line' id='line_1_35' title="bbox 2115 1847 3751 1918; baseline 0.001 -14"><span class='ocrx_word' id='word_1_248' title='bbox 2115 1849 2375 1905; x_wconf 85' lang='lat' dir='ltr'>Salvator</span> <span class='ocrx_word' id='word_1_249' title='bbox 2406 1848 2696 1904; x_wconf 86' lang='lat' dir='ltr'>efﬁcitur:</span> <span class='ocrx_word' id='word_1_250' title='bbox 2727 1847 3124 1902; x_wconf 86' lang='lat' dir='ltr'>esurientibus</span> <span class='ocrx_word' id='word_1_251' title='bbox 3173 1848 3364 1918; x_wconf 88' lang='lat' dir='ltr'>panis,</span> <span class='ocrx_word' id='word_1_252' title='bbox 3413 1849 3751 1906; x_wconf 87' lang='lat' dir='ltr'>sitientibus</span> 
     </span>
    </p>
   </div>
   <div class='ocr_carea' id='block_1_36' title="bbox 349 1934 1989 2011">
    <p class='ocr_par' dir='ltr' id='par_1_36' title="bbox 349 1934 1989 2011">
     <span class='ocr_line' id='line_1_36' title="bbox 349 1934 1989 2011; baseline -0.001 -19"><span class='ocrx_word' id='word_1_253' title='bbox 349 1941 563 2011; x_wconf 79' lang='grc' dir='ltr'>νεκροῖς</span> <span class='ocrx_word' id='word_1_254' title='bbox 591 1935 893 2008; x_wconf 77' lang='grc' dir='ltr'>ἀνάστασις,</span> <span class='ocrx_word' id='word_1_255' title='bbox 923 1939 1174 1989; x_wconf 80' lang='grc' dir='ltr'>νοσοῦσιν</span> <span class='ocrx_word' id='word_1_256' title='bbox 1205 1935 1409 2010; x_wconf 79' lang='grc' dir='ltr'>ἷατρὸς,</span> <span class='ocrx_word' id='word_1_257' title='bbox 1468 1934 1822 2011; x_wconf 81' lang='grc' dir='ltr'>ἁμαρτωλοῖς</span> <span class='ocrx_word' id='word_1_258' title='bbox 1852 1935 1989 1991; x_wconf 85' lang='grc' dir='ltr'>ἀπο-</span> 
     </span>
    </p>
   </div>
   <div class='ocr_carea' id='block_1_37' title="bbox 353 2026 645 2101">
    <p class='ocr_par' dir='ltr' id='par_1_37' title="bbox 353 2026 645 2101">
     <span class='ocr_line' id='line_1_37' title="bbox 353 2026 645 2101; baseline -0.003 -18"><span class='ocrx_word' id='word_1_259' title='bbox 353 2026 645 2101; x_wconf 75' lang='grc' dir='ltr'>λύτρωσις.</span> 
     </span>
    </p>
   </div>
   <div class='ocr_carea' id='block_1_38' title="bbox 425 2109 2000 2190">
    <p class='ocr_par' dir='ltr' id='par_1_38' title="bbox 425 2109 2000 2190">
     <span class='ocr_line' id='line_1_38' title="bbox 425 2109 2000 2190; baseline -0.003 -17"><span class='ocrx_word' id='word_1_260' title='bbox 425 2117 481 2173; x_wconf 84' lang='grc' dir='ltr'>Ι’.</span> <span class='ocrx_word' id='word_1_261' title='bbox 514 2117 782 2190; x_wconf 84' lang='grc' dir='ltr'>Ἔγειραι,</span> <span class='ocrx_word' id='word_1_262' title='bbox 840 2112 968 2185; x_wconf 81' lang='grc' dir='ltr'>ἆρόν</span> <span class='ocrx_word' id='word_1_263' title='bbox 1025 2134 1121 2168; x_wconf 90' lang='grc' dir='ltr'>σου</span> <span class='ocrx_word' id='word_1_264' title='bbox 1177 2114 1269 2169; x_wconf 85' lang='grc' dir='ltr'>τὸν</span> <span class='ocrx_word' id='word_1_265' title='bbox 1324 2109 1653 2188; x_wconf 72' lang='grc' dir='ltr'>κράϐϐατον,</span> <span class='ocrx_word' id='word_1_266' title='bbox 1697 2116 1787 2170; x_wconf 85' lang='grc' dir='ltr'>καὶ</span> <span class='ocrx_word' id='word_1_267' title='bbox 1845 2134 2000 2189; x_wconf 77' lang='grc' dir='ltr'>περι-</span> 
     </span>
    </p>
   </div>
   <div class='ocr_carea' id='block_1_39' title="bbox 349 2196 1997 2278">
    <p class='ocr_par' dir='ltr' id='par_1_39' title="bbox 349 2196 1997 2278">
     <span class='ocr_line' id='line_1_39' title="bbox 349 2196 1997 2278; baseline -0.002 -18"><span class='ocrx_word' id='word_1_268' title='bbox 349 2204 524 2260; x_wconf 82' lang='grc' dir='ltr'>πάτει·</span> <span class='ocrx_word' id='word_1_269' title='bbox 573 2201 721 2258; x_wconf 81' lang='grc' dir='ltr'>ἀλλὰ</span> <span class='ocrx_word' id='word_1_270' title='bbox 773 2206 990 2276; x_wconf 81' lang='grc' dir='ltr'>πρῶτον</span> <span class='ocrx_word' id='word_1_271' title='bbox 1045 2196 1271 2278; x_wconf 82' lang='grc' dir='ltr'>ἕγειραι,</span> <span class='ocrx_word' id='word_1_272' title='bbox 1330 2207 1546 2276; x_wconf 79' lang='grc' dir='ltr'>πρῶτον</span> <span class='ocrx_word' id='word_1_273' title='bbox 1601 2200 1849 2259; x_wconf 78' lang='grc' dir='ltr'>ἀπόϐαλε</span> <span class='ocrx_word' id='word_1_274' title='bbox 1898 2205 1997 2274; x_wconf 84' lang='grc' dir='ltr'>τήν</span> 
     </span>
    </p>
   </div>
   <div class='ocr_carea' id='block_1_40' title="bbox 346 2285 1998 2367">
    <p class='ocr_par' dir='ltr' id='par_1_40' title="bbox 346 2285 1998 2367">
     <span class='ocr_line' id='line_1_40' title="bbox 346 2285 1998 2367; baseline -0.001 -20"><span class='ocrx_word' id='word_1_275' title='bbox 346 2290 530 2347; x_wconf 83' lang='grc' dir='ltr'>νόσον·</span> <span class='ocrx_word' id='word_1_276' title='bbox 566 2291 677 2344; x_wconf 74' lang='grc' dir='ltr'>εἶτα</span> <span class='ocrx_word' id='word_1_277' title='bbox 707 2285 944 2344; x_wconf 77' lang='grc' dir='ltr'>ἀνάλαϐε</span> <span class='ocrx_word' id='word_1_278' title='bbox 971 2290 1033 2344; x_wconf 85' lang='grc' dir='ltr'>τὸ</span> <span class='ocrx_word' id='word_1_279' title='bbox 1088 2295 1189 2358; x_wconf 80' lang='grc' dir='ltr'>τῆς</span> <span class='ocrx_word' id='word_1_280' title='bbox 1243 2289 1474 2354; x_wconf 78' lang='grc' dir='ltr'>πίστεως</span> <span class='ocrx_word' id='word_1_281' title='bbox 1501 2295 1710 2367; x_wconf 79' lang='grc' dir='ltr'>νεῦρον.</span> <span class='ocrx_word' id='word_1_282' title='bbox 1744 2292 1998 2350; x_wconf 75' lang='grc' dir='ltr'>’Ίσχυσον</span> 
     </span>
    </p>
   </div>
   <div class='ocr_carea' id='block_1_41' title="bbox 348 2376 2002 2456">
    <p class='ocr_par' dir='ltr' id='par_1_41' title="bbox 348 2376 2002 2456">
     <span class='ocr_line' id='line_1_41' title="bbox 348 2376 2002 2456; baseline 0 -19"><span class='ocrx_word' id='word_1_283' title='bbox 348 2387 568 2456; x_wconf 83' lang='grc' dir='ltr'>πρῶτον</span> <span class='ocrx_word' id='word_1_284' title='bbox 593 2379 729 2435; x_wconf 76' lang='grc' dir='ltr'>κατὰ</span> <span class='ocrx_word' id='word_1_285' title='bbox 757 2383 854 2434; x_wconf 79' lang='grc' dir='ltr'>τοῦ</span> <span class='ocrx_word' id='word_1_286' title='bbox 885 2378 1146 2453; x_wconf 72' lang='grc' dir='ltr'>φέροντός</span> <span class='ocrx_word' id='word_1_287' title='bbox 1201 2401 1259 2434; x_wconf 92' lang='grc' dir='ltr'>σε</span> <span class='ocrx_word' id='word_1_288' title='bbox 1303 2376 1634 2456; x_wconf 70' lang='grc' dir='ltr'>κραόϐἀτου·</span> <span class='ocrx_word' id='word_1_289' title='bbox 1667 2382 1758 2436; x_wconf 84' lang='grc' dir='ltr'>καὶ</span> <span class='ocrx_word' id='word_1_290' title='bbox 1807 2381 2002 2456; x_wconf 78' lang='grc' dir='ltr'>ξυλίνῳ</span> 
     </span>
    </p>
   </div>
   <div class='ocr_carea' id='block_1_42' title="bbox 349 2463 2000 2546">
    <p class='ocr_par' dir='ltr' id='par_1_42' title="bbox 349 2463 2000 2546">
     <span class='ocr_line' id='line_1_42' title="bbox 349 2463 2000 2546; baseline 0 -19"><span class='ocrx_word' id='word_1_291' title='bbox 349 2470 526 2527; x_wconf 78' lang='grc' dir='ltr'>σκεύει</span> <span class='ocrx_word' id='word_1_292' title='bbox 557 2471 623 2524; x_wconf 78' lang='grc' dir='ltr'>τὰ</span> <span class='ocrx_word' id='word_1_293' title='bbox 652 2467 1038 2543; x_wconf 85' lang='grc' dir='ltr'>πολυχρονίως</span> <span class='ocrx_word' id='word_1_294' title='bbox 1066 2463 1375 2543; x_wconf 79' lang='grc' dir='ltr'>σεϐάσματα</span> <span class='ocrx_word' id='word_1_295' title='bbox 1405 2473 1482 2540; x_wconf 91' lang='grc'>(3)</span> <span class='ocrx_word' id='word_1_296' title='bbox 1533 2473 1668 2544; x_wconf 80' lang='grc' dir='ltr'><strong>μαθὲ</strong></span> <span class='ocrx_word' id='word_1_297' title='bbox 1702 2471 2000 2546; x_wconf 84' lang='grc' dir='ltr'>βαστάζειν.</span> 
     </span>
    </p>
   </div>
   <div class='ocr_carea' id='block_1_43' title="bbox 350 2555 2003 2636">
    <p class='ocr_par' dir='ltr' id='par_1_43' title="bbox 350 2555 2003 2636">
     <span class='ocr_line' id='line_1_43' title="bbox 350 2555 2003 2636; baseline 0 -21"><span class='ocrx_word' id='word_1_298' title='bbox 350 2559 452 2616; x_wconf 77' lang='grc' dir='ltr'>Καὶ</span> <span class='ocrx_word' id='word_1_299' title='bbox 482 2557 840 2633; x_wconf 72' lang='grc' dir='ltr'>προσέταττεν</span> <span class='ocrx_word' id='word_1_300' title='bbox 870 2561 932 2613; x_wconf 86' lang='grc' dir='ltr'>τὸ</span> <span class='ocrx_word' id='word_1_301' title='bbox 963 2555 1178 2628; x_wconf 82' lang='grc' dir='ltr'>ξύλινον</span> <span class='ocrx_word' id='word_1_302' title='bbox 1239 2564 1457 2636; x_wconf 73' lang='grc' dir='ltr'>φορεῖον</span> <span class='ocrx_word' id='word_1_303' title='bbox 1524 2560 1804 2636; x_wconf 88' lang='grc' dir='ltr'>βαστάζειν</span> <span class='ocrx_word' id='word_1_304' title='bbox 1863 2558 2003 2615; x_wconf 81' lang='grc' dir='ltr'>ἐκεῖ·</span> 
     </span>
    </p>
   </div>
   <div class='ocr_carea' id='block_1_44' title="bbox 352 2646 2004 2724">
    <p class='ocr_par' dir='ltr' id='par_1_44' title="bbox 352 2646 2004 2724">
     <span class='ocr_line' id='line_1_44' title="bbox 352 2646 2004 2724; baseline 0.001 -21"><span class='ocrx_word' id='word_1_305' title='bbox 352 2648 506 2710; x_wconf 86' lang='grc' dir='ltr'>νοςὸ</span> <span class='ocrx_word' id='word_1_306' title='bbox 541 2646 736 2721; x_wconf 78' lang='grc' dir='ltr'>Σωτὴρ</span> <span class='ocrx_word' id='word_1_307' title='bbox 786 2649 884 2719; x_wconf 77' lang='grc'>(4),</span> <span class='ocrx_word' id='word_1_308' title='bbox 945 2647 1070 2721; x_wconf 85' lang='grc' dir='ltr'>περὶ</span> <span class='ocrx_word' id='word_1_309' title='bbox 1129 2647 1189 2701; x_wconf 82' lang='grc' dir='ltr'>οὗ</span> <span class='ocrx_word' id='word_1_310' title='bbox 1249 2647 1481 2724; x_wconf 77' lang='grc' dir='ltr'>εἷ’ρηταιο</span> <span class='ocrx_word' id='word_1_311' title='bbox 1542 2653 1772 2724; x_wconf 83' lang='grc' dir='ltr'>Φορεῖον</span> <span class='ocrx_word' id='word_1_312' title='bbox 1832 2650 2004 2721; x_wconf 74' lang='grc' dir='ltr'>ἑαυτῷ</span> 
     </span>
    </p>
   </div>
   <div class='ocr_carea' id='block_1_45' title="bbox 359 2734 1999 2812">
    <p class='ocr_par' dir='ltr' id='par_1_45' title="bbox 359 2734 1999 2812">
     <span class='ocr_line' id='line_1_45' title="bbox 359 2734 1999 2812; baseline 0.001 -18"><span class='ocrx_word' id='word_1_313' title='bbox 359 2737 614 2807; x_wconf 72' lang='grc' dir='ltr'>ὖποίησιν</span> <span class='ocrx_word' id='word_1_314' title='bbox 697 2737 725 2790; x_wconf 87' lang='grc' dir='ltr'>ὁ</span> <span class='ocrx_word' id='word_1_315' title='bbox 789 2734 1044 2812; x_wconf 79' lang='grc' dir='ltr'>βασιλεὺς</span> <span class='ocrx_word' id='word_1_316' title='bbox 1099 2736 1206 2792; x_wconf 80' lang='grc' dir='ltr'>ἀπὸ</span> <span class='ocrx_word' id='word_1_317' title='bbox 1300 2737 1474 2810; x_wconf 79' lang='grc' dir='ltr'>ξύλων</span> <span class='ocrx_word' id='word_1_318' title='bbox 1559 2743 1656 2794; x_wconf 80' lang='grc' dir='ltr'>τοῦ</span> <span class='ocrx_word' id='word_1_319' title='bbox 1740 2735 1999 2796; x_wconf 79' lang='grc' dir='ltr'>Λιϐάνου.</span> 
     </span>
    </p>
   </div>
   <div class='ocr_carea' id='block_1_46' title="bbox 357 2823 2001 2902">
    <p class='ocr_par' dir='ltr' id='par_1_46' title="bbox 357 2823 2001 2902">
     <span class='ocr_line' id='line_1_46' title="bbox 357 2823 2001 2902; baseline 0.001 -22"><span class='ocrx_word' id='word_1_320' title='bbox 357 2823 604 2886; x_wconf 87' lang='grc' dir='ltr'>Στύλους</span> <span class='ocrx_word' id='word_1_321' title='bbox 713 2824 875 2880; x_wconf 73' lang='grc' dir='ltr'>αὑτοῦ</span> <span class='ocrx_word' id='word_1_322' title='bbox 978 2825 1228 2896; x_wconf 78' lang='grc' dir='ltr'>ἐποίησεν</span> <span class='ocrx_word' id='word_1_323' title='bbox 1329 2827 1604 2902; x_wconf 84' lang='grc' dir='ltr'>ἀργύριον,</span> <span class='ocrx_word' id='word_1_324' title='bbox 1709 2827 2001 2883; x_wconf 84' lang='grc' dir='ltr'>ἀνάκλιτον</span> 
     </span>
    </p>
   </div>
   <div class='ocr_carea' id='block_1_47' title="bbox 355 2911 2003 2990">
    <p class='ocr_par' dir='ltr' id='par_1_47' title="bbox 355 2911 2003 2990">
     <span class='ocr_line' id='line_1_47' title="bbox 355 2911 2003 2990; baseline 0 -20"><span class='ocrx_word' id='word_1_325' title='bbox 355 2917 524 2971; x_wconf 72' lang='grc' dir='ltr'>αὐτοῦ</span> <span class='ocrx_word' id='word_1_326' title='bbox 584 2913 902 2990; x_wconf 81' lang='grc' dir='ltr'>πορφύραν,</span> <span class='ocrx_word' id='word_1_327' title='bbox 963 2911 1114 2976; x_wconf 85' lang='grc' dir='ltr'>ἐντὸς</span> <span class='ocrx_word' id='word_1_328' title='bbox 1171 2914 1336 2970; x_wconf 82' lang='grc' dir='ltr'>αὑτοῦ</span> <span class='ocrx_word' id='word_1_329' title='bbox 1417 2915 1808 2989; x_wconf 78' lang='grc' dir='ltr'>λιθόστρωτον.</span> <span class='ocrx_word' id='word_1_330' title='bbox 1893 2920 2003 2974; x_wconf 74' lang='grc' dir='ltr'>Τοῦ</span> 
     </span>
    </p>
   </div>
   <div class='ocr_carea' id='block_1_48' title="bbox 351 2998 2001 3078">
    <p class='ocr_par' dir='ltr' id='par_1_48' title="bbox 351 2998 2001 3078">
     <span class='ocr_line' id='line_1_48' title="bbox 351 2998 2001 3078; baseline -0.001 -16"><span class='ocrx_word' id='word_1_331' title='bbox 351 3006 560 3066; x_wconf 80' lang='grc' dir='ltr'>πάθους</span> <span class='ocrx_word' id='word_1_332' title='bbox 593 3003 734 3059; x_wconf 81' lang='grc' dir='ltr'>ἐστὶν</span> <span class='ocrx_word' id='word_1_333' title='bbox 765 3003 832 3058; x_wconf 83' lang='grc' dir='ltr'>τὰ</span> <span class='ocrx_word' id='word_1_334' title='bbox 863 2998 1136 3076; x_wconf 82' lang='grc' dir='ltr'>σύμϐολα,</span> <span class='ocrx_word' id='word_1_335' title='bbox 1169 3003 1221 3060; x_wconf 80' lang='grc' dir='ltr'>ἐν</span> <span class='ocrx_word' id='word_1_336' title='bbox 1275 3009 1393 3066; x_wconf 86' lang='grc' dir='ltr'>τοῖς</span> <span class='ocrx_word' id='word_1_337' title='bbox 1447 3006 1716 3078; x_wconf 64' lang='grc' dir='ltr'>νᾼσμασιν</span> <span class='ocrx_word' id='word_1_338' title='bbox 1775 3006 2001 3062; x_wconf 77' lang='grc' dir='ltr'>ἀποκεί-</span> 
     </span>
    </p>
   </div>
   <div class='ocr_carea' id='block_1_49' title="bbox 349 3094 2005 3176">
    <p class='ocr_par' dir='ltr' id='par_1_49' title="bbox 349 3094 2005 3176">
     <span class='ocr_line' id='line_1_49' title="bbox 349 3094 2005 3176; baseline 0.001 -25"><span class='ocrx_word' id='word_1_339' title='bbox 349 3116 488 3169; x_wconf 85' lang='grc' dir='ltr'>μενα</span> <span class='ocrx_word' id='word_1_340' title='bbox 515 3100 632 3156; x_wconf 84' lang='grc' dir='ltr'>τοῖς</span> <span class='ocrx_word' id='word_1_341' title='bbox 653 3099 968 3172; x_wconf 76' lang='grc' dir='ltr'>νυμφικοῖς,</span> <span class='ocrx_word' id='word_1_342' title='bbox 1001 3095 1092 3149; x_wconf 80' lang='grc' dir='ltr'>καὶ</span> <span class='ocrx_word' id='word_1_343' title='bbox 1142 3094 1440 3172; x_wconf 76' lang='grc' dir='ltr'>νηφαλίοις</span> <span class='ocrx_word' id='word_1_344' title='bbox 1471 3099 1545 3168; x_wconf 83' lang='grc'>(5)</span> <span class='ocrx_word' id='word_1_345' title='bbox 1603 3097 1692 3151; x_wconf 87' lang='grc' dir='ltr'>καὶ</span> <span class='ocrx_word' id='word_1_346' title='bbox 1734 3118 2005 3176; x_wconf 78' lang='grc' dir='ltr'>σωφρονι-</span> 
     </span>
    </p>
   </div>
   <div class='ocr_carea' id='block_1_50' title="bbox 347 3185 2006 3262">
    <p class='ocr_par' dir='ltr' id='par_1_50' title="bbox 347 3185 2006 3262">
     <span class='ocr_line' id='line_1_50' title="bbox 347 3185 2006 3262; baseline 0.001 -20"><span class='ocrx_word' id='word_1_347' title='bbox 347 3192 488 3249; x_wconf 88' lang='grc' dir='ltr'>κοῖς.</span> <span class='ocrx_word' id='word_1_348' title='bbox 529 3187 622 3254; x_wconf 73' lang='grc' dir='ltr'>Μὴ</span> <span class='ocrx_word' id='word_1_349' title='bbox 654 3186 760 3262; x_wconf 77' lang='grc' dir='ltr'>γὰρ</span> <span class='ocrx_word' id='word_1_350' title='bbox 790 3187 926 3261; x_wconf 85' lang='grc' dir='ltr'>πρὸς</span> <span class='ocrx_word' id='word_1_351' title='bbox 945 3186 1048 3255; x_wconf 81' lang='grc' dir='ltr'>τήν</span> <span class='ocrx_word' id='word_1_352' title='bbox 1078 3191 1186 3242; x_wconf 80' lang='grc' dir='ltr'>τῶν</span> <span class='ocrx_word' id='word_1_353' title='bbox 1214 3185 1446 3242; x_wconf 81' lang='grc' dir='ltr'>πολλῶν</span> <span class='ocrx_word' id='word_1_354' title='bbox 1507 3187 1784 3262; x_wconf 82' lang='grc' dir='ltr'>ὑπόληψιν</span> <span class='ocrx_word' id='word_1_355' title='bbox 1841 3188 2006 3246; x_wconf 79' lang='grc' dir='ltr'>ἐκλα-</span> 
     </span>
    </p>
   </div>
   <div class='ocr_carea' id='block_1_51' title="bbox 2105 1937 3746 2010">
    <p class='ocr_par' dir='ltr' id='par_1_51' title="bbox 2105 1937 3746 2010">
     <span class='ocr_line' id='line_1_51' title="bbox 2105 1937 3746 2010; baseline 0.001 -15"><span class='ocrx_word' id='word_1_356' title='bbox 2105 1956 2280 2010; x_wconf 87' lang='lat' dir='ltr'>aqua.</span> <span class='ocrx_word' id='word_1_357' title='bbox 2312 1937 2564 1994; x_wconf 88' lang='lat' dir='ltr'>mortuis</span> <span class='ocrx_word' id='word_1_358' title='bbox 2595 1937 2971 2001; x_wconf 89' lang='lat' dir='ltr'>resurrectio,</span> <span class='ocrx_word' id='word_1_359' title='bbox 3005 1937 3175 2009; x_wconf 69' lang='lat' dir='ltr'>aegris</span> <span class='ocrx_word' id='word_1_360' title='bbox 3206 1938 3494 2008; x_wconf 85' lang='lat' dir='ltr'>medicus,</span> <span class='ocrx_word' id='word_1_361' title='bbox 3539 1956 3746 2010; x_wconf 90' lang='lat' dir='ltr'>pecca-</span> 
     </span>
    </p>
   </div>
   <div class='ocr_carea' id='block_1_52' title="bbox 2107 2027 2712 2098">
    <p class='ocr_par' dir='ltr' id='par_1_52' title="bbox 2107 2027 2712 2098">
     <span class='ocr_line' id='line_1_52' title="bbox 2107 2027 2712 2098; baseline -0.008 -13"><span class='ocrx_word' id='word_1_362' title='bbox 2107 2029 2336 2086; x_wconf 90' lang='lat' dir='ltr'>toribus</span> <span class='ocrx_word' id='word_1_363' title='bbox 2364 2027 2712 2098; x_wconf 88' lang='lat' dir='ltr'>redemptio.</span> 
     </span>
    </p>
   </div>
   <div class='ocr_carea' id='block_1_53' title="bbox 2177 2116 3749 2188">
    <p class='ocr_par' dir='ltr' id='par_1_53' title="bbox 2177 2116 3749 2188">
     <span class='ocr_line' id='line_1_53' title="bbox 2177 2116 3749 2188; baseline 0.001 -14"><span class='ocrx_word' id='word_1_364' title='bbox 2177 2121 2245 2175; x_wconf 84' lang='lat' dir='ltr'>X.</span> <span class='ocrx_word' id='word_1_365' title='bbox 2300 2119 2496 2188; x_wconf 81' lang='lat' dir='ltr'>Surge,</span> <span class='ocrx_word' id='word_1_366' title='bbox 2549 2117 2676 2171; x_wconf 84' lang='lat' dir='ltr'>tolle</span> <span class='ocrx_word' id='word_1_367' title='bbox 2706 2116 2996 2185; x_wconf 78' lang='lat' dir='ltr'>grabatum</span> <span class='ocrx_word' id='word_1_368' title='bbox 3045 2121 3220 2182; x_wconf 84' lang='lat' dir='ltr'>tuum,</span> <span class='ocrx_word' id='word_1_369' title='bbox 3245 2122 3299 2170; x_wconf 89' lang='lat' dir='ltr'>et</span> <span class='ocrx_word' id='word_1_370' title='bbox 3355 2119 3749 2183; x_wconf 82' lang='lat' dir='ltr'>ambula;sed</span> 
     </span>
    </p>
   </div>
   <div class='ocr_carea' id='block_1_54' title="bbox 2107 2204 3754 2281">
    <p class='ocr_par' dir='ltr' id='par_1_54' title="bbox 2107 2204 3754 2281">
     <span class='ocr_line' id='line_1_54' title="bbox 2107 2204 3754 2281; baseline 0.001 -18"><span class='ocrx_word' id='word_1_371' title='bbox 2107 2209 2365 2281; x_wconf 87' lang='lat' dir='ltr'>primum</span> <span class='ocrx_word' id='word_1_372' title='bbox 2395 2223 2577 2275; x_wconf 84' lang='lat' dir='ltr'>surge,</span> <span class='ocrx_word' id='word_1_373' title='bbox 2605 2205 2863 2276; x_wconf 88' lang='lat' dir='ltr'>primum</span> <span class='ocrx_word' id='word_1_374' title='bbox 2894 2204 3086 2274; x_wconf 91' lang='lat' dir='ltr'>objice</span> <span class='ocrx_word' id='word_1_375' title='bbox 3116 2204 3391 2260; x_wconf 88' lang='lat' dir='ltr'>morbum</span> <span class='ocrx_word' id='word_1_376' title='bbox 3417 2223 3430 2260; x_wconf 90' lang='lat'><strong>:</strong></span> <span class='ocrx_word' id='word_1_377' title='bbox 3454 2212 3660 2278; x_wconf 90' lang='lat' dir='ltr'>postea</span> <span class='ocrx_word' id='word_1_378' title='bbox 3681 2211 3754 2265; x_wconf 87' lang='lat' dir='ltr'>ﬁ—</span> 
     </span>
    </p>
   </div>
   <div class='ocr_carea' id='block_1_55' title="bbox 2111 2293 3752 2365">
    <p class='ocr_par' dir='ltr' id='par_1_55' title="bbox 2111 2293 3752 2365">
     <span class='ocr_line' id='line_1_55' title="bbox 2111 2293 3752 2365; baseline -0.001 -12"><span class='ocrx_word' id='word_1_379' title='bbox 2111 2299 2204 2354; x_wconf 91' lang='lat' dir='ltr'>dei</span> <span class='ocrx_word' id='word_1_380' title='bbox 2236 2297 2418 2352; x_wconf 90' lang='lat' dir='ltr'>robur</span> <span class='ocrx_word' id='word_1_381' title='bbox 2449 2310 2705 2350; x_wconf 87' lang='lat' dir='ltr'>assume.</span> <span class='ocrx_word' id='word_1_382' title='bbox 2741 2293 2905 2348; x_wconf 89' lang='lat' dir='ltr'>Vires</span> <span class='ocrx_word' id='word_1_383' title='bbox 2934 2293 3101 2364; x_wconf 91' lang='lat' dir='ltr'>prius</span> <span class='ocrx_word' id='word_1_384' title='bbox 3146 2295 3415 2365; x_wconf 87' lang='lat' dir='ltr'>experire</span> <span class='ocrx_word' id='word_1_385' title='bbox 3463 2297 3617 2351; x_wconf 74' lang='lat'><strong>840</strong></span> <span class='ocrx_word' id='word_1_386' title='bbox 3649 2297 3752 2353; x_wconf 87' lang='lat' dir='ltr'>ad-</span> 
     </span>
    </p>
   </div>
   <div class='ocr_carea' id='block_1_56' title="bbox 2109 2381 3753 2459">
    <p class='ocr_par' dir='ltr' id='par_1_56' title="bbox 2109 2381 3753 2459">
     <span class='ocr_line' id='line_1_56' title="bbox 2109 2381 3753 2459; baseline 0.002 -19"><span class='ocrx_word' id='word_1_387' title='bbox 2109 2385 2474 2443; x_wconf 86' lang='lat' dir='ltr'>versusillud</span> <span class='ocrx_word' id='word_1_388' title='bbox 2489 2401 2604 2455; x_wconf 90' lang='lat' dir='ltr'>quo</span> <span class='ocrx_word' id='word_1_389' title='bbox 2627 2382 2952 2456; x_wconf 80' lang='lat' dir='ltr'>gestabaris</span> <span class='ocrx_word' id='word_1_390' title='bbox 2973 2381 3359 2454; x_wconf 88' lang='lat' dir='ltr'>grabbatum:</span> <span class='ocrx_word' id='word_1_391' title='bbox 3394 2385 3530 2440; x_wconf 90' lang='lat' dir='ltr'>etin</span> <span class='ocrx_word' id='word_1_392' title='bbox 3558 2385 3753 2459; x_wconf 85' lang='lat' dir='ltr'>ligneo</span> 
     </span>
    </p>
   </div>
   <div class='ocr_carea' id='block_1_57' title="bbox 2111 2472 3756 2551">
    <p class='ocr_par' dir='ltr' id='par_1_57' title="bbox 2111 2472 3756 2551">
     <span class='ocr_line' id='line_1_57' title="bbox 2111 2472 3756 2551; baseline -0.002 -18"><span class='ocrx_word' id='word_1_393' title='bbox 2111 2476 2428 2551; x_wconf 83' lang='lat' dir='ltr'>gestatorio</span> <span class='ocrx_word' id='word_1_394' title='bbox 2461 2491 2529 2529; x_wconf 90' lang='lat' dir='ltr'>ea</span> <span class='ocrx_word' id='word_1_395' title='bbox 2559 2474 2775 2544; x_wconf 88' lang='lat' dir='ltr'>quibus</span> <span class='ocrx_word' id='word_1_396' title='bbox 2799 2472 2899 2526; x_wconf 93' lang='lat' dir='ltr'>diu</span> <span class='ocrx_word' id='word_1_397' title='bbox 2937 2477 3200 2543; x_wconf 81' lang='lat' dir='ltr'>gestatus</span> <span class='ocrx_word' id='word_1_398' title='bbox 3248 2489 3310 2528; x_wconf 91' lang='lat' dir='ltr'>es</span> <span class='ocrx_word' id='word_1_399' title='bbox 3341 2473 3503 2529; x_wconf 89' lang='lat' dir='ltr'>disce</span> <span class='ocrx_word' id='word_1_400' title='bbox 3547 2492 3756 2548; x_wconf 87' lang='lat' dir='ltr'>aspor-</span> 
     </span>
    </p>
   </div>
   <div class='ocr_carea' id='block_1_58' title="bbox 2111 2561 3758 2636">
    <p class='ocr_par' dir='ltr' id='par_1_58' title="bbox 2111 2561 3758 2636">
     <span class='ocr_line' id='line_1_58' title="bbox 2111 2561 3758 2636; baseline -0.001 -15"><span class='ocrx_word' id='word_1_401' title='bbox 2111 2572 2236 2622; x_wconf 86' lang='lat' dir='ltr'>tare</span> <span class='ocrx_word' id='word_1_402' title='bbox 2268 2568 2362 2635; x_wconf 83' lang='lat'>(7).</span> <span class='ocrx_word' id='word_1_403' title='bbox 2396 2563 2678 2635; x_wconf 89' lang='lat' dir='ltr'>Ligneum</span> <span class='ocrx_word' id='word_1_404' title='bbox 2710 2561 2823 2632; x_wconf 88' lang='lat' dir='ltr'>ipsi</span> <span class='ocrx_word' id='word_1_405' title='bbox 2867 2561 3159 2616; x_wconf 86' lang='lat' dir='ltr'>ferculum</span> <span class='ocrx_word' id='word_1_406' title='bbox 3189 2567 3428 2634; x_wconf 89' lang='lat' dir='ltr'>portare</span> <span class='ocrx_word' id='word_1_407' title='bbox 3475 2564 3758 2636; x_wconf 65' lang='lat' dir='ltr'>praecepit</span> 
     </span>
    </p>
   </div>
   <div class='ocr_carea' id='block_1_59' title="bbox 2111 2650 3758 2722">
    <p class='ocr_par' dir='ltr' id='par_1_59' title="bbox 2111 2650 3758 2722">
     <span class='ocr_line' id='line_1_59' title="bbox 2111 2650 3758 2722; baseline -0.004 -10"><span class='ocrx_word' id='word_1_408' title='bbox 2111 2656 2213 2712; x_wconf 90' lang='lat' dir='ltr'>ille</span> <span class='ocrx_word' id='word_1_409' title='bbox 2226 2654 2509 2715; x_wconf 89' lang='lat' dir='ltr'>Salvator,</span> <span class='ocrx_word' id='word_1_410' title='bbox 2541 2651 2612 2706; x_wconf 93' lang='lat' dir='ltr'>de</span> <span class='ocrx_word' id='word_1_411' title='bbox 2628 2667 2744 2722; x_wconf 89' lang='lat' dir='ltr'>quo</span> <span class='ocrx_word' id='word_1_412' title='bbox 2775 2650 3000 2705; x_wconf 90' lang='lat' dir='ltr'>dictum</span> <span class='ocrx_word' id='word_1_413' title='bbox 3032 2656 3140 2704; x_wconf 85' lang='lat' dir='ltr'>est:</span> <span class='ocrx_word' id='word_1_414' title='bbox 3155 2673 3180 2700; x_wconf 85' lang='grc'>‹‹</span> <span class='ocrx_word' id='word_1_415' title='bbox 3204 2651 3513 2706; x_wconf 88' lang='lat' dir='ltr'>Ferculum</span> <span class='ocrx_word' id='word_1_416' title='bbox 3531 2653 3642 2707; x_wconf 91' lang='lat' dir='ltr'>sibi</span> <span class='ocrx_word' id='word_1_417' title='bbox 3667 2652 3758 2708; x_wconf 90' lang='lat' dir='ltr'>fe-</span> 
     </span>
    </p>
   </div>
   <div class='ocr_carea' id='block_1_60' title="bbox 2117 2739 3751 2813">
    <p class='ocr_par' dir='ltr' id='par_1_60' title="bbox 2117 2739 3751 2813">
     <span class='ocr_line' id='line_1_60' title="bbox 2117 2739 3751 2813; baseline 0.001 -17"><span class='ocrx_word' id='word_1_418' title='bbox 2117 2769 2137 2796; x_wconf 81' lang='grc' dir='ltr'>ιι</span> <span class='ocrx_word' id='word_1_419' title='bbox 2157 2747 2236 2800; x_wconf 91' lang='lat' dir='ltr'>cit</span> <span class='ocrx_word' id='word_1_420' title='bbox 2250 2747 2369 2799; x_wconf 79' lang='lat' dir='ltr'>Rex</span> <span class='ocrx_word' id='word_1_421' title='bbox 2385 2742 2456 2798; x_wconf 91' lang='lat' dir='ltr'>de</span> <span class='ocrx_word' id='word_1_422' title='bbox 2471 2741 2647 2813; x_wconf 84' lang='lat' dir='ltr'>lignis</span> <span class='ocrx_word' id='word_1_423' title='bbox 2662 2740 2866 2794; x_wconf 89' lang='lat' dir='ltr'>Libani</span> <span class='ocrx_word' id='word_1_424' title='bbox 2890 2755 2902 2792; x_wconf 93' lang='lat'>:</span> <span class='ocrx_word' id='word_1_425' title='bbox 2929 2739 3238 2795; x_wconf 87' lang='lat' dir='ltr'>columnas</span> <span class='ocrx_word' id='word_1_426' title='bbox 3253 2741 3381 2812; x_wconf 87' lang='lat' dir='ltr'>ejus</span> <span class='ocrx_word' id='word_1_427' title='bbox 3394 2740 3751 2813; x_wconf 83' lang='lat' dir='ltr'>fecitargen-</span> 
     </span>
    </p>
   </div>
   <div class='ocr_carea' id='block_1_61' title="bbox 2113 2829 3762 2901">
    <p class='ocr_par' dir='ltr' id='par_1_61' title="bbox 2113 2829 3762 2901">
     <span class='ocr_line' id='line_1_61' title="bbox 2113 2829 3762 2901; baseline 0.001 -15"><span class='ocrx_word' id='word_1_428' title='bbox 2113 2831 2748 2891; x_wconf 80' lang='lat' dir='ltr'>«tum.reclinatorium</span> <span class='ocrx_word' id='word_1_429' title='bbox 2762 2830 2890 2900; x_wconf 87' lang='lat' dir='ltr'>ejus</span> <span class='ocrx_word' id='word_1_430' title='bbox 2905 2829 3525 2900; x_wconf 86' lang='lat' dir='ltr'>purpuram,intimum</span> <span class='ocrx_word' id='word_1_431' title='bbox 3541 2831 3670 2901; x_wconf 86' lang='lat' dir='ltr'>ejus</span> <span class='ocrx_word' id='word_1_432' title='bbox 3684 2831 3762 2886; x_wconf 86' lang='lat' dir='ltr'>la-</span> 
     </span>
    </p>
   </div>
   <div class='ocr_carea' id='block_1_62' title="bbox 2119 2917 3751 2996">
    <p class='ocr_par' dir='ltr' id='par_1_62' title="bbox 2119 2917 3751 2996">
     <span class='ocr_line' id='line_1_62' title="bbox 2119 2917 3751 2996; baseline -0.001 -20"><span class='ocrx_word' id='word_1_433' title='bbox 2119 2923 2397 2996; x_wconf 73' lang='lat' dir='ltr'>upidibus</span> <span class='ocrx_word' id='word_1_434' title='bbox 2428 2924 2794 2976; x_wconf 90' lang='lat' dir='ltr'>constratum</span> <span class='ocrx_word' id='word_1_435' title='bbox 2811 2917 2879 2970; x_wconf 77' lang='grc'>⁸⁷.</span> <span class='ocrx_word' id='word_1_436' title='bbox 2912 2940 2938 2967; x_wconf 85' lang='grc'><strong>››</strong></span> <span class='ocrx_word' id='word_1_437' title='bbox 2964 2918 3264 2974; x_wconf 90' lang='lat' dir='ltr'>Passionis</span> <span class='ocrx_word' id='word_1_438' title='bbox 3293 2925 3432 2974; x_wconf 88' lang='lat' dir='ltr'>sunt</span> <span class='ocrx_word' id='word_1_439' title='bbox 3462 2919 3751 2990; x_wconf 87' lang='lat' dir='ltr'>symbola,</span> 
     </span>
    </p>
   </div>
   <div class='ocr_carea' id='block_1_63' title="bbox 2113 3007 3757 3084">
    <p class='ocr_par' dir='ltr' id='par_1_63' title="bbox 2113 3007 3757 3084">
     <span class='ocr_line' id='line_1_63' title="bbox 2113 3007 3757 3084; baseline -0.002 -17"><span class='ocrx_word' id='word_1_440' title='bbox 2113 3030 2244 3084; x_wconf 81' lang='lat' dir='ltr'>quae</span> <span class='ocrx_word' id='word_1_441' title='bbox 2258 3012 2605 3082; x_wconf 85' lang='lat' dir='ltr'>consignata</span> <span class='ocrx_word' id='word_1_442' title='bbox 2623 3008 2832 3062; x_wconf 91' lang='lat' dir='ltr'>suntin</span> <span class='ocrx_word' id='word_1_443' title='bbox 2846 3008 3104 3062; x_wconf 89' lang='lat' dir='ltr'>Canticis</span> <span class='ocrx_word' id='word_1_444' title='bbox 3118 3007 3516 3078; x_wconf 90' lang='lat' dir='ltr'>sponsalibus,</span> <span class='ocrx_word' id='word_1_445' title='bbox 3537 3009 3757 3064; x_wconf 88' lang='lat' dir='ltr'>sobrie-</span> 
     </span>
    </p>
   </div>
   <div class='ocr_carea' id='block_1_64' title="bbox 2113 3096 3757 3170">
    <p class='ocr_par' dir='ltr' id='par_1_64' title="bbox 2113 3096 3757 3170">
     <span class='ocr_line' id='line_1_64' title="bbox 2113 3096 3757 3170; baseline -0.001 -14"><span class='ocrx_word' id='word_1_446' title='bbox 2113 3102 2251 3157; x_wconf 88' lang='lat' dir='ltr'>tatis</span> <span class='ocrx_word' id='word_1_447' title='bbox 2282 3106 2342 3156; x_wconf 88' lang='lat' dir='ltr'>et</span> <span class='ocrx_word' id='word_1_448' title='bbox 2371 3098 2784 3170; x_wconf 68' lang='lat' dir='ltr'>temperantiae</span> <span class='ocrx_word' id='word_1_449' title='bbox 2816 3096 3029 3168; x_wconf 87' lang='lat' dir='ltr'>plenis.</span> <span class='ocrx_word' id='word_1_450' title='bbox 3064 3099 3188 3153; x_wconf 89' lang='lat' dir='ltr'>Non</span> <span class='ocrx_word' id='word_1_451' title='bbox 3223 3097 3381 3152; x_wconf 89' lang='lat' dir='ltr'>enim</span> <span class='ocrx_word' id='word_1_452' title='bbox 3430 3098 3757 3156; x_wconf 89' lang='lat' dir='ltr'>secundum</span> 
     </span>
    </p>
   </div>
   <div class='ocr_carea' id='block_1_65' title="bbox 2112 3187 3755 3261">
    <p class='ocr_par' dir='ltr' id='par_1_65' title="bbox 2112 3187 3755 3261">
     <span class='ocr_line' id='line_1_65' title="bbox 2112 3187 3755 3261; baseline -0.002 -14"><span class='ocrx_word' id='word_1_453' title='bbox 2112 3191 2436 3247; x_wconf 89' lang='lat' dir='ltr'>multorum</span> <span class='ocrx_word' id='word_1_454' title='bbox 2451 3189 2794 3261; x_wconf 90' lang='lat' dir='ltr'>opinionem</span> <span class='ocrx_word' id='word_1_455' title='bbox 2807 3188 2944 3243; x_wconf 89' lang='lat' dir='ltr'>libri</span> <span class='ocrx_word' id='word_1_456' title='bbox 2960 3188 3138 3260; x_wconf 87' lang='lat' dir='ltr'>hujus</span> <span class='ocrx_word' id='word_1_457' title='bbox 3158 3187 3334 3242; x_wconf 88' lang='lat' dir='ltr'>verba</span> <span class='ocrx_word' id='word_1_458' title='bbox 3354 3188 3651 3260; x_wconf 89' lang='lat' dir='ltr'>accipiens</span> <span class='ocrx_word' id='word_1_459' title='bbox 3664 3189 3755 3244; x_wconf 86' lang='lat' dir='ltr'>ni-</span> 
     </span>
    </p>
   </div>
   <div class='ocr_carea' id='block_1_66' title="bbox 416 3312 2000 3386">
    <p class='ocr_par' dir='ltr' id='par_1_66' title="bbox 416 3313 2000 3386">
     <span class='ocr_line' id='line_1_66' title="bbox 416 3313 2000 3386; baseline 0.003 -19"><span class='ocrx_word' id='word_1_460' title='bbox 416 3313 462 3347; x_wconf 73' lang='grc'>⁸⁴</span> <span class='ocrx_word' id='word_1_461' title='bbox 496 3315 557 3368; x_wconf 90' lang='lat' dir='ltr'>V.</span> <span class='ocrx_word' id='word_1_462' title='bbox 592 3321 700 3368; x_wconf 81' lang='lat' dir='ltr'>cat.</span> <span class='ocrx_word' id='word_1_463' title='bbox 733 3315 788 3382; x_wconf 78' lang='grc'>4,</span> <span class='ocrx_word' id='word_1_464' title='bbox 820 3316 934 3369; x_wconf 71' lang='lat'>11.9</span> <span class='ocrx_word' id='word_1_465' title='bbox 968 3330 982 3380; x_wconf 92' lang='lat'><strong>;</strong></span> <span class='ocrx_word' id='word_1_466' title='bbox 1014 3320 1124 3369; x_wconf 88' lang='lat' dir='ltr'>cat.</span> <span class='ocrx_word' id='word_1_467' title='bbox 1163 3316 1246 3380; x_wconf 89' lang='grc'><strong>11,</strong></span> <span class='ocrx_word' id='word_1_468' title='bbox 1281 3331 1338 3369; x_wconf 88' lang='grc' dir='ltr'><strong>η.</strong></span> <span class='ocrx_word' id='word_1_469' title='bbox 1365 3315 1456 3371; x_wconf 85' lang='lat'>20.</span> <span class='ocrx_word' id='word_1_470' title='bbox 1478 3313 1526 3350; x_wconf 78' lang='grc'>⁸⁸</span> <span class='ocrx_word' id='word_1_471' title='bbox 1552 3317 1718 3371; x_wconf 82' lang='lat' dir='ltr'>Joan.</span> <span class='ocrx_word' id='word_1_472' title='bbox 1752 3333 1824 3386; x_wconf 79' lang='lat' dir='ltr'>vi,</span> <span class='ocrx_word' id='word_1_473' title='bbox 1857 3319 1948 3371; x_wconf 81' lang='lat'>25.</span> <span class='ocrx_word' id='word_1_474' title='bbox 1979 3315 2000 3350; x_wconf 77' lang='grc'><strong>⁸</strong></span> 
     </span>
    </p>
   </div>
   <div class='ocr_carea' id='block_1_67' title="bbox 2115 3312 3153 3386">
    <p class='ocr_par' dir='ltr' id='par_1_67' title="bbox 2115 3312 3153 3386">
     <span class='ocr_line' id='line_1_67' title="bbox 2115 3312 3153 3386; baseline -0.001 -15"><span class='ocrx_word' id='word_1_475' title='bbox 2115 3359 2122 3371; x_wconf 89' lang='grc'>.</span> <span class='ocrx_word' id='word_1_476' title='bbox 2151 3323 2258 3385; x_wconf 84' lang='lat' dir='ltr'>cat,</span> <span class='ocrx_word' id='word_1_477' title='bbox 2295 3319 2380 3386; x_wconf 85' lang='grc'><strong>10,</strong></span> <span class='ocrx_word' id='word_1_478' title='bbox 2409 3331 2466 3370; x_wconf 84' lang='grc' dir='ltr'><strong>η.</strong></span> <span class='ocrx_word' id='word_1_479' title='bbox 2499 3317 2552 3369; x_wconf 80' lang='grc'><strong>5.</strong></span> <span class='ocrx_word' id='word_1_480' title='bbox 2581 3312 2628 3349; x_wconf 83' lang='grc'>⁸⁷</span> <span class='ocrx_word' id='word_1_481' title='bbox 2658 3315 2824 3370; x_wconf 88' lang='lat' dir='ltr'>Cant.</span> <span class='ocrx_word' id='word_1_482' title='bbox 2857 3330 2938 3382; x_wconf 84' lang='grc' dir='ltr'>ιιι,</span> <span class='ocrx_word' id='word_1_483' title='bbox 2969 3317 3023 3383; x_wconf 84' lang='grc'>9,</span> <span class='ocrx_word' id='word_1_484' title='bbox 3067 3315 3153 3371; x_wconf 89' lang='grc'><strong>10.</strong></span> 
     </span>
    </p>
   </div>
   <div class='ocr_carea' id='block_1_68' title="bbox 420 3437 1578 3514">
    <p class='ocr_par' dir='ltr' id='par_1_68' title="bbox 420 3437 1578 3514">
     <span class='ocr_line' id='line_1_68' title="bbox 420 3437 1578 3514; baseline -0.002 -19"><span class='ocrx_word' id='word_1_485' title='bbox 420 3441 498 3514; x_wconf 74' lang='grc'>(1)</span> <span class='ocrx_word' id='word_1_486' title='bbox 530 3439 705 3514; x_wconf 68' lang='grc' dir='ltr'>Βάλῃ.</span> <span class='ocrx_word' id='word_1_487' title='bbox 743 3441 847 3514; x_wconf 60' lang='lat' dir='ltr'>Ms.</span> <span class='ocrx_word' id='word_1_488' title='bbox 883 3437 1060 3513; x_wconf 81' lang='grc' dir='ltr'>βάλει.</span> <span class='ocrx_word' id='word_1_489' title='bbox 1092 3443 1331 3514; x_wconf 77' lang='lat' dir='ltr'>Evang.,</span> <span class='ocrx_word' id='word_1_490' title='bbox 1379 3438 1578 3514; x_wconf 71' lang='grc' dir='ltr'>βάλλῃ.</span> 
     </span>
    </p>
   </div>
   <div class='ocr_carea' id='block_1_69' title="bbox 424 3505 2002 3585">
    <p class='ocr_par' dir='ltr' id='par_1_69' title="bbox 424 3505 2002 3585">
     <span class='ocr_line' id='line_1_69' title="bbox 424 3505 2002 3585; baseline 0.001 -19"><span class='ocrx_word' id='word_1_491' title='bbox 424 3505 500 3581; x_wconf 64' lang='lat' dir='ltr'>(2i</span> <span class='ocrx_word' id='word_1_492' title='bbox 532 3505 792 3585; x_wconf 71' lang='grc' dir='ltr'>Ἔγεὶραι.</span> <span class='ocrx_word' id='word_1_493' title='bbox 831 3505 896 3568; x_wconf 81' lang='lat' dir='ltr'>ln</span> <span class='ocrx_word' id='word_1_494' title='bbox 927 3529 1094 3580; x_wconf 86' lang='lat' dir='ltr'>mss.,</span> <span class='ocrx_word' id='word_1_495' title='bbox 1155 3505 1345 3584; x_wconf 67' lang='grc' dir='ltr'>ἕγεῷε.</span> <span class='ocrx_word' id='word_1_496' title='bbox 1379 3505 1625 3585; x_wconf 62' lang='grc' dir='ltr'>’δοτὶρεὶ</span> <span class='ocrx_word' id='word_1_497' title='bbox 1679 3518 1746 3568; x_wconf 92' lang='lat' dir='ltr'>ut</span> <span class='ocrx_word' id='word_1_498' title='bbox 1794 3519 1885 3568; x_wconf 91' lang='lat' dir='ltr'>est</span> <span class='ocrx_word' id='word_1_499' title='bbox 1940 3513 2002 3568; x_wconf 90' lang='lat' dir='ltr'>in</span> 
     </span>
    </p>
   </div>
   <div class='ocr_carea' id='block_1_70' title="bbox 352 3584 2006 3655">
    <p class='ocr_par' dir='ltr' id='par_1_70' title="bbox 352 3584 2006 3655">
     <span class='ocr_line' id='line_1_70' title="bbox 352 3584 2006 3655; baseline 0.001 -16"><span class='ocrx_word' id='word_1_500' title='bbox 352 3584 696 3654; x_wconf 83' lang='lat' dir='ltr'>Evangelio,</span> <span class='ocrx_word' id='word_1_501' title='bbox 722 3589 898 3655; x_wconf 90' lang='lat' dir='ltr'>atque</span> <span class='ocrx_word' id='word_1_502' title='bbox 931 3589 990 3638; x_wconf 91' lang='lat' dir='ltr'>in</span> <span class='ocrx_word' id='word_1_503' title='bbox 1020 3601 1130 3640; x_wconf 88' lang='lat' dir='ltr'>ms.</span> <span class='ocrx_word' id='word_1_504' title='bbox 1165 3585 1342 3641; x_wconf 91' lang='lat' dir='ltr'>etiam</span> <span class='ocrx_word' id='word_1_505' title='bbox 1374 3584 1509 3640; x_wconf 92' lang='lat' dir='ltr'>aliis</span> <span class='ocrx_word' id='word_1_506' title='bbox 1541 3584 1688 3639; x_wconf 91' lang='lat' dir='ltr'>locis</span> <span class='ocrx_word' id='word_1_507' title='bbox 1721 3585 2006 3653; x_wconf 86' lang='lat' dir='ltr'>infra,ubi</span> 
     </span>
    </p>
   </div>
   <div class='ocr_carea' id='block_1_71' title="bbox 353 3657 1114 3712">
    <p class='ocr_par' dir='ltr' id='par_1_71' title="bbox 353 3657 1114 3712">
     <span class='ocr_line' id='line_1_71' title="bbox 353 3657 1114 3712; baseline -0.001 -1"><span class='ocrx_word' id='word_1_508' title='bbox 353 3673 461 3711; x_wconf 87' lang='lat' dir='ltr'>vox</span> <span class='ocrx_word' id='word_1_509' title='bbox 493 3657 620 3712; x_wconf 58' lang='lat' dir='ltr'>haec</span> <span class='ocrx_word' id='word_1_510' title='bbox 657 3672 812 3712; x_wconf 69' lang='lat' dir='ltr'>saepe</span> <span class='ocrx_word' id='word_1_511' title='bbox 842 3657 1114 3711; x_wconf 90' lang='lat' dir='ltr'>recurrit.</span> 
     </span>
    </p>
   </div>
   <div class='ocr_carea' id='block_1_72' title="bbox 428 3722 2001 3799">
    <p class='ocr_par' dir='ltr' id='par_1_72' title="bbox 428 3722 2001 3799">
     <span class='ocr_line' id='line_1_72' title="bbox 428 3722 2001 3799; baseline -0.001 -17"><span class='ocrx_word' id='word_1_512' title='bbox 428 3728 504 3797; x_wconf 89' lang='lat'>(3)</span> <span class='ocrx_word' id='word_1_513' title='bbox 536 3728 610 3780; x_wconf 75' lang='grc' dir='ltr'>Τὰ</span> <span class='ocrx_word' id='word_1_514' title='bbox 664 3722 1049 3799; x_wconf 67' lang='grc' dir='ltr'>πολυχρονίως</span> <span class='ocrx_word' id='word_1_515' title='bbox 1107 3722 1337 3798; x_wconf 78' lang='grc' dir='ltr'>σεϐάσμ.</span> <span class='ocrx_word' id='word_1_516' title='bbox 1390 3727 1641 3782; x_wconf 89' lang='lat' dir='ltr'>Evidens</span> <span class='ocrx_word' id='word_1_517' title='bbox 1698 3729 2001 3783; x_wconf 90' lang='lat' dir='ltr'>mendum.</span> 
     </span>
    </p>
   </div>
   <div class='ocr_carea' id='block_1_73' title="bbox 355 3800 2003 3870">
    <p class='ocr_par' dir='ltr' id='par_1_73' title="bbox 355 3800 2003 3870">
     <span class='ocr_line' id='line_1_73' title="bbox 355 3800 2003 3870; baseline 0.001 -17"><span class='ocrx_word' id='word_1_518' title='bbox 355 3800 545 3863; x_wconf 86' lang='lat' dir='ltr'>Quum</span> <span class='ocrx_word' id='word_1_519' title='bbox 577 3816 607 3855; x_wconf 91' lang='lat' dir='ltr'>e</span> <span class='ocrx_word' id='word_1_520' title='bbox 639 3800 845 3854; x_wconf 89' lang='lat' dir='ltr'>multis</span> <span class='ocrx_word' id='word_1_521' title='bbox 874 3816 1004 3870; x_wconf 80' lang='lat' dir='ltr'>quae</span> <span class='ocrx_word' id='word_1_522' title='bbox 1038 3816 1099 3854; x_wconf 91' lang='lat' dir='ltr'>se</span> <span class='ocrx_word' id='word_1_523' title='bbox 1131 3800 1459 3854; x_wconf 72' lang='lat' dir='ltr'>offerebant</span> <span class='ocrx_word' id='word_1_524' title='bbox 1484 3800 1682 3855; x_wconf 91' lang='lat' dir='ltr'>animo</span> <span class='ocrx_word' id='word_1_525' title='bbox 1703 3803 2003 3869; x_wconf 85' lang='lat' dir='ltr'>conjectu-</span> 
     </span>
    </p>
   </div>
   <div class='ocr_carea' id='block_1_74' title="bbox 356 3871 2006 3936">
    <p class='ocr_par' dir='ltr' id='par_1_74' title="bbox 356 3871 2006 3936">
     <span class='ocr_line' id='line_1_74' title="bbox 356 3871 2006 3936; baseline 0.001 -11"><span class='ocrx_word' id='word_1_526' title='bbox 356 3871 459 3936; x_wconf 85' lang='lat' dir='ltr'>ris,</span> <span class='ocrx_word' id='word_1_527' title='bbox 494 3871 661 3926; x_wconf 91' lang='lat' dir='ltr'>nulla</span> <span class='ocrx_word' id='word_1_528' title='bbox 691 3872 1007 3926; x_wconf 88' lang='lat' dir='ltr'>admodum</span> <span class='ocrx_word' id='word_1_529' title='bbox 1028 3877 1503 3936; x_wconf 84' lang='lat' dir='ltr'>punctumomne</span> <span class='ocrx_word' id='word_1_530' title='bbox 1536 3872 1766 3926; x_wconf 81' lang='lat' dir='ltr'>auferre</span> <span class='ocrx_word' id='word_1_531' title='bbox 1786 3871 2006 3926; x_wconf 90' lang='lat' dir='ltr'>videre-</span> 
     </span>
    </p>
   </div>
   <div class='ocr_carea' id='block_1_75' title="bbox 355 3943 2001 4008">
    <p class='ocr_par' dir='ltr' id='par_1_75' title="bbox 355 3943 2001 4008">
     <span class='ocr_line' id='line_1_75' title="bbox 355 3943 2001 4008; baseline 0.001 -13"><span class='ocrx_word' id='word_1_532' title='bbox 355 3947 470 4008; x_wconf 90' lang='lat' dir='ltr'>tur,</span> <span class='ocrx_word' id='word_1_533' title='bbox 506 3943 827 3997; x_wconf 89' lang='lat' dir='ltr'>maluimus</span> <span class='ocrx_word' id='word_1_534' title='bbox 860 3943 987 3998; x_wconf 93' lang='lat' dir='ltr'>loco</span> <span class='ocrx_word' id='word_1_535' title='bbox 1016 3943 1421 3997; x_wconf 86' lang='lat' dir='ltr'>demonstrato</span> <span class='ocrx_word' id='word_1_536' title='bbox 1452 3943 1797 3998; x_wconf 89' lang='lat' dir='ltr'>facultatem</span> <span class='ocrx_word' id='word_1_537' title='bbox 1851 3945 2001 3997; x_wconf 81' lang='lat' dir='ltr'>inte-</span> 
     </span>
    </p>
   </div>
   <div class='ocr_carea' id='block_1_76' title="bbox 357 4014 2003 4085">
    <p class='ocr_par' dir='ltr' id='par_1_76' title="bbox 357 4014 2003 4085">
     <span class='ocr_line' id='line_1_76' title="bbox 357 4014 2003 4085; baseline 0.001 -18"><span class='ocrx_word' id='word_1_538' title='bbox 357 4028 521 4085; x_wconf 86' lang='lat' dir='ltr'>gram</span> <span class='ocrx_word' id='word_1_539' title='bbox 555 4031 684 4081; x_wconf 78' lang='lat' dir='ltr'>ejus</span> <span class='ocrx_word' id='word_1_540' title='bbox 707 4014 1060 4070; x_wconf 87' lang='lat' dir='ltr'>restituendi</span> <span class='ocrx_word' id='word_1_541' title='bbox 1083 4014 1337 4069; x_wconf 90' lang='lat' dir='ltr'>aliorum</span> <span class='ocrx_word' id='word_1_542' title='bbox 1363 4015 1667 4069; x_wconf 71' lang='lat' dir='ltr'>industriae</span> <span class='ocrx_word' id='word_1_543' title='bbox 1682 4031 2003 4078; x_wconf 82' lang='lat' dir='ltr'>reservare,</span> 
     </span>
    </p>
   </div>
   <div class='ocr_carea' id='block_1_77' title="bbox 360 4085 2005 4158">
    <p class='ocr_par' dir='ltr' id='par_1_77' title="bbox 360 4085 2005 4158">
     <span class='ocr_line' id='line_1_77' title="bbox 360 4085 2005 4158; baseline 0 -18"><span class='ocrx_word' id='word_1_544' title='bbox 360 4101 535 4158; x_wconf 87' lang='lat' dir='ltr'>quam</span> <span class='ocrx_word' id='word_1_545' title='bbox 557 4085 779 4158; x_wconf 84' lang='lat' dir='ltr'>dubias</span> <span class='ocrx_word' id='word_1_546' title='bbox 810 4093 1045 4158; x_wconf 88' lang='lat' dir='ltr'>nostras</span> <span class='ocrx_word' id='word_1_547' title='bbox 1065 4087 1439 4158; x_wconf 89' lang='lat' dir='ltr'>conjecturas</span> <span class='ocrx_word' id='word_1_548' title='bbox 1462 4104 1565 4157; x_wconf 92' lang='lat' dir='ltr'>pro</span> <span class='ocrx_word' id='word_1_549' title='bbox 1597 4087 2005 4158; x_wconf 86' lang='lat' dir='ltr'>Cyrilliverbis</span> 
     </span>
    </p>
   </div>
   <div class='ocr_carea' id='block_1_78' title="bbox 359 4157 2003 4228">
    <p class='ocr_par' dir='ltr' id='par_1_78' title="bbox 359 4157 2003 4228">
     <span class='ocr_line' id='line_1_78' title="bbox 359 4157 2003 4228; baseline 0 -18"><span class='ocrx_word' id='word_1_550' title='bbox 359 4157 696 4212; x_wconf 89' lang='lat' dir='ltr'>obtrudere.</span> <span class='ocrx_word' id='word_1_551' title='bbox 729 4158 951 4212; x_wconf 84' lang='lat' dir='ltr'>Minore</span> <span class='ocrx_word' id='word_1_552' title='bbox 983 4157 1286 4228; x_wconf 92' lang='lat' dir='ltr'>impendio</span> <span class='ocrx_word' id='word_1_553' title='bbox 1345 4164 1597 4225; x_wconf 83' lang='lat' dir='ltr'>constat,</span> <span class='ocrx_word' id='word_1_554' title='bbox 1632 4157 1690 4212; x_wconf 87' lang='lat' dir='ltr'>et</span> <span class='ocrx_word' id='word_1_555' title='bbox 1745 4159 2003 4214; x_wconf 88' lang='lat' dir='ltr'>auctoris</span> 
     </span>
    </p>
   </div>
   <div class='ocr_carea' id='block_1_79' title="bbox 357 4228 2001 4300">
    <p class='ocr_par' dir='ltr' id='par_1_79' title="bbox 357 4228 2001 4300">
     <span class='ocr_line' id='line_1_79' title="bbox 357 4228 2001 4300; baseline 0.001 -18"><span class='ocrx_word' id='word_1_556' title='bbox 357 4228 658 4300; x_wconf 84' lang='lat' dir='ltr'>proposito</span> <span class='ocrx_word' id='word_1_557' title='bbox 675 4231 817 4285; x_wconf 89' lang='lat' dir='ltr'>satis</span> <span class='ocrx_word' id='word_1_558' title='bbox 843 4229 1236 4285; x_wconf 87' lang='lat' dir='ltr'>convenitilla</span> <span class='ocrx_word' id='word_1_559' title='bbox 1262 4230 1508 4284; x_wconf 87' lang='lat' dir='ltr'>mutatio</span> <span class='ocrx_word' id='word_1_560' title='bbox 1541 4246 1658 4300; x_wconf 88' lang='lat' dir='ltr'>qua</span> <span class='ocrx_word' id='word_1_561' title='bbox 1689 4229 2001 4300; x_wconf 85' lang='lat' dir='ltr'>legeretur,</span> 
     </span>
    </p>
   </div>
   <div class='ocr_carea' id='block_1_80' title="bbox 354 4297 2002 4374">
    <p class='ocr_par' dir='ltr' id='par_1_80' title="bbox 354 4297 2002 4374">
     <span class='ocr_line' id='line_1_80' title="bbox 354 4297 2002 4374; baseline 0.002 -22"><span class='ocrx_word' id='word_1_562' title='bbox 354 4297 422 4352; x_wconf 73' lang='grc' dir='ltr'>τὰ</span> <span class='ocrx_word' id='word_1_563' title='bbox 451 4297 928 4374; x_wconf 68' lang='grc' dir='ltr'>πολυχρονίωςσε</span> <span class='ocrx_word' id='word_1_564' title='bbox 958 4300 1314 4374; x_wconf 74' lang='grc' dir='ltr'>βαστάσαντα,</span> <span class='ocrx_word' id='word_1_565' title='bbox 1347 4318 1410 4374; x_wconf 83' lang='lat' dir='ltr'>ea</span> <span class='ocrx_word' id='word_1_566' title='bbox 1430 4297 1857 4374; x_wconf 17' lang='lat' dir='ltr'>quibusidudum</span> <span class='ocrx_word' id='word_1_567' title='bbox 1906 4319 2002 4370; x_wconf 86' lang='lat' dir='ltr'>ge—</span> 
     </span>
    </p>
   </div>
   <div class='ocr_carea' id='block_1_81' title="bbox 329 4372 1999 4444">
    <p class='ocr_par' dir='ltr' id='par_1_81' title="bbox 329 4372 1999 4444">
     <span class='ocr_line' id='line_1_81' title="bbox 329 4372 1999 4444; baseline -0.001 -15"><span class='ocrx_word' id='word_1_568' title='bbox 329 4377 528 4429; x_wconf 85' lang='lat' dir='ltr'>.status</span> <span class='ocrx_word' id='word_1_569' title='bbox 553 4372 636 4444; x_wconf 45' lang='lat' dir='ltr'>es,</span> <span class='ocrx_word' id='word_1_570' title='bbox 658 4372 992 4437; x_wconf 85' lang='lat' dir='ltr'>Quemlibet</span> <span class='ocrx_word' id='word_1_571' title='bbox 1018 4372 1179 4444; x_wconf 87' lang='lat' dir='ltr'>enim</span> <span class='ocrx_word' id='word_1_572' title='bbox 1213 4373 1275 4426; x_wconf 90' lang='lat' dir='ltr'>in</span> <span class='ocrx_word' id='word_1_573' title='bbox 1303 4373 1746 4427; x_wconf 84' lang='lat' dir='ltr'>suisaﬁ‘ectibus</span> <span class='ocrx_word' id='word_1_574' title='bbox 1764 4374 1999 4444; x_wconf 90' lang='lat' dir='ltr'>acquie-</span> 
     </span>
    </p>
   </div>
   <div class='ocr_carea' id='block_1_82' title="bbox 360 4443 2002 4516">
    <p class='ocr_par' dir='ltr' id='par_1_82' title="bbox 360 4443 2002 4516">
     <span class='ocr_line' id='line_1_82' title="bbox 360 4443 2002 4516; baseline 0.001 -19"><span class='ocrx_word' id='word_1_575' title='bbox 360 4459 546 4516; x_wconf 87' lang='lat' dir='ltr'>scere.</span> <span class='ocrx_word' id='word_1_576' title='bbox 577 4443 650 4499; x_wconf 90' lang='lat' dir='ltr'>ab</span> <span class='ocrx_word' id='word_1_577' title='bbox 685 4445 903 4516; x_wconf 88' lang='lat' dir='ltr'>eisque</span> <span class='ocrx_word' id='word_1_578' title='bbox 942 4443 1102 4498; x_wconf 88' lang='lat' dir='ltr'>velut</span> <span class='ocrx_word' id='word_1_579' title='bbox 1158 4459 1632 4513; x_wconf 90' lang='lat' dir='ltr'>quoquoversum</span> <span class='ocrx_word' id='word_1_580' title='bbox 1690 4443 1904 4516; x_wconf 87' lang='lat' dir='ltr'>gestari</span> <span class='ocrx_word' id='word_1_581' title='bbox 1934 4461 2002 4499; x_wconf 90' lang='lat' dir='ltr'>ac</span> 
     </span>
    </p>
   </div>
   <div class='ocr_carea' id='block_1_83' title="bbox 361 4515 2001 4588">
    <p class='ocr_par' dir='ltr' id='par_1_83' title="bbox 361 4515 2001 4588">
     <span class='ocr_line' id='line_1_83' title="bbox 361 4515 2001 4588; baseline 0.001 -20"><span class='ocrx_word' id='word_1_582' title='bbox 361 4515 751 4588; x_wconf 82' lang='lat' dir='ltr'>circumferri,</span> <span class='ocrx_word' id='word_1_583' title='bbox 785 4515 1100 4570; x_wconf 84' lang='lat' dir='ltr'>notissima</span> <span class='ocrx_word' id='word_1_584' title='bbox 1129 4531 1224 4588; x_wconf 89' lang='lat' dir='ltr'>res</span> <span class='ocrx_word' id='word_1_585' title='bbox 1258 4521 1364 4570; x_wconf 92' lang='lat' dir='ltr'>est.</span> <span class='ocrx_word' id='word_1_586' title='bbox 1399 4515 1878 4588; x_wconf 86' lang='lat' dir='ltr'>Exportareergo</span> <span class='ocrx_word' id='word_1_587' title='bbox 1902 4516 2001 4585; x_wconf 86' lang='lat' dir='ltr'>ju-</span> 
     </span>
    </p>
   </div>
   <div class='ocr_carea' id='block_1_84' title="bbox 358 4585 2004 4658">
    <p class='ocr_par' dir='ltr' id='par_1_84' title="bbox 358 4585 2004 4658">
     <span class='ocr_line' id='line_1_84' title="bbox 358 4585 2004 4658; baseline 0.001 -18"><span class='ocrx_word' id='word_1_588' title='bbox 358 4585 532 4658; x_wconf 84' lang='lat' dir='ltr'>betur</span> <span class='ocrx_word' id='word_1_589' title='bbox 555 4587 732 4642; x_wconf 89' lang='lat' dir='ltr'>homo</span> <span class='ocrx_word' id='word_1_590' title='bbox 765 4593 1005 4658; x_wconf 89' lang='lat' dir='ltr'>peccata</span> <span class='ocrx_word' id='word_1_591' title='bbox 1023 4592 1082 4641; x_wconf 91' lang='lat' dir='ltr'>et</span> <span class='ocrx_word' id='word_1_592' title='bbox 1105 4587 1350 4641; x_wconf 83' lang='lat' dir='ltr'>aﬁ‘ectus</span> <span class='ocrx_word' id='word_1_593' title='bbox 1373 4585 1510 4640; x_wconf 88' lang='lat' dir='ltr'>suos</span> <span class='ocrx_word' id='word_1_594' title='bbox 1532 4587 1593 4640; x_wconf 91' lang='lat' dir='ltr'>in</span> <span class='ocrx_word' id='word_1_595' title='bbox 1623 4585 1836 4657; x_wconf 79' lang='lat' dir='ltr'>quibus</span> <span class='ocrx_word' id='word_1_596' title='bbox 1850 4603 2004 4653; x_wconf 63' lang='lat' dir='ltr'>aeger</span> 
     </span>
    </p>
   </div>
   <div class='ocr_carea' id='block_1_85' title="bbox 350 4657 2000 4730">
    <p class='ocr_par' dir='ltr' id='par_1_85' title="bbox 350 4657 2000 4730">
     <span class='ocr_line' id='line_1_85' title="bbox 350 4657 2000 4730; baseline -0.001 -17"><span class='ocrx_word' id='word_1_597' title='bbox 350 4657 608 4730; x_wconf 85' lang='lat' dir='ltr'>jacebat.</span> <span class='ocrx_word' id='word_1_598' title='bbox 632 4657 793 4714; x_wconf 86' lang='lat' dir='ltr'>Idem</span> <span class='ocrx_word' id='word_1_599' title='bbox 827 4659 944 4714; x_wconf 90' lang='lat' dir='ltr'>alio</span> <span class='ocrx_word' id='word_1_600' title='bbox 976 4658 1148 4713; x_wconf 91' lang='lat' dir='ltr'>modo</span> <span class='ocrx_word' id='word_1_601' title='bbox 1177 4658 1249 4714; x_wconf 91' lang='lat' dir='ltr'>de</span> <span class='ocrx_word' id='word_1_602' title='bbox 1275 4674 1521 4729; x_wconf 90' lang='lat' dir='ltr'>corpore</span> <span class='ocrx_word' id='word_1_603' title='bbox 1554 4659 1791 4730; x_wconf 89' lang='lat' dir='ltr'>proprio</span> <span class='ocrx_word' id='word_1_604' title='bbox 1825 4658 2000 4713; x_wconf 85' lang='lat' dir='ltr'>intel-</span> 
     </span>
    </p>
   </div>
   <div class='ocr_carea' id='block_1_86' title="bbox 356 4729 2004 4812">
    <p class='ocr_par' dir='ltr' id='par_1_86' title="bbox 356 4729 2004 4812">
     <span class='ocr_line' id='line_1_86' title="bbox 356 4729 2004 4812; baseline 0.001 -29"><span class='ocrx_word' id='word_1_605' title='bbox 356 4729 458 4812; x_wconf 70' lang='lat' dir='ltr'>ligi</span> <span class='ocrx_word' id='word_1_606' title='bbox 491 4730 887 4812; x_wconf 42' lang='lat' dir='ltr'>potest,_utAde</span> <span class='ocrx_word' id='word_1_607' title='bbox 916 4731 1029 4785; x_wconf 92' lang='lat' dir='ltr'>hoc</span> <span class='ocrx_word' id='word_1_608' title='bbox 1057 4731 1577 4812; x_wconf 65' lang='lat' dir='ltr'>paralyticoagens</span> <span class='ocrx_word' id='word_1_609' title='bbox 1591 4730 2004 4812; x_wconf 74' lang='lat' dir='ltr'>explicatPau-</span> 
     </span>
    </p>
   </div>
   <div class='ocr_carea' id='block_1_87' title="bbox 2033 3438 3754 3510">
    <p class='ocr_par' dir='ltr' id='par_1_87' title="bbox 2033 3438 3754 3510">
     <span class='ocr_line' id='line_1_87' title="bbox 2033 3438 3754 3510; baseline 0 -13"><span class='ocrx_word' id='word_1_610' title='bbox 2033 3444 2076 3510; x_wconf 84' lang='lat' dir='ltr'><strong><em>C</em></strong></span> <span class='ocrx_word' id='word_1_611' title='bbox 2116 3443 2272 3498; x_wconf 85' lang='lat' dir='ltr'>infra</span> <span class='ocrx_word' id='word_1_612' title='bbox 2301 3443 2428 3498; x_wconf 90' lang='lat' dir='ltr'>loco</span> <span class='ocrx_word' id='word_1_613' title='bbox 2460 3440 2690 3502; x_wconf 83' lang='grc' dir='ltr'>στύλους</span> <span class='ocrx_word' id='word_1_614' title='bbox 2721 3442 2935 3504; x_wconf 72' lang='grc' dir='ltr'>ἑαυτοῦ,</span> <span class='ocrx_word' id='word_1_615' title='bbox 2967 3440 3124 3510; x_wconf 92' lang='lat' dir='ltr'>quod</span> <span class='ocrx_word' id='word_1_616' title='bbox 3183 3440 3245 3494; x_wconf 92' lang='lat' dir='ltr'>in</span> <span class='ocrx_word' id='word_1_617' title='bbox 3275 3438 3564 3495; x_wconf 87' lang='lat' dir='ltr'>ambobus</span> <span class='ocrx_word' id='word_1_618' title='bbox 3611 3457 3754 3498; x_wconf 90' lang='lat' dir='ltr'>mss-</span> 
     </span>
    </p>
   </div>
   <div class='ocr_carea' id='block_1_88' title="bbox 2117 3513 3758 3586">
    <p class='ocr_par' dir='ltr' id='par_1_88' title="bbox 2117 3513 3758 3586">
     <span class='ocr_line' id='line_1_88' title="bbox 2117 3513 3758 3586; baseline 0 -18"><span class='ocrx_word' id='word_1_619' title='bbox 2117 3514 2359 3586; x_wconf 69' lang='lat' dir='ltr'>legitur,</span> <span class='ocrx_word' id='word_1_620' title='bbox 2385 3516 2732 3586; x_wconf 88' lang='lat' dir='ltr'>scripsimus</span> <span class='ocrx_word' id='word_1_621' title='bbox 2763 3513 2927 3567; x_wconf 82' lang='grc' dir='ltr'>αὐτοῦ</span> <span class='ocrx_word' id='word_1_622' title='bbox 2958 3529 3031 3586; x_wconf 71' lang='lat' dir='ltr'>ex</span> <span class='ocrx_word' id='word_1_623' title='bbox 3046 3528 3226 3586; x_wconf 80' lang='lat' dir='ltr'>sacro</span> <span class='ocrx_word' id='word_1_624' title='bbox 3259 3516 3418 3567; x_wconf 84' lang='lat' dir='ltr'>textu</span> <span class='ocrx_word' id='word_1_625' title='bbox 3441 3517 3512 3586; x_wconf 11' lang='lat' dir='ltr'>etc</span> <span class='ocrx_word' id='word_1_626' title='bbox 3541 3513 3758 3586; x_wconf 62' lang='lat' dir='ltr'>Cyrillo</span> 
     </span>
    </p>
   </div>
   <div class='ocr_carea' id='block_1_89' title="bbox 2116 3583 3760 3658">
    <p class='ocr_par' dir='ltr' id='par_1_89' title="bbox 2116 3583 3760 3658">
     <span class='ocr_line' id='line_1_89' title="bbox 2116 3583 3760 3658; baseline 0 -18"><span class='ocrx_word' id='word_1_627' title='bbox 2116 3583 2245 3658; x_wconf 69' lang='lat' dir='ltr'>ipso</span> <span class='ocrx_word' id='word_1_628' title='bbox 2276 3583 2547 3650; x_wconf 80' lang='lat' dir='ltr'>inferius,</span> <span class='ocrx_word' id='word_1_629' title='bbox 2580 3587 2912 3653; x_wconf 87' lang='lat' dir='ltr'>num.7,ita</span> <span class='ocrx_word' id='word_1_630' title='bbox 2929 3583 3760 3658; x_wconf 30' lang='lat' dir='ltr'>codicibusco‘nsentientibus</span> 
     </span>
    </p>
   </div>
   <div class='ocr_carea' id='block_1_90' title="bbox 2116 3651 3760 3727">
    <p class='ocr_par' dir='ltr' id='par_1_90' title="bbox 2116 3651 3760 3727">
     <span class='ocr_line' id='line_1_90' title="bbox 2116 3651 3760 3727; baseline -0.001 -15"><span class='ocrx_word' id='word_1_631' title='bbox 2116 3651 2433 3714; x_wconf 73' lang='lat' dir='ltr'>scribente.</span> <span class='ocrx_word' id='word_1_632' title='bbox 2467 3658 2754 3713; x_wconf 89' lang='lat' dir='ltr'>Similiter</span> <span class='ocrx_word' id='word_1_633' title='bbox 2783 3651 2852 3714; x_wconf 87' lang='lat' dir='ltr'>ex</span> <span class='ocrx_word' id='word_1_634' title='bbox 2883 3659 3023 3727; x_wconf 85' lang='lat' dir='ltr'>Reg.</span> <span class='ocrx_word' id='word_1_635' title='bbox 3065 3660 3199 3727; x_wconf 86' lang='lat' dir='ltr'>post</span> <span class='ocrx_word' id='word_1_636' title='bbox 3227 3651 3513 3708; x_wconf 84' lang='grc' dir='ltr'>ἀνάκλιτον</span> <span class='ocrx_word' id='word_1_637' title='bbox 3547 3672 3760 3727; x_wconf 86' lang='lat' dir='ltr'>secun-</span> 
     </span>
    </p>
   </div>
   <div class='ocr_carea' id='block_1_91' title="bbox 2115 3724 3758 3800">
    <p class='ocr_par' dir='ltr' id='par_1_91' title="bbox 2115 3724 3758 3800">
     <span class='ocr_line' id='line_1_91' title="bbox 2115 3724 3758 3800; baseline -0.003 -16"><span class='ocrx_word' id='word_1_638' title='bbox 2115 3729 2256 3784; x_wconf 90' lang='lat' dir='ltr'>dum</span> <span class='ocrx_word' id='word_1_639' title='bbox 2289 3729 2653 3800; x_wconf 89' lang='lat' dir='ltr'>Scripturam</span> <span class='ocrx_word' id='word_1_640' title='bbox 2683 3724 3264 3800; x_wconf 41' lang='lat' dir='ltr'>reposuimus—aerea,</span> <span class='ocrx_word' id='word_1_641' title='bbox 3291 3742 3426 3781; x_wconf 89' lang='lat' dir='ltr'>cum</span> <span class='ocrx_word' id='word_1_642' title='bbox 3459 3733 3618 3800; x_wconf 82' lang='lat' dir='ltr'>esset</span> <span class='ocrx_word' id='word_1_643' title='bbox 3637 3726 3758 3780; x_wconf 77' lang='grc' dir='ltr'>ἒαυ·</span> 
     </span>
    </p>
   </div>
   <div class='ocr_carea' id='block_1_92' title="bbox 2111 3797 3755 3874">
    <p class='ocr_par' dir='ltr' id='par_1_92' title="bbox 2111 3797 3755 3874">
     <span class='ocr_line' id='line_1_92' title="bbox 2111 3797 3755 3874; baseline 0.001 -22"><span class='ocrx_word' id='word_1_644' title='bbox 2111 3803 2208 3874; x_wconf 74' lang='grc' dir='ltr'>τοῦ</span> <span class='ocrx_word' id='word_1_645' title='bbox 2238 3801 2394 3874; x_wconf 89' lang='lat' dir='ltr'>apud</span> <span class='ocrx_word' id='word_1_646' title='bbox 2423 3797 2833 3874; x_wconf 54' lang='lat' dir='ltr'>Millesiumfln</span> <span class='ocrx_word' id='word_1_647' title='bbox 2860 3801 2998 3874; x_wconf 62' lang='lat' dir='ltr'>Reg.</span> <span class='ocrx_word' id='word_1_648' title='bbox 3041 3798 3292 3874; x_wconf 79' lang='lat' dir='ltr'>habetur</span> <span class='ocrx_word' id='word_1_649' title='bbox 3318 3797 3755 3874; x_wconf 47' lang='lat' dir='ltr'>«occepachon-</span> 
     </span>
    </p>
   </div>
   <div class='ocr_carea' id='block_1_93' title="bbox 2111 3868 3757 3943">
    <p class='ocr_par' dir='ltr' id='par_1_93' title="bbox 2111 3868 3757 3943">
     <span class='ocr_line' id='line_1_93' title="bbox 2111 3868 3757 3943; baseline -0.002 -16"><span class='ocrx_word' id='word_1_650' title='bbox 2111 3868 2362 3927; x_wconf 86' lang='lat' dir='ltr'>formius</span> <span class='ocrx_word' id='word_1_651' title='bbox 2393 3873 2466 3927; x_wconf 92' lang='lat' dir='ltr'>ad</span> <span class='ocrx_word' id='word_1_652' title='bbox 2499 3874 2622 3927; x_wconf 92' lang='lat' dir='ltr'>Bib.</span> <span class='ocrx_word' id='word_1_653' title='bbox 2659 3876 2781 3928; x_wconf 91' lang='lat' dir='ltr'>Vat.</span> <span class='ocrx_word' id='word_1_654' title='bbox 2816 3872 2915 3926; x_wconf 91' lang='lat' dir='ltr'>ubi</span> <span class='ocrx_word' id='word_1_655' title='bbox 2951 3868 3213 3943; x_wconf 27' lang='lat' dir='ltr'>&#39;legiturﬁ</span> <span class='ocrx_word' id='word_1_656' title='bbox 3244 3868 3515 3943; x_wconf 68' lang='grc' dir='ltr'>πορφύρᾳ.</span> <span class='ocrx_word' id='word_1_657' title='bbox 3575 3871 3757 3924; x_wconf 89' lang='lat' dir='ltr'>Porro</span> 
     </span>
    </p>
   </div>
   <div class='ocr_carea' id='block_1_94' title="bbox 2114 3941 3757 4015">
    <p class='ocr_par' dir='ltr' id='par_1_94' title="bbox 2114 3941 3757 4015">
     <span class='ocr_line' id='line_1_94' title="bbox 2114 3941 3757 4015; baseline -0.002 -17"><span class='ocrx_word' id='word_1_658' title='bbox 2114 3944 2209 3998; x_wconf 93' lang='lat' dir='ltr'>hic</span> <span class='ocrx_word' id='word_1_659' title='bbox 2240 3944 2516 4015; x_wconf 85' lang='lat' dir='ltr'>Cyrillus,</span> <span class='ocrx_word' id='word_1_660' title='bbox 2548 3945 2636 4000; x_wconf 90' lang='lat' dir='ltr'>vel</span> <span class='ocrx_word' id='word_1_661' title='bbox 2670 3943 2917 4010; x_wconf 90' lang='lat' dir='ltr'>librarii,</span> <span class='ocrx_word' id='word_1_662' title='bbox 2979 3941 3498 4015; x_wconf 24' lang='lat' dir='ltr'>duosuScrip‘tura}</span> <span class='ocrx_word' id='word_1_663' title='bbox 3553 3957 3757 4015; x_wconf 83' lang='lat' dir='ltr'>versus</span> 
     </span>
    </p>
   </div>
   <div class='ocr_carea' id='block_1_95' title="bbox 2113 4008 3758 4072">
    <p class='ocr_par' dir='ltr' id='par_1_95' title="bbox 2113 4008 3758 4072">
     <span class='ocr_line' id='line_1_95' title="bbox 2113 4008 3758 4072; baseline -0.004 -1"><span class='ocrx_word' id='word_1_664' title='bbox 2113 4008 2528 4071; x_wconf 72' lang='lat' dir='ltr'>confuderunt.</span> <span class='ocrx_word' id='word_1_665' title='bbox 2565 4017 2656 4072; x_wconf 88' lang='lat' dir='ltr'>Sic</span> <span class='ocrx_word' id='word_1_666' title='bbox 2689 4017 2847 4071; x_wconf 89' lang='lat' dir='ltr'>enim</span> <span class='ocrx_word' id='word_1_667' title='bbox 2876 4008 3047 4069; x_wconf 86' lang='lat' dir='ltr'>estin</span> <span class='ocrx_word' id='word_1_668' title='bbox 3100 4008 3629 4067; x_wconf 56' lang='lat' dir='ltr'>Bibliis&#39;avaxlnov</span> <span class='ocrx_word' id='word_1_669' title='bbox 3665 4010 3758 4065; x_wconf 77' lang='grc' dir='ltr'>αὖ·</span> 
     </span>
    </p>
   </div>
   <div class='ocr_carea' id='block_1_96' title="bbox 2108 4081 3757 4158">
    <p class='ocr_par' dir='ltr' id='par_1_96' title="bbox 2108 4081 3757 4158">
     <span class='ocr_line' id='line_1_96' title="bbox 2108 4081 3757 4158; baseline -0.001 -17"><span class='ocrx_word' id='word_1_670' title='bbox 2108 4085 2486 4158; x_wconf 13' lang='grc' dir='ltr'>τοῦγχρύσεον·</span> <span class='ocrx_word' id='word_1_671' title='bbox 2548 4081 2798 4147; x_wconf 78' lang='grc' dir='ltr'>ἐπίϐασις</span> <span class='ocrx_word' id='word_1_672' title='bbox 2828 4086 2997 4140; x_wconf 77' lang='grc' dir='ltr'>αὐτο-ὅ</span> <span class='ocrx_word' id='word_1_673' title='bbox 3053 4088 3324 4158; x_wconf 63' lang='grc' dir='ltr'>πορφυρᾶΣ</span> <span class='ocrx_word' id='word_1_674' title='bbox 3386 4083 3651 4158; x_wconf 57' lang='grc' dir='ltr'>ᾂξιΐθῐδίιιδ⁸</span> <span class='ocrx_word' id='word_1_675' title='bbox 3697 4101 3757 4158; x_wconf 64' lang='lat' dir='ltr'>n.</span> 
     </span>
    </p>
   </div>
   <div class='ocr_carea' id='block_1_97' title="bbox 2114 4148 3759 4243">
    <p class='ocr_par' dir='ltr' id='par_1_97' title="bbox 2114 4148 3759 4243">
     <span class='ocr_line' id='line_1_97' title="bbox 2114 4148 3759 4243; baseline -0.004 -30"><span class='ocrx_word' id='word_1_676' title='bbox 2114 4163 2179 4213; x_wconf 84' lang='grc'><strong>12</strong></span> <span class='ocrx_word' id='word_1_677' title='bbox 2207 4148 2297 4243; x_wconf 59' lang='lat' dir='ltr'>bis</span> <span class='ocrx_word' id='word_1_678' title='bbox 2327 4159 2544 4232; x_wconf 86' lang='lat' dir='ltr'>repetit</span> <span class='ocrx_word' id='word_1_679' title='bbox 2572 4161 2827 4233; x_wconf 81' lang='lat' dir='ltr'>Cyrillus</span> <span class='ocrx_word' id='word_1_680' title='bbox 2855 4161 3016 4214; x_wconf 90' lang='lat' dir='ltr'>hunc</span> <span class='ocrx_word' id='word_1_681' title='bbox 3048 4148 3277 4212; x_wconf 57' lang='lat' dir='ltr'>Versum</span> <span class='ocrx_word' id='word_1_682' title='bbox 3307 4148 3555 4215; x_wconf 78' lang='grc' dir='ltr'>ἐπίϐασις</span> <span class='ocrx_word' id='word_1_683' title='bbox 3593 4152 3759 4208; x_wconf 78' lang='grc' dir='ltr'>αὖτοῦ</span> 
     </span>
    </p>
   </div>
   <div class='ocr_carea' id='block_1_98' title="bbox 2110 4249 2385 4286">
    <p class='ocr_par' dir='ltr' id='par_1_98' title="bbox 2110 4249 2385 4286">
     <span class='ocr_line' id='line_1_98' title="bbox 2110 4249 2385 4286; baseline 0.007 -2"><span class='ocrx_word' id='word_1_684' title='bbox 2110 4249 2385 4286; x_wconf 65' lang='grc' dir='ltr'>ποοωοιρα.</span> 
     </span>
    </p>
   </div>
   <div class='ocr_carea' id='block_1_99' title="bbox 2180 4249 3543 4375">
    <p class='ocr_par' dir='ltr' id='par_1_99' title="bbox 2180 4249 3543 4375">
     <span class='ocr_line' id='line_1_99' title="bbox 2180 4249 3543 4375; baseline -0.006 -18"><span class='ocrx_word' id='word_1_685' title='bbox 2180 4249 2610 4375; x_wconf 45' lang='grc' dir='ltr'>(ρὸῗἜ-ῗῖραλίοις.</span> <span class='ocrx_word' id='word_1_686' title='bbox 2645 4304 2710 4357; x_wconf 90' lang='lat' dir='ltr'>In</span> <span class='ocrx_word' id='word_1_687' title='bbox 2737 4307 2990 4373; x_wconf 87' lang='lat' dir='ltr'>utroque</span> <span class='ocrx_word' id='word_1_688' title='bbox 3021 4317 3157 4367; x_wconf 90' lang='lat' dir='ltr'>ms.,</span> <span class='ocrx_word' id='word_1_689' title='bbox 3189 4294 3543 4375; x_wconf 63' lang='grc' dir='ltr'>νῃφαλαίοις.</span> 
     </span>
    </p>
   </div>
   <div class='ocr_carea' id='block_1_100' title="bbox 2183 4372 3759 4444">
    <p class='ocr_par' dir='ltr' id='par_1_100' title="bbox 2183 4372 3759 4444">
     <span class='ocr_line' id='line_1_100' title="bbox 2183 4372 3759 4444; baseline -0.002 -16"><span class='ocrx_word' id='word_1_690' title='bbox 2183 4375 2260 4442; x_wconf 85' lang='grc'>(6)</span> <span class='ocrx_word' id='word_1_691' title='bbox 2286 4372 2470 4443; x_wconf 78' lang='lat' dir='ltr'>Neque</span> <span class='ocrx_word' id='word_1_692' title='bbox 2495 4391 2616 4428; x_wconf 89' lang='lat' dir='ltr'>eum</span> <span class='ocrx_word' id='word_1_693' title='bbox 2646 4376 2744 4444; x_wconf 79' lang='lat' dir='ltr'>qui</span> <span class='ocrx_word' id='word_1_694' title='bbox 2766 4372 3025 4436; x_wconf 70' lang='lat' dir='ltr'>exterius,</span> <span class='ocrx_word' id='word_1_695' title='bbox 3063 4377 3167 4426; x_wconf 88' lang='lat' dir='ltr'>etc.</span> <span class='ocrx_word' id='word_1_696' title='bbox 3200 4372 3440 4444; x_wconf 86' lang='lat' dir='ltr'>Parum</span> <span class='ocrx_word' id='word_1_697' title='bbox 3483 4374 3759 4444; x_wconf 67' lang='lat' dir='ltr'>accurata</span> 
     </span>
    </p>
   </div>
   <div class='ocr_carea' id='block_1_101' title="bbox 2110 4441 3760 4514">
    <p class='ocr_par' dir='ltr' id='par_1_101' title="bbox 2110 4441 3760 4514">
     <span class='ocr_line' id='line_1_101' title="bbox 2110 4441 3760 4514; baseline -0.002 -15"><span class='ocrx_word' id='word_1_698' title='bbox 2110 4448 2171 4499; x_wconf 92' lang='lat' dir='ltr'>et</span> <span class='ocrx_word' id='word_1_699' title='bbox 2199 4441 2558 4501; x_wconf 73' lang='lat' dir='ltr'>Nestorianaa</span> <span class='ocrx_word' id='word_1_700' title='bbox 2591 4441 2803 4500; x_wconf 79' lang='lat' dir='ltr'>similis</span> <span class='ocrx_word' id='word_1_701' title='bbox 2831 4444 3050 4499; x_wconf 89' lang='lat' dir='ltr'>locutio</span> <span class='ocrx_word' id='word_1_702' title='bbox 3077 4460 3090 4497; x_wconf 92' lang='lat'><strong>:</strong></span> <span class='ocrx_word' id='word_1_703' title='bbox 3118 4443 3212 4498; x_wconf 93' lang='lat' dir='ltr'>cui</span> <span class='ocrx_word' id='word_1_704' title='bbox 3243 4442 3481 4514; x_wconf 83' lang='lat' dir='ltr'>gemina</span> <span class='ocrx_word' id='word_1_705' title='bbox 3495 4441 3760 4514; x_wconf 58' lang='lat' dir='ltr'>acsimilg</span> 
     </span>
    </p>
   </div>
   <div class='ocr_carea' id='block_1_102' title="bbox 2110 4512 3756 4583">
    <p class='ocr_par' dir='ltr' id='par_1_102' title="bbox 2110 4512 3756 4583">
     <span class='ocr_line' id='line_1_102' title="bbox 2110 4512 3756 4583; baseline -0.002 -13"><span class='ocrx_word' id='word_1_706' title='bbox 2110 4515 2255 4572; x_wconf 92' lang='lat' dir='ltr'>lima</span> <span class='ocrx_word' id='word_1_707' title='bbox 2271 4516 2525 4570; x_wconf 89' lang='lat' dir='ltr'>habetur</span> <span class='ocrx_word' id='word_1_708' title='bbox 2540 4521 2746 4576; x_wconf 83' lang='lat' dir='ltr'>cat.H.</span> <span class='ocrx_word' id='word_1_709' title='bbox 2772 4533 2830 4571; x_wconf 91' lang='lat' dir='ltr'>n.</span> <span class='ocrx_word' id='word_1_710' title='bbox 2856 4519 2943 4570; x_wconf 84' lang='lat'>20.</span> <span class='ocrx_word' id='word_1_711' title='bbox 2960 4536 2980 4563; x_wconf 77' lang='grc' dir='ltr'>α</span> <span class='ocrx_word' id='word_1_712' title='bbox 3002 4517 3082 4569; x_wconf 91' lang='lat' dir='ltr'>Ne</span> <span class='ocrx_word' id='word_1_713' title='bbox 3104 4512 3376 4570; x_wconf 79' lang='lat' dir='ltr'>attendas</span> <span class='ocrx_word' id='word_1_714' title='bbox 3401 4513 3473 4568; x_wconf 89' lang='lat' dir='ltr'>ad</span> <span class='ocrx_word' id='word_1_715' title='bbox 3497 4529 3632 4568; x_wconf 90' lang='lat' dir='ltr'>eum</span> <span class='ocrx_word' id='word_1_716' title='bbox 3655 4512 3756 4583; x_wconf 90' lang='lat' dir='ltr'>qui</span> 
     </span>
    </p>
   </div>
   <div class='ocr_carea' id='block_1_103' title="bbox 2110 4584 3757 4654">
    <p class='ocr_par' dir='ltr' id='par_1_103' title="bbox 2110 4584 3757 4654">
     <span class='ocr_line' id='line_1_103' title="bbox 2110 4584 3757 4654; baseline -0.004 -11"><span class='ocrx_word' id='word_1_717' title='bbox 2110 4610 2138 4637; x_wconf 88' lang='grc'>‹‹</span> <span class='ocrx_word' id='word_1_718' title='bbox 2163 4594 2496 4643; x_wconf 90' lang='lat' dir='ltr'>nuncortus</span> <span class='ocrx_word' id='word_1_719' title='bbox 2510 4593 2677 4643; x_wconf 85' lang='lat' dir='ltr'>estex</span> <span class='ocrx_word' id='word_1_720' title='bbox 2710 4588 3032 4646; x_wconf 81' lang='lat' dir='ltr'>Bethleem.</span> <span class='ocrx_word' id='word_1_721' title='bbox 3063 4603 3264 4641; x_wconf 86' lang='lat' dir='ltr'>verum</span> <span class='ocrx_word' id='word_1_722' title='bbox 3295 4586 3624 4641; x_wconf 89' lang='lat' dir='ltr'>adoraeum</span> <span class='ocrx_word' id='word_1_723' title='bbox 3656 4584 3757 4654; x_wconf 91' lang='lat' dir='ltr'>qui</span> 
     </span>
    </p>
   </div>
   <div class='ocr_carea' id='block_1_104' title="bbox 2114 4655 3758 4731">
    <p class='ocr_par' dir='ltr' id='par_1_104' title="bbox 2114 4655 3758 4731">
     <span class='ocr_line' id='line_1_104' title="bbox 2114 4655 3758 4731; baseline -0.004 -16"><span class='ocrx_word' id='word_1_724' title='bbox 2114 4679 2136 4707; x_wconf 73' lang='grc' dir='ltr'>ι</span> <span class='ocrx_word' id='word_1_725' title='bbox 2161 4659 2517 4731; x_wconf 86' lang='lat' dir='ltr'>sempiterno</span> <span class='ocrx_word' id='word_1_726' title='bbox 2533 4676 2600 4714; x_wconf 88' lang='lat' dir='ltr'>ex</span> <span class='ocrx_word' id='word_1_727' title='bbox 2624 4662 2794 4715; x_wconf 88' lang='lat' dir='ltr'>Patre</span> <span class='ocrx_word' id='word_1_728' title='bbox 2807 4659 3173 4731; x_wconf 76' lang='lat' dir='ltr'>genitusest.</span> <span class='ocrx_word' id='word_1_729' title='bbox 3218 4679 3246 4707; x_wconf 84' lang='grc'>››</span> <span class='ocrx_word' id='word_1_730' title='bbox 3277 4655 3758 4731; x_wconf 69' lang='lat' dir='ltr'>Harumlocutic-</span> 
     </span>
    </p>
   </div>
   <div class='ocr_carea' id='block_1_105' title="bbox 2109 4726 3755 4786">
    <p class='ocr_par' dir='ltr' id='par_1_105' title="bbox 2109 4726 3755 4786">
     <span class='ocr_line' id='line_1_105' title="bbox 2109 4726 3755 4786; baseline -0.004 0"><span class='ocrx_word' id='word_1_731' title='bbox 2109 4748 2253 4786; x_wconf 91' lang='lat' dir='ltr'>num</span> <span class='ocrx_word' id='word_1_732' title='bbox 2279 4726 2682 4786; x_wconf 78' lang='lat' dir='ltr'>innocentiam</span> <span class='ocrx_word' id='word_1_733' title='bbox 2711 4732 2773 4785; x_wconf 93' lang='lat' dir='ltr'>in</span> <span class='ocrx_word' id='word_1_734' title='bbox 2804 4726 2961 4785; x_wconf 74' lang='lat' dir='ltr'>notis</span> <span class='ocrx_word' id='word_1_735' title='bbox 2992 4728 3066 4784; x_wconf 92' lang='lat' dir='ltr'>ad</span> <span class='ocrx_word' id='word_1_736' title='bbox 3097 4730 3255 4784; x_wconf 91' lang='lat' dir='ltr'>hunc</span> <span class='ocrx_word' id='word_1_737' title='bbox 3277 4729 3473 4783; x_wconf 91' lang='lat' dir='ltr'>locum</span> <span class='ocrx_word' id='word_1_738' title='bbox 3487 4726 3755 4782; x_wconf 89' lang='lat' dir='ltr'>ostendi-</span> 
     </span>
    </p>
   </div>
   <div class='ocr_carea' id='block_1_106' title="bbox 355 4799 3755 4883">
    <p class='ocr_par' dir='ltr' id='par_1_106' title="bbox 355 4799 3755 4883">
     <span class='ocr_line' id='line_1_106' title="bbox 355 4799 3755 4883; baseline -0.001 -28"><span class='ocrx_word' id='word_1_739' title='bbox 355 4799 534 4865; x_wconf 78' lang='lat' dir='ltr'>linus,</span> <span class='ocrx_word' id='word_1_740' title='bbox 572 4803 742 4883; x_wconf 80' lang='lat' dir='ltr'>epist.</span> <span class='ocrx_word' id='word_1_741' title='bbox 778 4804 867 4883; x_wconf 57' lang='lat' dir='ltr'>3g,</span> <span class='ocrx_word' id='word_1_742' title='bbox 903 4799 1192 4883; x_wconf 39' lang='lat' dir='ltr'>num—2.3.</span> <span class='ocrx_word' id='word_1_743' title='bbox 1230 4799 1341 4856; x_wconf 54' lang='lat' dir='ltr'>&#39;vel</span> <span class='ocrx_word' id='word_1_744' title='bbox 1375 4799 1615 4883; x_wconf 37' lang='lat' dir='ltr'>de&#39;alic&#39;,</span> <span class='ocrx_word' id='word_1_745' title='bbox 1649 4799 1744 4883; x_wconf 78' lang='lat' dir='ltr'>cui</span> <span class='ocrx_word' id='word_1_746' title='bbox 1803 4801 1998 4883; x_wconf 86' lang='lat' dir='ltr'>simile</span> <span class='ocrx_word' id='word_1_747' title='bbox 2030 4819 2074 4883; x_wconf 83' lang='lat' dir='ltr'><strong>D</strong></span> <span class='ocrx_word' id='word_1_748' title='bbox 2108 4820 2279 4883; x_wconf 75' lang='lat' dir='ltr'>mus:</span> <span class='ocrx_word' id='word_1_749' title='bbox 2313 4809 2582 4883; x_wconf 83' lang='lat' dir='ltr'>atque,ut</span> <span class='ocrx_word' id='word_1_750' title='bbox 2602 4809 2807 4883; x_wconf 79' lang='lat' dir='ltr'>notum</span> <span class='ocrx_word' id='word_1_751' title='bbox 2831 4805 3082 4883; x_wconf 80' lang='lat' dir='ltr'>est,ante</span> <span class='ocrx_word' id='word_1_752' title='bbox 3100 4800 3506 4883; x_wconf 42' lang='lat' dir='ltr'>N‘e&#39;s‘toriana‘rp</span> <span class='ocrx_word' id='word_1_753' title='bbox 3521 4804 3755 4883; x_wconf 66' lang='lat' dir='ltr'>atatem</span> 
     </span>
    </p>
   </div>
   <div class='ocr_carea' id='block_1_107' title="bbox 353 4873 2000 4944">
    <p class='ocr_par' dir='ltr' id='par_1_107' title="bbox 353 4873 2000 4944">
     <span class='ocr_line' id='line_1_107' title="bbox 353 4873 2000 4944; baseline 0 -17"><span class='ocrx_word' id='word_1_754' title='bbox 353 4881 716 4944; x_wconf 68' lang='lat' dir='ltr'>prseceptum</span> <span class='ocrx_word' id='word_1_755' title='bbox 748 4891 782 4928; x_wconf 92' lang='lat' dir='ltr'>a</span> <span class='ocrx_word' id='word_1_756' title='bbox 810 4874 1040 4928; x_wconf 87' lang='lat' dir='ltr'>Christo</span> <span class='ocrx_word' id='word_1_757' title='bbox 1071 4874 1274 4928; x_wconf 90' lang='lat' dir='ltr'>datum</span> <span class='ocrx_word' id='word_1_758' title='bbox 1306 4878 1413 4938; x_wconf 87' lang='lat' dir='ltr'>est,</span> <span class='ocrx_word' id='word_1_759' title='bbox 1448 4873 1702 4944; x_wconf 86' lang='lat' dir='ltr'>explicat</span> <span class='ocrx_word' id='word_1_760' title='bbox 1761 4879 2000 4928; x_wconf 89' lang='lat' dir='ltr'>sanctus</span> 
     </span>
    </p>
   </div>
   <div class='ocr_carea' id='block_1_108' title="bbox 356 4945 2004 5014">
    <p class='ocr_par' dir='ltr' id='par_1_108' title="bbox 356 4945 2004 5014">
     <span class='ocr_line' id='line_1_108' title="bbox 356 4945 2004 5014; baseline -0.002 -14"><span class='ocrx_word' id='word_1_761' title='bbox 356 4946 640 5000; x_wconf 85' lang='lat' dir='ltr'>Maximus</span> <span class='ocrx_word' id='word_1_762' title='bbox 679 4946 1062 5000; x_wconf 89' lang='lat' dir='ltr'>Taurinensis</span> <span class='ocrx_word' id='word_1_763' title='bbox 1095 4946 1252 4999; x_wconf 90' lang='lat' dir='ltr'>hom.</span> <span class='ocrx_word' id='word_1_764' title='bbox 1288 4945 1415 5011; x_wconf 72' lang='lat' dir='ltr'>i,in</span> <span class='ocrx_word' id='word_1_765' title='bbox 1447 4961 1564 5014; x_wconf 91' lang='lat' dir='ltr'>qua</span> <span class='ocrx_word' id='word_1_766' title='bbox 1584 4945 1803 5000; x_wconf 82' lang='lat' dir='ltr'>factum</span> <span class='ocrx_word' id='word_1_767' title='bbox 1827 4945 1910 4999; x_wconf 89' lang='lat' dir='ltr'>ait</span> <span class='ocrx_word' id='word_1_768' title='bbox 1939 4950 2004 4998; x_wconf 91' lang='lat' dir='ltr'>ut</span> 
     </span>
    </p>
   </div>
   <div class='ocr_carea' id='block_1_109' title="bbox 356 5017 2004 5087">
    <p class='ocr_par' dir='ltr' id='par_1_109' title="bbox 356 5017 2004 5087">
     <span class='ocr_line' id='line_1_109' title="bbox 356 5017 2004 5087; baseline -0.001 -15"><span class='ocrx_word' id='word_1_769' title='bbox 356 5018 716 5087; x_wconf 90' lang='lat' dir='ltr'>paralyticus</span> <span class='ocrx_word' id='word_1_770' title='bbox 746 5019 861 5072; x_wconf 81' lang='lat' dir='ltr'>vice</span> <span class='ocrx_word' id='word_1_771' title='bbox 896 5033 1051 5072; x_wconf 84' lang='lat' dir='ltr'>versa</span> <span class='ocrx_word' id='word_1_772' title='bbox 1074 5022 1326 5086; x_wconf 81' lang='lat' dir='ltr'>portaret</span> <span class='ocrx_word' id='word_1_773' title='bbox 1358 5017 1552 5070; x_wconf 83' lang='lat' dir='ltr'>lectum</span> <span class='ocrx_word' id='word_1_774' title='bbox 1589 5021 1649 5072; x_wconf 82' lang='lat' dir='ltr'>in</span> <span class='ocrx_word' id='word_1_775' title='bbox 1680 5033 1788 5086; x_wconf 89' lang='lat' dir='ltr'>quo</span> <span class='ocrx_word' id='word_1_776' title='bbox 1816 5020 2004 5085; x_wconf 79' lang='lat' dir='ltr'>fuerat</span> 
     </span>
    </p>
   </div>
   <div class='ocr_carea' id='block_1_110' title="bbox 349 5087 2002 5159">
    <p class='ocr_par' dir='ltr' id='par_1_110' title="bbox 349 5087 2002 5159">
     <span class='ocr_line' id='line_1_110' title="bbox 349 5087 2002 5159; baseline -0.001 -16"><span class='ocrx_word' id='word_1_777' title='bbox 349 5089 524 5159; x_wconf 82' lang='lat' dir='ltr'>paulo</span> <span class='ocrx_word' id='word_1_778' title='bbox 555 5096 683 5143; x_wconf 83' lang='lat' dir='ltr'>ante</span> <span class='ocrx_word' id='word_1_779' title='bbox 699 5093 950 5159; x_wconf 79' lang='lat' dir='ltr'>portatus</span> <span class='ocrx_word' id='word_1_780' title='bbox 970 5105 991 5150; x_wconf 80' lang='lat'>,°</span> <span class='ocrx_word' id='word_1_781' title='bbox 1017 5093 1069 5141; x_wconf 85' lang='lat' dir='ltr'>et</span> <span class='ocrx_word' id='word_1_782' title='bbox 1097 5090 1286 5140; x_wconf 84' lang='lat' dir='ltr'>anima</span> <span class='ocrx_word' id='word_1_783' title='bbox 1342 5087 1513 5150; x_wconf 79' lang='lat' dir='ltr'>illius,</span> <span class='ocrx_word' id='word_1_784' title='bbox 1575 5104 1696 5158; x_wconf 70' lang='lat' dir='ltr'>quae</span> <span class='ocrx_word' id='word_1_785' title='bbox 1719 5090 1880 5157; x_wconf 79' lang='lat' dir='ltr'>prius</span> <span class='ocrx_word' id='word_1_786' title='bbox 1907 5104 2002 5142; x_wconf 83' lang='lat' dir='ltr'>va-</span> 
     </span>
    </p>
   </div>
   <div class='ocr_carea' id='block_1_111' title="bbox 352 5160 2004 5229">
    <p class='ocr_par' dir='ltr' id='par_1_111' title="bbox 352 5160 2004 5229">
     <span class='ocr_line' id='line_1_111' title="bbox 352 5160 2004 5229; baseline -0.002 -14"><span class='ocrx_word' id='word_1_787' title='bbox 352 5160 504 5215; x_wconf 87' lang='lat' dir='ltr'>sculo</span> <span class='ocrx_word' id='word_1_788' title='bbox 535 5162 781 5229; x_wconf 81' lang='lat' dir='ltr'>corporis</span> <span class='ocrx_word' id='word_1_789' title='bbox 810 5161 1117 5227; x_wconf 70' lang='lat' dir='ltr'>fm&#39;abatur.</span> <span class='ocrx_word' id='word_1_790' title='bbox 1171 5163 1364 5229; x_wconf 83' lang='lat' dir='ltr'>postea</span> <span class='ocrx_word' id='word_1_791' title='bbox 1415 5175 1614 5227; x_wconf 71' lang='lat' dir='ltr'>corpus</span> <span class='ocrx_word' id='word_1_792' title='bbox 1661 5174 1818 5213; x_wconf 86' lang='lat' dir='ltr'>suum</span> <span class='ocrx_word' id='word_1_793' title='bbox 1875 5161 2004 5228; x_wconf 78' lang='lat' dir='ltr'>ipsa</span> 
     </span>
    </p>
   </div>
   <div class='ocr_carea' id='block_1_112' title="bbox 353 5228 2003 5298">
    <p class='ocr_par' dir='ltr' id='par_1_112' title="bbox 353 5228 2003 5298">
     <span class='ocr_line' id='line_1_112' title="bbox 353 5228 2003 5298; baseline 0 -14"><span class='ocrx_word' id='word_1_794' title='bbox 353 5231 550 5286; x_wconf 78' lang='lat' dir='ltr'>utilius</span> <span class='ocrx_word' id='word_1_795' title='bbox 580 5228 976 5298; x_wconf 75' lang='lat' dir='ltr'>circumferret.</span> <span class='ocrx_word' id='word_1_796' title='bbox 1002 5229 1220 5283; x_wconf 89' lang='lat' dir='ltr'>Eadem</span> <span class='ocrx_word' id='word_1_797' title='bbox 1241 5228 1364 5282; x_wconf 84' lang='lat' dir='ltr'>fere</span> <span class='ocrx_word' id='word_1_798' title='bbox 1381 5235 1729 5284; x_wconf 72' lang='lat' dir='ltr'>czeterorum</span> <span class='ocrx_word' id='word_1_799' title='bbox 1762 5232 2003 5284; x_wconf 87' lang='lat' dir='ltr'>Patrum</span> 
     </span>
    </p>
   </div>
   <div class='ocr_carea' id='block_1_113' title="bbox 353 5299 2000 5372">
    <p class='ocr_par' dir='ltr' id='par_1_113' title="bbox 353 5299 2000 5372">
     <span class='ocr_line' id='line_1_113' title="bbox 353 5299 2000 5372; baseline -0.002 -16"><span class='ocrx_word' id='word_1_800' title='bbox 353 5301 765 5372; x_wconf 74' lang='lat' dir='ltr'>interpretatio</span> <span class='ocrx_word' id='word_1_801' title='bbox 786 5306 892 5354; x_wconf 87' lang='lat' dir='ltr'>est.</span> <span class='ocrx_word' id='word_1_802' title='bbox 912 5301 1040 5372; x_wconf 86' lang='lat' dir='ltr'>Legi</span> <span class='ocrx_word' id='word_1_803' title='bbox 1058 5299 1445 5372; x_wconf 85' lang='lat' dir='ltr'>possetetiam</span> <span class='ocrx_word' id='word_1_804' title='bbox 1477 5301 1537 5354; x_wconf 92' lang='lat' dir='ltr'>in</span> <span class='ocrx_word' id='word_1_805' title='bbox 1562 5299 1872 5371; x_wconf 54' lang='lat' dir='ltr'>Cyrillosrci</span> <span class='ocrx_word' id='word_1_806' title='bbox 1899 5321 2000 5353; x_wconf 89' lang='grc' dir='ltr'>πο-</span> 
     </span>
    </p>
   </div>
   <div class='ocr_carea' id='block_1_114' title="bbox 354 5320 1996 5445">
    <p class='ocr_par' dir='ltr' id='par_1_114' title="bbox 354 5320 1996 5445">
     <span class='ocr_line' id='line_1_114' title="bbox 354 5320 1996 5372; baseline -0.002 -17"><span class='ocrx_word' id='word_1_807' title='bbox 354 5320 511 5356; x_wconf 79' lang='grc' dir='ltr'>ιηιθῐ·</span> <span class='ocrx_word' id='word_1_808' title='bbox 557 5320 765 5356; x_wconf 79' lang='lat' dir='ltr'>retauo</span> <span class='ocrx_word' id='word_1_809' title='bbox 786 5320 892 5354; x_wconf 70' lang='grc' dir='ltr'>ρει.</span> <span class='ocrx_word' id='word_1_810' title='bbox 913 5320 1040 5372; x_wconf 75' lang='lat' dir='ltr'>Legi</span> <span class='ocrx_word' id='word_1_811' title='bbox 1058 5320 1445 5370; x_wconf 78' lang='lat' dir='ltr'>posseteuam</span> <span class='ocrx_word' id='word_1_812' title='bbox 1477 5320 1537 5354; x_wconf 83' lang='lat' dir='ltr'>In</span> <span class='ocrx_word' id='word_1_813' title='bbox 1562 5320 1872 5371; x_wconf 51' lang='lat' dir='ltr'>byriuoxa</span> <span class='ocrx_word' id='word_1_814' title='bbox 1899 5321 1996 5353; x_wconf 89' lang='grc' dir='ltr'>πο-</span> 
     </span>
     <span class='ocr_line' id='line_1_115' title="bbox 354 5320 1996 5445; baseline 0.001 -20"><span class='ocrx_word' id='word_1_815' title='bbox 354 5320 622 5445; x_wconf 53' lang='grc' dir='ltr'>λυχρῖνιά</span> <span class='ocrx_word' id='word_1_816' title='bbox 652 5393 747 5425; x_wconf 87' lang='grc' dir='ltr'>σου</span> <span class='ocrx_word' id='word_1_817' title='bbox 783 5371 1153 5442; x_wconf 73' lang='grc' dir='ltr'>βάστάγματα,</span> <span class='ocrx_word' id='word_1_818' title='bbox 1186 5371 1454 5445; x_wconf 73' lang='lat' dir='ltr'>diuturna</span> <span class='ocrx_word' id='word_1_819' title='bbox 1491 5373 1686 5445; x_wconf 82' lang='lat' dir='ltr'>quibus</span> <span class='ocrx_word' id='word_1_820' title='bbox 1730 5372 1996 5440; x_wconf 85' lang='lat' dir='ltr'>degrava-</span> 
     </span>
    </p>
   </div>
   <div class='ocr_carea' id='block_1_115' title="bbox 351 5441 1998 5514">
    <p class='ocr_par' dir='ltr' id='par_1_115' title="bbox 351 5441 1998 5514">
     <span class='ocr_line' id='line_1_116' title="bbox 351 5441 1998 5514; baseline -0.001 -15"><span class='ocrx_word' id='word_1_821' title='bbox 351 5441 522 5500; x_wconf 55' lang='lat' dir='ltr'>tus&#39;es</span> <span class='ocrx_word' id='word_1_822' title='bbox 551 5461 736 5506; x_wconf 86' lang='lat' dir='ltr'>onera,</span> <span class='ocrx_word' id='word_1_823' title='bbox 770 5441 1145 5514; x_wconf 80' lang='lat' dir='ltr'>peccatorum</span> <span class='ocrx_word' id='word_1_824' title='bbox 1176 5441 1467 5514; x_wconf 78' lang='lat' dir='ltr'>videlicet.</span> <span class='ocrx_word' id='word_1_825' title='bbox 1502 5444 1689 5514; x_wconf 81' lang='lat' dir='ltr'>Supra</span> <span class='ocrx_word' id='word_1_826' title='bbox 1718 5445 1998 5514; x_wconf 79' lang='lat' dir='ltr'>enimdi-</span> 
     </span>
    </p>
   </div>
   <div class='ocr_carea' id='block_1_116' title="bbox 348 5507 1999 5586">
    <p class='ocr_par' dir='ltr' id='par_1_116' title="bbox 348 5507 1999 5586">
     <span class='ocr_line' id='line_1_117' title="bbox 348 5507 1999 5586; baseline -0.003 -16"><span class='ocrx_word' id='word_1_827' title='bbox 348 5515 435 5570; x_wconf 82' lang='lat' dir='ltr'>xit</span> <span class='ocrx_word' id='word_1_828' title='bbox 465 5532 630 5570; x_wconf 89' lang='lat' dir='ltr'>num.</span> <span class='ocrx_word' id='word_1_829' title='bbox 666 5519 722 5586; x_wconf 52' lang='grc' dir='ltr'><em>ρ,</em></span> <span class='ocrx_word' id='word_1_830' title='bbox 745 5507 1024 5586; x_wconf 64' lang='grc' dir='ltr'>ἀίιαρτιῶν</span> <span class='ocrx_word' id='word_1_831' title='bbox 1056 5507 1176 5585; x_wconf 62' lang='grc' dir='ltr'>εἶχε</span> <span class='ocrx_word' id='word_1_832' title='bbox 1206 5507 1349 5586; x_wconf 77' lang='grc' dir='ltr'>πολὺ</span> <span class='ocrx_word' id='word_1_833' title='bbox 1380 5507 1623 5586; x_wconf 67' lang='grc' dir='ltr'>φορτίον,</span> <span class='ocrx_word' id='word_1_834' title='bbox 1672 5514 1764 5568; x_wconf 88' lang='lat' dir='ltr'>vel</span> <span class='ocrx_word' id='word_1_835' title='bbox 1820 5512 1999 5567; x_wconf 81' lang='grc' dir='ltr'>πολύ-</span> 
     </span>
    </p>
   </div>
   <div class='ocr_carea' id='block_1_117' title="bbox 350 5582 1994 5659">
    <p class='ocr_par' dir='ltr' id='par_1_117' title="bbox 350 5582 1994 5659">
     <span class='ocr_line' id='line_1_118' title="bbox 350 5582 1994 5659; baseline 0.002 -22"><span class='ocrx_word' id='word_1_836' title='bbox 350 5582 952 5659; x_wconf 19' lang='grc' dir='ltr'>φρρτον...γάλγηδό”να.</span> <span class='ocrx_word' id='word_1_837' title='bbox 986 5582 1121 5641; x_wconf 83' lang='lat' dir='ltr'>Alia</span> <span class='ocrx_word' id='word_1_838' title='bbox 1136 5582 1404 5656; x_wconf 77' lang='lat' dir='ltr'>quisque</span> <span class='ocrx_word' id='word_1_839' title='bbox 1434 5582 1539 5658; x_wconf 84' lang='lat' dir='ltr'>pro</span> <span class='ocrx_word' id='word_1_840' title='bbox 1587 5586 1779 5641; x_wconf 90' lang='lat' dir='ltr'>lubitu</span> <span class='ocrx_word' id='word_1_841' title='bbox 1806 5586 1994 5658; x_wconf 89' lang='lat' dir='ltr'>conji-</span> 
     </span>
    </p>
   </div>
   <div class='ocr_carea' id='block_1_118' title="bbox 355 5658 857 5714">
    <p class='ocr_par' dir='ltr' id='par_1_118' title="bbox 355 5658 857 5714">
     <span class='ocr_line' id='line_1_119' title="bbox 355 5658 857 5714; baseline -0.002 0"><span class='ocrx_word' id='word_1_842' title='bbox 355 5658 474 5714; x_wconf 81' lang='lat' dir='ltr'>Ciat</span> <span class='ocrx_word' id='word_1_843' title='bbox 499 5659 587 5712; x_wconf 90' lang='lat' dir='ltr'>vel</span> <span class='ocrx_word' id='word_1_844' title='bbox 615 5658 857 5713; x_wconf 89' lang='lat' dir='ltr'>divinet.</span> 
     </span>
    </p>
   </div>
   <div class='ocr_carea' id='block_1_119' title="bbox 419 5728 1982 5806">
    <p class='ocr_par' dir='ltr' id='par_1_119' title="bbox 419 5728 1982 5806">
     <span class='ocr_line' id='line_1_120' title="bbox 419 5728 1982 5806; baseline 0 -20"><span class='ocrx_word' id='word_1_845' title='bbox 419 5730 496 5803; x_wconf 79' lang='grc'>(4)</span> <span class='ocrx_word' id='word_1_846' title='bbox 527 5730 586 5786; x_wconf 89' lang='lat'>&#39;0</span> <span class='ocrx_word' id='word_1_847' title='bbox 620 5730 836 5806; x_wconf 73' lang='grc' dir='ltr'>Σωτήρ.</span> <span class='ocrx_word' id='word_1_848' title='bbox 897 5731 1071 5786; x_wconf 90' lang='lat' dir='ltr'>Deest</span> <span class='ocrx_word' id='word_1_849' title='bbox 1123 5743 1193 5784; x_wconf 89' lang='lat' dir='ltr'>ea</span> <span class='ocrx_word' id='word_1_850' title='bbox 1221 5743 1328 5785; x_wconf 84' lang='lat' dir='ltr'>vox</span> <span class='ocrx_word' id='word_1_851' title='bbox 1357 5728 1420 5786; x_wconf 90' lang='lat' dir='ltr'>in</span> <span class='ocrx_word' id='word_1_852' title='bbox 1450 5732 1587 5804; x_wconf 79' lang='lat' dir='ltr'>Reg.</span> <span class='ocrx_word' id='word_1_853' title='bbox 1635 5730 1764 5787; x_wconf 89' lang='lat' dir='ltr'>cod.</span> <span class='ocrx_word' id='word_1_854' title='bbox 1799 5729 1982 5787; x_wconf 87' lang='lat' dir='ltr'>Paulo</span> 
     </span>
    </p>
   </div>
   <div class='ocr_carea' id='block_1_120' title="bbox 2109 4870 3754 4945">
    <p class='ocr_par' dir='ltr' id='par_1_120' title="bbox 2109 4870 3754 4945">
     <span class='ocr_line' id='line_1_121' title="bbox 2109 4870 3754 4945; baseline -0.003 -17"><span class='ocrx_word' id='word_1_855' title='bbox 2109 4870 2607 4945; x_wconf 77' lang='lat' dir='ltr'>frequentissimm</span> <span class='ocrx_word' id='word_1_856' title='bbox 2627 4874 2983 4928; x_wconf 83' lang='lat' dir='ltr'>exstiterunt</span> <span class='ocrx_word' id='word_1_857' title='bbox 3003 4870 3160 4942; x_wconf 88' lang='lat' dir='ltr'>apud</span> <span class='ocrx_word' id='word_1_858' title='bbox 3178 4872 3400 4933; x_wconf 88' lang='lat' dir='ltr'>Patres,</span> <span class='ocrx_word' id='word_1_859' title='bbox 3425 4871 3562 4945; x_wconf 88' lang='lat' dir='ltr'>illos</span> <span class='ocrx_word' id='word_1_860' title='bbox 3576 4871 3754 4924; x_wconf 90' lang='lat' dir='ltr'>etiam</span> 
     </span>
    </p>
   </div>
   <div class='ocr_carea' id='block_1_121' title="bbox 2113 4941 3755 5018">
    <p class='ocr_par' dir='ltr' id='par_1_121' title="bbox 2113 4941 3755 5018">
     <span class='ocr_line' id='line_1_122' title="bbox 2113 4941 3755 5018; baseline -0.004 -18"><span class='ocrx_word' id='word_1_861' title='bbox 2113 4941 2305 5017; x_wconf 39' lang='lat' dir='ltr'>qui—et</span> <span class='ocrx_word' id='word_1_862' title='bbox 2327 4947 2511 5018; x_wconf 83' lang='lat' dir='ltr'>magis</span> <span class='ocrx_word' id='word_1_863' title='bbox 2531 4945 2866 5018; x_wconf 63' lang='lat' dir='ltr'>orthodoer</span> <span class='ocrx_word' id='word_1_864' title='bbox 2895 4941 3324 5018; x_wconf 32' lang='lat' dir='ltr'>senserunttet</span> <span class='ocrx_word' id='word_1_865' title='bbox 3371 4941 3557 5014; x_wconf 85' lang='lat' dir='ltr'>magis</span> <span class='ocrx_word' id='word_1_866' title='bbox 3585 4947 3755 5018; x_wconf 72' lang='lat' dir='ltr'>caute</span> 
     </span>
    </p>
   </div>
   <div class='ocr_carea' id='block_1_122' title="bbox 2113 5014 3756 5088">
    <p class='ocr_par' dir='ltr' id='par_1_122' title="bbox 2113 5014 3756 5088">
     <span class='ocr_line' id='line_1_123' title="bbox 2113 5014 3756 5088; baseline -0.003 -16"><span class='ocrx_word' id='word_1_867' title='bbox 2113 5014 2502 5088; x_wconf 77' lang='lat' dir='ltr'>accurateque</span> <span class='ocrx_word' id='word_1_868' title='bbox 2523 5023 2662 5071; x_wconf 90' lang='lat' dir='ltr'>sunt</span> <span class='ocrx_word' id='word_1_869' title='bbox 2692 5017 2967 5088; x_wconf 86' lang='lat' dir='ltr'>locuti,ut</span> <span class='ocrx_word' id='word_1_870' title='bbox 2987 5017 3154 5088; x_wconf 80' lang='lat' dir='ltr'>Greg.</span> <span class='ocrx_word' id='word_1_871' title='bbox 3206 5017 3622 5088; x_wconf 75' lang='lat' dir='ltr'>Nyssenus,_et</span> <span class='ocrx_word' id='word_1_872' title='bbox 3652 5014 3756 5088; x_wconf 61' lang='lat' dir='ltr'>Na-</span> 
     </span>
    </p>
   </div>
   <div class='ocr_carea' id='block_1_123' title="bbox 2112 5084 3757 5158">
    <p class='ocr_par' dir='ltr' id='par_1_123' title="bbox 2112 5084 3757 5158">
     <span class='ocr_line' id='line_1_124' title="bbox 2112 5084 3757 5158; baseline -0.002 -15"><span class='ocrx_word' id='word_1_873' title='bbox 2112 5084 2438 5143; x_wconf 76' lang='lat' dir='ltr'>zianzenus.</span> <span class='ocrx_word' id='word_1_874' title='bbox 2472 5090 2537 5142; x_wconf 92' lang='lat' dir='ltr'>In</span> <span class='ocrx_word' id='word_1_875' title='bbox 2569 5090 2680 5143; x_wconf 92' lang='lat' dir='ltr'>hoc</span> <span class='ocrx_word' id='word_1_876' title='bbox 2708 5093 2905 5142; x_wconf 90' lang='lat' dir='ltr'>autem</span> <span class='ocrx_word' id='word_1_877' title='bbox 2937 5087 3065 5158; x_wconf 90' lang='lat' dir='ltr'>ipso</span> <span class='ocrx_word' id='word_1_878' title='bbox 3088 5084 3217 5141; x_wconf 79' lang='lat' dir='ltr'>loco</span> <span class='ocrx_word' id='word_1_879' title='bbox 3239 5085 3494 5158; x_wconf 72' lang='lat' dir='ltr'>Cyrillus</span> <span class='ocrx_word' id='word_1_880' title='bbox 3523 5084 3757 5158; x_wconf 34' lang='lat' dir='ltr'>deﬁho-</span> 
     </span>
    </p>
   </div>
   <div class='ocr_carea' id='block_1_124' title="bbox 2112 5157 3758 5230">
    <p class='ocr_par' dir='ltr' id='par_1_124' title="bbox 2112 5157 3758 5230">
     <span class='ocr_line' id='line_1_125' title="bbox 2112 5157 3758 5230; baseline -0.002 -16"><span class='ocrx_word' id='word_1_881' title='bbox 2112 5161 2274 5214; x_wconf 90' lang='lat' dir='ltr'>mine</span> <span class='ocrx_word' id='word_1_882' title='bbox 2295 5162 2429 5215; x_wconf 88' lang='lat' dir='ltr'>Jesu</span> <span class='ocrx_word' id='word_1_883' title='bbox 2449 5161 2678 5215; x_wconf 90' lang='lat' dir='ltr'>Christo</span> <span class='ocrx_word' id='word_1_884' title='bbox 2702 5157 3758 5230; x_wconf 59' lang='lat' dir='ltr'>magniﬁCentissimeloquiturﬂunc</span> 
     </span>
    </p>
   </div>
   <div class='ocr_carea' id='block_1_125' title="bbox 2111 5227 3755 5294">
    <p class='ocr_par' dir='ltr' id='par_1_125' title="bbox 2111 5227 3755 5294">
     <span class='ocr_line' id='line_1_126' title="bbox 2111 5227 3755 5294; baseline -0.002 -9"><span class='ocrx_word' id='word_1_885' title='bbox 2111 5248 2274 5286; x_wconf 92' lang='lat' dir='ltr'>num.</span> <span class='ocrx_word' id='word_1_886' title='bbox 2302 5235 2332 5285; x_wconf 75' lang='lat'><strong>5</strong></span> <span class='ocrx_word' id='word_1_887' title='bbox 2355 5238 2524 5286; x_wconf 89' lang='lat' dir='ltr'>vocat</span> <span class='ocrx_word' id='word_1_888' title='bbox 2547 5252 2572 5282; x_wconf 75' lang='grc' dir='ltr'>ι</span> <span class='ocrx_word' id='word_1_889' title='bbox 2588 5227 2871 5287; x_wconf 35' lang='lat' dir='ltr'>factore—in</span> <span class='ocrx_word' id='word_1_890' title='bbox 2905 5227 3446 5285; x_wconf 83' lang='lat' dir='ltr'>etconservatorem</span> <span class='ocrx_word' id='word_1_891' title='bbox 3465 5227 3755 5294; x_wconf 91' lang='lat' dir='ltr'>omnium,</span> 
     </span>
    </p>
   </div>
   <div class='ocr_carea' id='block_1_126' title="bbox 2111 5300 3757 5374">
    <p class='ocr_par' dir='ltr' id='par_1_126' title="bbox 2111 5300 3757 5374">
     <span class='ocr_line' id='line_1_127' title="bbox 2111 5300 3757 5374; baseline -0.002 -17"><span class='ocrx_word' id='word_1_892' title='bbox 2111 5324 2139 5352; x_wconf 87' lang='grc'>‹‹</span> <span class='ocrx_word' id='word_1_893' title='bbox 2166 5303 2359 5358; x_wconf 89' lang='lat' dir='ltr'>solum</span> <span class='ocrx_word' id='word_1_894' title='bbox 2385 5320 2455 5358; x_wconf 87' lang='lat' dir='ltr'>ex</span> <span class='ocrx_word' id='word_1_895' title='bbox 2477 5305 2602 5358; x_wconf 93' lang='lat' dir='ltr'>solo</span> <span class='ocrx_word' id='word_1_896' title='bbox 2625 5305 2796 5358; x_wconf 90' lang='lat' dir='ltr'>Patre</span> <span class='ocrx_word' id='word_1_897' title='bbox 2811 5303 3076 5374; x_wconf 85' lang='lat' dir='ltr'>genitum</span> <span class='ocrx_word' id='word_1_898' title='bbox 3101 5304 3554 5368; x_wconf 84' lang='lat' dir='ltr'>;n..6,vocateum</span> <span class='ocrx_word' id='word_1_899' title='bbox 3572 5300 3757 5374; x_wconf 85' lang='lat' dir='ltr'>Deum</span> 
     </span>
    </p>
   </div>
   <div class='ocr_carea' id='block_1_127' title="bbox 2114 5372 3750 5442">
    <p class='ocr_par' dir='ltr' id='par_1_127' title="bbox 2114 5372 3750 5442">
     <span class='ocr_line' id='line_1_128' title="bbox 2114 5372 3750 5442; baseline -0.004 -14"><span class='ocrx_word' id='word_1_900' title='bbox 2114 5394 2142 5424; x_wconf 87' lang='lat'><strong>«</strong></span> <span class='ocrx_word' id='word_1_901' title='bbox 2162 5380 2220 5428; x_wconf 91' lang='lat' dir='ltr'>et</span> <span class='ocrx_word' id='word_1_902' title='bbox 2239 5375 2541 5430; x_wconf 91' lang='lat' dir='ltr'>hominem</span> <span class='ocrx_word' id='word_1_903' title='bbox 2569 5375 2748 5430; x_wconf 91' lang='lat' dir='ltr'>simul</span> <span class='ocrx_word' id='word_1_904' title='bbox 2773 5372 2880 5428; x_wconf 84' lang='lat' dir='ltr'>sub</span> <span class='ocrx_word' id='word_1_905' title='bbox 2907 5373 3137 5428; x_wconf 89' lang='lat' dir='ltr'>diverso</span> <span class='ocrx_word' id='word_1_906' title='bbox 3175 5378 3450 5442; x_wconf 89' lang='lat' dir='ltr'>respectu</span> <span class='ocrx_word' id='word_1_907' title='bbox 3475 5392 3490 5438; x_wconf 85' lang='lat'><strong>;</strong></span> <span class='ocrx_word' id='word_1_908' title='bbox 3511 5387 3662 5425; x_wconf 87' lang='lat' dir='ltr'>num.</span> <span class='ocrx_word' id='word_1_909' title='bbox 3697 5372 3750 5434; x_wconf 87' lang='grc'>7,</span> 
     </span>
    </p>
   </div>
   <div class='ocr_carea' id='block_1_128' title="bbox 2109 5443 3752 5506">
    <p class='ocr_par' dir='ltr' id='par_1_128' title="bbox 2109 5443 3752 5506">
     <span class='ocr_line' id='line_1_129' title="bbox 2109 5443 3752 5506; baseline -0.001 -11"><span class='ocrx_word' id='word_1_910' title='bbox 2109 5467 2138 5496; x_wconf 84' lang='grc'>‹‹</span> <span class='ocrx_word' id='word_1_911' title='bbox 2180 5445 2404 5501; x_wconf 78' lang='lat' dir='ltr'>fontem</span> <span class='ocrx_word' id='word_1_912' title='bbox 2426 5447 2555 5501; x_wconf 76' lang='lat' dir='ltr'>vitae</span> <span class='ocrx_word' id='word_1_913' title='bbox 2607 5452 2665 5502; x_wconf 91' lang='lat' dir='ltr'>et</span> <span class='ocrx_word' id='word_1_914' title='bbox 2710 5446 2964 5501; x_wconf 81' lang='lat' dir='ltr'>fontium</span> <span class='ocrx_word' id='word_1_915' title='bbox 3003 5449 3516 5506; x_wconf 73' lang='lat' dir='ltr'>auctoremznum.</span> <span class='ocrx_word' id='word_1_916' title='bbox 3551 5443 3584 5495; x_wconf 91' lang='lat'>8</span> <span class='ocrx_word' id='word_1_917' title='bbox 3616 5447 3670 5495; x_wconf 88' lang='lat' dir='ltr'>et</span> <span class='ocrx_word' id='word_1_918' title='bbox 3699 5443 3752 5504; x_wconf 90' lang='lat'>9,</span> 
     </span>
    </p>
   </div>
   <div class='ocr_carea' id='block_1_129' title="bbox 2114 5515 3754 5590">
    <p class='ocr_par' dir='ltr' id='par_1_129' title="bbox 2114 5515 3754 5590">
     <span class='ocr_line' id='line_1_130' title="bbox 2114 5515 3754 5590; baseline -0.005 -18"><span class='ocrx_word' id='word_1_919' title='bbox 2114 5538 2134 5566; x_wconf 79' lang='grc' dir='ltr'>ι</span> <span class='ocrx_word' id='word_1_920' title='bbox 2170 5534 2457 5588; x_wconf 90' lang='lat' dir='ltr'>aquarum</span> <span class='ocrx_word' id='word_1_921' title='bbox 2481 5519 2747 5590; x_wconf 89' lang='lat' dir='ltr'>aurigam</span> <span class='ocrx_word' id='word_1_922' title='bbox 2769 5525 2828 5573; x_wconf 92' lang='lat' dir='ltr'>et</span> <span class='ocrx_word' id='word_1_923' title='bbox 2853 5517 3350 5587; x_wconf 86' lang='lat' dir='ltr'>factorem,Deum</span> <span class='ocrx_word' id='word_1_924' title='bbox 3373 5515 3436 5570; x_wconf 91' lang='lat' dir='ltr'>in</span> <span class='ocrx_word' id='word_1_925' title='bbox 3457 5527 3634 5569; x_wconf 89' lang='lat' dir='ltr'>carne</span> <span class='ocrx_word' id='word_1_926' title='bbox 3658 5527 3754 5580; x_wconf 87' lang='lat' dir='ltr'>ap-</span> 
     </span>
    </p>
   </div>
   <div class='ocr_carea' id='block_1_130' title="bbox 2107 5590 2705 5660">
    <p class='ocr_par' dir='ltr' id='par_1_130' title="bbox 2107 5590 2705 5660">
     <span class='ocr_line' id='line_1_131' title="bbox 2107 5590 2705 5660; baseline 0.012 -21"><span class='ocrx_word' id='word_1_927' title='bbox 2107 5611 2137 5639; x_wconf 86' lang='lat'><strong><em>«</em></strong></span> <span class='ocrx_word' id='word_1_928' title='bbox 2168 5595 2498 5660; x_wconf 88' lang='lat' dir='ltr'>parentem,</span> <span class='ocrx_word' id='word_1_929' title='bbox 2532 5612 2560 5639; x_wconf 80' lang='lat'><strong>»</strong></span> <span class='ocrx_word' id='word_1_930' title='bbox 2593 5590 2705 5646; x_wconf 76' lang='lat' dir='ltr'>etc.</span> 
     </span>
    </p>
   </div>
   <div class='ocr_carea' id='block_1_131' title="bbox 2177 5655 3742 5737">
    <p class='ocr_par' dir='ltr' id='par_1_131' title="bbox 2177 5655 3742 5737">
     <span class='ocr_line' id='line_1_132' title="bbox 2177 5655 3742 5737; baseline -0.019 -8"><span class='ocrx_word' id='word_1_931' title='bbox 2177 5655 2259 5737; x_wconf 61' lang='grc' dir='ltr'>(Ἰ)</span> <span class='ocrx_word' id='word_1_932' title='bbox 2287 5655 2562 5737; x_wconf 64' lang='lat' dir='ltr'>Injigueo</span> <span class='ocrx_word' id='word_1_933' title='bbox 2590 5663 2912 5737; x_wconf 79' lang='lat' dir='ltr'>gestatoria,</span> <span class='ocrx_word' id='word_1_934' title='bbox 2945 5665 3056 5717; x_wconf 86' lang='lat' dir='ltr'>etc.</span> <span class='ocrx_word' id='word_1_935' title='bbox 3085 5662 3180 5737; x_wconf 75' lang='lat' dir='ltr'>Gr.</span> <span class='ocrx_word' id='word_1_936' title='bbox 3212 5655 3496 5737; x_wconf 61' lang='grc' dir='ltr'>ἐνζξυλίνῳ</span> <span class='ocrx_word' id='word_1_937' title='bbox 3541 5667 3742 5737; x_wconf 42' lang='lat' dir='ltr'>fecit:</span> 
     </span>
    </p>
   </div>
   <div class='ocr_carea' id='block_1_132' title="bbox 2107 5721 3744 5801">
    <p class='ocr_par' dir='ltr' id='par_1_132' title="bbox 2107 5721 3744 5801">
     <span class='ocr_line' id='line_1_133' title="bbox 2107 5721 3744 5801; baseline -0.009 -15"><span class='ocrx_word' id='word_1_938' title='bbox 2107 5721 2308 5794; x_wconf 74' lang='grc' dir='ltr'>Σκιῠος</span> <span class='ocrx_word' id='word_1_939' title='bbox 2339 5721 2535 5790; x_wconf 62' lang='lat' dir='ltr'>Graece</span> <span class='ocrx_word' id='word_1_940' title='bbox 2558 5721 2734 5792; x_wconf 66' lang='lat' dir='ltr'>oinne</span> <span class='ocrx_word' id='word_1_941' title='bbox 2768 5721 3152 5791; x_wconf 79' lang='lat' dir='ltr'>instrumenti</span> <span class='ocrx_word' id='word_1_942' title='bbox 3188 5721 3375 5801; x_wconf 77' lang='lat' dir='ltr'>genus</span> <span class='ocrx_word' id='word_1_943' title='bbox 3405 5721 3700 5796; x_wconf 78' lang='lat' dir='ltr'>signiﬁcat</span> <span class='ocrx_word' id='word_1_944' title='bbox 3729 5732 3744 5770; x_wconf 71' lang='grc' dir='ltr'>ε</span> 
     </span>
    </p>
   </div>
  </div>
