4150 6278
349 347 512 410 1147

1416 349 1480 408 S.
1529 348 1842 410 CYRILLI
1885 347 2296 411 HIEROSOL.
2341 353 2706 418 ARCHIEP.

3607 361 3765 424 1148

347 479 589 536 visionis
616 494 791 534 usum
822 477 1147 550 impediat;
1179 482 1347 537 Jesus
1378 498 1514 537 vero
1555 482 1666 538 luti
1715 499 1896 555 opera
1923 483 1976 538 vi

2115 480 2248 552 ὂίζει
2277 485 2340 539 τὸ
2377 483 2598 560 βλέπειν
2627 491 2724 559 (2).
2760 489 2974 560 Ἰησοῦς
3003 487 3061 544 δὲ
3118 487 3206 545 διὰ
3264 491 3448 562 πηλοῦ
3505 498 3623 554 τοῖς
3681 495 3760 566 μή

346 588 477 629 sum
505 586 624 625 non
659 569 993 625 videntibus
1024 571 1364 643 impertivit.
1395 578 1453 627 et
1483 573 1544 628 in
1598 573 1731 628 aliis
1776 575 1992 629 iterum

343 678 449 734 per
478 660 596 716 alia
627 677 795 716 suam
827 667 1178 732 potestatem
1215 663 1492 716 exseruit.
1535 664 1602 716 In
1633 663 1744 718 hoc
1793 669 1992 717 autem

339 750 728 822 [paralytico]
759 767 866 821 per
895 750 955 804 id
980 751 1219 805 verbum
1246 768 1259 805 :
1292 753 1487 821 Surge,
1520 751 1649 806 tolle
1669 752 1992 822 grabhatum

345 846 521 907 tuum,
555 847 605 895 et
651 840 890 896 ambula.
947 841 1099 896 342
1160 846 1448 912 quantum.
1503 847 1675 913 putas
1733 841 1993 911 stuporis

342 937 656 988 cernentes
687 930 947 984 invasit?
1000 934 1072 985 At
1101 930 1160 984 id
1215 931 1372 1000 quod
1419 931 1744 996 videbatur,
1791 947 1995 985 revera

344 1021 684 1078 mirandum
715 1020 860 1086 fuit;
907 1020 1297 1075 incredulitas
1327 1037 1461 1074 vero
1511 1020 1990 1087 inaestimabilis;

342 1129 482 1168 nam
508 1111 902 1183 plurimorum
951 1127 1244 1166 annorum
1288 1115 1493 1164 sanata
1536 1114 1626 1164 est
1664 1109 1989 1182 aegritudo:

340 1201 728 1258 incredulitas
752 1216 887 1254 vero
918 1200 1245 1272 longinqua
1286 1205 1492 1254 sanata
1542 1216 1663 1254 non
1717 1199 1828 1254 fuit
1868 1200 1987 1270 (1);

339 1290 445 1347 sed
473 1289 658 1346 Judazi
689 1288 881 1344 adhuc
911 1288 974 1343 in
1005 1287 1128 1343 suis
1151 1288 1461 1343 affectibus
1484 1304 1889 1359 permansere,
1923 1304 1990 1343 ac

339 1380 538 1436 sanari
571 1378 911 1434 noluerunt.

409 1472 562 1526 XIV.
601 1472 743 1525 Nam
768 1468 815 1523 si
840 1467 898 1522 id
931 1469 1088 1538 quod
1106 1467 1327 1523 factum
1351 1468 1543 1524 fuerat
1563 1473 1801 1540 stupere
1824 1484 1992 1538 opor-

341 1559 519 1624 tebat,
555 1557 855 1613 medicum
887 1574 1121 1628 quoque
1171 1559 1498 1614 animarum
1554 1564 1612 1612 et
1668 1573 1985 1628 corporum

340 1647 650 1721 oportebat
706 1646 960 1702 adorari.
1023 1647 1110 1702 Illi
1181 1653 1377 1703 autem
1425 1651 1984 1703 murmuraverunt:

341 1739 845 1792 murmuratorum
880 1735 1038 1789 enim
1066 1736 1286 1805 posteri
1348 1742 1536 1800 erant,
1587 1735 1688 1807 qui
1738 1735 1896 1789 bona
1926 1734 1987 1788 in

338 1825 495 1881 mala
529 1823 1097 1896 pervertebant;Qui
1126 1825 1376 1879 dicebant
1397 1841 1647 1879 amarum
1671 1839 1780 1879 esse
1809 1823 1985 1890 dulce,
2022 1853 2066 1916 Β

338 1923 391 1971 et
421 1915 578 1970 dulce
597 1930 844 1969 amarum
865 1913 889 1946 8
907 1915 1072 1968 Jesus
1093 1931 1224 1969 vero
1248 1914 1712 1985 prudentissimo
1734 1912 1984 1968 consilio

339 2006 698 2078 operabatur
726 2005 787 2060 in
816 2004 1086 2072 Sabbato,
1120 2021 1188 2060 ea
1240 2021 1455 2076 nempe
1485 2022 1614 2076 quae
1663 2004 1983 2059 Sabbatum

340 2095 771 2152 transcendunt
796 2101 1095 2166 operatus,
1129 2100 1194 2150 ut
1218 2095 1354 2151 illos
1376 2096 1639 2167 operatio
1671 2092 1984 2167 persuade-

338 2191 449 2242 ret.
474 2185 760 2251 Quoniam
793 2186 951 2240 enim
982 2185 1174 2239 verbis
1202 2185 1379 2240 verba
1417 2185 1792 2254 refelluntur,
1836 2199 1984 2255 opus

336 2293 470 2331 vero
495 2274 825 2330 nullavinci
848 2275 1079 2329 ratione
1101 2280 1315 2345 potest,
1342 2275 1401 2330 in
1429 2275 1684 2331 Sabbato
1715 2278 1941 2332 curavit
1965 2295 1979 2344 ;

338 2367 619 2422 erudiens
650 2382 760 2420 nos
790 2370 856 2420 ut
883 2381 1004 2419 non
1035 2365 1574 2420 contradictionum
1607 2366 1983 2422 sermonibus

335 2461 593 2521 utamur,
629 2455 731 2510 sed
761 2454 1038 2527 operibus
1083 2453 1547 2526 persuadeamus
1592 2471 1694 2511 eos
1743 2457 1843 2528 qui
1877 2456 1985 2512 illa

340 2547 667 2601 intuentur.

406 2637 522 2692 XV.
555 2635 809 2690 Aiebant
838 2633 926 2688 illi
954 2649 967 2690 :
1002 2634 1298 2689 Sabbatum
1328 2640 1424 2698 est,
1457 2652 1566 2690 non
1597 2635 1724 2690 licet
1755 2637 1856 2692 tibi
1887 2637 1985 2692 tol-

339 2727 446 2782 lere
472 2725 798 2794 grabbatum
829 2730 996 2778 tuum.
1036 2722 1358 2795 Legislator
1380 2723 1586 2779 aderat
1614 2725 1762 2796 ipse,
1796 2730 1854 2780 et
1883 2742 1982 2781 au-

337 2831 436 2870 sus
470 2817 559 2868 est
587 2813 904 2884 quisquam
927 2811 1080 2866 alius
1111 2809 1306 2866 dicere
1331 2827 1344 2864 :
1378 2812 1498 2866 Non
1521 2813 1623 2866 tibi
1653 2813 1777 2868 licet
1806 2811 1818 2866 !
1849 2813 1984 2867 Con-

336 2902 525 2966 stitue,
561 2903 807 2969 Domine,
841 2900 1209 2971 legislatorem
1259 2917 1424 2970 super
1452 2900 1616 2968 eos”;
1662 2902 1736 2957 de
1787 2901 1981 2959 Salva-

335 2997 461 3048 tore
497 2990 719 3046 dictum
750 2989 880 3045 fuit.
914 2991 1019 3045 Ille
1065 3007 1200 3045 vero
1257 3007 1448 3062 nuper
1495 2995 1615 3046 tam
1665 2991 1726 3046 in
1779 2992 1980 3046 animo

333 3097 511 3153 quam
535 3081 597 3134 in
630 3095 875 3150 corpore
910 3083 1172 3144 sanatus,
1206 3084 1446 3149 accepto
1479 3095 1512 3134 a
1557 3080 1856 3150 Sapientia
1885 3097 1978 3134 sa-

333 3170 518 3244 pienti
548 3185 844 3232 sermone,
877 3169 1077 3223 statim
1109 3169 1448 3238 respondet,
1469 3185 1589 3224 non
1612 3185 1683 3223 ex
1710 3169 1855 3241 legis
1882 3185 1980 3240 pe-

334 3262 472 3315 ritia
494 3260 635 3330 quid
666 3259 1053 3330 responderet
1078 3259 1326 3322 habens,
1359 3259 1462 3315 sed
1493 3259 1975 3331 compendiosam

333 3351 593 3406 ali'erens
622 3348 1091 3419 responsionem.
1126 3349 1340 3414 Nostis,
1373 3348 1587 3419 inquit,
1621 3365 1830 3403 omnes
1853 3349 1984 3402 diu-

336 3445 575 3495 turnam
600 3453 796 3492 meam
819 3437 1250 3509 aegritudinem.
1276 3442 1335 3493 et
1354 3454 1532 3508 quam
1553 3438 1772 3492 multos
1793 3454 1983 3492 annos

336 3529 661 3586 reclinatus
685 3527 870 3600 jacui,
903 3533 1246 3598 quantaque
1277 3544 1411 3582 cum
1442 3527 1685 3584 miseria
1715 3528 1983 3582 omnium

337 3621 654 3677 destitutus
684 3617 903 3673 auxilio
927 3618 1302 3674 conﬂictatus
1327 3635 1478 3674 sum.
1514 3620 1692 3673 Nemo
1720 3633 1985 3688 unquam

333 3716 592 3766 vestrum
625 3709 740 3763 mei
773 3725 974 3763 curam
1017 3708 1296 3779 suscepit,
1341 3707 1554 3762 tollens
1595 3725 1712 3769 me,
1736 3712 1796 3763 et
1825 3708 1986 3779 prio-

335 3815 462 3854 rem
479 3799 539 3853 in
558 3798 849 3869 piscinam
867 3798 1195 3852 immittens
1213 3801 1278 3850 ut
1297 3797 1612 3851 sanitatem
1636 3797 1984 3868 reciperem.

339 3889 486 3943 Cum
519 3904 654 3958 ergo
690 3893 828 3940 tunc
859 3886 1027 3940 nulla
1066 3902 1166 3940 vos
1210 3885 1327 3939 mei
1359 3902 1502 3940 cura
1533 3885 1807 3956 tetigerit,
1843 3901 1986 3955 quo-

341 3975 516 4030 modo
549 3991 712 4029 nunc
744 3973 1150 4044 legislatorum
1206 3989 1423 4026 munus
1472 3972 1991 4043 arripuistiszNon

336 4063 467 4119 licet
498 4065 620 4129 tibi,
645 4063 895 4130 aientes,
922 4061 1110 4116 tollere
1125 4061 1451 4131 grabbalum
1474 4068 1626 4116 tuum
1646 4064 1675 4115 ?
1703 4061 1989 4132 Compen-

339 4154 573 4208 diosum
604 4153 783 4224 igitur
813 4167 848 4206 δ.
875 4167 970 4205 me
1002 4167 1354 4221 responsum
1385 4150 1596 4204 habete
1631 4166 1643 4204 :
1669 4151 1774 4214 Qui
1802 4165 1885 4204 me
1906 4165 1987 4204 sa-

335 4261 466 4299 num
493 4244 640 4313 fecit,
676 4243 768 4296 ille
796 4242 934 4295 mihi
962 4240 1122 4294 dixit.
1158 4241 1214 4294 Si
1248 4256 1340 4295 me
1372 4239 1776 4308 contemnitis,
1810 4243 1870 4293 at
1890 4237 1980 4293 ia-

405 4419 429 4454 ε
457 4422 567 4477 Isa.
621 4438 678 4487 ν,
727 4421 816 4477 20.
920 4420 941 4454 ⁹
965 4418 1118 4475 Psal.
1152 4436 1230 4487 ιχ,
1264 4420 1351 4474 21.

2111 570 2404 645 βλέπουσιν
2438 575 2500 629 τὸ
2530 577 2751 652 βλέπειν
2786 577 3094 654 ἐχαρίζετο.
3131 579 3231 636 Καὶ
3263 577 3458 644 ἄλλοις
3491 584 3655 636 πάλιν
3690 579 3763 638 δι’

2105 658 2293 716 ἄλλων
2324 666 2357 732 ἡ
2395 663 2639 737 δύναμις
2677 669 2722 740 ᾧ
2757 668 2852 741 μέν
2886 670 2991 744 γὰρ
3037 670 3123 739 τὸ,
3174 673 3444 745 υΕγειραι,
3506 674 3633 745 ἆρον
3665 673 3756 728 τὸν

2104 747 2412 824 κραϐϐατόν
2473 776 2568 809 σου
2603 800 2616 823 ,
2678 759 2768 812 καὶ
2821 761 3146 832 περιπάτει,
3207 760 3304 831 ὅση
3365 763 3611 834 νομίζεις
3670 757 3757 817 ἕκ-

2103 841 2302 911 πληξις
2461 839 2650 900 ἔλαϐεν
2700 846 2827 909 τοὺς
2884 852 3176 922 ὁρῶνταςς
3229 849 3386 906 Ἀλλ’
3437 852 3502 919 ἧν
3552 852 3616 906 τὸ
3658 853 3754 923 μὲν

2103 927 2382 1001 ὁρώμενον
2439 934 2766 1005 θαυμαστὸν,
2799 939 2832 1006 ἡ
2865 934 2921 992 δὲ
2951 937 3173 993 ἀπιστία
3231 936 3402 1009 δεινή.
3462 940 3567 995 Καὶ
3599 941 3756 1002 νόσος

2105 1017 2198 1088 μὶν
2250 1017 2522 1088 πολυετὴς
2569 1022 2937 1095 θεραπεύεται,
2998 1026 3216 1080 ἀπιστία
3275 1024 3332 1082 δὲ
3378 1027 3752 1102 πολυχρόνιος

2102 1105 2202 1162 οὐκ
2224 1105 2584 1183 ἐθεραπεύθη·
2619 1112 2744 1168 ἀλλ’
2794 1111 3053 1187 ἐπέμενον
3087 1117 3138 1171 οἱ
3172 1116 3430 1174 Ἰουδαῖοι
3476 1124 3593 1181 τοῖς
3642 1141 3747 1174 πα-

2102 1198 2360 1270 θήμασιν,
2393 1201 2456 1256 τὸ
2490 1199 2548 1256 δὲ
2577 1201 2956 1278 θεραπεῦεσθαι
2990 1204 3087 1262 οὐκ
3118 1204 3342 1277 ἤθελον.

2170 1467 2254 1524 ΙΔ.
2291 1469 2349 1523 Εἰ
2383 1466 2440 1524 δὲ
2468 1467 2585 1525 δέον
2618 1470 2953 1548 ἐκπλαγῆναι
2995 1496 3057 1530 το
3133 1474 3363 1549 συμϐαν,
3418 1477 3535 1536 δέον
3589 1505 3760 1557 προσ·-
3853 1474 3856 1476 ⁷

2097 1562 2324 1645 πονῆσαι
2354 1562 2461 1612 τῶν
2497 1561 2572 1633 (4)
2630 1563 2822 1636 ψυχῶν
2881 1563 2972 1618 καὶ
3032 1565 3303 1637 σωμάτων
3363 1568 3568 1645 ἰατρόν.
3603 1574 3670 1630 Οἱ
3699 1571 3756 1628 δὲ

2097 1638 2412 1720 ἐγόγγυζον
2437 1653 2756 1722 γογγυστῶν
2796 1652 2902 1727 γὰρ
2961 1656 3036 1726 (5)
3093 1656 3230 1724 ἦσαν
3290 1638 3568 1734 ἀπόγονοι,
3606 1663 3658 1716 οἱ
3687 1662 3752 1718 τὰ

2095 1733 2238 1791 καλᾶ
2294 1735 2704 1813 διαστρέφοντες
2763 1742 2838 1804 εἰς
2895 1745 3054 1811 κακὰ,
3110 1748 3177 1804 Οἱ
3247 1733 3610 1819 λέγοντεςτὸ
3659 1774 3752 1806 πι-

2097 1823 2227 1898 κρὸν
2259 1825 2576 1901 γλυκὺ,καὶ
2631 1830 2693 1884 τὸ
2749 1831 2921 1905 γλυκὺ
2981 1836 3198 1905 πικρόν.
3259 1836 3468 1908 Ἰησοῦς
3523 1835 3579 1893 δὲ
3613 1841 3746 1912 μετᾶ

2094 1913 2274 2004 πᾴῖης
2321 1915 2638 1989 οἰκονομίας
2697 1918 2972 1995 εἰργάζετο
3026 1922 3078 1977 ἐν
3139 1919 3430 1998 Σαϐϐάτῳ,
3487 1928 3554 1982 τὰ
3613 1930 3744 2004 ὑπὲρ

2097 1998 2373 2058 Σάϐϐατον
2408 2004 2794 2080 ἐργαζόμενος,
2835 2010 2927 2066 ἳνα
2954 2013 2988 2082 ἡ
3022 2011 3248 2087 ἐργασία
3277 2016 3457 2089 πείσῃ.
3514 1998 3739 2089 Ἐπειδῆ

2093 2091 2196 2182 γὰρ
2239 2089 2410 2182 ’λόγος
2467 2092 2934 2182 λόγῳᾼμάχεται,
2965 2101 3027 2156 τὸ
3084 2100 3141 2156 δὲ
3187 2100 3340 2179 ἔργον
3388 2107 3463 2177 (6;
3497 2104 3740 2182 ἄμαχον,

2093 2179 2404 2271 έθερᾷπευεν
2455 2183 2508 2238 ὲν
2542 2179 2830 2259 Σαϐϐάτῳ·
2875 2185 3165 2262 διδάσκων,
3217 2192 3309 2246 ἳνα
3369 2195 3446 2265 μὴ
3507 2195 3536 2249 ὁ
3570 2179 3742 2271 λόγος

2092 2269 2431 2345 ἇντιλογικὸς
2461 2273 2706 2348 γένηται,
2737 2273 2866 2331 ἀλλ’
2893 2279 2926 2347 ἡ
2960 2277 3185 2354 ἐργασία
3215 2279 3372 2355 πείσῃ
3399 2285 3528 2346 τοὺς
3564 2269 3742 2360 ὁρων-

2091 2379 2209 2421 τας.

2163 2630 2264 2686 ῘΕ“.
2323 2631 2570 2707 Εφασκον
2627 2630 2827 2688 ἐκεῖνοι
2862 2653 2874 2664 ·
2934 2631 3211 2693 Σάϐϐατὸν
3267 2638 3438 2709 ἐστὶν,
3499 2641 3600 2698 οὐκ
3657 2639 3738 2713 ἕξ·

2093 2717 2233 2773 εστίν
2323 2741 2408 2774 σοι
2491 2720 2616 2794 ἆραι
2651 2724 2654 2726 ⁷
2689 2722 2782 2777 τὸν
2867 2720 3170 2800 κράϐϐατόν
3247 2750 3363 2786 σου.
3429 2734 3744 2804 Νομοθέτης

2091 2814 2296 2883 παρῆν,
2354 2810 2443 2863 καὶ
2503 2807 2675 2873 ἄλλος
2732 2814 2833 2884 τὸ,
2895 2813 3004 2869 Οὐκ
3060 2814 3256 2886 ἔξεστίν
3317 2840 3450 2888 σοι,
3507 2819 3742 2894 ἔλεγενς

2091 2897 2442 2967 Κατάπησον
2478 2944 2492 2970 ,
2551 2899 2753 2975 Κύριε,
2807 2905 3112 2976 νομοθέτην
3181 2906 3264 2961 ἐπ’
3316 2907 3509 2970 αὐτοὺς
3541 2952 3554 2977 ,
3613 2911 3739 2984 περὶ

2090 2991 2188 3041 τοῦ
2221 2994 2483 3063 Σωτῆρος
2541 2988 2775 3065 ε’ίρηται.
2835 2994 2892 3048 ’0
2916 2993 2973 3048 δὲ
3027 2994 3228 3070 ἀρτίως
3280 2998 3366 3052 καὶ
3423 2999 3522 3066 τὴν
3554 3000 3740 3074 ψυχήν

2089 3077 2178 3131 καὶ
2207 3077 2270 3130 τὸ
2301 3081 2463 3150 σῶμα
2494 3077 2811 3154 ὶατρευθεῑς,
2851 3084 2996 3154 παρά
3045 3091 3148 3154 τῆς
3202 3085 3402 3164 Σοφίας
3452 3091 3616 3161 σοφὸν
3641 3087 3744 3144 λα-

2092 3162 2205 3220 ϐὼν
2242 3165 2406 3243 λόγον
2437 3169 2532 3240 (7),
2590 3168 2745 3234 εὐθὺς
2797 3171 3165 3245 ἀποκρίνεται’
3225 3162 3302 3230 οὐή
3325 3182 3569 3249 νομικῶς
3599 3179 3743 3234 ἀπο-

2090 3261 2342 3330 κριθῆναι
2374 3253 2544 3332 ἔχων,
2575 3257 2724 3313 ἀλλὰ
2783 3262 3067 3335 συντόμως
3117 3265 3450 3338 ποιούμενος
3481 3269 3582 3336 τήν
3610 3268 3747 3324 ἀπό-

2087 3363 2285 3415 κρισιν’
2317 3345 2458 3400 ’Ἱστε
2490 3367 2617 3418 μου,
2650 3349 2808 3425 φησὶ,
2854 3352 3050 3416 πάντες
3095 3355 3194 3422 τὴν
3227 3354 3605 3430 πολυχρόνιον
3655 3358 3745 3413 νό-

2091 3452 2207 3500 σον,
2237 3432 2326 3488 καὶ
2355 3434 2419 3488 τὸ
2441 3433 2705 3499 πολυετὲς
2733 3437 2833 3506 τῆς
2863 3439 3219 3508 ἀνακλίσεως,
3271 3442 3334 3497 τὸ
3389 3443 3744 3512 ἀπερίστατον

2087 3527 2190 3590 τῆς
2219 3519 2619 3598 ταλαιπωρίας.
2653 3523 2846 3590 Οὐδεὶς
2878 3528 3030 3601 ὑμῶν
3082 3551 3218 3584 ποτε
3267 3529 3637 3606 κηδεμονικὸν
3672 3535 3746 3608 (8)

2094 3608 2312 3682 ἔδειξεν,
2346 3609 2531 3668 λαϐών
2567 3637 2654 3687 με,
2687 3618 2778 3671 καὶ
2819 3623 3035 3694 πρῶτον
3090 3615 3350 3692 ἐμϐαλὼν
3394 3623 3469 3684 εἱς
3514 3625 3613 3692 τήν
3652 3645 3747 3679 κο-

2095 3695 2445 3776 λυμϐήθραν,
2475 3702 2561 3757 ἳνα
2621 3707 2956 3780 θεραπευθῶ.
2990 3707 3182 3764 Καίτοι
3212 3710 3334 3765 τότε
3382 3709 3746 3784 κηδεμονικον

2099 3789 2198 3844 οὐκ
2228 3788 2611 3865 ἐνδειξάμενοι,
2671 3799 2790 3858 πῶς
2851 3800 2939 3850 νῦν
2997 3797 3060 3851 τὸ
3116 3801 3474 3871 νομοθετικὸν
3505 3795 3746 3870 ἐλάϐετε,

2098 3879 2215 3937 Οὐκ
2270 3878 2466 3950 ἔξεστίν
2523 3903 2608 3937 σοι
2660 3886 2783 3959 ἆραι
2843 3888 2915 3958 (9)
2963 3887 3053 3942 τὸν
3109 3883 3418 3963 κράϐϐατὸν
3485 3912 3602 3963 σου,
3657 3891 3750 3947 λέ-

2096 3987 2321 4041 γοντες;
2386 3971 2822 4044 Συντομωτᾶτην
2871 3975 3050 4029 τοίνυν
3111 3982 3366 4052 ποιοῢραι
3426 3980 3563 4053 πρὸς
3611 3979 3750 4052 ὑμᾶς

2095 4058 2195 4125 τὴν
2249 4057 2557 4134 ἀπόκρισιν·
2619 4061 2679 4118 Ὁ
2741 4063 2974 4133 ποιήσας
3036 4085 3101 4138 με
3156 4067 3284 4142 ὑγιῆ
3320 4110 3334 4134 ,
3393 4066 3598 4130 ἐκεῖνός
3657 4090 3749 4141 μοι

2098 4150 2266 4232 εἶπεν.
2311 4149 2376 4205 El
2431 4149 2568 4224 ἐμοῦ
2623 4159 3030 4227 καταφρονεῖτε,
3084 4156 3221 4231 πρὸς
3277 4157 3340 4210 τὸ
3396 4164 3622 4232 πρᾶγμα
3646 4160 3744 4228 τὴν

2100 4229 2363 4308 ἔκπληξιν
2393 4234 2607 4296 λάϐετεο
2643 4240 2741 4296 οὐκ
2795 4229 3144 4320 ἕμπΑαστρον
3201 4229 3455 4316 ἐπέθηκεν
3485 4287 3500 4314 ,
3521 4229 3633 4300 ὀὐκ
3665 4247 3746 4301 ἰα-

409 4601 485 4674 (1)
505 4601 1023 4684 ⁵1ηω·ςάιιῐὶιαςὐενο
1049 4601 1414 4682 longinqua._..
1440 4602 1557 4655 Hoc
1583 4604 1673 4654 est
1693 4619 1727 4658 a
1746 4610 2004 4684 parenti-
2028 4619 2076 4684 Β
2108 4600 2362 4657 statione
2383 4600 2500 4658 vim
2521 4605 2812 4660 contineri
2832 4603 3106 4660 omnibus
3126 4604 3455 4661 ratiociniis
3477 4607 3748 4678 superio-

339 4673 450 4755 bus
494 4673 850 4756 jamdudum
891 4673 1067 4745 longa
1127 4673 1500 4756 successione
1545 4673 1864 4756 prapagata
1891 4696 1903 4733 :
1933 4689 1998 4740 ut

337 4745 494 4820 enim
528 4746 798 4800 observat
820 4762 882 4820 n_
905 4761 1052 4809 seq.,
1075 4747 1784 4820 murmuratorugnloosteri
1807 4758 1988 4820 erant;

333 4816 415 4870 sic
449 4823 507 4871 et
534 4823 646 4871 cat.
682 4820 734 4882 7,
768 4833 824 4870 n.
862 4818 913 4882 3,
949 4822 1114 4870 sueto
1147 4833 1246 4871 eos
1304 4815 1743 4872 incredulitatis
1775 4815 1983 4881 morbo

331 4889 574 4942 retineri
607 4887 708 4944 ait.
737 4895 796 4942 et.
826 4895 936 4942 cat.
974 4891 1058 4954 l2,
1091 4905 1254 4943 num.
1307 4890 1394 4954 2i,
1440 4887 1685 4957 antiqua
1733 4906 1984 4951 consue-

333 4959 535 5030 tudine
556 4959 798 5030 veritati
823 4959 1120 5030 refragari.

403 5029 480 5104 (2)
508 5028 590 5104 Tir
615 5025 1052 5104 βλέπεινηῐῖεξέξη
1089 5029 1180 5090 Εἰς
1207 5028 1270 5083 τὸ
1307 5025 1550 5100 βλέπειν.

404 5097 476 5169 (3)
531 5097 1043 5179 ᾫσηημέκληξζς.
1123 5105 1202 5179 Ex
1263 5097 1426 5179 Reg.
1516 5103 1736 5179 Milles.
1824 5125 1983 5179 vero,

334 5166 535 5254 sum"...
570 5169 880 5254 έκπλήξεις,
919 5166 1095 5254 infra,
1130 5174 1258 5229 loco
1289 5166 1382 5228 κᾶν
1434 5181 1569 5229 ante
1618 5175 1810 5246 νόσπς,
1844 5166 1981 5254 Reg:

331 5245 516 5298 secuti
551 5244 920 5313 scripsimus,
953 5243 1066 5298 καί.

399 5314 472 5382 (4)
506 5318 623 5367 Τῶν
659 5316 978 5381 legendum
1009 5315 1256 5380 videtur,
1289 5314 1404 5370 τόν.
1433 5320 1585 5373 Emr.

504 5389 820 5461 Γογγυῖτῶν
856 5385 976 5461 ﬁn.
1015 5391 1152 5457 Reg.
1201 5391 1272 5461 At
1320 5388 1527 5454 Milles,
1561 5395 1870 5461 γογγυστῶν
1905 5389 1982 5451 δέ.

401 5450 475 5526 (6)
504 5457 574 5510 Τὸ
591 5450 665 5509 ’δέ
694 5450 880 5529 ἔργον]
903 5459 986 5513 Ita
1015 5475 1084 5512 ex
1100 5450 1460 5526 conjectura
1491 5450 1720 5516 Mille's'ii
1754 5470 1810 5519 et
1845 5482 1982 5522 nos-

328 5531 420 5583 tra
448 5529 844 5588 restituimus.
878 5545 1010 5598 cum
1045 5529 1199 5598 apud
1233 5531 1547 5586 Millesium
1575 5533 1671 5592 sit.
1698 5533 1760 5586 τὸ
1793 5532 1850 5589 δὲ
1881 5535 1982 5589 λὸ-

329 5618 450 5680 γον,
482 5602 544 5656 in
569 5601 766 5672 Regio,
795 5603 872 5669 τῷ
981 5597 1265 5680 λόγῳ-Μελ
1286 5610 1351 5656 ut
1376 5603 1753 5680 scripsimus,
1777 5608 1985 5680 legen-

330 5672 472 5750 dum
504 5690 634 5729 esse
666 5672 976 5750 sequentia
997 5673 1376 5750 convincunt,
1399 5675 1460 5750 i_n
1484 5672 1699 5745 quibus
1723 5672 1874 5750 λόγῷ
1896 5677 1986 5750 έρ-

331 5743 493 5817 γασία
523 5743 860 5817 opponitur.
895 5746 1017 5803 Cat.
1089 5746 1140 5812 3;
1174 5761 1232 5800 n.
1279 5747 1332 5812 8,
1383 5745 1467 5800 ait
1495 5743 1814 5817 Sermones
1845 5743 1986 5806 'se'r-

328 5816 619 5874 monibus
632 5833 752 5874 non
778 5817 932 5874 vinci
959 5833 973 5874 :
998 5817 1103 5874 sed
1123 5817 1551 5889 prophetarum
1581 5816 1805 5877 diserta
1833 5827 1984 5878 atte-

2105 4688 2252 4726 rem.

2174 4744 2252 4814 (7)
2282 4742 2482 4821 ᾼόχον.
2520 4748 2730 4821 Vocem
2761 4749 2913 4804 hanc
2945 4764 3015 4802 ex
3043 4749 3181 4821 Reg.
3223 4747 3354 4821 cod.
3396 4748 3746 4817 adjecimus.

2099 4816 2245 4894 item
2286 4815 2460 4881 infra,
2493 4824 2628 4888 post
2653 4815 2773 4872 'icte
2805 4839 2930 4894 μου,
2982 4815 3177 4883 verba,
3230 4819 3385 4894 φησὶ,
3417 4815 3610 4894 πᾶντες
3639 4822 3741 4876 ad-

2095 4885 2238 4948 didi,
2274 4885 2619 4966 quanquam
2646 4908 2756 4966 vo;
2786 4885 2926 4966 φησι
2941 4893 3084 4947 satis
3115 4885 3417 4966 superflua
3460 4892 3746 4966 videatur,

2097 4975 2231 5037 cum
2265 4975 2386 5037 non
2416 4977 2550 5014 raro
2581 4962 2856 5037 Cyrillu's,
2909 4964 3068 5037 inter
3124 4962 3520 5037 ἀποκρίνεται,
3543 4965 3742 5037 λέγων,

2097 5035 2155 5084 et
2183 5029 2402 5107 similia
2424 5048 2497 5107 ac
2522 5029 2698 5107 verba
2727 5052 2859 5104 quas
2889 5035 3172 5107 subsequi
3194 5029 3482 5092 deberent
3509 5029 3742 5092 brevem

2095 5102 2502 5176 parenthesim
2525 5102 2887 5176 interponat.

2166 5173 2238 5249 (8_(
2274 5169 2833 5249 Κηδεμονικόν.Ἠὶο
2886 5182 2945 5231 et
3000 5179 3177 5249 paulo
3226 5184 3362 5249 post
3418 5184 3746 5234 correctum

2097 5259 2166 5298 ex
2197 5246 2358 5320 Reg”
2392 5263 2530 5302 nam
2561 5248 2824 5320 Milesius
2845 5246 3099 5320 Ascribit,
3129 5246 3537 5320 καιδεμονικόγ,
3570 5251 3745 5317 Infra,

2097 5312 2407 5394 ex_eodem
2441 5336 2576 5394 ms_.,
2635 5312 2892 5391 ἐμϐαλών
2955 5312 3165 5392 scripsi
3223 5312 3329 5394 pr'o
3389 5315 3660 5376 ἐνέϐαλεν·
3693 5312 3750 5376 et

2093 5385 2296 5446 καίτοι,
2331 5406 2437 5460 pro
2470 5385 2638 5446 κέτοι,

2165 5459 2242 5530 (6)
2267 5459 2452 5532 Ἀραι.
2476 5462 2946 5535 Emendavimus
2986 5481 3056 5519 ex
3104 5464 3283 5535 Regio
3332 5481 3439 5535 pro
3473 5460 3586 5534 εἶρε.
3638 5466 3745 5520 Ea—

2097 5529 2231 5608 dem
2261 5529 2610 5608 auctoritate
2642 5551 2842 5608 vocem
2863 5531 3111 5608 λέγοντες
3138 5529 3485 5608 sequentem
3508 5529 3746 5608 supple-

2094 5602 2423 5688 vimus;_ac
2475 5605 2605 5660 loco
2663 5602 3018 5674 ποιούμενὰς,
3079 5602 3444 5678 scripsimus.
3477 5602 3742 5688 nouitium

2093 5673 2228 5743 πρὸς
2261 5673 2419 5762 ὑμᾶς
2452 5683 2785 5748 prostremo
2806 5694 2914 5749 pro
2937 5673 3379 5756 καταφρονεῖται,
3408 5673 3742 5752 posuimus,

2092 5763 2497 5822 καταφρονειτε.
