4128 6268
392 412 540 472 1151

1468 409 1532 468 S.
1579 407 1889 468 CYRlLLl
1934 404 2352 469 HIEROSOL.
2382 408 2765 471 .ARCHIEP.

3614 460 3617 461 ν
3658 409 3828 469 1182

394 542 616 614 aliquid
643 541 972 611 contingat;
1007 556 1114 611 per
1170 554 1356 595 unum
1403 538 1577 595 docet
1622 540 1880 596 multos:
1926 556 2047 596 non

2167 539 2412 614 γενηται·
2447 536 2712 595 διδάσκων
2775 537 2847 594 δι’
2892 536 3008 603 ὲνὸς
3065 538 3340 603 πολλοὺς·
3399 539 3472 595 ού
3520 523 3620 615 γὰρ
3674 540 3825 616 πρὸς

403 631 563 687 enim
595 630 669 686 ad
701 630 872 685 illum
907 646 1091 685 unum
1125 629 1410 700 loquitur,
1444 628 1548 684 sed
1577 629 1652 684 ad
1682 647 1793 685 nos
1824 645 2053 689 omnes.

405 720 462 776 Si
495 721 653 775 enim
688 720 1010 791 aliquando
1033 719 1095 773 in
1122 717 1383 785 morbos,
1429 723 1533 773 aut
1579 735 1898 785 aerumnas,
1949 722 2052 774 aut

402 810 775 866 calamitates
805 807 1219 869 inciderimus,
1252 824 1426 863 nemo
1458 806 1718 863 ascribat
1742 809 1881 863 Dee.
1916 808 2057 863 Deus

401 899 547 955 enim
574 906 639 954 ut
669 901 828 954 malis
859 901 1066 954 tentari
1092 914 1201 953 non
1225 904 1427 968 potest,
1487 900 1568 952 ita
1620 900 1733 968 ipse
1784 898 2056 952 neminem

403 994 579 1043 tentat
611 987 677 1044 ¹⁰.
712 990 986 1043 Nostrum
1018 1004 1153 1042 vero
1185 986 1621 1057 unusquisque,
1666 991 2057 1057 peccatorum

400 1078 628 1135 catenis
651 1077 1030 1143 constrictus,
1054 1075 1387 1147 ﬂagellatur
1410 1075 1475 1131 1‘.
1499 1078 1575 1131 Ne
1599 1076 1836 1146 amplius
1844 1090 2055 1145 pecces,

398 1183 467 1221 ne
488 1168 706 1236 aliquid
736 1167 835 1220 tibi
855 1166 1093 1221 deterius
1122 1168 1429 1233 contingat.
1468 1164 1681 1219 Audiat
1710 1165 1864 1219 hanc
1917 1180 2053 1219 sen-

397 1256 647 1311 tentiam
678 1256 873 1327 quivis
902 1255 1078 1310 homo
1114 1272 1127 1321 ;
1163 1260 1219 1308 et
1249 1254 1349 1325 qui
1383 1259 1522 1308 ante
1585 1258 1876 1308 scortator
1905 1255 2056 1322 erat,

402 1346 681 1400 vitiosum
704 1346 979 1401 affectum
1002 1344 1274 1414 abjiciat;
1302 1347 1523 1415 quique
1549 1360 1758 1398 avarus
1778 1342 2055 1405 eras,lar-

406 1452 514 1509 gus
535 1436 1047 1504 eleemosynarum
1065 1434 1193 1489 ﬁas.
1229 1433 1448 1488 Audiat
1480 1434 1580 1503 qui
1610 1433 1808 1503 rapuit
1827 1432 2056 1501 aliena;

402 1528 482 1582 Ne
501 1524 739 1595 amplius
749 1541 956 1595 pecces.
984 1525 1233 1579 Maxima
1264 1529 1355 1578 est
1384 1523 1485 1578 Dei
1518 1523 1871 1594 injuriarum
1900 1521 2054 1576 obli-

395 1614 509 1680 vio,
544 1614 784 1685 profusa
816 1613 1023 1686 gratia.
1058 1614 1133 1668 At
1161 1618 1222 1668 tu
1255 1629 1392 1668 cave
1423 1629 1498 1668 ne
1531 1612 1780 1667 nimiam
1820 1612 2049 1682 patien-

396 1703 536 1758 tiam
569 1703 630 1757 in
656 1704 1029 1758 occasionem
1067 1707 1443 1773 contemptus
1474 1706 1701 1765 vertas;
1732 1700 2055 1770 neve,quia

396 1792 757 1864 longanimis
788 1793 944 1847 Deus
974 1797 1082 1859 est,
1116 1791 1337 1846 idcirco
1367 1807 1612 1862 pecces:
1646 1806 1849 1845 verum
1882 1789 2050 1843 dein-

2165 626 2370 683 ὖκεῖνον
2401 629 2495 701 μὶν
2529 630 2557 684 6
2588 627 2752 704 λόγος
2788 630 2978 703 μοῖνον,
3010 627 3157 684 ἀλλὰ
3207 629 3309 705 γάρ
3355 627 3447 683 καὶ
3494 628 3635 704 πρὸς
3683 632 3828 683 πάν-

2162 737 2257 780 τας
2314 719 2479 790 ἠμᾶς.
2541 715 2611 775 Εἴ
2660 738 2793 773 ποτε
2847 719 2953 793 γὰρ
3006 719 3291 791 παθήμασι
3353 719 3757 793 περιπέσωμεν,
3788 717 3827 788 ἧ

2164 804 2384 876 λύπαις,
2433 807 2469 879 ἢ
2522 809 2823 883 ἀνάγκαις,ο
2865 805 3058 881 μηδεὶς
3111 811 3229 877 Θεῷ
3276 814 3694 884 προσγραφέτω.
3760 808 3829 865 Ὃ

2161 897 2264 973 γὰρ
2331 897 2462 960 Θεὸς
2543 896 2863 973 ἀπείραστός
2946 896 3059 952 ἐστι
3143 901 3348 968 κακῶν,
3432 899 3677 971 πειράζει
3765 896 3829 953 δὲ

2162 984 2323 1041 αὐτὸς
2354 989 2429 1061 (1)
2485 984 2697 1042 οὗδὲνω
2754 983 2981 1048 ἕκαστος
3043 983 3102 1041 δὲ
3158 988 3321 1058 ἡμῶν
3380 992 3588 1060 σειραῖς
3639 988 3833 1059 ἆμαρ-

2159 1079 2291 1130 τιῶν
2350 1077 2713 1151 σφιγγόμενος
2771 1079 3152 1152 μαστιγοῦται.
3242 1073 3453 1144 Μηκέτι
3521 1075 3827 1148 ἁμάρτανε,

2159 1164 2244 1221 ἳνα
2274 1167 2349 1240 μὴ
2383 1166 2570 1241 χεῖρόν
2599 1165 2685 1221 σοί
2713 1187 2764 1221 τι
2810 1165 3054 1242 γένηται.
3097 1167 3300 1223 ’Ἄκουε
3350 1169 3448 1221 τοῦ
3498 1165 3669 1243 ῥητοῦ
3717 1169 3829 1241 (2),

2161 1260 2265 1317 πᾶς
2290 1254 2590 1330 ἅνθρωπος·
2620 1257 2710 1311 καὶ
2760 1258 2789 1311 6
2847 1256 2956 1331 πρὸ
3006 1255 3203 1311 τούτου
3259 1254 3564 1329 πορνεύων,
3619 1255 3830 1311 ἄποτμ-

2161 1341 2334 1409 θέσθω
2357 1345 2420 1400 τὸ
2445 1345 2635 1407 πάθος·
2666 1344 2756 1400 καὶ
2789 1344 2818 1400 6
2849 1344 2956 1420 πρὸ
2996 1345 3193 1400 τούτου
3244 1343 3603 1415 πλεονέκτης,
3654 1349 3825 1421 γενοῦ

2161 1432 2437 1507 ἰλεήμων.
2500 1434 2772 1490 ’Λκουέτω
2833 1434 2862 1488 6
2938 1433 3130 1509 ἅρπαξ.
3218 1433 3428 1504 Μηκέτι
3516 1433 3825 1507 ἆμάρτανε.

2160 1520 2355 1591 Πολλὴ
2404 1522 2495 1577 καὶ
2552 1526 2687 1579 Θεοῦ
2741 1524 2777 1592 ἡ
2834 1520 3228 1595 ἀμνησικακία,
3289 1518 3527 1595 δαψιλὴς
3558 1524 3592 1590 ἡ
3627 1523 3827 1598 χάρις.

2159 1609 2307 1666 ἀλλᾶ
2366 1612 2443 1685 μή
2496 1610 2558 1667 τὸ
2614 1611 2951 1687 ὑπέρμετρον
3010 1617 3110 1681 τῆς
3168 1609 3526 1681 ἀνεξικακίας,
3590 1608 3822 1685 ἐφόδιον

2160 1694 2407 1772 λάμϐανε
2430 1706 2535 1769 τῆς
2566 1701 3039 1778 καταφροτήσεως·
3095 1698 3225 1773 μηδ’
3283 1698 3366 1754 ὅτι
3427 1700 3557 1761 Θεὸς
3605 1700 3823 1774 μακρό-

2159 1789 2355 1861 θυμος,
2384 1786 2473 1844 διὰ
2498 1793 2663 1844 τοῦτο
2687 1790 2977 1865 ἁμάρτανε·
3013 1788 3159 1844 ἀλλὰ
3211 1790 3579 1857 θεραπεύθητι
3611 1787 3819 1844 λοιπὸν

395 1897 535 1952 ceps
549 1880 819 1935 carnales
834 1886 966 1935 tuos
989 1881 1235 1936 affectus
1249 1881 1323 1935 da
1338 1895 1582 1951 operam
1605 1885 1669 1934 ut
1682 1877 2047 1946 sanes,etdic

2164 1878 2223 1932 τὰ
2252 1879 2480 1950 σαρκικὰ
2511 1878 2677 1948 πάθη,
2725 1879 2813 1933 καὶ
2869 1877 2992 1954 λέγε
3038 1878 3127 1932 καὶ
3185 1876 3248 1933 σὺ
3295 1881 3373 1950 (3)
3429 1878 3493 1933 τὸ
3544 1877 3822 1953 εὐκαίρως

393 1975 459 2025 tu
491 1985 726 2040 quoque
758 1970 918 2041 quod
948 1976 1278 2041 opportune
1308 1975 1446 2024 ante
1477 1968 1694 2024 lectum
1725 1967 1837 2022 fuit
1864 1984 1877 2023 :
1913 1968 2044 2022 Cum

398 2058 548 2114 enim
561 2075 793 2115 essemus
823 2061 883 2114 in
910 2075 1094 2125 carne,
1123 2060 1353 2129 aﬂ’ertus
1387 2064 1758 2129 peccatorum,
1804 2059 1902 2127 qui
1941 2073 2046 2127 per

401 2149 569 2218 legem
597 2156 776 2213 erant,
801 2149 1173 2218 operabantur
1199 2151 1257 2202 in
1287 2149 1538 2203 membris
1564 2149 1768 2202 nostris
1798 2147 1862 2201 ’³.
1881 2145 2046 2211 Quod

398 2238 446 2293 si
481 2237 626 2292 dicit
654 2237 1014 2308 Apostolus:
1070 2238 1203 2294 Cum
1262 2253 1490 2293 essemus
1536 2240 1593 2291 in
1641 2237 1798 2292 344
1841 2252 2044 2301 carne;

394 2343 516 2381 non
542 2326 698 2381 hanc
728 2343 845 2396 qua
874 2327 1225 2382 circumdati
1252 2342 1458 2381 sumus
1481 2325 1765 2398 intelligit
1783 2341 2046 2393 carnem,

391 2416 495 2472 sed
518 2416 789 2471 carnales
811 2416 1076 2471 actiones
1103 2433 1116 2469 :
1143 2416 1437 2487 siquidem
1463 2416 1657 2471 adhuc
1680 2430 1921 2471 carnem
1934 2415 2046 2471 cir-

391 2505 730 2561 cumferens
776 2503 1008 2560 aiebat:
1069 2505 1300 2570 Quando
1338 2521 1552 2560 eramus
1598 2507 1659 2559 in
1700 2521 1882 2560 carne.
1934 2503 2049 2560 Sed

394 2592 900 2665 quemadmodum
919 2593 1094 2659 Deus,
1118 2609 1253 2648 cum
1277 2593 1568 2649 diluvium
1591 2593 1856 2663 proxime
1876 2592 2050 2648 tndu—

395 2681 649 2738 cendum
710 2685 888 2748 esset,
949 2681 1180 2737 aiebat:
1238 2683 1356 2737 Non
1401 2681 1746 2752 permanebit
1809 2681 2048 2753 Spiritus

391 2787 541 2827 mrus
561 2772 621 2824 in
652 2771 963 2826 hominibus
992 2770 1133 2839 istis,
1160 2787 1220 2826 eo
1249 2772 1397 2842 quod
1423 2770 1539 2826 sint
1565 2787 1754 2826 carnes
1782 2770 1826 2806 ³³
1857 2790 1872 2828 :
1928 2771 2046 2826 sni-

387 2860 508 2915 ritu
546 2860 607 2914 in
639 2859 940 2915 carnalem
973 2861 1304 2931 appetitum
1335 2865 1735 2916 commutato:
1789 2860 1872 2915 ita
1899 2864 1959 2915 et
1985 2860 2048 2916 in

391 2950 503 3004 hoc
531 2950 661 3005 loco
691 2949 1011 3020 Apostolus
1043 2949 1223 3004 dicit:
1260 2951 1393 3005 Cum
1420 2965 1649 3006 essemus
1677 2952 1738 3006 in
1782 2966 1965 3005 carne.

457 3040 653 3094 XVIII.
687 3041 870 3094 Nemo
896 3039 1098 3109 itaque
1130 3039 1208 3094 sit
1237 3040 1299 3094 in
1331 3055 1507 3095 carne
1535 3057 1549 3106 ;
1606 3039 1708 3095 sed
1755 3041 1818 3095 in
1865 3056 2043 3095 carne

402 3144 537 3184 cum
565 3129 660 3184 sit.
695 3145 818 3183 non
847 3128 1173 3184 secundum
1206 3145 1447 3184 carnem
1505 3128 1771 3185 ambulet
1800 3129 1865 3183 “.
1919 3130 2045 3184 Non

395 3219 557 3273 enim
587 3218 712 3272 vult
741 3218 1058 3289 Apostolus
1075 3222 1141 3272 ut
1161 3235 1271 3273 nos
1291 3234 1325 3274 a
1347 3219 1570 3273 mundo
1596 3219 1833 3290 penitus
1856 3234 2044 3290 segre-

2154 1966 2494 2042 ἆναγνωσθέν
2548 1968 2676 2025 Ὅτε
2702 1967 2803 2042 γάρ
2860 1967 3001 2041 ἦμεν
3053 1966 3105 2022 ἐν
3156 1970 3227 2041 τῇ
3276 1965 3457 2041 σαρκὶ,
3504 1967 3572 2021 τὰ
3624 1968 3817 2037 παθή-

2156 2076 2299 2130 ματα
2336 2060 2445 2112 τῶν
2505 2058 2805 2132 ἁμαρτιῶν,
2858 2056 2925 2111 τὰ
2981 2053 3071 2110 διὰ
3116 2060 3214 2111 τοῦ
3272 2056 3467 2129 νόμου,
3520 2054 3812 2131 ἐνηργεῖτο

2153 2146 2206 2202 ἰν
2238 2152 2355 2208 τοῖς
2405 2144 2623 2220 μέλεσιν
2673 2149 2859 2220 ἡμῶν.
2909 2146 3033 2202 Ἐὰν
3082 2143 3141 2200 δὲ
3190 2143 3327 2221 λέγῃ
3369 2148 3448 2219 (4)
3476 2147 3504 2200 6
3538 2145 3813 2202 Ἀπόστὸ-

2155 2236 2275 2305 λος,
2306 2235 2593 2308 ’Ότεῆμεν
2626 2234 2678 2290 ἐν
2727 2238 2796 2309 τῇ
2856 2235 3034 2310 σαρκὶ,
3095 2233 3157 2289 ού
3215 2235 3417 2305 ταύτην
3467 2230 3648 2309 ἔλεγεν
3704 2236 3810 2304 τὴν

2155 2324 2348 2400 σάρκα,
2378 2321 2443 2394 ἤν
2477 2318 2949 2400 περιϐεϐλήμεθα,
3010 2321 3156 2378 ἀλλὰ
3209 2324 3305 2385 τὰς
3367 2323 3626 2398 σαρκικᾶς
3674 2322 3816 2399 πρά-

2156 2414 2281 2486 ξεις·
2309 2415 2429 2471 Ἔτι
2460 2434 2522 2490 γε
2551 2414 2720 2489 σάρκα
2766 2417 2975 2491 φορῶν,
3028 2408 3228 2489 ἔλεγεν·
3280 2413 3411 2469 Ὅτε
3453 2414 3591 2487 ἦμεν
3636 2412 3687 2468 ἐν
3735 2416 3812 2487 τῇ

2156 2502 2333 2580 σαρκί.
2370 2501 2529 2561 Ἀλλ’
2557 2504 2716 2579 ὅνπερ
2755 2503 2958 2578 τρόπον
3008 2505 3107 2576 (5),
3166 2498 3471 2575 μέλλοντος
3520 2501 3808 2577 ἐπάγεσθαι

2155 2591 2565 2666 κατακλυσμοῦ,
2625 2593 2655 2647 6
2712 2592 2843 2655 Θεὸς
2892 2590 3100 2667 ἔλεγεν,
3145 2590 3223 2649 Οὐ
3275 2591 3351 2662 μὴ
3396 2591 3695 2666 καταμείνῃ
3744 2592 3809 2646 τὸ

2156 2682 2377 2754 Πνεῦμά
2409 2702 2513 2753 μου
2565 2679 2619 2736 ἐν
2662 2686 2779 2743 τοῖς
2828 2679 3137 2755 ἀνθρώποις
3185 2680 3427 2749 τούτοις,
3478 2676 3569 2734 διὰ
3613 2680 3672 2733 τὸ
3720 2679 3809 2734 εἶ-

2154 2791 2241 2826 ναι
2297 2769 2493 2832 αὐτοὺς
2540 2770 2763 2845 σάρκας·
2838 2773 2935 2824 τοῦ
3018 2768 3325 2841 πνεύματος
3402 2767 3479 2829 εἰς
3543 2769 3804 2841 σαρκικήν

2155 2858 2467 2934 προαίρεσιν
2529 2851 3041 2931 μεταϐαλλομὲνουο
3102 2855 3247 2912 οὕτω
3322 2855 3409 2911 καὶ
3492 2854 3713 2919 ἐνταῦθα
3769 2857 3800 2910 ὁ

2153 2946 2496 3010 Ἀπόστολος
2528 2945 2694 3022 λέγει·
2725 2948 2853 3004 “Ore
2879 2946 3022 3020 ἦμεν
3054 2945 3108 3001 ἐν
3137 2949 3207 3020 τῇ
3239 2944 3409 3021 σαρκί.

2227 3039 2334 3096 ΙΙ-Γ.
2368 3033 2578 3108 Μηδεὶς
2603 3035 2781 3091 τοίνυν
2833 3033 2971 3091 ἔστω
3016 3035 3074 3091 ὲν
3123 3036 3304 3111 σαρκὶ,
3356 3031 3475 3091 ἀλλ’
3525 3033 3575 3088 ἐν
3629 3031 3786 3107 σαρκὶ

2155 3122 2253 3195 ὢν,
2291 3127 2367 3200 μὴ
2398 3126 2536 3181 κατὰ
2562 3126 2736 3200 σάρκα
2763 3124 3130 3199 περιπατείτω
3169 3126 3268 3198 (6).
3327 3122 3404 3182 Οὐ
3445 3124 3546 3199 γὰρ
3595 3119 3797 3197 βούλε-

2153 3235 2242 3270 ται
2271 3216 2419 3287 ἡμᾶς
2451 3214 2482 3268 6
2510 3212 2847 3276 Ἀπόστολος
2904 3211 3128 3276 τελείως
3175 3212 3397 3275 ἑαυτοὺς
3454 3210 3802 3287 ἐξαγαγόντας

398 3314 604 3379 gentes
634 3307 858 3361 malum
890 3323 1010 3361 non
1041 3324 1396 3378 operemur;
1429 3307 1533 3363 sed
1563 3313 1628 3361 ut
1656 3307 1719 3362 in
1739 3322 1917 3361 carne
1943 3324 2045 3378 po-

2164 3302 2215 3358 ἒκ
2243 3277 2341 3357 τού
2369 3301 2604 3375 κόσμου,
2639 3302 2716 3374 μή
2748 3300 3060 3377 ἐργάζεσθαι
3092 3300 3319 3380 φαῦλον·
3380 3277 3507 3356 an;
3557 3277 3807 3375 ’ὲν-σαρκὶ

398 3396 517 3461 siti,
551 3411 792 3450 carnem
824 3396 1087 3450 servituti
1122 3396 1529 3466 subjiciamus,
1564 3401 1621 3451 et
1643 3396 1772 3467 ejus
1798 3395 2049 3462 imperio

402 3501 523 3540 non
552 3488 882 3539 teneamur.
925 3486 1050 3539 Non
1097 3485 1440 3548 serviamus,
1490 3484 1595 3540 sed
1637 3485 2039 3556 imperemus:

399 3573 530 3628 cibo
562 3578 802 3628 utamur
832 3573 1138 3630 moderato
1164 3592 1179 3639 ;
1213 3590 1332 3629 non
1356 3574 1576 3630 ventris
1595 3573 1852 3646 ingluvie
1873 3573 2041 3628 abre-

399 3663 504 3736 pti,
541 3664 643 3718 sed
670 3663 905 3719 frenum
935 3664 1123 3719 ventri
1156 3665 1515 3737 injicientes.
1535 3670 1601 3719 ut
1625 3669 1684 3719 et
1739 3664 2046 3720 affectibus

403 3752 558 3808 infra
586 3758 852 3809 ventrem
886 3753 1085 3809 sedem
1120 3753 1476 3810 habentibus
1496 3754 1897 3809 modeiemur.
1932 3754 2049 3809 Gu-

402 3843 688 3898 bernetur
711 3842 782 3898 ab
807 3843 1009 3899 anima
1037 3860 1275 3915 corpus,
1299 3859 1404 3899 nec
1430 3841 1502 3898 ab
1525 3842 1864 3899 carnalibus
1884 3843 2049 3899 volu-

402 3932 664 4004 ptatibus
685 3932 885 3988 anima
906 3933 1192 3988 trahatur.
1216 3934 1291 3987 Ne
1311 3931 1551 4003 amplius
1562 3948 1772 4002 pecces,
1801 3949 1869 3988 ne
1915 3932 2054 4004 quid

2158 3389 2315 3455 ὄντας
2345 3395 2513 3465 ἡμᾶς,
2546 3390 2968 3447 καταδουλῶσαι
2997 3395 3096 3462 τήν
3123 3392 3313 3468 σάρκα,
3367 3393 3456 3447 καὶ
3512 3393 3590 3466 μὴ
3640 3388 3807 3467 ἄρχε-

2153 3485 2272 3538 σθαι
2298 3482 2386 3538 ὑπ’
2417 3480 2604 3551 αὐτῆς.
2636 3483 2725 3550 Μὴ
2754 3477 3149 3554 δουλωθῶμεν,
3180 3480 3306 3537 ἀλλ’
3352 3480 3628 3555 ἄρξωμεν·
3676 3486 3806 3556 τρὸ-

2155 3574 2230 3648 φῇ
2260 3570 2598 3645 χρησώμεθα
2638 3569 2956 3643 συμμέτρῳ,
3010 3571 3085 3643 μὴ
3134 3574 3201 3644 τῇ
3253 3570 3661 3646 γαστριμαργίᾳ
3705 3590 3805 3625 κα-

2154 3659 2539 3736 ταφερόμενοι,
2574 3655 2720 3713 ἀλλὰ
2747 3655 3107 3733 χαλινοῦντες
3134 3660 3235 3727 τὴν
3284 3660 3541 3735 γαστέρα,
3591 3660 3678 3712 ἱνα
3713 3656 3803 3712 καὶ

2154 3752 2264 3803 τῶν
2298 3747 2400 3802 ὑπὸ
2458 3746 2696 3822 γαστέρα
2752 3747 3020 3821 ἄρξωμεν·
3077 3748 3362 3823 Ἀρχὲσοω
3391 3747 3454 3803 τὸ
3485 3752 3643 3821 σῶμα
3692 3747 3800 3802 ὑπὸ

2155 3843 2258 3906 τῆς
2282 3838 2490 3912 ψυχῆς,
2521 3836 2611 3891 καὶ
2643 3837 2719 3908 μή
2753 3834 2995 3910 συρέσθω
3025 3838 3061 3906 ἡ
3092 3838 3246 3911 ψυχὴ
3295 3836 3400 3893 ὑπὸ
3449 3841 3557 3892 τῶν
3607 3855 3804 3910 σαρκι-

2158 3931 2270 3983 κῶν
2299 3924 2536 3998 ἡδονῶν.
2588 3925 2801 3997 Μηκέτι
2847 3926 3141 4001 ἁμάρτανε,
3193 3928 3287 3983 ἳνα
3336 3930 3412 4001 μή
3458 3927 3511 3982 τί
3560 3948 3645 3982 σοι
3683 3931 3802 4002 χεῖ-

470 4087 516 4121 ¹⁰
543 4088 661 4143 Jac.
705 4104 746 4153 ι,
780 4087 865 4142 13.
948 4086 987 4129 ¹ι
1020 4087 1187 4141 Prov.
1219 4103 1272 4152 ν,
1304 4086 1392 4139 2'2.
1474 4083 1518 4120 ³³
1546 4084 1716 4141 Rom.
1740 4102 1833 4154 vn,
1864 4086 1921 4141 5.
2001 4084 2047 4121 '3

2167 4101 2228 4141 n.
2259 4101 2335 4150 v1,
2367 4086 2419 4139 3.
2497 4080 2545 4117 ¹⁴
2571 4082 2623 4139 ΙΙ
2651 4082 2780 4138 Cor.
2812 4099 2871 4151 x,
2903 4085 2958 4152 2,
2990 4085 3042 4138 3.

399 4239 515 4296 niis
533 4236 822 4310 exempla.
843 4236 1099 4310 Cyrillus
1122 4252 1276 4310 stupe
1307 4235 1423 4310 vim
1457 4237 1606 4310 signi
1638 4237 1830 4310 crucis
1862 4236 2044 4310 etin-

401 4307 726 4366 vocationis
747 4308 1008 4363 nominis
1025 4308 1239 4362 Christi
1263 4307 1324 4362 in
1350 4307 1622 4373 iugandis
1653 4307 2047 4374 daemonibus,

2158 4234 2304 4291 bum
2353 4233 2628 4301 recurrit,
2660 4233 2828 4306 locis,
2882 4237 3168 4306 scriptum
3219 4235 3400 4291 habet
3434 4230 3588 4306 ἤμην
3637 4251 3807 4306 eram,

2158 4307 2249 4362 vel
2278 4308 2517 4376 fueram.
2567 4305 2677 4361 Sed
2726 4322 2937 4362 sensus
2983 4305 3249 4379 Apostoli
3296 4305 3580 4379 postulat,
3635 4305 3803 4378 ἦμεν,

404 4389 462 4439 et
486 4379 1052 4460 abigendisAmorbis
1071 4385 1518 4460 commemorat,
1540 4386 1606 4435 ut
1626 4386 1738 4460 cat.
1766 4381 2004 4460 l3,n_.40
2033 4396 2046 4443 ;
2084 4396 2127 4460 υ
2159 4395 2394 4460 σταταιιὲ

404 4460 515 4511 cat.
554 4450 639 4518 10,
672 4470 729 4507 ιι.
768 4454 852 4507 13.
886 4451 1149 4524 Orationi
1182 4451 1268 4504 illi
1288 4467 1477 4524 super
1496 4457 1878 4524 aegrotantem
1901 4450 2047 4506 fusas

402 4525 1065 4597 adjungebalurmanus
1086 4521 1385 4597 impositio
1409 4538 1476 4577 ex
1499 4521 1714 4597 Christi
1738 4527 2049 4597 etaposto-

403 4593 617 4654 lorum'
633 4594 922 4667 exemplo.
960 4594 1107 4648 Hinc
1134 4593 1313 4667 verba
1341 4595 1529 4648 sancti
1551 4594 1748 4667 Jacobi
1773 4595 1844 4667 de
1866 4594 2043 4667 inun-

401 4669 610 4741 gendis
642 4663 920 4741 infirmis,
954 4670 1013 4719 et
1040 4663 1263 4719 orando
1290 4681 1472 4741 super
1493 4682 1613 4741 eos.
1639 4666 1930 4741 Jacobi,_v,
1956 4666 2045 4729 14,

404 4735 475 4797 de
506 4739 886 4810 impositione
918 4753 1203 4811 manuum
1235 4736 1616 4811 adiungenda
1644 4738 1815 4811 vulgo
1863 4735 2050 4790 inter-

401 4807 723 4887 pretantur
743 4815 1014 4887 auctores
1046 4807 1452 4887 ecclesiastici.

478 4885 555 4952 (1)
585 4879 775 4952 Αὐτός.
809 4884 896 4937 lta
925 4883 1061 4952 Reg.
1096 4880 1240 4935 Male
1272 4879 1503 4943 Milles.,
1540 4876 1691 4935 αύτύ.

478 4950 551 5023 (2)
582 4955 692 5009 T06
725 4950 913 5027 ῥητοῦ.
948 4950 1058 5027 etc.
1093 4952 1430 5027 Articulum
1452 4952 1569 5013 τοῦ,
1628 4956 1688 5007 et
1727 4952 1905 5013 verba
1945 4957 2049 5027 ira:

408 5024 691 5095 ἂνθρωπος
722 5022 792 5080 ex
822 5025 999 5096 Regio
1057 5023 1188 5078 cod.
1242 5022 1601 5096 adiecimus;
1663 5028 1729 5078 ut
1772 5030 1831 5081 et
1877 5025 2054 5081 verba

450 5091 749 5168 aulopost
778 5091 1108 5168 sequentia,
1139 5092 1297 5168 γενοό
1326 5091 1597 5165 ἐλεήμων.
1629 5095 1894 5167 Sequens
1924 5113 2050 5152 ver-

450 5115 583 5151 aulo
615 5115 749 5167 posu
778 5115 1108 5165 sequentia,
1139 5115 1297 5168 γενου
1326 5115 1597 5165 εΛεημων.
1630 5115 1894 5167 δθᾳιιθῐιε
1924 5115 2050 5152 ver-

407 5115 844 5239 Eumenem,
876 5166 1043 5239 deest
1073 5167 1131 5220 in
1163 5165 1289 5239 cod.
1326 5167 1469 5239 Reg.
1509 5168 1590 5221 Ex
1621 5168 1829 5223 eodem
1849 5168 2051 5224 codice

407 5256 514 5312 pro
546 5235 800 5312 ἁρπάξας,
831 5237 1209 5312 scripsimus,
1229 5235 1420 5312 agna;

479 5306 687 5381 (3)1{12
716 5306 795 5381 σύ.
835 5309 920 5364 Ita
950 5306 1059 5363 nos
1090 5325 1161 5381 ei;
1189 5309 1386 5381 Regio.
1446 5309 1751 5378 Millesius,
1801 5308 1891 5365 καί
1943 5330 2050 5365 σοι.

408 5377 567 5439 Post.
602 5380 732 5451 loco
764 5377 1337 5451 άναγνωσθησόμενοῖι,
1394 5396 1464 5435 ex
1496 5381 1703 5437 eodem
1735 5377 1872 5451 Reg.
1905 5384 2049 5438 scri-

452 5449 1045 5527 simus,_&v_ayvdneév-
1081 5467 1219 5507 nam
1251 5467 1319 5507 ea
1348 5453 1563 5527 concio
1617 5459 1750 5527 post
1796 5449 2050 5527 Evange-

434 5527 556 5581 ium
589 5522 938 5596 habebatur,
972 5528 1290 5596 utrumque
1321 5529 1517 5596 autem
1548 5522 1724 5579 lectio
1779 5542 1848 5581 ex
1897 5522 2051 5596 Apo-

409 5598 559 5653 stolo
582 5593 971 5667 prmcedebat.
990 5592 1076 5667 Ad
1089 5592 2050 5667 haec.convenientioradhortatio,

407 5675 468 5728 et
491 5664 807 5737 explicatio
838 5664 1114 5723 lectionis
1131 5666 1258 5738 jam
1289 5664 1459 5738 facta;
1519 5684 1699 5738 quam
1740 5668 2049 5735 facienda,

407 5744 520 5799 Pro
550 5735 717 5812 ἧμιν,
748 5742 885 5814 Reg.
918 5738 1017 5796 hic
1048 5742 1108 5795 et
1133 5735 1554 5810 sequentibus,
1567 5737 1670 5794 ubi
1716 5737 1875 5796 idem
1922 5756 2049 5796 ver-

2231 4450 2304 4519 (4)
2335 4448 2457 4505 Ἐὰν
2487 4444 2545 4503 δὲ
2569 4445 2720 4522 λὶγη.
2781 4448 3085 4522 Quamvis»
3112 4448 3175 4505 iu
3234 4466 3529 4522 manuscr.
3577 4448 3807 4522 legatur

2162 4517 2334 4593 λέγει,
2367 4538 2488 4578 non
2519 4517 2686 4575 veriti
2717 4537 2923 4594 sumus
2953 4520 3217 4594 scribere,
3244 4517 3398 4594 λέγῃ,
3438 4517 3684 4594 propter
3707 4538 3804 4576 vo-

2161 4588 2290 4649 cem
2322 4600 2691 4665 sequentem,
2724 4588 2922 4665 ἔλεγεν.
2955 4592 3170 4665 Locum
3206 4588 3365 4649 hunc
3415 4588 3592 4665 p'orr'o
3636 4593 3809 4665 aliter

2160 4660 2551 4734 repraesentat
2575 4665 2789 4734 Regius
2819 4660 2988 4719 liber.
3022 4664 3093 4734 in
3130 4665 3288 4719 hunc
3330 4660 3617 4734 modum:
3667 4660 3807 4720 Οὐδὲ

2159 4732 2434 4811 γᾶρλλέγει
2466 4736 2494 4789 6
2529 4732 2888 4811 ’Δτιόνστολοα
2920 4733 3217 4811 Ὅτε-ἦμεν
3246 4735 3297 4788 ἐν
3331 4734 3511 4811 σάρκῖ,
3561 4732 3628 4811 ἣν
3661 4754 3807 4811 περίι-

2163 4804 2500 4879 6ε6λήμεθα,
2533 4813 2681 4864 etc.:
2714 4810 2833 4864 Non
2862 4808 3004 4879 enim
3034 4807 3171 4862 dicit
3211 4804 3505 4878 Apostolus
3531 4823 3544 4860 :
3576 4808 3805 4873 Quando

2163 4877 2378 4939 eramus
2401 4882 2461 4934 in
2490 4897 2674 4940 carne.
2705 4896 2817 4950 qua
2844 4877 3233 4950 circumvestiti
3257 4877 3458 4945 Sumus,
3494 4884 3604 4935 etc.
3639 4880 3803 4934 Prio-

2162 4971 2289 5010 rem
2320 4952 2638 5007 lectionem
2668 4949 3048 5022 retinuimus,
3076 4950 3169 5005 cui
3204 4950 3405 5022 multas
3437 4950 3592 5020 apud
3624 4950 3803 5022 Cyril-

2163 5026 2288 5081 lum
2320 5023 2566 5078 similes.
2600 5021 2946 5093 Encliticam
2977 5016 3041 5093 γε
3066 5027 3201 5092 post
3246 5016 3323 5074 ἔτι
3372 5016 3576 5093 sensui
3623 5016 3803 5093 perﬁ-

2165 5095 2376 5153 ciendo
2408 5094 2804 5150 necessariam
2836 5092 3309 5149 subministravit
3332 5092 3514 5148 codex
3545 5092 3683 5162 Reg.

2238 5169 2310 5238 (5)
2343 5162 2504 5238 Ἀλλ’
2551 5162 2714 5236 ὅνπερ
2766 5162 2991 5238 τρόπον,
3043 5171 3154 5238 etc.
3206 5160 3695 5238 Praepositionem
3752 5160 3805 5238 iv

2165 5234 2302 5296 ante
2335 5234 2635 5309 μέλλοντος
2665 5234 2864 5293 nescio
2889 5235 3186 5309 quomodo
3212 5234 3499 5309 invectam
3525 5235 3812 5309 expunxi-

2165 5306 2673 5397 Enus,_cum‘de.sit
2695 5310 2948 5397 inﬁtiata
3004 5308 3178 5397 libro,
3225 5310 3395 5397 cujus
3446 5306 3616 5397 lectio
3668 5323 3809 5378 pau-

2165 5328 2320 5374 mus,
2353 5326 2485 5366 cum
2518 5326 2673 5366 aes".
2702 5326 2764 5362 ιιι
2813 5326 2948 5397 ηοξ.
3004 5326 3178 5371 unro,
3225 5326 3395 5432 cuius
3446 5326 3616 5364 lecuo
3668 5326 3808 5378 pau-

2165 5383 2288 5439 lum
2319 5381 2529 5453 variat.
2560 5381 2662 5453 sic.
2695 5376 2862 5453 ’AM:
2887 5397 3069 5453 ωσπερ
3098 5377 3199 5453 γὰρ
3228 5375 3471 5453 ᾼμ-λλων
3519 5376 3808 5453 ἐπάγεσθαι

2163 5451 2543 5523 κατακλυσμὸν
2576 5452 2604 5505 ὁ
2636 5456 2788 5524 Θεὸς,
2819 5442 2997 5524 ἔλεγε,
3031 5442 3140 5506 etc.
3167 5442 3180 5505 ξ
3214 5442 3321 5508 sed
3357 5442 3810 5520 quemadmodum

2164 5542 2284 5582 cum
2313 5525 2585 5580 diluvium
2614 5523 2943 5580 inducturus
2982 5529 3115 5578 esset
3145 5524 3304 5590 Deus,
3337 5528 3449 5578 etc.

2364 5592 2751 5680 Περιπατείτω.
2811 5595 2895 5680 lix
2950 5595 3128 5667 Regio
3186 5594 3536 5650 emendatur
3599 5592 3809 5649 vitiosa

2159 5666 2336 5727 lectio
2368 5667 2534 5737 editi,
2563 5666 2938 5743 περιπατήτω.
