4128 6268
384 358 540 421 1153

1517 357 1846 419 HOMlL-IA
1894 360 1978 420 IN
2022 357 2631 421 PARALY'I‘ICUM.

3640 359 3799 424 1154

382 509 473 565 ρον
506 490 753 565 γένηται.
811 485 1079 564 Κηρύσσει
1145 488 1242 562 μὶν
1302 489 1496 545 ἅπασιν
1530 490 1559 544 ὁ
1589 487 1780 565 λόγος’
1814 492 2035 562 γένοιτο

2151 491 2256 548 tibi
2286 492 2526 549 deterius
2553 493 2852 563 contingat.
2887 492 3176 551 Omnibus
3195 492 3293 550 hic
3325 492 3641 551 denuntiat
3677 512 3798 552 ser-

378 576 436 634 δὲ
469 582 545 654 (1)
577 580 753 634 πάντα
781 578 847 632 τὰ
880 575 994 633 ὦτα
1051 576 1287 637 ἀκούειν.
1321 578 1399 637 Οὐ
1428 579 1531 656 γὰρ
1563 583 1708 635 πᾶσα
1735 580 1876 649 ἀκοὴ
1913 600 2042 656 σαρ-

376 668 473 731 κὸς
505 667 778 743 δεχομένη
810 666 902 721 τὸν
932 666 1121 743 λόγον,
1146 665 1254 739 ἢδη
1284 665 1502 743 δέχεται
1534 667 1612 732 εἰς
1641 670 1741 736 τήν
1776 666 2044 730 διάνοιαν,

380 756 469 814 διὰ
523 761 690 813 τοῦτο
723 758 751 811 ὁ
791 758 987 831 Σωτὴρ
1048 751 1255 831 ἔλεγεν
1310 757 1374 813 Ὀ
1428 752 1576 833 ἔχων
1636 755 1750 812 ὦτα
1806 757 2021 813 ἀκούων

376 849 645 915 ἀκουέτω,
675 850 792 908 τοῖς
824 840 1047 920 ἔχουσιν
1078 842 1190 901 ὦτα
1219 846 1418 909 σαοκὸς
1451 844 1866 923 διαλεγόμενος.
2031 819 2047 848 ’

457 1117 553 1172 [ϐ’.
614 1112 889 1171 Ἀκουὲτω
945 1116 1019 1186 (2)
1073 1112 1260 1169 τοίνυν
1320 1114 1459 1177 ἅπας
1493 1116 1696 1186 Ἰησοῦ,
1725 1114 1814 1169 καὶ
1850 1115 2047 1188 μηκέτι

377 1202 753 1280 ἀμαρτανὲτωσ
813 1200 962 1257 ἀλλὰ
1018 1207 1098 1275 τῷ
1154 1203 1444 1278 ἁμαρτιῶν
1506 1206 1843 1280 συγχωρητῇ
1874 1224 2049 1279 προσ-

375 1291 695 1368 δράμωμεν.
729 1290 832 1349 Καὶ
877 1290 924 1346 ei.
981 1295 1274 1365 νοσοῦμεν,
1329 1291 1756 1370 προσφύγωμιν⁹
1791 1292 1899 1348 εἴτε
1942 1292 2047 1349 ἀλ-

372 1388 577 1460 γοῦμεν
607 1385 708 1452 τὴν
741 1383 951 1458 ψυχὴν,
981 1386 1062 1454 τῷ
1110 1381 1285 1458 ἰατρῷ
1312 1383 1417 1453 τῆς
1468 1404 1724 1458 γνωσεως
1754 1382 2045 1454 ἐξακολου-

372 1474 651 1545 θήσωμεν·
707 1469 815 1526 εἴτε
872 1475 1149 1545 πεινῶμεν
1200 1474 1304 1544 (3),
1357 1472 1449 1527 τὸν
1506 1468 1668 1547 ἄρτον
1743 1470 2043 1545 δεξώμεθα-

373 1560 481 1617 εῗτε
536 1560 949 1637 ἑνεκρώθημεν,
1006 1561 1106 1629 τὴν
1165 1562 1453 1616 ἀνάστασιν
1515 1556 1798 1635 λάϐωμεν
1863 1559 1970 1617 εἴτε
1995 1561 2048 1616 ἐν

373 1652 565 1730 ἀγνοίᾳ
592 1651 1078 1727 χατεγηράσαμεν,
1135 1652 1236 1719 τὴν
1297 1651 1497 1727 σοφίαν
1536 1650 1682 1726 παρὰ
1710 1657 1809 1721 τῆς
1841 1650 2046 1729 Σοφίας

373 1740 584 1811 αἲτησώ
593 1751 751 1814 μεθα.

450 1922 533 1979 Κ’.
565 1917 723 1978 Ἀλλ’
753 1916 1053 1991 ἑξείλκιισεν
1103 1920 1180 1991 (4)
1229 1920 1377 1991 ἡμᾶς
1406 1917 1578 1994 λόγος
1620 1917 1697 1981 εἷς
1732 1925 1831 1993 μῆ)
1851 1939 1910 1984 ος
1939 1916 2039 1974 λό-

384 2027 507 2084 γου·
567 2010 655 2064 καὶ
714 2006 845 2070 ἴσως
901 2007 1197 2083 γεγόναμεν
1254 2004 1518 2080 ἐμπόδιον
1573 2015 1842 2082 πατρικῆς
1887 2005 2038 2064 διδα-

383 2098 633 2160 σκαλίας.
694 2097 895 2173 Καιρὸς
958 2095 1015 2151 εὶ
1069 2096 1230 2152 καλεῖ
1280 2096 1371 2152 καὶ
1433 2096 1700 2170 μειζόνων
1745 2097 2040 2154 ἇπακοῦσαι

379 2187 665 2265 ῥημάτων,
712 2189 802 2243 ἳνα
848 2187 1224 2263 ὠφιληθὲντες
1280 2187 1342 2243 ἐκ
1395 2188 1660 2261 μειζόνων
1692 2186 1887 2266 ἔργων,
1921 2194 2037 2262 Θεῷ

375 2275 466 2334 διὰ
518 2283 627 2333 τῶν
675 2274 853 2354 ἔργων
909 2278 1010 2347 τήν
1065 2275 1390 2355 δοζολογίαν
1440 2276 1874 2352 ἀναειιιὲμιιιοωμεν⁸
1922 2277 2033 2351 ᾧή

374 2364 502 2437 δόξα
529 2368 622 2422 καὶ
649 2370 741 2423 νῦν
771 2366 861 2421 καὶ
920 2365 1026 2439 ἀεὶ,
1081 2367 1173 2420 καὶ
1227 2366 1305 2429 ιίς
1354 2365 1484 2429 τοὺς
1532 2365 1734 2430 αῗῶνας
1758 2371 1868 2423 τῶν
1897 2368 2033 2422 αἰώ-

377 2477 505 2515 νων.
534 2457 739 2529 Ἀμήν.

2150 598 2277 638 mo:
2312 583 2540 638 utinam
2570 598 2706 637 vero
2737 599 2946 638 omnes
2967 599 3140 639 aures
3185 584 3428 641 audiant
3452 585 3464 639 l
3486 586 3611 640 Non
3631 586 3791 642 enim

2152 687 2361 727 omnes
2377 672 2539 728 auris
2565 688 2847 744 corporea
2860 689 2990 743 quas
3013 673 3253 727 verbum
3283 673 3618 730 immissum
3642 676 3795 731 reci-

2150 761 2255 834 pit,
2290 763 2573 817 continuo
2620 762 2797 817 etiam
2825 763 2981 817 intra
3036 762 3452 834 cogitationem
3512 765 3791 821 admittit.

2150 851 2376 907 Idcirco
2405 851 2602 907 aiebat
2632 851 2930 906 Salvator:
2967 852 3072 915 Qui
3102 851 3438 907 habetaures
3458 853 3532 907 ad
3560 855 3797 909 audien-

2151 940 2281 995 dum
2310 940 2503 995 audiat
2528 939 2609 1006 '5;
2641 956 2776 996 cum
2806 939 3079 994 homines
3108 940 3511 1011 alloqueretur
3541 943 3642 1012 qui
3672 959 3794 997 cer-

2151 1028 2282 1084 neis
2311 1030 2553 1084 auribus
2585 1045 2704 1084 non
2727 1028 3028 1084 carebant.

2220 1118 2372 1174 XIX.
2404 1118 2623 1174 Audiat
2670 1117 2871 1189 itaque
2921 1118 3121 1173 Jesum
3178 1118 3372 1173 omnis
3400 1118 3600 1175 homo.
3634 1124 3694 1175 et
3720 1136 3796 1175 ne

2151 1208 2409 1279 amplius
2430 1214 2651 1280 peccet;
2676 1207 2779 1263 sed
2800 1224 3182 1263 accurramus
3202 1208 3255 1263 ei
3277 1208 3379 1279 qui
3403 1215 3643 1280 peccata
3655 1227 3795 1265 con-

2152 1298 2351 1354 donat.
2381 1297 2425 1334 ’⁸
2442 1299 2512 1353 Et
2540 1298 2660 1353 sive
2684 1296 2890 1353 morbo
2913 1296 3282 1362 laboramus,
3313 1297 3389 1353 ad
3423 1314 3558 1353 eum
3598 1300 3799 1354 conl'u-

2150 1389 2411 1460 giamvs;
2448 1387 2567 1442 sive
2598 1388 2812 1442 animae
2844 1387 3002 1442 malo
3035 1387 3292 1457 quodam
3315 1388 3799 1457 cruciamur,me-

2151 1477 2351 1531 dicum
2381 1476 2645 1530 scientias
2677 1475 3024 1546 [auctorem]
3056 1492 3412 1545 sequamur;
3439 1477 3557 1531 sive
3607 1478 3797 1532 esuri-

2150 1582 2306 1633 mus,
2339 1581 2554 1637 panem
2587 1564 2984 1636 recipiamus:
3018 1564 3135 1618 sive
3176 1563 3394 1618 mortui
3444 1582 3670 1633 sumus,
3702 1583 3793 1621 re-
3850 1580 3855 1584 ‘

2152 1654 2584 1711 surrectionem
2618 1654 3017 1726 accipiamus:
3052 1654 3172 1709 sive
3204 1656 3266 1709 in
3298 1654 3633 1727 ignorantia
3662 1671 3800 1711 con-

2152 1745 2481 1813 senuimus,
2516 1744 2869 1816 sapientiam
2898 1742 2972 1799 ab
3007 1743 3137 1814 ipsa
3186 1744 3488 1815 Sapientia
3535 1745 3797 1816 postule-

2071 1865 2119 1931 B
2151 1851 2304 1931 “‘93:

2221 1922 2338 1978 ΧΧ.
2362 1923 2574 1978 Verum
2598 1921 2658 1976 in
2679 1921 2930 1976 nimiam
2949 1936 3058 1975 nos
3080 1921 3374 1975 sermonis
3392 1919 3791 1993 prolixitatem

2150 2014 2435 2085 pertraxit
2456 2012 2742 2069 orationis
2764 2018 3198 2084 argumentum;
3226 2018 3285 2067 et
3306 2018 3453 2068 torte
3479 2014 3663 2084 patris
3686 2030 3795 2069 no-

2153 2102 2259 2156 stri
2291 2101 3176 2173 instructioniimpedimentum
3195 2100 3532 2173 injecimus.
3560 2103 3602 2137 ίτ
3624 2104 3792 2158 Τθωο

2146 2208 2259 2265 pus
2292 2208 2428 2248 vero
2459 2198 2680 2257 monet,
2715 2198 2782 2246 ut
2806 2191 3037 2263 majora
3066 2191 3245 2246 verba
3264 2191 3598 2259 audiamus;
3628 2197 3692 2246 ut
3726 2208 3797 2246 ex

2146 2280 2595 2336 sublimioribus
2610 2280 2983 2335 sermonibus
2997 2280 3315 2334 utilitatem
3335 2281 3660 2351 capientes,
3680 2281 3796 2333 Deo

2145 2385 2276 2425 eam
2308 2387 2439 2442 qum
2471 2386 2541 2425 ex
2567 2369 2846 2442 operibus
2876 2369 3278 2440 proficiscitur
3306 2368 3555 2441 gloriam
3586 2368 3794 2423 remit—

2143 2464 2359 2515 tamus.
2393 2459 2495 2515 Cui
2528 2459 2716 2532 gloria
2746 2466 2804 2514 et
2832 2475 2991 2516 nunc
3024 2465 3083 2514 et
3123 2475 3377 2532 semper,
3425 2460 3567 2515 etin
3598 2472 3789 2514 saecu-

2142 2549 2202 2604 la
2232 2549 2607 2605 saeculorum.
2641 2551 2848 2604 Amen.
3140 2542 3147 2555 “

456 2664 502 2701 ι⁵
530 2663 730 2719 Matth.
764 2679 841 2731 χι,
875 2667 960 2720 15.
1039 2662 1085 2698 ¹⁶
1124 2664 1259 2719 Vide
1287 2670 1398 2721 cat.
1431 2666 1519 2731 10,
1553 2682 1612 2720 n.
1651 2667 1736 2721 13.
1812 2665 1857 2701 ¹⁷
1897 2666 2036 2721 Vide

2151 2674 2173 2719 ὲ.
2210 2666 2297 2734 18,
2320 2683 2380 2721 n.
2415 2667 2502 2722 32.

450 2780 527 2852 (i)
559 2778 776 2853 Γὲνοιτο
803 2774 879 2834 δέ.
912 2778 1191 2835 Additum
1222 2775 1280 2832 δὲ
1311 2796 1381 2835 ex
1413 2779 1612 2853 Regio.

451 2850 526 2923 (2)
557 2850 847 2906 Ἀκουέτω.
898 2853 987 2907 Ita
1042 2868 1112 2906 ex
1170 2854 1306 2923 Reg.
1368 2850 1673 2921 Millesius,
1706 2850 2029 2906 ἀκουσάτω-

378 2922 688 2994 cav,quod
721 2924 874 2978 male
904 2939 1042 2979 cum
1071 2922 1208 2984 ἅπας
1235 2922 1621 2979 construitur.

448 2999 522 3064 (3)
559 2997 854 3063 ίΙεινῶμεν.
894 2996 975 3049 Ex
1030 2996 1163 3050 cod.
1222 2996 1419 3067 Regio.
1456 2995 1692 3051 Mutilus
1723 2996 1819 3051 hic
1849 2994 2034 3050 codex

380 3068 572 3124 editus
588 3074 835 3138 tantum
866 3072 1274 3138 repraesentat,
1305 3069 1495 3123 πεινῶ.

452 3142 527 3210 (4)
585 3135 951 3211 ΪΕξείλκοσενῖ
1004 3138 1295 3211 Emendat
1351 3139 1489 3211 Reg.
1546 3138 1701 3211 liber
1747 3138 2029 3211 deprava-

380 3207 675 3265 tam'cditi
706 3210 1061 3278 scripturam
1086 3207 1732 3278 ἐξειλκοισενοίεὶωίιὶῐθι·
1761 3207 1842 3265 ίιί
1856 3209 2031 3265 verbo

381 3279 750 3350 διδασκαλίας,
783 3276 1003 3336 editam
1055 3276 1373 3337 lectionem
1426 3276 1832 3342 διδασκαλείας.
1876 3281 2031 3350 Post,

380 3354 509 3410 loco
542 3350 725 3423 λαλεῖ,
784 3353 1131 3423 scripsimus
1187 3353 1260 3407 de
1328 3351 1761 3423 nostro,xa).e‘i.
1796 3353 1943 3423 Loco
1975 3349 2034 3423 ἐκ

384 3424 647 3497 μειζόνων
677 3422 871 3551 ἔῗλγων,
905 3421 1235 3497 legendum
1283 3441 1515 3490 censeo,
1549 3422 1609 3478 ἐκ
1643 3424 1901 3497 μειζόνων
1934 3421 2035 3476 λό-

384 3517 511 3551 γων.
544 3499 684 3551 Post
754 3512 838 3551 asc
867 3496 1062 3551 verba.
1095 3496 1500 3551 sequebantur
1528 3496 1686 3551 anud
1716 3496 2033 3551 Millesium

378 3496 511 3571 γων.
544 3499 684 3571 Post
712 3496 1062 3571 bzecAverba,
1095 3496 1686 3571 sequebanturapud
1716 3496 2033 3571 Millesium

379 3563 513 3636 ista,
542 3563 809 3644 ὠφέλειαν
844 3564 1151 3638 δεξάμενοι,
1182 3563 1326 3637 quia
1371 3568 1456 3622 uti
1510 3563 1784 3624 inutilem
1813 3567 2035 3638 repeti-

2060 2793 2103 2860 ρ
2144 2782 2367 2837 tionem
2387 2781 2780 2860 continentia,
2810 2797 2877 2836 ac
2917 2781 2979 2835 in
3034 2781 3161 2860 cod.
3197 2781 3333 2853 Heg.
3369 2779 3791 2860 praetermissa,

2143 2855 2557 2925 expunximus.
2595 2854 2806 2925 Regius
2829 2869 3005 2925 porro
3028 2853 3211 2925 codex
3234 2852 3414 2906 totam
3444 2852 3596 2907 hanc
3626 2852 3790 2906 clau-

2141 2923 2335 2994 sulam
2357 2926 2585 2979 diverse
2610 2923 2891 2994 scriptam
2915 2923 3187 2994 exhibet;
3208 2940 3347 2977 nam
3373 2929 3507 2994 post
3527 2927 3794 2992 πατρικῆς

2140 2993 2491 3055 διδασκαλίαις
2525 2991 2855 3065 sichabet:
2889 2995 3099 3065 Γένοιτο
3150 2991 3208 3047 δὲ
3258 2991 3459 3065 παν-ξας
3507 2991 3653 3065 ἡμᾶς
3685 2998 3792 3046 τῶν

2137 3071 2235 3140 τοῦ
2296 3072 2556 3140 Σωτῆρος
2614 3064 2923 3140 ἐπακοῦσαιΔ
2961 3063 3242 3140 ῥημάτων·
3284 3063 3374 3140 ’ίνα
3420 3063 3793 3140 ᾦφεληθὲντεε

2140 3136 2200 3193 ἐκ
2232 3133 2496 3212 μειζόνων
2526 3136 2726 3212 ἔργων,
2753 3138 2853 3205 τήν
2899 3133 3225 3212 δοξολογίαν
3278 3133 3684 3212 ἀναπέμψωμεν
3713 3134 3794 3206 τῷ

2140 3207 2332 3282 Ιιχτρὶ,
2361 3209 2450 3263 καὶ
2483 3207 2615 3280 Υἱῷ,
2643 3208 2732 3262 καί
2762 3212 2863 3282 τῷ,
2886 3207 3030 3281 ἁγίῳ
3079 3207 3376 3280 Πνεόματι,
3408 3207 3642 3275 νῦνκαὶ,
3676 3214 3789 3263 etc.

2147 3280 2367 3338 Utinam
2396 3298 2520 3337 vero
2551 3297 2730 3336 omnes
2768 3280 3072 3337 Saluatoris
3108 3282 3274 3336 verba
3319 3283 3698 3349 exaudiamus,
3729 3286 3791 3333 ut

2142 3355 2208 3409 iis
2238 3354 2444 3425 adjuti,
2474 3370 2543 3408 ca:
2572 3354 2874 3424 majoribus
2902 3354 3155 3424 operibus
3182 3352 3641 3425 gloriﬁcationem
3662 3366 3792 3421 per-

2140 3423 2409 3480 solvafnus
2435 3427 2611 3488 Patri,
2646 3423 2697 3479 et
2729 3426 2892 3489 Filio,
2924 3432 2977 3479 et
3019 3425 3258 3495 Spiritui
3283 3431 3493 3479 sancto.
3529 3423 3793 3478 Priorem

2142 3496 2885 3568 lectionemprmferimus,
2918 3496 3005 3549 uti
3044 3494 3333 3552 secutura:
3362 3494 3625 3566 episcopi
3654 3509 3795 3548 con-

2143 3568 2300 3623 cioni
2331 3567 2517 3640 magis
2550 3568 3021 3623 convenientem.

1139 3834 1299 3893 ³⁴⁵
1390 3851 2126 4007 SANCTI
2225 3851 3040 4005 CYRILLI

1392 4080 2135 4144 HIEROSOLYMITANI
2178 4080 2784 4143 ARCHIEPISCOPI

691 4221 1290 4318 EPISTOLA
1354 4216 2469 4313 ADCONSTANTIUM
2541 4142 3473 4312 IMPERATOREM.
3568 4208 3569 4211 *

1340 4400 1427 4460 De
1460 4397 1590 4459 viso
1620 4395 2072 4477 Hierosolymis
2102 4395 2328 4457 lucida
2358 4394 2560 4456 crucis
2592 4395 2794 4473 signo.

1644 4529 2305 4642 PBIELOQUI
2325 4529 2524 4624 UM.

445 4846 736 4902 SYNOPSIS.
771 4876 839 4887 --
870 4843 912 4901 Ι.
947 4849 1373 4971 Argumentum
1406 4842 1685 4916 epistolas.
1722 4839 1786 4897 Il.
1816 4843 1955 4911 Ejus
1988 4842 2159 4897 varia:
2191 4840 2498 4898 editiones.
2559 4841 2653 4897 Ill.
2685 4842 2765 4898 De
2789 4841 2899 4898 hac
2953 4845 3153 4898 nostra
3211 4840 3489 4897 editione.
3528 4839 3620 4896 ιν.
3649 4841 3789 4910 Ejus

445 4920 591 4971 :ritas
616 4935 648 4971 a
671 4919 1021 4971 Protestunti
1074 4934 1140 4971 us
1161 4919 1219 4971 iu
1255 4917 1499 4971 dubium
1533 4921 1753 4969 vocata.
1783 4913 1841 4968 V.
1870 4915 2165 4968 Asseritur
2188 4922 2497 4969 aveterum
2525 4914 2899 4969 testimoniis.
2923 4916 3009 4969 Ab
3032 4913 3160 4971 ipsa
3188 4914 3385 4968 eventi
3404 4919 3630 4968 natura.
3663 4915 3789 4968 V11.

379 4920 591 4974 veritas
616 4935 648 4973 a
671 4919 1021 4973 Protestunti

1074 4934 1140 4973 us
1161 4919 1219 4971 iu
1255 4913 1499 4971 dubium
1533 4921 1753 4969 vocata.
1783 4913 1841 4968 V.
1870 4915 2165 4968 Asseritur
2188 4922 2497 4969 aveterum
2525 4914 2899 4969 testimoniis.
2923 4916 3009 4969 Ab
3032 4913 3160 4984 ipsa
3188 4914 3385 4968 eventi
3404 4919 3630 4968 natura.
3663 4915 3789 4968 V11.

374 4992 441 5045 Α·
486 4991 637 5057 stylo
671 4990 841 5061 plane
868 4987 1376 5061 Cyrilliano._VllI.
1409 4987 1670 5061 Objectio
1703 4985 1883 5061 lliveti
1935 5001 2004 5040 ex
2054 4984 2332 5041 laudibus
2363 4987 2714 5061 Constantio
2740 4987 2797 5040 in
2850 4987 3097 5061 epistola
3127 4986 3304 5061 datis,
3354 4984 3660 5061 relellltur.
3682 4984 3789 5061 71X.

378 5054 639 5132 Objectio
670 5054 947 5123 secunda,
982 5077 1055 5132 cxg
1082 5059 1297 5132 Christi
1331 5054 1702 5132 predjctlo‘ne
1725 5054 1801 5111 ad
1830 5056 1988 5111 hunc
2020 5062 2357 5132 portentum
2380 5054 2942 5132 accommodataux.
2974 5056 3233 5132 ijoctio
3258 5060 3454 5132 tertia,
3487 5074 3522 5111 a
3566 5060 3787 5125 profes-

377 5126 540 5189 sione
571 5130 1093 5188 consubstantialis
1123 5126 1446 5184 Trinitatis.
1481 5128 1572 5182 ΧΙ.
1607 5128 1728 5191 Quo
1757 5143 1910 5181 anno
1944 5126 2231 5199 apparitio
2255 5129 2445 5181 crucis
2476 5126 2806 5199 contigerit.
2838 5128 2965 5183 Xll.
2997 5128 3361 5183 Belelluntur
3422 5128 3786 5183 diversarum

376 5221 411 5260 a
440 5212 641 5259 nostra
661 5203 882 5273 epocha
912 5203 1266 5257 delensores.
1301 5199 1449 5254 Xlll.
1484 5199 1605 5261 Quo
1635 5214 1832 5252 mense
1858 5214 1925 5252 ac
1952 5198 2043 5252 die
2065 5198 2373 5269 contigerit
2394 5216 2423 5252 a
2474 5198 2699 5266 paritio.
2733 5198 2869 5255 XIV.
2904 5200 3051 5265 Quid
3075 5201 3146 5255 de
3176 5200 3637 5254 circumstantiis
3671 5199 3788 5254 illis

376 5277 748 5327 sentiendum
782 5291 928 5327 uuas
960 5271 1227 5327 nonnulli
1260 5275 1331 5327 ad
1362 5269 1558 5327 Cvrilli
1584 5269 1978 5325 narrationem
2012 5269 2319 5327 adiiciunt.
2346 5217 2610 5327 Χνίῗοιιὶᾶ
2651 5270 2936 5327 apparitio
2970 5272 3503 5327 oortenderit.XVl.
3540 5271 3785 5327 Quando

376 5269 748 5331 sentiendum
782 5291 928 5344 quas
960 5271 1227 5329 nonnulli
1260 5275 1331 5327 ad
1362 5269 1558 5342 Cyrilli
1584 5269 1978 5325 narrationem
2012 5269 2319 5341 adjiciunt.

373 5348 592 5419 scripta
631 5347 896 5417 epistola.

2466 5271 2610 5335 Quid
2651 5270 2936 5342 apparitio
2970 5272 3503 5343 portenderit.XVl.
3540 5271 3785 5336 Quando

454 5536 505 5594 Ι.
532 5534 661 5593 Hac
681 5530 946 5611 epistola
967 5529 1145 5611 initio
1167 5528 1263 5590 sui
1284 5529 1684 5611 episcopatus
1706 5525 1853 5611 data
1875 5531 2093 5587 notum
2110 5526 2258 5587 facit
2278 5526 2644 5609 imperatori
2657 5530 2925 5611 Cyrillus
2946 5531 3189 5611 insigne
3212 5536 3528 5593 ostentum
3554 5526 3783 5588 lucida:

373 5608 1053 5703 crucis,Hierosolyitiis
1073 5609 1136 5670 in
1158 5608 1608 5703 cmiddieataii
1629 5608 1898 5703 septima
1918 5617 2293 5703 conspectae,
2318 5627 2460 5703 qua:
2486 5612 2564 5672 ab
2586 5608 2908 5703 Olivarum
2939 5608 3148 5703 monia
3170 5614 3245 5673 ad
3272 5612 3652 5703 Golgotham
3677 5622 3781 5661 us-

373 5715 495 5777 que
515 5689 1228 5775 protendebatur(num.
1280 5693 1367 5772 2).
1400 5690 1627 5753 Nullas
1649 5689 1745 5750 vel
1773 5689 1893 5750 sibi
1942 5689 2039 5751 vel
2072 5689 2443 5771 imperatori
2490 5694 3031 5756 convenientiores
3079 5693 3318 5754 litteras
3340 5693 3488 5749 dare
3510 5704 3574 5745 se
3594 5697 3778 5761 posse
