4128 6268
368 384 521 480 ΗξἹ
1516 379 1848 441 HOMlLIA
1890 379 1967 440 IN

2152 379 2622 443 tALYTICUM.
3627 386 3782 446 1158

365 517 508 578 dem
531 533 744 577 rerum
770 513 1440 595 repetitiones;similes
1463 521 1526 576 et
1549 514 1888 576 familiares
1909 514 2144 594 Cyrillo
2169 515 2646 578 locutiones.Sic
2670 515 2858 594 hujus
2879 516 3159 595 epistolae
3183 534 3355 577 num.
3373 521 3408 578 5
3437 519 3638 578 crucis
3661 525 3780 580 tro-

363 617 570 678 paeum
602 605 783 658 vocat
809 600 1078 668 καύχημα
1107 615 1288 678 δεαυχη
1301 594 1505 678 μάτων.
1535 596 1974 678 gloriationem

2147 597 2489 670 'iationum,
2529 606 2595 657 ut
2617 605 2738 658 cat.
2767 601 2863 669 13,
2892 594 3062 656 num.
3111 602 3166 658 1.
3193 600 3404 659 Crucis
3429 599 3777 678 apparitio-

365 672 508 739 hem
534 679 815 758 appellat
835 697 1009 758 num.
1038 681 1092 738 ‘2,
1124 672 1462 758 ἐπουρανίων
1492 672 1828 758 πραγμάτων
1861 685 1995 739 θεϊκπ

2147 678 2373 751 ἓργειαν.
2409 679 2509 738 Sic
2541 682 2791 758 Procat.
2820 697 2992 758 num.
3020 681 3117 750 15,
3153 680 3230 758 de
3269 672 3563 756 baptismi
3594 683 3777 758 eifec—

367 761 557 831 tibus,
579 753 866 826 λᾶοητεω
920 753 1186 829 ἐνέργειαν
1221 754 1377 817 θείων
1406 757 1772 828 πραγμάτων,
1804 761 1882 818 Et,
1903 766 1997 817 cat

2148 778 2196 817 η,
2224 759 2282 830 7,
2309 763 2394 820 De
2420 763 2563 828 Deo,
2603 757 2797 831 μυρίας
2832 755 3096 828 ἐκπέμπει
3128 756 3220 817 τὰς
3248 753 3632 828 τῆς-Θεὸτητος
3665 757 3778 812 ἐνε-

370 842 573 915 ργείας.
614 842 881 917 Favores
903 836 1534 917 divinosimperatort
1564 841 1876 914 praestitos
1898 857 2000 899 cor

2175 842 2425 901 nomine
2453 842 2793 917 compellat
2818 857 2986 907 num,
3016 843 3076 915 2,
3108 838 3320 908 μείζοσι
3354 838 3530 900 θεόθεν
3564 838 3783 915 στεφάν-

369 939 451 981 οις
482 915 830 990 ἐπουρανίοις
860 921 1185 987 τετιμῆσθαι
1220 915 1426 986 μαθών,
1453 922 1686 996 Cyrillo
1721 921 1994 980 familiar

2146 929 2189 993 t,
2215 915 2660 997 quamcunque
2687 919 3166 996 praerogativam
3213 938 3284 977 ac
3307 921 3498 979 decus
3524 923 3640 980 hoc
3664 941 3775 980 no-

370 1000 539 1060 mine
562 1002 820 1059 donare.
847 1001 983 1057 Cat.
1019 1001 1112 1071 t2,
1137 1016 1202 1056 n.
1226 1001 1323 1071 33,
1352 999 1728 1074 virginitatis
1753 1004 2144 1079 propositum
2172 1008 2352 1060 vocat
2372 1017 2694 1066 coronam,
2722 1017 2989 1076 eamque
3013 1000 3360 1076 angelicam
3396 1007 3570 1059 num.
3596 1000 3692 1071 34,
3719 1008 3782 1061 et

368 1090 490 1142 cat.
519 1083 618 1149 13,
644 1097 818 1139 num.
863 1080 920 1150 1,
957 1079 1160 1137 crucis
1202 1079 1638 1141 excellentiam
1665 1090 1726 1142 et
1766 1083 1957 1159 decus
1979 1081 2336 1158 designans,
2382 1082 2534 1140 dicit
2561 1079 2761 1138 crucis
2783 1097 3105 1138 coronam.
3149 1081 3472 1139 Diabolum
3499 1082 3780 1159 appellat

367 1180 542 1222 num.
581 1163 642 1237 6,
685 1160 1044 1238 oppositam
1093 1165 1493 1238 potestatem,
1519 1161 1570 1238 ἐξ
1601 1155 1979 1238 ἀντικειμένης

2144 1163 2286 1224 eius.
2322 1161 2413 1220 Ita
2451 1167 2574 1220 cat.
2599 1161 2697 1228 ‘20,
2750 1177 2920 1219 num.
2945 1163 3004 1218 3.
3050 1161 3150 1218 Ait
3174 1180 3347 1218 num.
3373 1161 3432 1230 7,
3458 1155 3774 1221 Christum

368 1231 640 1321 propriis
663 1231 953 1321 pretiosis
974 1231 1410 1321 sanguinibus,
1435 1231 1659 1321 o‘iaaioze
1690 1233 1894 1304 τιμίοις
1927 1231 1998 1321 a3;

2141 1231 2460 1301 mundum
2503 1239 2863 1300 redemisse.
2912 1239 3212 1299 Similiter
3233 1247 3352 1300 cat.
3381 1244 3440 1310 3,
3472 1261 3645 1301 num.
3675 1244 3771 1318 10,

367 1315 520 1381 dicit
546 1315 852 1399 martyres
876 1315 1319 1399 οἰκείοιςίαῗμασρ
1351 1316 1679 1399 baptizari,
1706 1323 1765 1376 et
1790 1322 1912 1375 cat.
1941 1317 1997 1386 2,

2145 1323 2215 1389 ,4,
2241 1323 2329 1380 ait
2346 1325 2699 1382 Manassem
2729 1321 3168 1379 innocentibus
3204 1322 3618 1397 sanguinibus
3639 1315 3775 1381 Hie-1

369 1395 754 1480 rosolymam
788 1402 1158 1477 complesse,
1184 1395 1995 1480 aipiewv’aedxavPrzeterea

2145 1405 2188 1457 tt
2208 1405 2533 1479 proprium
2559 1407 2652 1460 est
2671 1401 2902 1478 Cyrillo
2924 1400 3105 1478 plura
3126 1395 3438 1478 adjectiva
3471 1401 3574 1462 uni
3596 1402 3775 1462 subs-

373 1475 613 1543 tantivo
636 1475 980 1541 attribuere
1003 1488 1073 1539 ut
1089 1481 1192 1539 hic
1213 1475 1438 1538 οἰκείοις
1467 1475 1698 1548 τιμίοις.
1733 1479 1800 1536 Id
1824 1477 2055 1555 passim
2080 1477 2141 1536 in
2165 1475 2597 1542 catechesibus
2619 1475 2951 1540 observare
2968 1482 3168 1556 putuit
3189 1475 3403 1542 lector.

450 1563 609 1623 VllI.
635 1561 793 1632 Quid
817 1562 895 1620 ad
921 1560 1054 1619 haec
1083 1562 1364 1622 ltivetus?
1389 1561 1565 1620 Nihil
1591 1576 1847 1640 prorsus
1869 1557 2040 1635 quod
2066 1563 2368 1640 tantisper
2388 1565 2717 1622 curdatum
2765 1561 3086 1620 hominem
3141 1563 3372 1622 morari
3397 1563 3612 1640 possit.
3646 1563 3780 1622 Pri—

370 1662 543 1704 mum
575 1642 825 1702 laeditur
851 1641 1121 1720 protusis
1142 1640 1266 1699 illis
1304 1641 1599 1700 laudibus
1620 1638 1848 1716 quibus
1887 1638 2320 1720 Constantium
2347 1645 2628 1702 cumulat
2651 1642 2958 1719 Cyrillus:
3003 1642 3091 1700 ita
3115 1650 3180 1700 ut
3203 1638 3552 1702 necessario
3574 1645 3781 1703 dicen-

375 1725 523 1785 dum
549 1725 650 1793 sit,
676 1723 728 1782 si
754 1718 886 1782 haec
914 1721 1180 1800 epistola
1219 1721 1433 1799 Cyrilli
1455 1722 1771 1792 credatur,
1817 1718 2204 1801 fuisseillum
2255 1725 2551 1782 Arianum
2582 1722 2967 1792 haereticum,
3005 1722 3102 1779 vel
3153 1723 3544 1783 adulatorem
3572 1724 3778 1801 impu-

383 1805 606 1864 denter
630 1805 1021 1862 mendacem:
1065 1809 1176 1862 aut
1199 1802 1265 1883 si
1288 1802 1526 1883 nomini
1547 1804 1682 1878 ejus
1708 1800 2044 1883 parcimus,
2070 1802 2337 1862 alienam
2363 1804 2442 1863 ab
2461 1823 2534 1863 eo
2558 1802 3042 1878 esse,indignam
3076 1804 3272 1879 probo
3297 1809 3450 1864 347
3482 1800 3774 1883 episcOpo

388 1886 743 1963 epistolam.
771 1883 993 1942 Mirum
1016 1901 1166 1943 sane
1187 1881 1302 1942 siis
1318 1882 1424 1960 qui
1446 1883 1750 1963 confinxit
1771 1880 2100 1963 epistolam
2119 1885 2232 1942 sub
2259 1886 2510 1944 nomine
2532 1883 2766 1962 Cyrilli,
2809 1883 2948 1959 quis
2967 1893 3129 1942 esset
3149 1880 3570 1956 Constantius,
3605 1880 3780 1961 igno-

385 1961 568 2033 ravit;
597 1983 709 2024 nec
739 1981 843 2022 eas
868 1963 1082 2022 laudes
1111 1966 1480 2041 suppressit,
1510 1980 1652 2040 quze
1694 1961 1993 2038 ﬁgmento
2015 1961 2150 2042 ejus
2186 1966 2370 2026 ﬁdem
2395 1967 2727 2024 detrahere
2763 1963 3105 2039 aliquando
3130 1973 3402 2040 possent.
3428 1968 3534 2025 Ea:
3561 1965 3778 2025 laudes

385 2048 606 2105 melius
629 2045 868 2103 homini
889 2047 1133 2104 vivente
1155 2043 1542 2113 Constantio,
1571 2061 1760 2120 quam
1789 2047 1927 2118 post
1947 2055 2208 2103 mortem
2235 2046 2392 2123 ejus,
2419 2045 2600 2122 cujus
2625 2053 2750 2104 tam
2792 2043 3061 2102 invisum
3087 2046 3251 2121 apud
3277 2046 3631 2106 Catholicos
3664 2063 3778 2105 no-

383 2145 548 2194 men,
573 2127 865 2184 scribenti
885 2124 1288 2184 conveniunt.
1315 2123 1772 2183 Perridiculum
1797 2128 1910 2191 est,
1931 2123 2231 2185 Arianum
2255 2129 2460 2186 dicere
2480 2132 2805 2186 auctorem
2847 2124 3129 2201 epistolas
3155 2126 3261 2201 qui
3295 2144 3433 2186 eam
3457 2125 3781 2186 Trinitatis

380 2204 934 2268 consubstantialis
956 2203 1344 2264 conlessione
1367 2203 1706 2275 concludit,
1731 2209 1799 2262 ut
1819 2204 1972 2263 scite
1996 2206 2352 2266 observavit
2371 2206 2743 2266 Guillelmus
2781 2206 2965 2263 Cave.
2991 2206 3382 2265 Adulationis
3416 2225 3559 2266 vero
3591 2207 3777 2283 culpa

376 2305 634 2365 prorsus
659 2295 859 2358 vacat,
889 2287 997 2363 qui
1018 2286 1302 2362 epistolae
1324 2284 1498 2344 initio
1523 2291 1711 2362 negat
1731 2301 1795 2341 se
1817 2283 2184 2345 adulatoriis
2205 2288 2597 2346 sermonibus
2617 2287 2914 2364 episcOpo
2935 2284 3209 2361 indignis
3236 2306 3513 2346 usurum.
3539 2288 3648 2346 Hic
3671 2304 3775 2344 au-

372 2375 496 2428 tem
522 2369 860 2446 pessimum
885 2367 1264 2444 adulationis
1285 2384 1482 2443 genus
1503 2365 1806 2446 contineri
1828 2366 2110 2441 queritur
2130 2369 2412 2440 Rivetus,
2440 2385 2580 2427 cum
2609 2366 2934 2426 mendacio
2969 2373 3030 2425 et
3054 2366 3211 2425 falsa
3234 2367 3510 2426 veritatis
3531 2367 3774 2446 pollici-

372 2445 608 2509 tatione
629 2447 1063 2524 conjunctum.
1100 2449 1338 2506 Laudat
1376 2446 1664 2524 Cyrillus.
1700 2445 1922 2515 fateor,
1948 2463 1986 2504 a
2028 2448 2257 2524 pietate
2273 2447 2710 2508 Constantium
2751 2446 3218 2522 imperatorem,
3251 2445 3550 2524 majorem
3576 2448 3770 2524 ipsius

371 2548 561 2607 quam
585 2527 981 2589 Constantini
1003 2527 1196 2604 patris
1220 2527 1514 2604 pietatem
1542 2526 2076 2607 praedicabipsum
2100 2548 2136 2586 a
2163 2531 2286 2588 Deo
2309 2528 2484 2606 diiigi
2506 2527 2866 2587 coelestibus
2887 2528 3192 2604 portentis
3216 2531 3543 2603 magnifice
3567 2531 3772 2588 decla-

373 2606 503 2669 rari
527 2609 637 2668 ait.
657 2609 776 2667 Sed
803 2611 935 2667 haec
957 2608 1246 2686 quaejam
1268 2606 1674 2684 Theophanis
1711 2612 1992 2684 tempore
2015 2608 2246 2686 Cyrillo
2291 2610 2440 2669 vitio
2468 2609 2894 2681 vertebantur,
2933 2608 3170 2685 optime
3194 2610 3375 2668 diluit
3399 2618 3618 2669 auctor
3640 2609 3770 2672 ille:

374 2690 709 2749 ostendens
730 2689 1169 2764 imperatorem
1191 2688 1384 2747 animi
1405 2687 1803 2765 simplicitate
1829 2686 2034 2765 potius
2056 2708 2242 2767 quam
2264 2699 2435 2750 certa
2456 2690 2717 2749 scientia
2740 2689 2818 2748 ab
2843 2688 3088 2747 Arianis
3107 2689 3167 2746 in
3194 2692 3552 2749 societatem
3581 2689 3776 2749 haere-

377 2788 515 2830 seos
539 2787 646 2847 per
670 2768 948 2828 fraudem
973 2768 1276 2837 illectum,
1304 2770 1672 2847 paganismo
1700 2772 1979 2828 nondum
2008 2774 2276 2846 perfecte
2326 2771 2584 2838 abolito,
2638 2769 2901 2847 piissimi
2939 2770 3366 2846 appellatione
3389 2771 3771 2829 defraudan-

376 2850 526 2909 dum
549 2868 672 2909 non
697 2849 902 2908 fuisse.
928 2848 1051 2908 Sed
1077 2848 1172 2907 vix
1201 2849 1383 2908 aliter
1407 2849 1808 2925 magnatibus
1831 2867 1903 2908 ac
1926 2849 2179 2925 regibus
2195 2851 2488 2910 scribitur
2509 2850 2695 2910 etiam
2723 2868 2759 2908 a
2781 2850 3014 2908 sanctis
3041 2849 3204 2907 viris:
3223 2850 3465 2927 alioqui
3494 2853 3690 2910 multa
3713 2853 3774 2913 in

377 2930 739 2990 Constantio
763 2931 924 2988 veris
947 2929 1242 2988 laudibus
1261 2928 1472 3006 digna:
1503 2933 1744 2988 frenata
1766 2937 1828 2988 et
1846 2947 2205 3007 compressa
2227 2931 2456 3007 ubique
2479 2931 2757 3006 gentium
2787 2929 3145 2987 idololatria
3167 2935 3228 2988 et
3250 2932 3631 3007 superstitio;
3657 2933 3772 2992 Ec-

379 3010 582 3071 clesiae
605 3028 757 3088 opes
781 3011 1023 3087 magnis
1048 3009 1324 3069 donariis
1347 3016 1570 3076 auctae;
1599 3009 2030 3069 immunitates
2051 3011 2343 3069 maximas
2366 3010 2604 3070 clericis
2625 3025 2967 3079 concessa;
2992 3008 3439 3084 SOpiendorum
3484 3012 3770 3073 Ecclesia:

376 3091 777 3151 dissidiorum
806 3097 1094 3150 voluntas
1117 3093 1382 3159 sincera,
1411 3090 1698 3166 quamvis
1721 3091 1929 3168 pravis
1950 3091 2224 3150 consiliis
2246 3091 2307 3150 in
2330 3090 2705 3150 deteriorem
2734 3098 2972 3165 partem
3001 3089 3266 3149 deflexa.
3293 3091 3603 3151 Praeterea
3625 3112 3774 3153 non-

377 3171 528 3232 dum
552 3191 626 3232 eo
649 3178 932 3248 tempore
954 3170 1171 3248 gravia
1193 3171 1300 3230 illa
1317 3171 1378 3230 in
1402 3170 1757 3230 Catholicos
1780 3171 2060 3231 facinora
2081 3170 2462 3249 designarat,
2487 3187 2628 3248 quae
2654 3169 3016 3228 memoriam
3042 3168 3177 3246 ejus
3215 3169 3513 3231 infamem
3556 3175 3772 3234 Eccle-

377 3254 483 3312 siis
508 3252 1303 3328 reddideruntmequedum
1330 3251 1537 3310 Ariani
1558 3252 1871 3311 occultum
1897 3253 1956 3311 in
1982 3256 2169 3312 corde
2192 3255 2359 3310 virus
2383 3252 2498 3310 sub
2524 3253 2658 3328 ejus
2689 3251 3064 3330 auctoritate
3091 3252 3640 3330 panderant,quod
3664 3255 3770 3314 de-

379 3351 551 3392 mum
576 3332 636 3391 in
661 3331 928 3393 concilio
953 3332 1399 3391 Mediolanensi
1425 3339 1565 3409 post
1584 3341 1858 3410 quatuor
1875 3333 1955 3393 ab
1981 3331 2124 3392 hinc
2146 3350 2344 3392 annos
2365 3331 2558 3393 celehi
2575 3339 2679 3390 ato
2703 3329 3290 3409 praestitt-runtJmo
3313 3351 3460 3394 vero
3481 3329 3597 3393 hoc
3619 3341 3772 3394 tem-

379 3432 531 3492 pore
553 3420 692 3488 post
713 3412 1044 3472 concilium
1072 3412 1438 3472 Sardicense
1461 3414 1862 3474 reconciliata
1885 3431 2085 3491 nuper
2110 3432 2231 3491 pax
2269 3421 2423 3484 erat,
2464 3411 2814 3473 Athanasio
2835 3412 2898 3470 in
2922 3412 3130 3471 sedem
3176 3431 3353 3472 suam
3377 3413 3773 3490 imperatoris

377 3491 764 3571 benignitate
786 3495 1096 3552 restituto.
1125 3495 1190 3552 In
1214 3511 1338 3570 quo
1364 3493 1966 3570 potiorestconditio
1988 3495 2202 3572 Cyrilli
2227 3493 2662 3555 Constantium
2687 3491 3027 3564 laudantis,
3055 3511 3245 3570 quam
3278 3496 3628 3568 Athanasii,
3659 3498 3771 3555 Hi—

381 3574 542 3644 larii,
573 3574 854 3651 Gregorii
875 3573 1268 3645 Nazianzeni,
1293 3572 1399 3650 qui
1422 3573 1856 3634 Constantium
1881 3573 2224 3652 majoribus
2244 3577 2432 3634 etiam
2459 3592 2646 3651 quam
2673 3574 2941 3652 Cyrillus
2962 3581 3171 3633 noster
3191 3573 3484 3635 laudibus
3503 3577 3775 3636 celebra-

380 3661 548 3736 runt.
575 3656 978 3736 Athanasius,
1005 3655 1294 3730 quamvis
1317 3654 1395 3711 ab
1415 3670 1488 3712 eo
1517 3662 1641 3712 tam
1671 3657 1867 3715 multa
1887 3663 1947 3716 et
1970 3655 2228 3736 indigna
2255 3661 2676 3732 perpessus,et
2699 3653 2958 3736 militari
2982 3653 3250 3736 factione
3278 3657 3581 3733 pulsus,in
3608 3662 3773 3736 Apo-

381 3735 552 3812 logia
569 3754 717 3794 ann.
744 3733 858 3794 356
878 3736 1110 3812 scripta
1135 3739 1316 3792 vocat
1335 3752 1478 3792 eum
1506 3751 1678 3794 num.
1707 3736 1764 3811 1,
1790 3737 1868 3795 ab
1892 3735 2091 3796 atavis
2116 3754 2312 3812 usque
2333 3736 2460 3795 suis
2485 3737 2844 3811 religiosum
2871 3735 3046 3792 Pauli
3075 3734 3401 3812 verborum
3426 3733 3775 3812 studiosum

385 3809 762 3876 au'ditorem.
788 3809 1026 3874 Hassim
1053 3815 1333 3892 appellat
1358 3815 1480 3874 Deo
1502 3809 1976 3893 dilectissimum
2012 3834 2015 3873 ς

2149 3809 2480 3886 aratorem,
2527 3809 2699 3874 num.
2725 3816 2782 3884 1,
2818 3815 2914 3884 18,
2943 3817 3038 3885 24,
3061 3809 3451 3893 θεοφιλέστᾳτεί
3472 3811 3773 3888 Αὔγουστε.

383 3897 492 3956 Dei
515 3898 819 3956 cultorem
839 3888 1384 3963 studiosissimum,
1415 3914 1475 3954 n.
1499 3893 1593 3962 14,
1623 3888 2013 3955 θεοσεϐἐπτατε⁴

2145 3897 2333 3966 riiatis
2353 3903 2694 3966 amantem,
2720 3913 2894 3954 num.
2921 3893 3019 3954 26.
3050 3891 3272 3967 βασιλεῦ
3303 3891 3608 3968 φιλάληθες
3655 3907 3775 3970 etc,

381 3977 448 4036 In
475 3976 822 4036 aulicorum
855 3976 1115 4034 consilia
1145 3973 1988 4053 rejicitqnidquidinvidiosi
2029 3977 2429 4037 commiserat
2469 3995 2643 4036 num.
2687 3979 2784 4046 35,
2815 3982 2882 4034 ut
2921 3985 2981 4034 et
3025 3975 3291 4053 epistola
3334 3976 3412 4036 ad
3454 3976 3779 4054 episcopos

383 4057 637 4136 Egypti
659 4063 721 4116 et
745 4057 951 4134 Libya:
979 4074 1152 4114 num.
1180 4057 1238 4115 5.
1271 4056 1541 4115 Hilarius
1561 4057 1761 4114 ann.3
1804 4055 1864 4124 Ο,
1895 4065 2032 4133 post
2054 4065 2230 4117 tanta
2251 4077 2286 4116 a
2309 4058 2672 4118 Constantio
2695 4065 2912 4116 contra
2936 4056 3122 4115 fidem
3147 4073 3217 4115 ac
3258 4055 3617 4136 defensores
3639 4058 3772 4136 ejus

379 4135 720 4197 crudeliter
740 4148 800 4196 et
822 4137 1187 4196 inhumanae
1214 4143 1410 4213 gesta,
1438 4138 1498 4195 in
1521 4136 1739 4195 exsilio
1764 4136 2002 4213 positus
2022 4138 2250 4197 librum
2279 4139 2775 4216 primum,quem
2800 4139 2878 4195 ad
2902 4139 3104 4214 ipsum
3132 4135 3771 4205 dircxit,sicinchOat:

380 4217 764 4295 Benigniﬁca
787 4223 1010 4276 natura
1034 4225 1162 4285 tua,
1190 4216 1440 4276 domine
1466 4216 1818 4276 beatissime
1837 4220 2144 4292 Auguste,
2170 4226 2314 4289 etc.,
2343 4227 2404 4278 et
2429 4219 2655 4278 librum
2691 4220 3062 4287 secundum,
3109 4216 3203 4276 bis
3228 4218 3450 4276 verbis:
3480 4221 3611 4278 Non
3637 4238 3774 4278 sum

378 4301 643 4358 nescius.
669 4297 941 4375 piissime
962 4299 1400 4376 imperator;et
1420 4299 1604 4366 infra,
1630 4296 1784 4355 Cum
1808 4297 1891 4356 sis
1915 4300 2114 4358 bonus
2139 4317 2210 4358 ac
2234 4300 2581 4376 religiosus.
2628 4301 2812 4358 Num.
2837 4296 2898 4369 4,
2927 4315 3301 4373 recognosce
3341 4297 3552 4370 ﬁdem,
3587 4317 3774 4376 quam

377 4379 552 4450 olim,
577 4380 814 4456 optime
838 4396 908 4436 ac
933 4378 1397 4449 religiosissime
1422 4377 1789 4454 imperator,
1816 4380 1894 4437 ab
1909 4379 2218 4457 episcopis
2240 4388 2418 4457 optas
2441 4379 2656 4439 audire
2680 4387 2743 4437 et
2773 4398 2897 4437 non
2923 4379 3123 4437 audis.
3152 4378 3335 4437 Num.
3361 4379 3423 4448 8,
3447 4381 3658 4439 Beatse
3681 4397 3775 4440 re-

379 4458 615 4536 ligiosae
641 4477 742 4535 jue
767 4459 1106 4518 voluntatis
1128 4477 1268 4518 vere
1295 4465 1378 4527 te,
1402 4459 1655 4518 domine
1685 4458 2012 4519 Constanti
2052 4461 2418 4538 imperator,
2448 4458 2748 4535 admiror,
2793 4466 2911 4519 etc.
2940 4459 3140 4518 Etiam
3173 4466 3312 4536 post
3353 4467 3620 4520 mortem
3645 4461 3779 4538 ejus

376 4557 518 4600 cum
542 4539 899 4616 nullusjam
923 4538 1272 4599 adulationi
1296 4539 1487 4610 locus,
1514 4547 1574 4598 et
1603 4546 1744 4616 post
1775 4539 2156 4618 baptismum
2197 4539 2277 4600 ab
2299 4540 2672 4600 Arianorum
2717 4539 3154 4616 antesignano,
3187 4539 3446 4618 Ariique
3469 4541 3774 4617 discipulo

383 4620 681 4700 primario
705 4627 1089 4698 susceptum,
1112 4619 1569 4690 Naziinzenus,
1589 4628 1749 4678 orat.
1775 4621 1920 4679 min
1942 4622 2201 4692 Julian.,
2231 4641 2292 4698 p.
2315 4621 2413 4684 50.
2439 4621 2538 4691 62,
2564 4621 2663 4690 63,
2687 4622 2787 4679 64.
2815 4633 2974 4679 orat.
3001 4636 3079 4690 Iv,
3113 4638 3174 4697 p.
3203 4617 3337 4689 119,
3365 4627 3524 4681 orat.
3557 4637 3682 4691 xxr,
3715 4641 3774 4700 p.

383 4699 521 4771 389,
547 4701 978 4762 Constantium
1002 4701 1078 4760 iis
1100 4700 1393 4760 laudibus
1421 4701 1685 4773 extollit,
1713 4706 1773 4759 et
1793 4708 1969 4778 gesta
1989 4701 2122 4778 ejus
2142 4701 2230 4761 ita
2253 4710 2534 4762 excusat.
2565 4708 2630 4760 ut
2651 4703 2781 4778 ipse
2805 4701 2992 4760 etiam
3039 4702 3442 4761 excusatione
3482 4721 3641 4779 opus
3666 4699 3776 4761 ha-

379 4781 530 4841 bere
557 4782 864 4841 videatur.
892 4781 1228 4860 Epiphan.,
1259 4781 1476 4842 haeres.
1521 4796 1690 4851 LXIX,
1723 4801 1784 4839 n.
1833 4785 1928 4851 12,
1954 4782 2126 4860 pium
2169 4785 2346 4842 illum
2387 4801 2461 4841 ac
2486 4783 2694 4841 multis
2735 4781 2936 4841 modis
2968 4781 3201 4840 bonum
3242 4781 3561 4858 praedicat.
3611 4782 3777 4842 Nihil

379 4880 569 4942 porro
594 4862 831 4922 humile
854 4870 915 4922 et
939 4863 1363 4922 adulatorium
1388 4862 1452 4922 in
1476 4862 1690 4940 Cyrilli
1714 4861 2000 4939 epistola.
2028 4863 2128 4923 Sic
2149 4864 2316 4923 enim
2337 4863 2685 4923 Constantii
2709 4861 3006 4942 pietatem
3032 4861 3269 4932 laudat,
3307 4869 3372 4920 ut
3392 4880 3535 4922 eum
3559 4863 3780 4923 admo-

382 4949 528 5003 neat
550 4943 763 5024 ot’ﬁcii;
789 4944 869 5002 ad
896 4950 1105 5020 grates
1130 4946 1254 5004 Deo
1276 4941 1571 5024 agendas,
1595 4950 1657 5024 et
1680 4942 1973 5003 fiduciam
1997 4944 2059 5003 in
2082 4946 2277 5004 Deum
2303 4942 2802 5021 concipiendam,
2832 4941 3265 5024 majoremque
3286 4945 3555 5002 Romani
3577 4943 3660 5003 im
3673 4963 3781 5024 pe-

378 5024 456 5084 rii
478 5030 538 5083 et
559 5023 976 5083 Ecclesiarum
1005 5041 1219 5104 curam
1265 5023 1724 5104 suscipiendam
1767 5024 2150 5084 adhortans:
2178 5025 2266 5084 ita
2290 5025 2472 5084 ﬁdem
2518 5023 2664 5104 ejus
2695 5022 3019 5104 praedicat,
3045 5028 3110 5104 ut
3134 5029 3345 5104 tamen
3368 5024 3518 5102 quid
3540 5024 3662 5104 ipsi
3677 5022 3784 5086 se-

382 5104 702 5182 quendum
726 5104 806 5163 sit
827 5103 1215 5181 praescribat,
1241 5104 1390 5162 dum
1423 5103 1481 5161 ei
1506 5111 1881 5180 apprecatur
1907 5113 1972 5164 ut
1994 5104 2594 5165 consubstantialem
2618 5103 2988 5162 Trinitatem
3011 5101 3340 5179 gloriﬁcet.

460 5185 565 5245 IK.
589 5184 747 5244 lllud
773 5202 1007 5261 quque,
1033 5183 1139 5241 sed
1169 5184 1254 5241 uti
1283 5201 1390 5260 per
1408 5188 1808 5242 transennam
1843 5184 2061 5262 objicit
2083 5187 2356 5252 Rivetus,
2386 5184 2553 5262 quod
2600 5184 2884 5261 epistolae
2909 5199 3130 5242 aucmr
3152 5202 3322 5243 num.
3347 5186 3384 5244 6
3406 5183 3551 5245 huic
3569 5187 3784 5246 Hiero-

381 5265 778 5343 solymitanaa
801 5263 1003 5344 crucis
1026 5263 1423 5344 apparationi
1446 5266 1882 5344 accommodet
1902 5267 2137 5324 dictum
2162 5265 2318 5324 illud
2347 5263 2590 5324 Domini
2613 5263 2780 5342 apud
2813 5265 3187 5323 Matthmum
3216 5283 3230 5324 :
3259 5265 3432 5325 Tu’nc
3455 5267 3787 5344 apparebit
3851 5290 3853 5292 ·

386 5342 638 5422 signum
665 5347 806 5404 Filii
833 5342 1182 5425 hominisin
1207 5345 1367 5425 caelo
1393 5343 1462 5425 ‘f‘.
1505 5342 1772 5420 Cyrillus
1804 5353 2013 5425 autem
2047 5346 2210 5406 hanc
2246 5345 2641 5423 prOphetiam
2681 5350 3040 5404 constanter
3080 5346 3156 5403 ad
3199 5342 3787 5425 extremum—judicii

386 5425 575 5495 diem,
601 5432 663 5485 et
693 5425 1039 5484 secundum
1080 5422 1307 5504 Christi
1351 5423 1688 5504 adventum
1723 5424 1910 5486 refert
1947 5435 2070 5486 cat.
2098 5427 2195 5490 13,
2225 5422 2284 5484 ἡ.
2327 5428 2429 5500 41,
2454 5433 2517 5486 et.
2547 5431 2667 5485 cat.
2699 5428 2794 5493 15,
2839 5443 2875 5483 n
2937 5428 3034 5484 22.
3063 5425 3286 5485 Facilis
3323 5437 3415 5486 est
3439 5422 3782 5504 responsio.

383 5507 516 5565 Non
542 5508 813 5564 aestimat
833 5504 1099 5583 Cyrillus
1118 5508 1269 5584 tunc
1290 5503 1376 5563 ita
1399 5502 1782 5581 completum
1814 5507 1998 5566 fuisse
2019 5506 2246 5566 Christi
2271 5506 2622 5583 oraculum,
2648 5511 2716 5564 ut
2737 5506 2872 5566 haec
2895 5505 3096 5567 crucis
3133 5507 3446 5584 apparitio
3468 5502 3671 5567 sit—illa
3693 5507 3785 5582 ip-

384 5604 453 5645 sa
475 5591 538 5645 et
556 5586 693 5666 sola
713 5604 901 5663 quam
932 5583 1225 5663 praedixit
1246 5585 1528 5666 Christus
1547 5586 1804 5666 secundi
1831 5589 2136 5648 adventus
2164 5586 2260 5646 sui
2298 5588 2713 5666 praenuntiam
2741 5587 2892 5660 fore;
2938 5595 3102 5647 conti
3121 5606 3155 5647 a
3179 5583 3416 5666 diserte
3451 5589 3537 5647 ait
3558 5584 3788 5666 Christi

386 5660 784 5747 prophetiam
810 5660 1247 5747 suo'tempore
1289 5665 1666 5747 completam
1709 5665 1921 5743 fuisse,
1965 5688 2016 5728 τι

2154 5660 2315 5746 Βαιιό
2336 5669 2669 5747 perfectius
2691 5668 3183 5745 adimplendam,
3208 5664 3295 5717 καὶ
3325 5660 3784 5747 πάλινιμξιζόεῳς

380 5740 787 5816 ἱεΑεξτθήσεται.
823 5749 970 5808 Haec
999 5740 1307 5808 Baronius
1328 5740 1454 5807 non
1477 5746 1628 5807 satis
1651 5740 2076 5827 perspexerat,
2107 5740 2248 5810 cum
2273 5740 2529 5811 unicum
2553 5748 2745 5828 hujus
2782 5740 3135 5827 prophetiae
3177 5753 3468 5805 eventum
3492 5762 3530 5803 a
3549 5740 3783 5818 Cyrillo
