4128 6268
300 292 455 354 1161
1042 286 1434 349 EPISTOLA
1477 287 1579 348 AD
1626 288 2201 355 CONS’I‘AN'l‘IUM
2247 295 2409 357 IMP.
2457 328 2532 342 —
2578 296 2979 358 MONITUM.
3559 300 3714 361 1162

299 435 593 513 Actorum
621 423 877 513 illorum
896 423 975 513 ab
1000 422 1429 513 Mota-phraste
1450 422 1865 513 scriptorum,
1891 444 1964 487 ac
2007 428 2222 513 multis
2261 437 2481 493 contra
2518 431 2796 494 historias
2823 434 3152 495 veritatem
3206 432 3477 513 peccatis
3498 432 3710 494 defer-

301 512 507 593 mium
528 507 897 593 auctoritas.
923 504 1102 576 Quod
1123 506 1176 564 si
1196 507 1632 593 easequimur,
1678 524 1803 593 non
1822 525 1987 568 anno
2009 511 2150 593 353,
2175 514 2283 572 sed
2318 517 2392 574 35
2406 520 2457 585 2,
2487 517 2780 593 ponenda
2819 516 2936 575 erit
2957 516 3159 575 erucis
3181 504 3533 593 apparitio;
3564 534 3706 576 nam

305 610 408 652 an.
433 590 572 656 351,
598 588 1003 673 ρονιῳωίεειιηξ
1027 593 1120 673 est
1138 587 1219 646 ad
1244 588 1534 673 litoream,
1557 587 1845 673 praelium
1874 607 2085 673 mense
2106 587 2503 670 Septembri;
2526 614 2649 655 non
2673 598 2811 657 35.3.
2840 602 2907 655 ut
2949 597 3184 673 placuit
3210 587 3494 656 Baronio.
3518 587 3716 666 Quod

307 678 518 733 autem
540 669 620 753 ad
644 666 1009 753 Hieronymi
1034 665 1673 753 Chroriz'cum_attinet,
1694 665 2233 753 id‘testimonium,
2260 676 2429 753 quod
2460 665 2668 735 erucis
2707 665 3167 753 apparitionem
3197 678 3404 747 refert,
3433 676 3511 736 ab
3534 665 3715 737 Jose-

306 754 435 832 pho
457 750 783 832 Scaligero
802 749 863 809 in
885 747 1356 832 Hieronymiani
1375 745 1672 832 Chrontci
1700 747 1972 832 editione
1990 745 2480 832 praeter—missum
2522 767 2636 831 est,
2680 745 2821 816 cum
2847 757 3002 815 illud
3026 775 3064 817 a
3090 758 3301 817 multis
3326 745 3471 817 mss.
3497 758 3713 818 abesse

306 830 735 911 comperisset.
758 831 883 914 Cur
903 836 1112 914 autem
1139 830 1498 914 Hieronymi
1524 847 1648 914 non
1671 830 1770 901 sit,
1795 849 1919 889 non
1945 831 2147 893 video.
2172 837 2293 895 Sed
2319 841 2378 895 in
2404 843 2555 896 nota
2575 830 2874 914 temporis
2898 838 3082 896 facile
3107 838 3222 896 fuit
3258 840 3706 914 Hieronymum

315 910 611 996 aberrare
635 929 649 970 ε
676 911 786 989 qui
808 910 1112 996 cumbam
1131 910 1452 996 scriberet,
1478 910 1756 969 nondum
1783 922 2153 996 praesentem
2179 916 2394 992 Cyrilli
2426 910 2754 993 epistolam
2799 916 3019 994 legisse
3044 918 3329 989 videtur;
3359 920 3465 977 sed
3490 910 3566 976 ex
3594 938 3708 996 pu-

309 995 478 1076 blico
502 1010 751 1076 rumore
772 1000 883 1076 aut
904 992 1041 1050 aliis
1064 990 1485 1076 monumentis
1505 1008 1635 1049 rem
1659 1008 1784 1076 non
1806 991 1895 1050 ita
1916 1000 2208 1076 accurate
2230 990 2668 1068 referentibus,
2711 990 2945 1075 scripto
2986 999 3408 1076 consignassc.
3431 990 3712 1058 Norisius

312 1076 374 1136 iu
398 1074 612 1140 fastis.
641 1092 790 1155 pag.
816 1075 914 1143 49,
948 1077 1014 1132 ut
1035 1073 1236 1131 crucis
1257 1079 1572 1155 ostentum
1595 1070 1675 1130 ad
1697 1090 1932 1155 annum
1956 1075 2073 1133 352
2096 1075 2349 1148 referat,
2372 1094 2497 1136 una
2518 1077 2711 1136 ldacii
2741 1070 3119 1138 auctoritate
3148 1070 3406 1138 nititur:
3434 1078 3709 1155 quicum

312 1155 469 1216 illud
488 1153 1078 1238 contigissemarret
1109 1157 1251 1238 post
1292 1153 1686 1238 consulatum
1712 1153 1929 1238 Sergii
1962 1155 2325 1238 et_Nigriani
2368 1156 2440 1237 (is
2462 1163 2557 1217 est
2576 1176 2777 1217 annus
2815 1158 3044 1218 Christi
3080 1161 3243 1238 331),
3270 1159 3359 1218 ait
3388 1153 3710 1218 id'fnctum

317 1254 452 1297 esse
478 1235 577 1295 die
603 1234 787 1295 tertio
810 1233 947 1292 Kal.
974 1232 1184 1306 Febr.,
1207 1232 1358 1292 luna
1376 1248 1547 1291 xxvn
1564 1248 1605 1292 ι.
1625 1234 1728 1304 At,
1755 1232 1983 1311 inquit,
2016 1232 2167 1295 luna
2186 1232 2383 1297 xxvut
2404 1257 2528 1298 non
2552 1244 2687 1297 erat
2706 1257 2871 1299 anno
2892 1241 3029 1303 351,
3058 1232 3345 1298 Januarii
3365 1239 3443 1297 30
3460 1240 3579 1308 die,
3607 1241 3719 1300 sed

314 1334 481 1398 anno
503 1316 643 1375 352.
668 1314 818 1386 Quis
842 1330 986 1398 vero
1009 1313 1363 1398 ldaciiplus
1382 1330 1573 1398 quam
1598 1313 1829 1398 saeculo
1854 1333 1977 1374 uno
2007 1318 2371 1398 posterioris
2398 1319 2863 1392 auctoritatem,
2890 1319 3121 1396 Cyrillo
3161 1320 3279 1398 ipsi
3302 1318 3553 1379 oculato
3576 1320 3720 1380 testi

316 1397 533 1478 credat
553 1394 1219 1478 anteponendam,_qui
1240 1393 1339 1454 die
1360 1395 1628 1478 septimo
1652 1393 1819 1478 Maii,
1843 1393 2128 1478 tempore
2148 1397 2718 1471 Paschali,erueem
2740 1393 3110 1478 apparuisse
3132 1393 3537 1459 disertissime
3555 1401 3720 1460 al‘ﬁr—

321 1485 452 1539 mat
473 1477 505 1535 ?
524 1476 774 1559 Alioqui
800 1474 943 1559 licet
962 1473 1025 1534 in
1048 1474 1171 1534 diei
1194 1474 1516 1559 notatione
1535 1476 1837 1535 erraverit
1855 1475 2121 1551 Idacius,
2148 1485 2501 1540 nontamen
2525 1473 2800 1552 inlunae,
2824 1473 3003 1559 cujus
3025 1481 3156 1541 dies
3186 1484 3262 1542 28
3285 1499 3450 1541 anno
3470 1484 3578 1541 351
3612 1499 3719 1542 ve-

323 1579 390 1620 re
411 1576 550 1618 cum
577 1557 780 1617 Nonis
795 1555 947 1616 Maii
964 1555 1308 1615 concurrit.

398 1641 555 1700 Xlll.
582 1638 688 1697 His
711 1637 972 1718 deanno
1006 1635 1388 1702 constitutis,
1414 1634 1500 1718 de
1521 1652 1747 1718 mense,
1766 1653 1841 1718 ac
1864 1635 1964 1697 die
2000 1637 2447 1716 disputandum
2474 1645 2781 1718 superest.
2811 1640 2874 1700 ld
2921 1658 3129 1700 mense
3150 1641 3332 1713 Maio,
3368 1640 3465 1701 die
3490 1641 3722 1701 mensis

318 1722 604 1800 septima,
632 1716 968 1800 contigisse
992 1719 1216 1800 probat
1241 1723 1390 1777 nota
1410 1715 1472 1776 in
1494 1717 1811 1800 nonnullis
1831 1736 1976 1800 mss.
2002 1715 2285 1797 epistolae
2312 1715 2603 1798 praefixa:
2631 1740 2771 1798 quae
2814 1721 3024 1781 forsan
3062 1722 3141 1780 ad
3174 1741 3351 1781 usum
3395 1739 3719 1782 saerarum

318 1797 683 1862 in'Ecclesia
706 1798 1043 1858 lectionum
1069 1798 1272 1876 posita
1293 1803 1409 1859 est.
1431 1815 1558 1875 quo
1580 1797 1678 1857 die
1715 1798 2058 1876 Cyrilliana
2102 1800 2235 1861 haec
2257 1797 2523 1878 epistola
2562 1797 2828 1878 legenda
2850 1804 2929 1861 sit
2950 1803 3255 1862 indicans.
3298 1802 3491 1861 Abest
3510 1821 3660 1862 sane
3682 1822 3721 1863 a

326 1882 640 1961 plerisque
664 1879 857 1939 libris.
883 1877 1484 1961 Eflicaciordueitur
1506 1878 1796 1961 probatio
1817 1897 1890 1938 ex
1914 1880 2052 1957 ipso
2092 1882 2373 1958 epistola:
2413 1890 2607 1950 textu,
2634 1877 2825 1941 fnum.
2853 1886 2913 1954 4,
2965 1883 3023 1942 in
3065 1902 3188 1959 quo
3215 1881 3404 1943 Nonis
3434 1886 3623 1943 Μιιὶίε
3655 1881 3721 1942 in

325 1958 549 2023 sanctis,
573 1962 933 2021 Pentecostes
960 1958 1184 2031 diebus,
1218 1961 1419 2019 erucis
1440 1959 1751 2037 apparitio
1774 1962 2107 2038 contigisse
2131 1970 2536 2023 memoratur.
2561 1964 2789 2023 Verum
2818 1964 3007 2023 verba
3027 1958 3217 2024 Nonis
3250 1965 3434 2023 illatis
3464 1964 3524 2022 in
3560 1982 3719 2023 mm-

328 2045 518 2103 nullis
538 2040 1001 2117 exemplaribus
1025 2042 1446 2119 praetermissa
1471 2047 1637 2098 sunt.
1662 2039 1854 2119 Cuius
1878 2043 2420 2119 praetermissionis
2444 2043 2639 2103 facilis
2668 2045 2925 2103 omnino
2965 2044 3249 2103 redditur
3272 2063 3483 2104 causa.
3514 2044 3721 2103 Multis

325 2124 578 2184 illusere
605 2122 792 2183 verba
816 2121 883 2180 In
904 2123 994 2179 his
1013 2125 1232 2202 sanctis
1254 2118 1618 2180 Pentecostes
1638 2118 1859 2182 diebus.
1878 2118 2114 2202 quibus
2137 2124 2391 2184 adducti
2411 2132 2579 2190 sunt,
2609 2130 2673 2183 ut
2694 2125 3153 2202 apparitionem
3176 2126 3376 2184 crucis
3399 2126 3533 2202 ipso
3555 2128 3720 2184 Pen-

326 2212 589 2266 tecostes
610 2204 708 2263 die
731 2203 960 2262 factam
984 2200 1453 2261 existimarent:
1481 2218 1752 2279 cumque
1772 2201 1924 2281 ipsis
1948 2221 2313 2279 persuasum
2338 2212 2518 2276 esset,
2546 2204 2607 2263 id
2643 2200 2811 2283 quod
2838 2212 2930 2264 est
2969 2224 3205 2278 revera,
3236 2200 3558 2282 nunquam
3588 2207 3721 2265 No-

323 2304 437 2347 nas
460 2288 652 2347 Maias
672 2302 815 2344 cum
838 2286 1236 2343 Pentecostes
1257 2282 1412 2363 festo
1436 2298 1811 2363 concurrere
1854 2302 2053 2361 posse,
2080 2291 2290 2344 natam
2335 2282 2673 2345 Nonarum
2699 2285 2841 2345 Maii
2863 2286 3171 2346 delevere.
3212 2292 3293 2346 At
3318 2285 3375 2343 hi
3404 2286 3612 2363 potius
3632 2303 3724 2345 se-

323 2368 430 2446 qui
455 2366 769 2446 debebant
790 2360 1545 2446 auctoritatemlﬁcclesim
1568 2365 1971 2446 Graecaque:
1996 2363 2182 2441 hujus
2206 2366 2622 2443 apparitionis
2644 2365 2808 2446 diem
2833 2367 3100 2444 septimo
3126 2367 3263 2425 Maii
3288 2360 3510 2426 festum
3538 2383 3720 2425 cons-

323 2443 529 2509 tanter
550 2446 701 2524 agit.
728 2445 849 2506 Sed
873 2444 1078 2503 nonin
1102 2443 1203 2502 die
1231 2445 1622 2524 Pentecostes
1645 2445 1840 2504 visam
1864 2462 2114 2505 crucem
2137 2452 2442 2505 memorat
2471 2445 2759 2524 Cyrillus,
2786 2443 3000 2506 Verum
3025 2446 3086 2506 in
3105 2445 3308 2507 diebus
3330 2446 3716 2507 Pentecostes:

324 2529 573 2611 quibus,
600 2522 1009 2587 usitatissima
1032 2541 1173 2611 non-
1192 2522 1398 2611 solum
1431 2530 1706 2611 ueterum
1734 2532 1859 2583 tam
1886 2525 2252 2586 Latinorum
2282 2545 2471 2611 quam
2517 2522 2896 2611 Graecorum,
2940 2529 3045 2587 sed
3069 2536 3131 2588 et
3151 2530 3506 2611 Graecorum
3531 2528 3719 2611 etiam

328 2604 774 2670 hodiernorum
808 2604 1280 2686 consuetudine,
1308 2604 1681 2680 intelligitur
1722 2611 1920 2686 totum
1958 2608 2686 2686 tempusquinquaginta
2731 2609 2994 2678 dierum,
3042 2609 3270 2686 quoda
3311 2609 3619 2675 Paschate
3641 2608 3720 2667 ad

324 2692 730 2751 Pentecosten
751 2686 1075 2746 interﬂuit.
1102 2684 1497 2763 QuaprOpter
1520 2686 1711 2744 miror
1731 2684 2255 2764 Philostorgium,
2279 2684 2646 2748 Chronic-um
2679 2684 3184 2759 Alexandrinum,
3237 2688 3716 2767 'l‘heOphanem,

326 2774 609 2848 Glycam,
638 2768 1055 2845 Nicephorum
1078 2774 1400 2848 auctorem
1429 2769 1706 2848 Actorum
1738 2766 1939 2825 sancti
1961 2769 2274 2831 Anthemii
2303 2785 2317 2835 ;
2345 2777 2406 2828 et
2428 2769 2589 2827 inter
2614 2770 2988 2828 recentiores
3021 2766 3440 2833 Blondellum,
3468 2769 3721 2848 Bollan-

329 2846 541 2920 distas,
567 2858 713 2921 etc.,
749 2851 910 2907 diem
936 2846 1350 2925 apparitionis
1373 2846 1574 2905 crucis
1596 2846 1659 2905 in
1681 2846 1817 2924 ipso
1842 2849 2241 2909 Pentecostes
2282 2849 2439 2908 festo
2479 2849 2912 2926 imprudenter
2951 2851 3266 2923 posuisse:
3295 2867 3562 2925 quorum
3587 2847 3717 2924 alii,

327 2940 394 2993 ut
420 2930 776 2990 (.‘Izronicum
812 2926 1309 2995 Alexandrinum,
1334 2927 1492 2985 duas
1509 2944 1607 2986 res
1626 2927 2043 3004 impossibiles
2060 2930 2245 2988 simul
2268 2933 2681 3006 conjungunt,
2712 2948 2936 3007 nempe
2960 2931 3165 2988 Nonas
3190 2930 3381 2988 Maias
3405 2936 3466 2989 et
3493 2929 3718 2988 festum

320 3015 722 3074 Pentecostes
754 3027 769 3068 :
794 3009 923 3085 alii,
952 3017 1017 3068 ut
1048 3007 1474 3081 Bollandistae,
1519 3014 1734 3068 notam
1758 3009 2077 3068 Nonarum
2105 3010 2424 3082 Maiarum,
2452 3011 2601 3087 quia
2625 3027 2766 3069 cum
2809 3011 3204 3070 Pentecostes
3224 3016 3380 3070 testo
3419 3028 3545 3069 non
3569 3027 3719 3070 con-

322 3095 514 3174 gruit,
539 3090 817 3174 expungi
844 3089 1089 3174 Avolunt.

400 3175 556 3235 XIV.
583 3166 671 3232 A'd
694 3166 910 3249 Cirilli
950 3168 1373 3229 narrationem
1416 3168 1710 3249 quaedam
1753 3166 2216 3247 Pbilostorgius
2254 3168 2486 3245 aliique
2526 3168 2859 3247 adjiciunt,
2904 3186 3174 3247 quorum
3217 3168 3519 3229 nonnulla
3541 3167 3722 3242 falsa,

322 3256 471 3325 alia,
497 3248 838 3333 quamvisa
857 3250 1091 3329 Cyrillo
1116 3250 1457 3333 tacita.non
1484 3248 1788 3333 continuo
1808 3249 2366 3333 reputlianda,quaa
2390 3251 2683 3309 nimirum
2710 3251 2789 3309 ab
2815 3250 3321 3333 auctoribusﬁde
3344 3251 3549 3327 dignis
3576 3268 3720 3327 pro-

320 3330 790 3396 ﬂciscialiunde
832 3337 1189 3409 potuerunt.
1232 3330 1687 3407 Philostorgius
1728 3331 1836 3389 lib.
1880 3332 2164 3390 ut.Htst.
2197 3333 2422 3400 ecetra,
2458 3349 2598 3408 cap.
2643 3334 2739 3397 '26,
2788 3334 2876 3390 ait
2917 3331 3455 3391 crucemlucidam
3492 3349 3724 3409 magna

317 3417 532 3481 irride.
558 3416 756 3475 instar
775 3430 1048 3488 coronae,
1078 3411 1303 3489 ubique
1327 3410 1778 3470 circumdatam
1808 3412 1993 3470 fuisse
2021 3428 2035 3484 ;
2059 3411 2228 3488 quod
2254 3412 2584 3470 confirmat
2610 3410 2907 3474 ϐὰλ-σηιῑὶ
2932 3412 3591 3473 A.'e.z'andriniauctor
3616 3430 3631 3482 ;
3659 3418 3722 3471 et

320 3509 383 3559 et
403 3498 552 3576 ipsis
578 3495 1034 3575 propemodum
1060 3494 1352 3576 chronici
1384 3490 1627 3576 praifati
1650 3491 1850 3576 verbis
1876 3492 2299 3576 M_he0phaucs
2320 3510 2407 3576 ac
2429 3493 2817 3576 Nicepharus
2859 3496 3021 3576 8.50
3061 3493 3320 3561 Callisti,
3348 3494 3457 3570 qui
3483 3492 3715 3571 partim

322 3571 765 3646 Soz'nme'num,
794 3576 1018 3653 partim
1046 3571 1879 3653 Philostorgiumexscribit.
1910 3574 2084 3631 lianc
2106 3573 2335 3632 ostenti
2357 3572 2894 3653 circumstantiam
2930 3572 3088 3632 sicut
3132 3592 3252 3632 non
3296 3575 3554 3633 omnino
3575 3591 3720 3653 suae

322 3661 428 3720 det
450 3649 851 3734 Philostorgii
874 3661 935 3715 et
958 3653 1252 3715 Chroniei
1275 3649 1680 3734 Alexandrini
1703 3653 2065 3734 auctoritas,
2093 3653 2182 3712 ita
2207 3671 2459 3729 prorsus
2480 3652 2744 3712 inliciari
2769 3672 2889 3734 non
2915 3653 3079 3730 cogit
3105 3673 3227 3711 una
3250 3654 3462 3732 lIyrilli
3486 3652 3718 3734 silentii

320 3741 506 3801 ratio.
533 3738 609 3799 lii
652 3730 809 3798 forte
839 3743 1149 3806 auctores,
1200 3750 1342 3793 cum
1392 3732 1511 3791 ista
1559 3730 1957 3809 apparitione
2005 3733 2270 3793 alteram
2321 3750 2461 3810 quae
2514 3733 2958 3808 lliemsolymis
3003 3730 3476 3811 contigit,'cum
3510 3733 3717 3793 Judaei

324 3821 629 3899 templum
659 3819 1014 3899 instaurare
1060 3820 1208 3874 sunt
1254 3812 2009 3899 aggressi,.confuderunt
2034 3833 2048 3874 :
2071 3820 2233 3899 _t_um
2276 3816 2441 3899 enim
2477 3833 2628 3874 crux
2660 3814 2723 3874 in
2774 3820 2930 3873 caelo
2960 3815 3256 3892 apparuit
3286 3816 3422 3874 luce
3455 3814 3722 3899 circum:

320 3891 490 3973 data,
531 3907 685 3960 teste
713 3902 902 3975 Greg.
947 3898 1091 3956 Naz.
1151 3901 1312 3954 orat.
1342 3911 1407 3975 iv
1444 3898 1506 3951 in
1533 3891 1792 3963 lit/iam,
1825 3912 1998 3953 num.
2062 3893 2159 3961 10,
2196 3912 2257 3972 ρ.
2294 3895 2450 3965 112;
2486 3913 2638 3953 crux
2697 3913 2949 3973 quoque
2981 3891 3284 3956 coronata
3340 3891 3726 3975 sacriﬁcanti

318 3983 573 4043 .luliano
603 3981 665 4040 in
697 3973 868 4039 extis
890 3975 1207 4056 apparuit,
1242 3973 1673 4056 eodemteste,
1701 3980 1858 4034 orat.
1896 3990 1985 4050 ιιι,
2012 3992 2196 4056 num,
2236 3976 2329 4056 t8,
2378 3994 2519 4052 pag.
2556 3975 2654 4035 7U.
2690 3981 2775 4035 Ac
2804 3979 3083 4056 solemne
3108 4055 3113 4056 γ
3142 3982 3276 4035 erat
3307 3993 3554 4035 crucem
3595 3974 3735 4033 luce

320 4068 687 4124 coronatam
718 4054 1097 4137 depingere:
1132 4054 1954 4137 quodPaulinusutestatur,
1990 4054 2139 4114 dum
2172 4054 2353 4134 epist.
2388 4058 2487 4130 32,
2523 4074 2698 4117 num.
2735 4057 2833 4133 10,
2867 4055 3033 4117 inter
3062 4055 3220 4117 alias
3242 4056 3520 4117 ecclesiae
3554 4071 3732 4115 sanc-

322 4145 371 4206 ti
404 4143 622 4205 Felicis
652 4133 950 4220 picturas,
986 4138 1064 4198 de
1094 4133 1278 4197 cruce
1311 4133 1576 4213 loquens
1606 4135 1694 4195 ait
1727 4151 1741 4195 :

1049 4356 1303 4415 Crucem
1330 4367 1552 4412 corona
1586 4347 1785 4411 lucido
1815 4348 2011 4430 cingit
2037 4348 2233 4430 globo.

405 4581 583 4654 Quod
614 4584 824 4641 autem
856 4577 1032 4638 addit
1062 4569 1960 4654 ChronieumAlexandrinum,
1997 4568 2218 4654 eodem
2261 4572 2545 4647 tempore
2575 4585 2700 4647 quo
2731 4585 2906 4654 crux,
2930 4564 3381 4654 Hjerosolymis
3411 4562 3733 4654 apparuit,

327 4646 466 4728 eam
498 4660 862 4724 Constantio
892 4658 1059 4739 apud
1094 4656 1367 4739 Mursam
1401 4651 1820 4739 dimicantiin
1845 4650 2184 4739 Pannonia
2213 4668 2346 4739 esse
2377 4646 2778 4727 Conspectam
2809 4669 2825 4706 :
2857 4653 2918 4707 el.
2962 4646 3446 4739 Philostorgius,
3470 4646 3738 4739 ptrique

326 4726 630 4821 ἀέξει·ᾳίῐυί
659 4741 853 4802 visam
889 4726 1126 4811 esse,ac
1156 4732 1923 4821 Constaptianosﬁducia,
1960 4730 2446 4821 Magnentianos
2463 4726 2619 4821 _vc_ro
2655 4737 2822 4821 metu
2853 4729 3212 4806 replevisse;
3247 4726 3434 4821 i_d_uti
3467 4726 3739 4803 figmen-

329 4835 462 4890 tum
489 4809 719 4886 inerito
751 4809 1190 4900 repudiamus,
1216 4835 1356 4877 cum
1390 4813 1838 4900 Hierosolymis
1867 4813 2001 4873 visa
2028 4813 2108 4874 sit
2137 4812 2407 4892 septima
2427 4811 2594 4885 Maii,
2630 4810 2917 4889 praelium
2941 4826 3088 4870 vero
3118 4809 3285 4888 apud
3313 4809 3584 4867 Mursam
3620 4824 3737 4866 au-

329 4916 576 4975 tumno,
613 4907 690 4965 28
721 4895 1106 4981 Septembris
1135 4898 1258 4981 die,
1292 4897 1695 4981 commissum
1729 4895 1829 4955 sit.
1861 4974 1872 4981 _
1910 4973 1923 4981 _
2144 4972 2156 4981 _
2692 4970 2709 4981 _
2762 4928 2792 4981 In
2849 4969 2884 4981 η
3134 4972 3146 4981 ι
3223 4969 3289 4981 Μ
3324 4968 3358 4981 η
3447 4974 3457 4981 _
3589 4966 3602 4981 .

409 4989 536 5058 XV,
566 4968 729 5057 'Quid
793 4968 1183 5063 praesagierit
1237 4968 1358 5038 ista
1395 4977 1600 5063 crucis
1657 4973 1995 5063 apparitio,
2030 4972 2199 5063 varie
2255 4990 2293 5032 a
2321 4969 3002 5063 nonnullisdeﬁnitum
3062 4968 3647 5063 est.”Phil-oslorgio
3677 4973 3740 5062 et

328 5078 391 5130 et
423 5048 714 5131 Chronici
742 5048 1156 5127 A'lexund'rini
1181 5057 1427 5118 auctori
1456 5057 1658 5116 visum
1702 5048 1819 5128 est,
1876 5058 2074 5115 Deum
2111 5052 2230 5113 hoc
2261 5059 2509 5112 ostento
2568 5050 2837 5110 voluisse
2894 5049 3259 5109 Constantio
3315 5050 3643 5110 victoriam
3676 5048 3740 5131 in

326 5148 759 5229 Magnentium
792 5137 1668 5229 significare.et_nova.ipsum
1701 5136 2038 5229 aemilit'es
2068 5132 2780 5229 ejusﬁducialanimare
2805 5131 2959 5223 used
2994 5138 3363 5229 supponunt
3392 5131 3548 5229 illud
3588 5130 3742 5229 ipsis

328 5210 528 5290 uisum
564 5246 699 5289 esse
728 5210 885 5286 esse:
920 5219 1227 5283 Baronius
1259 5218 1379 5277 hoc
1408 5210 1587 5295 signo
1617 5217 1938 5276 existimat
1965 5218 2163 5275 Deum
2208 5214 2604 5295 ingruentem
2641 5212 2720 5295 ah
2748 5210 2994 5295 Arianis
3042 5211 3338 5295 Ecclesiae
3397 5217 3742 5295 tempesta:-

322 5319 476 5379 tem,
511 5318 573 5371 et
607 5306 897 5369 Ecclesiae
941 5299 1266 5362 victoriam
1300 5290 1713 5379 portendisse.
1773 5296 2043 5379 Cyrillus
2093 5296 2152 5352 id
2190 5293 2553 5379 totumfere
2581 5294 2645 5379 in
2682 5291 2928 5352 Iaudem
2963 5310 3035 5379 ac
3066 5294 3334 5369 gratiam
3393 5290 3743 5379 Constantii

325 5372 753 5468 interpretor:
789 5389 984 5446 Deum
1019 5396 1247 5457 nempe
1290 5372 1529 5468 caelesti
1564 5377 1680 5436 hac
1734 5375 2111 5468 ostensione,
2147 5392 2338 5468 quam
2367 5372 2484 5467 sibi
2524 5374 2769 5468 “charos
2799 5384 2962 5432 esset
3015 5373 3384 5449 imperator,
3417 5374 3741 5433 declarare

322 5454 594 5533 voluisse
623 5470 828 5546 (num.
863 5466 946 5540 2).
980 5454 1375 5522 Constantini
1409 5457 1701 5546 pietatem
1735 5457 1937 5517 crucis
1968 5456 2346 5546 delectione,
2382 5454 2489 5546 qui
2522 5455 2697 5546 favor
2725 5473 2760 5514 e
2791 5462 2958 5546 terra
2988 5460 3174 5546 esset,
3221 5461 3690 5546 remuneratam
3721 5467 3737 5509 :

325 5533 677 5615 Constantii
708 5564 856 5607 vero
889 5533 1195 5617 maiorem
1230 5544 1492 5616 paterna
1522 5538 1845 5616 pietatem,
1883 5555 2006 5598 non
2040 5537 2318 5617 terrestri
2348 5536 2550 5617 signo,
2586 5536 2693 5595 sed
2724 5535 2962 5596 ccelesti
3014 5536 3501 5617 condecoralam
3538 5533 3739 5617 (num.

323 5611 429 5714 3r):
463 5636 533 5692 ut
560 5629 717 5692 ﬁdes
746 5625 882 5706 ejus
915 5611 1040 5685 illis
1070 5611 1784 5703 prodigiis'ﬁrmaretui',
1821 5611 2178 5698 ﬁduciaque
2205 5616 2274 5679 in
2304 5611 2621 5681 Christum
2654 5623 2994 5696 augeretur
3023 5617 3144 5680 hac
3173 5617 3404 5677 divinae
3434 5615 3499 5674 in
3530 5630 3595 5673 se
3625 5611 3740 5669 be-

647 5767 911 5828 PATROL.
956 5762 1071 5822 Gn.
1118 5756 1388 5819 XXXIII.
3376 5749 3449 5805 37
