  <div class='ocr_page' id='page_1' title='image "/cluster/home/n/w/nwhite01/storage/ocr_20150623/33/mdp.39015078384412/591.png"; bbox 0 0 4134 6268; ppageno 0'>
   <div class='ocr_carea' id='block_1_1' title="bbox 394 392 2054 461">
    <p class='ocr_par' dir='ltr' id='par_1_1' title="bbox 394 392 2052 459">
     <span class='ocr_line' id='line_1_1' title="bbox 394 392 2052 459; baseline -0.001 -3"><span class='ocrx_word' id='word_1_1' title='bbox 394 396 549 459; x_wconf 83' lang='grc'><strong>1167</strong></span> <span class='ocrx_word' id='word_1_2' title='bbox 1449 393 1514 452; x_wconf 89' lang='lat' dir='ltr'>S.</span> <span class='ocrx_word' id='word_1_3' title='bbox 1560 392 1871 455; x_wconf 82' lang='lat' dir='ltr'>CYRILLI</span> <span class='ocrx_word' id='word_1_4' title='bbox 1916 393 2052 455; x_wconf 90' lang='lat' dir='ltr'>HIE</span> 
     </span>
    </p>
   </div>
   <div class='ocr_carea' id='block_1_2' title="bbox 2168 392 3807 461">
    <p class='ocr_par' dir='ltr' id='par_1_2' title="bbox 2168 392 3807 461">
     <span class='ocr_line' id='line_1_2' title="bbox 2168 392 3807 461; baseline -0.001 -5"><span class='ocrx_word' id='word_1_5' title='bbox 2168 393 2325 458; x_wconf 88' lang='lat' dir='ltr'>SOL.</span> <span class='ocrx_word' id='word_1_6' title='bbox 2372 398 2739 461; x_wconf 80' lang='lat' dir='ltr'>ARCHIEP.</span> <span class='ocrx_word' id='word_1_7' title='bbox 3652 392 3807 455; x_wconf 87' lang='grc'><strong>1168</strong></span> 
     </span>
    </p>
   </div>
   <div class='ocr_carea' id='block_1_3' title="bbox 387 522 2054 603">
    <p class='ocr_par' dir='ltr' id='par_1_3' title="bbox 387 525 2038 597">
     <span class='ocr_line' id='line_1_3' title="bbox 387 525 2038 597; baseline -0.001 -12"><span class='ocrx_word' id='word_1_8' title='bbox 387 536 477 585; x_wconf 88' lang='lat' dir='ltr'>tes</span> <span class='ocrx_word' id='word_1_9' title='bbox 498 543 783 597; x_wconf 80' lang='lat' dir='ltr'>coronas;</span> <span class='ocrx_word' id='word_1_10' title='bbox 807 542 915 581; x_wconf 91' lang='lat' dir='ltr'>nos</span> <span class='ocrx_word' id='word_1_11' title='bbox 932 528 1263 580; x_wconf 82' lang='lat' dir='ltr'>autemnon</span> <span class='ocrx_word' id='word_1_12' title='bbox 1278 527 1335 579; x_wconf 92' lang='lat' dir='ltr'>te</span> <span class='ocrx_word' id='word_1_13' title='bbox 1350 525 1603 596; x_wconf 81' lang='lat' dir='ltr'>sumptis</span> <span class='ocrx_word' id='word_1_14' title='bbox 1625 541 1656 581; x_wconf 93' lang='lat' dir='ltr'>e</span> <span class='ocrx_word' id='word_1_15' title='bbox 1680 531 1837 582; x_wconf 91' lang='lat' dir='ltr'>terra</span> <span class='ocrx_word' id='word_1_16' title='bbox 1857 526 2038 582; x_wconf 86' lang='lat' dir='ltr'>rebus</span> 
     </span>
    </p>
   </div>
   <div class='ocr_carea' id='block_1_4' title="bbox 2168 522 3808 603">
    <p class='ocr_par' dir='ltr' id='par_1_4' title="bbox 2168 522 3808 603">
     <span class='ocr_line' id='line_1_4' title="bbox 2168 522 3808 603; baseline -0.001 -22"><span class='ocrx_word' id='word_1_17' title='bbox 2168 531 2600 603; x_wconf 85' lang='grc' dir='ltr'>ιομιζοντες(3),</span> <span class='ocrx_word' id='word_1_18' title='bbox 2634 529 2826 601; x_wconf 80' lang='grc' dir='ltr'>Ἡμεῖς</span> <span class='ocrx_word' id='word_1_19' title='bbox 2859 522 2918 580; x_wconf 72' lang='grc' dir='ltr'>δὲ</span> <span class='ocrx_word' id='word_1_20' title='bbox 2960 524 3021 581; x_wconf 82' lang='grc' dir='ltr'>οὖ</span> <span class='ocrx_word' id='word_1_21' title='bbox 3073 528 3196 588; x_wconf 83' lang='grc' dir='ltr'>τοῖς</span> <span class='ocrx_word' id='word_1_22' title='bbox 3253 522 3360 578; x_wconf 79' lang='grc' dir='ltr'>ἀπὸ</span> <span class='ocrx_word' id='word_1_23' title='bbox 3417 524 3517 599; x_wconf 77' lang='grc' dir='ltr'>γῆς</span> <span class='ocrx_word' id='word_1_24' title='bbox 3576 543 3634 578; x_wconf 88' lang='grc' dir='ltr'>σε</span> <span class='ocrx_word' id='word_1_25' title='bbox 3690 544 3808 579; x_wconf 75' lang='grc' dir='ltr'>στι-</span> 
     </span>
    </p>
   </div>
   <div class='ocr_carea' id='block_1_5' title="bbox 389 612 2035 690">
    <p class='ocr_par' dir='ltr' id='par_1_5' title="bbox 389 612 2035 690">
     <span class='ocr_line' id='line_1_5' title="bbox 389 612 2035 690; baseline -0.002 -16"><span class='ocrx_word' id='word_1_26' title='bbox 389 633 746 675; x_wconf 89' lang='lat' dir='ltr'>coronamus</span> <span class='ocrx_word' id='word_1_27' title='bbox 777 623 1055 687; x_wconf 89' lang='lat' dir='ltr'>(quorum</span> <span class='ocrx_word' id='word_1_28' title='bbox 1083 613 1243 669; x_wconf 90' lang='lat' dir='ltr'>enim</span> <span class='ocrx_word' id='word_1_29' title='bbox 1272 612 1566 668; x_wconf 91' lang='lat' dir='ltr'>donorum</span> <span class='ocrx_word' id='word_1_30' title='bbox 1600 631 1631 670; x_wconf 91' lang='lat' dir='ltr'>e</span> <span class='ocrx_word' id='word_1_31' title='bbox 1664 620 1823 671; x_wconf 90' lang='lat' dir='ltr'>terra</span> <span class='ocrx_word' id='word_1_32' title='bbox 1848 616 2035 690; x_wconf 84' lang='lat' dir='ltr'>origo,</span> 
     </span>
    </p>
   </div>
   <div class='ocr_carea' id='block_1_6' title="bbox 390 703 2038 774">
    <p class='ocr_par' dir='ltr' id='par_1_6' title="bbox 390 703 2038 774">
     <span class='ocr_line' id='line_1_6' title="bbox 390 703 2038 774; baseline -0.002 -10"><span class='ocrx_word' id='word_1_33' title='bbox 390 708 739 764; x_wconf 81' lang='lat' dir='ltr'>earumdem</span> <span class='ocrx_word' id='word_1_34' title='bbox 774 712 931 761; x_wconf 89' lang='lat' dir='ltr'>terra</span> <span class='ocrx_word' id='word_1_35' title='bbox 962 704 1142 774; x_wconf 83' lang='lat' dir='ltr'>ﬁnis),</span> <span class='ocrx_word' id='word_1_36' title='bbox 1180 720 1383 758; x_wconf 89' lang='lat' dir='ltr'>verum</span> <span class='ocrx_word' id='word_1_37' title='bbox 1416 703 1676 760; x_wconf 82' lang='lat' dir='ltr'>divinam</span> <span class='ocrx_word' id='word_1_38' title='bbox 1708 705 2038 760; x_wconf 69' lang='lat' dir='ltr'>caelestium</span> 
     </span>
    </p>
   </div>
   <div class='ocr_carea' id='block_1_7' title="bbox 390 793 2039 868">
    <p class='ocr_par' dir='ltr' id='par_1_7' title="bbox 390 793 2039 868">
     <span class='ocr_line' id='line_1_7' title="bbox 390 793 2039 868; baseline -0.004 -13"><span class='ocrx_word' id='word_1_39' title='bbox 390 814 593 855; x_wconf 89' lang='lat' dir='ltr'>rerum</span> <span class='ocrx_word' id='word_1_40' title='bbox 621 795 1099 868; x_wconf 85' lang='lat' dir='ltr'>impressionem.</span> <span class='ocrx_word' id='word_1_41' title='bbox 1137 793 1562 866; x_wconf 82' lang='lat' dir='ltr'>Hierosolymis</span> <span class='ocrx_word' id='word_1_42' title='bbox 1594 795 1677 849; x_wconf 90' lang='lat' dir='ltr'>tui</span> <span class='ocrx_word' id='word_1_43' title='bbox 1726 795 1841 849; x_wconf 89' lang='lat' dir='ltr'>Deo</span> <span class='ocrx_word' id='word_1_44' title='bbox 1874 794 2039 849; x_wconf 89' lang='lat' dir='ltr'>chari</span> 
     </span>
    </p>
   </div>
   <div class='ocr_carea' id='block_1_8' title="bbox 393 882 2040 959">
    <p class='ocr_par' dir='ltr' id='par_1_8' title="bbox 393 882 2040 959">
     <span class='ocr_line' id='line_1_8' title="bbox 393 882 2040 959; baseline -0.003 -17"><span class='ocrx_word' id='word_1_45' title='bbox 393 886 629 959; x_wconf 89' lang='lat' dir='ltr'>imperii</span> <span class='ocrx_word' id='word_1_46' title='bbox 660 883 1028 956; x_wconf 83' lang='lat' dir='ltr'>temporibus</span> <span class='ocrx_word' id='word_1_47' title='bbox 1053 889 1373 954; x_wconf 88' lang='lat' dir='ltr'>peractam,</span> <span class='ocrx_word' id='word_1_48' title='bbox 1426 882 1633 954; x_wconf 89' lang='lat' dir='ltr'>pietati</span> <span class='ocrx_word' id='word_1_49' title='bbox 1679 889 1793 937; x_wconf 78' lang='lat' dir='ltr'>tuae</span> <span class='ocrx_word' id='word_1_50' title='bbox 1826 882 2040 937; x_wconf 84' lang='lat' dir='ltr'>festino</span> 
     </span>
    </p>
   </div>
   <div class='ocr_carea' id='block_1_9' title="bbox 397 972 2043 1043">
    <p class='ocr_par' dir='ltr' id='par_1_9' title="bbox 397 972 2043 1043">
     <span class='ocr_line' id='line_1_9' title="bbox 397 972 2043 1043; baseline -0.004 -9"><span class='ocrx_word' id='word_1_51' title='bbox 397 976 594 1035; x_wconf 88' lang='lat' dir='ltr'>studio</span> <span class='ocrx_word' id='word_1_52' title='bbox 644 981 846 1030; x_wconf 89' lang='lat' dir='ltr'>notam</span> <span class='ocrx_word' id='word_1_53' title='bbox 894 973 1163 1029; x_wconf 78' lang='lat' dir='ltr'>facimus.</span> <span class='ocrx_word' id='word_1_54' title='bbox 1217 974 1342 1027; x_wconf 87' lang='lat' dir='ltr'>Non</span> <span class='ocrx_word' id='word_1_55' title='bbox 1375 977 1440 1026; x_wconf 90' lang='lat' dir='ltr'>ut</span> <span class='ocrx_word' id='word_1_56' title='bbox 1487 988 1647 1027; x_wconf 89' lang='lat' dir='ltr'>nunc</span> <span class='ocrx_word' id='word_1_57' title='bbox 1678 972 1937 1043; x_wconf 91' lang='lat' dir='ltr'>primum</span> <span class='ocrx_word' id='word_1_58' title='bbox 1971 987 2043 1027; x_wconf 82' lang='lat' dir='ltr'>ex</span> 
     </span>
    </p>
   </div>
   <div class='ocr_carea' id='block_1_10' title="bbox 397 1061 2042 1141">
    <p class='ocr_par' dir='ltr' id='par_1_10' title="bbox 397 1061 2042 1141">
     <span class='ocr_line' id='line_1_10' title="bbox 397 1061 2042 1141; baseline -0.004 -19"><span class='ocrx_word' id='word_1_59' title='bbox 397 1066 770 1141; x_wconf 89' lang='lat' dir='ltr'>ignoratione</span> <span class='ocrx_word' id='word_1_60' title='bbox 800 1064 863 1118; x_wconf 92' lang='lat' dir='ltr'>in</span> <span class='ocrx_word' id='word_1_61' title='bbox 924 1063 1023 1118; x_wconf 89' lang='lat' dir='ltr'>Dei</span> <span class='ocrx_word' id='word_1_62' title='bbox 1054 1062 1327 1117; x_wconf 82' lang='lat' dir='ltr'>notitiam</span> <span class='ocrx_word' id='word_1_63' title='bbox 1375 1061 1693 1117; x_wconf 89' lang='lat' dir='ltr'>adducaris</span> <span class='ocrx_word' id='word_1_64' title='bbox 1734 1065 1819 1134; x_wconf 90' lang='lat' dir='ltr'>(tu</span> <span class='ocrx_word' id='word_1_65' title='bbox 1879 1062 2042 1117; x_wconf 89' lang='lat' dir='ltr'>enim</span> 
     </span>
    </p>
   </div>
   <div class='ocr_carea' id='block_1_11' title="bbox 398 1152 2039 1230">
    <p class='ocr_par' dir='ltr' id='par_1_11' title="bbox 398 1152 2039 1230">
     <span class='ocr_line' id='line_1_11' title="bbox 398 1152 2039 1230; baseline -0.004 -17"><span class='ocrx_word' id='word_1_66' title='bbox 398 1158 563 1230; x_wconf 90' lang='lat' dir='ltr'>prior</span> <span class='ocrx_word' id='word_1_67' title='bbox 589 1173 695 1229; x_wconf 90' lang='lat' dir='ltr'>per</span> <span class='ocrx_word' id='word_1_68' title='bbox 725 1171 855 1211; x_wconf 89' lang='lat' dir='ltr'>eam</span> <span class='ocrx_word' id='word_1_69' title='bbox 871 1169 1050 1225; x_wconf 91' lang='lat' dir='ltr'>quam</span> <span class='ocrx_word' id='word_1_70' title='bbox 1081 1154 1325 1225; x_wconf 73' lang='lat' dir='ltr'>prmfers</span> <span class='ocrx_word' id='word_1_71' title='bbox 1344 1152 1787 1224; x_wconf 88' lang='lat' dir='ltr'>pietatemalios</span> <span class='ocrx_word' id='word_1_72' title='bbox 1817 1152 2039 1219; x_wconf 80' lang='lat' dir='ltr'>doces),</span> 
     </span>
    </p>
   </div>
   <div class='ocr_carea' id='block_1_12' title="bbox 401 1241 2042 1314">
    <p class='ocr_par' dir='ltr' id='par_1_12' title="bbox 401 1241 2042 1314">
     <span class='ocr_line' id='line_1_12' title="bbox 401 1241 2042 1314; baseline -0.004 -13"><span class='ocrx_word' id='word_1_73' title='bbox 401 1247 506 1301; x_wconf 90' lang='lat' dir='ltr'>sed</span> <span class='ocrx_word' id='word_1_74' title='bbox 537 1251 602 1300; x_wconf 91' lang='lat' dir='ltr'>ut</span> <span class='ocrx_word' id='word_1_75' title='bbox 630 1246 691 1299; x_wconf 92' lang='lat' dir='ltr'>in</span> <span class='ocrx_word' id='word_1_76' title='bbox 723 1244 814 1299; x_wconf 87' lang='lat' dir='ltr'>his</span> <span class='ocrx_word' id='word_1_77' title='bbox 874 1260 1005 1314; x_wconf 63' lang='lat' dir='ltr'>quae</span> <span class='ocrx_word' id='word_1_78' title='bbox 1036 1242 1248 1297; x_wconf 90' lang='lat' dir='ltr'>novisti</span> <span class='ocrx_word' id='word_1_79' title='bbox 1306 1242 1459 1299; x_wconf 67' lang='lat'>852</span> <span class='ocrx_word' id='word_1_80' title='bbox 1493 1241 1867 1296; x_wconf 91' lang='lat' dir='ltr'>conﬁrmeris</span> <span class='ocrx_word' id='word_1_81' title='bbox 1910 1258 2042 1296; x_wconf 88' lang='lat' dir='ltr'>am-</span> 
     </span>
    </p>
   </div>
   <div class='ocr_carea' id='block_1_13' title="bbox 400 1330 2045 1408">
    <p class='ocr_par' dir='ltr' id='par_1_13' title="bbox 400 1330 2045 1408">
     <span class='ocr_line' id='line_1_13' title="bbox 400 1330 2045 1408; baseline -0.004 -17"><span class='ocrx_word' id='word_1_82' title='bbox 400 1335 557 1408; x_wconf 90' lang='lat' dir='ltr'>plius</span> <span class='ocrx_word' id='word_1_83' title='bbox 583 1352 596 1389; x_wconf 90' lang='lat'>:</span> <span class='ocrx_word' id='word_1_84' title='bbox 630 1334 706 1403; x_wconf 88' lang='lat' dir='ltr'>el,</span> <span class='ocrx_word' id='word_1_85' title='bbox 738 1333 839 1405; x_wconf 86' lang='lat' dir='ltr'>qui</span> <span class='ocrx_word' id='word_1_86' title='bbox 870 1332 1084 1387; x_wconf 85' lang='lat' dir='ltr'>avitam</span> <span class='ocrx_word' id='word_1_87' title='bbox 1116 1331 1281 1404; x_wconf 83' lang='lat' dir='ltr'>regni</span> <span class='ocrx_word' id='word_1_88' title='bbox 1313 1337 1668 1387; x_wconf 86' lang='lat' dir='ltr'>consecutus</span> <span class='ocrx_word' id='word_1_89' title='bbox 1698 1348 1761 1386; x_wconf 90' lang='lat' dir='ltr'>es</span> <span class='ocrx_word' id='word_1_90' title='bbox 1792 1330 2045 1386; x_wconf 65' lang='lat' dir='ltr'>haeredi-</span> 
     </span>
    </p>
   </div>
   <div class='ocr_carea' id='block_1_14' title="bbox 399 1420 2046 1496">
    <p class='ocr_par' dir='ltr' id='par_1_14' title="bbox 399 1420 2046 1496">
     <span class='ocr_line' id='line_1_14' title="bbox 399 1420 2046 1496; baseline -0.003 -15"><span class='ocrx_word' id='word_1_91' title='bbox 399 1431 582 1481; x_wconf 89' lang='lat' dir='ltr'>tatem</span> <span class='ocrx_word' id='word_1_92' title='bbox 614 1424 711 1496; x_wconf 82' lang='grc'>(1),</span> <span class='ocrx_word' id='word_1_93' title='bbox 746 1420 1073 1493; x_wconf 83' lang='lat' dir='ltr'>majoribus</span> <span class='ocrx_word' id='word_1_94' title='bbox 1106 1426 1162 1475; x_wconf 91' lang='lat' dir='ltr'>te</span> <span class='ocrx_word' id='word_1_95' title='bbox 1193 1437 1223 1475; x_wconf 89' lang='lat' dir='ltr'>e</span> <span class='ocrx_word' id='word_1_96' title='bbox 1246 1421 1391 1476; x_wconf 64' lang='lat' dir='ltr'>caelo</span> <span class='ocrx_word' id='word_1_97' title='bbox 1422 1421 1658 1476; x_wconf 90' lang='lat' dir='ltr'>coronis</span> <span class='ocrx_word' id='word_1_98' title='bbox 1690 1421 2046 1476; x_wconf 87' lang='lat' dir='ltr'>honoratum</span> 
     </span>
    </p>
   </div>
   <div class='ocr_carea' id='block_1_15' title="bbox 401 1510 2049 1582">
    <p class='ocr_par' dir='ltr' id='par_1_15' title="bbox 401 1510 2049 1582">
     <span class='ocr_line' id='line_1_15' title="bbox 401 1510 2049 1582; baseline -0.003 -12"><span class='ocrx_word' id='word_1_99' title='bbox 401 1514 736 1578; x_wconf 90' lang='lat' dir='ltr'>addiscens,</span> <span class='ocrx_word' id='word_1_100' title='bbox 771 1510 912 1565; x_wconf 90' lang='lat' dir='ltr'>hinc</span> <span class='ocrx_word' id='word_1_101' title='bbox 938 1510 1260 1565; x_wconf 84' lang='lat' dir='ltr'>ferventius</span> <span class='ocrx_word' id='word_1_102' title='bbox 1283 1511 1401 1565; x_wconf 90' lang='lat' dir='ltr'>Deo</span> <span class='ocrx_word' id='word_1_103' title='bbox 1439 1510 1707 1565; x_wconf 90' lang='lat' dir='ltr'>omnium</span> <span class='ocrx_word' id='word_1_104' title='bbox 1728 1510 1866 1582; x_wconf 84' lang='lat' dir='ltr'>Regi</span> <span class='ocrx_word' id='word_1_105' title='bbox 1886 1526 2049 1566; x_wconf 90' lang='lat' dir='ltr'>nunc</span> 
     </span>
    </p>
   </div>
   <div class='ocr_carea' id='block_1_16' title="bbox 402 1599 2048 1672">
    <p class='ocr_par' dir='ltr' id='par_1_16' title="bbox 402 1599 2048 1672">
     <span class='ocr_line' id='line_1_16' title="bbox 402 1599 2048 1672; baseline -0.002 -14"><span class='ocrx_word' id='word_1_106' title='bbox 402 1603 581 1658; x_wconf 91' lang='lat' dir='ltr'>etiam</span> <span class='ocrx_word' id='word_1_107' title='bbox 596 1600 1015 1656; x_wconf 88' lang='lat' dir='ltr'>convenientss</span> <span class='ocrx_word' id='word_1_108' title='bbox 1042 1600 1260 1672; x_wconf 82' lang='lat' dir='ltr'>gratias</span> <span class='ocrx_word' id='word_1_109' title='bbox 1281 1615 1420 1672; x_wconf 90' lang='lat' dir='ltr'>agas</span> <span class='ocrx_word' id='word_1_110' title='bbox 1460 1599 1627 1655; x_wconf 90' lang='lat' dir='ltr'>illinc</span> <span class='ocrx_word' id='word_1_111' title='bbox 1667 1616 1802 1655; x_wconf 91' lang='lat' dir='ltr'>vero</span> <span class='ocrx_word' id='word_1_112' title='bbox 1834 1599 2048 1671; x_wconf 86' lang='lat' dir='ltr'>majori</span> 
     </span>
    </p>
   </div>
   <div class='ocr_carea' id='block_1_17' title="bbox 401 1688 2049 1761">
    <p class='ocr_par' dir='ltr' id='par_1_17' title="bbox 401 1688 2049 1761">
     <span class='ocr_line' id='line_1_17' title="bbox 401 1688 2049 1761; baseline -0.002 -13"><span class='ocrx_word' id='word_1_113' title='bbox 401 1692 712 1749; x_wconf 88' lang='lat' dir='ltr'>adversum</span> <span class='ocrx_word' id='word_1_114' title='bbox 744 1691 944 1745; x_wconf 89' lang='lat' dir='ltr'>hostes</span> <span class='ocrx_word' id='word_1_115' title='bbox 977 1688 1195 1745; x_wconf 87' lang='lat' dir='ltr'>ﬁducia</span> <span class='ocrx_word' id='word_1_116' title='bbox 1232 1695 1408 1760; x_wconf 87' lang='lat' dir='ltr'>atque</span> <span class='ocrx_word' id='word_1_117' title='bbox 1457 1689 1762 1745; x_wconf 88' lang='lat' dir='ltr'>alacritate</span> <span class='ocrx_word' id='word_1_118' title='bbox 1810 1690 2049 1761; x_wconf 89' lang='lat' dir='ltr'>replea-</span> 
     </span>
    </p>
   </div>
   <div class='ocr_carea' id='block_1_18' title="bbox 402 1778 2050 1851">
    <p class='ocr_par' dir='ltr' id='par_1_18' title="bbox 402 1778 2050 1851">
     <span class='ocr_line' id='line_1_18' title="bbox 402 1778 2050 1851; baseline -0.003 -13"><span class='ocrx_word' id='word_1_119' title='bbox 402 1782 509 1851; x_wconf 89' lang='lat' dir='ltr'>ris,</span> <span class='ocrx_word' id='word_1_120' title='bbox 540 1782 683 1837; x_wconf 91' lang='lat' dir='ltr'>dum</span> <span class='ocrx_word' id='word_1_121' title='bbox 716 1798 786 1837; x_wconf 84' lang='lat' dir='ltr'>ex</span> <span class='ocrx_word' id='word_1_122' title='bbox 814 1779 1115 1835; x_wconf 89' lang='lat' dir='ltr'>miraculis</span> <span class='ocrx_word' id='word_1_123' title='bbox 1139 1795 1268 1850; x_wconf 75' lang='lat' dir='ltr'>qum</span> <span class='ocrx_word' id='word_1_124' title='bbox 1294 1785 1391 1835; x_wconf 88' lang='lat' dir='ltr'>tuo</span> <span class='ocrx_word' id='word_1_125' title='bbox 1421 1783 1686 1850; x_wconf 91' lang='lat' dir='ltr'>tempore</span> <span class='ocrx_word' id='word_1_126' title='bbox 1707 1778 1909 1844; x_wconf 87' lang='lat' dir='ltr'>efﬁcit,</span> <span class='ocrx_word' id='word_1_127' title='bbox 1935 1779 2050 1834; x_wconf 92' lang='lat' dir='ltr'>im-</span> 
     </span>
    </p>
   </div>
   <div class='ocr_carea' id='block_1_19' title="bbox 406 1868 2046 1945">
    <p class='ocr_par' dir='ltr' id='par_1_19' title="bbox 406 1868 2046 1945">
     <span class='ocr_line' id='line_1_19' title="bbox 406 1868 2046 1945; baseline -0.001 -18"><span class='ocrx_word' id='word_1_128' title='bbox 406 1873 639 1945; x_wconf 90' lang='lat' dir='ltr'>perium</span> <span class='ocrx_word' id='word_1_129' title='bbox 671 1877 836 1926; x_wconf 90' lang='lat' dir='ltr'>tuum</span> <span class='ocrx_word' id='word_1_130' title='bbox 866 1885 901 1924; x_wconf 88' lang='lat' dir='ltr'>a</span> <span class='ocrx_word' id='word_1_131' title='bbox 944 1870 1060 1923; x_wconf 93' lang='lat' dir='ltr'>Deo</span> <span class='ocrx_word' id='word_1_132' title='bbox 1089 1885 1294 1924; x_wconf 86' lang='lat' dir='ltr'>revera</span> <span class='ocrx_word' id='word_1_133' title='bbox 1341 1868 1507 1940; x_wconf 89' lang='lat' dir='ltr'>diligi</span> <span class='ocrx_word' id='word_1_134' title='bbox 1555 1868 2046 1941; x_wconf 90' lang='lat' dir='ltr'>comprehendes.</span> 
     </span>
    </p>
   </div>
   <div class='ocr_carea' id='block_1_20' title="bbox 481 1957 2053 2031">
    <p class='ocr_par' dir='ltr' id='par_1_20' title="bbox 481 1957 2053 2031">
     <span class='ocr_line' id='line_1_20' title="bbox 481 1957 2053 2031; baseline -0.001 -14"><span class='ocrx_word' id='word_1_135' title='bbox 481 1964 577 2017; x_wconf 87' lang='lat' dir='ltr'>IlI.</span> <span class='ocrx_word' id='word_1_136' title='bbox 610 1970 690 2017; x_wconf 84' lang='lat' dir='ltr'>Ac</span> <span class='ocrx_word' id='word_1_137' title='bbox 712 1966 975 2031; x_wconf 89' lang='lat' dir='ltr'>tempore</span> <span class='ocrx_word' id='word_1_138' title='bbox 999 1957 1241 2030; x_wconf 89' lang='lat' dir='ltr'>quidem</span> <span class='ocrx_word' id='word_1_139' title='bbox 1262 1960 1378 2013; x_wconf 89' lang='lat' dir='ltr'>Deo</span> <span class='ocrx_word' id='word_1_140' title='bbox 1400 1957 1746 2014; x_wconf 89' lang='lat' dir='ltr'>amicissimi</span> <span class='ocrx_word' id='word_1_141' title='bbox 1776 1975 1844 2015; x_wconf 93' lang='lat' dir='ltr'>ac</span> <span class='ocrx_word' id='word_1_142' title='bbox 1859 1959 2053 2015; x_wconf 80' lang='lat' dir='ltr'>felicis</span> 
     </span>
    </p>
   </div>
   <div class='ocr_carea' id='block_1_21' title="bbox 409 2047 2054 2119">
    <p class='ocr_par' dir='ltr' id='par_1_21' title="bbox 409 2047 2054 2119">
     <span class='ocr_line' id='line_1_21' title="bbox 409 2047 2054 2119; baseline -0.002 -12"><span class='ocrx_word' id='word_1_143' title='bbox 409 2048 837 2107; x_wconf 86' lang='lat' dir='ltr'>recordationis</span> <span class='ocrx_word' id='word_1_144' title='bbox 859 2048 1232 2103; x_wconf 87' lang='lat' dir='ltr'>Constantini</span> <span class='ocrx_word' id='word_1_145' title='bbox 1260 2047 1444 2119; x_wconf 89' lang='lat' dir='ltr'>patris</span> <span class='ocrx_word' id='word_1_146' title='bbox 1470 2047 1841 2113; x_wconf 88' lang='lat' dir='ltr'>tui,salutare</span> <span class='ocrx_word' id='word_1_147' title='bbox 1860 2049 2054 2103; x_wconf 89' lang='lat' dir='ltr'>crucis</span> 
     </span>
    </p>
   </div>
   <div class='ocr_carea' id='block_1_22' title="bbox 408 2136 2053 2215">
    <p class='ocr_par' dir='ltr' id='par_1_22' title="bbox 408 2136 2053 2215">
     <span class='ocr_line' id='line_1_22' title="bbox 408 2136 2053 2215; baseline -0.001 -19"><span class='ocrx_word' id='word_1_148' title='bbox 408 2142 635 2215; x_wconf 84' lang='lat' dir='ltr'>lignum</span> <span class='ocrx_word' id='word_1_149' title='bbox 666 2139 727 2193; x_wconf 89' lang='lat' dir='ltr'>in</span> <span class='ocrx_word' id='word_1_150' title='bbox 760 2137 1182 2208; x_wconf 85' lang='lat' dir='ltr'>Hierosolymis</span> <span class='ocrx_word' id='word_1_151' title='bbox 1213 2142 1303 2192; x_wconf 91' lang='lat' dir='ltr'>est</span> <span class='ocrx_word' id='word_1_152' title='bbox 1331 2142 1665 2207; x_wconf 89' lang='lat' dir='ltr'>repertum:</span> <span class='ocrx_word' id='word_1_153' title='bbox 1691 2136 1891 2193; x_wconf 90' lang='lat' dir='ltr'>divina</span> <span class='ocrx_word' id='word_1_154' title='bbox 1920 2154 2053 2210; x_wconf 84' lang='lat' dir='ltr'>gra-</span> 
     </span>
    </p>
   </div>
   <div class='ocr_carea' id='block_1_23' title="bbox 409 2224 2057 2299">
    <p class='ocr_par' dir='ltr' id='par_1_23' title="bbox 409 2224 2057 2299">
     <span class='ocr_line' id='line_1_23' title="bbox 409 2224 2057 2299; baseline -0.002 -16"><span class='ocrx_word' id='word_1_155' title='bbox 409 2230 490 2284; x_wconf 86' lang='lat' dir='ltr'>tia</span> <span class='ocrx_word' id='word_1_156' title='bbox 520 2229 640 2282; x_wconf 90' lang='lat' dir='ltr'>viro</span> <span class='ocrx_word' id='word_1_157' title='bbox 673 2228 954 2299; x_wconf 89' lang='lat' dir='ltr'>pietatem</span> <span class='ocrx_word' id='word_1_158' title='bbox 985 2232 1143 2281; x_wconf 88' lang='lat' dir='ltr'>recte</span> <span class='ocrx_word' id='word_1_159' title='bbox 1175 2226 1465 2297; x_wconf 71' lang='lat' dir='ltr'>quaarenti</span> <span class='ocrx_word' id='word_1_160' title='bbox 1496 2224 1609 2281; x_wconf 92' lang='lat' dir='ltr'>hoc</span> <span class='ocrx_word' id='word_1_161' title='bbox 1649 2224 1956 2298; x_wconf 90' lang='lat' dir='ltr'>largiente,</span> <span class='ocrx_word' id='word_1_162' title='bbox 1990 2231 2057 2281; x_wconf 89' lang='lat' dir='ltr'>ut</span> 
     </span>
    </p>
   </div>
   <div class='ocr_carea' id='block_1_24' title="bbox 407 2313 2054 2383">
    <p class='ocr_par' dir='ltr' id='par_1_24' title="bbox 407 2313 2054 2383">
     <span class='ocr_line' id='line_1_24' title="bbox 407 2313 2054 2383; baseline -0.001 -11"><span class='ocrx_word' id='word_1_163' title='bbox 407 2315 790 2373; x_wconf 87' lang='lat' dir='ltr'>absconditos</span> <span class='ocrx_word' id='word_1_164' title='bbox 823 2318 897 2383; x_wconf 70' lang='grc'>(2)</span> <span class='ocrx_word' id='word_1_165' title='bbox 930 2320 1165 2369; x_wconf 90' lang='lat' dir='ltr'>sanctos</span> <span class='ocrx_word' id='word_1_166' title='bbox 1198 2314 1357 2369; x_wconf 90' lang='lat' dir='ltr'>locos</span> <span class='ocrx_word' id='word_1_167' title='bbox 1388 2313 1700 2368; x_wconf 82' lang='lat' dir='ltr'>inveniret.</span> <span class='ocrx_word' id='word_1_168' title='bbox 1732 2315 1851 2369; x_wconf 90' lang='lat' dir='ltr'>Tuo</span> <span class='ocrx_word' id='word_1_169' title='bbox 1895 2330 2054 2381; x_wconf 90' lang='lat' dir='ltr'>vero,</span> 
     </span>
    </p>
   </div>
   <div class='ocr_carea' id='block_1_25' title="bbox 408 2403 2055 2475">
    <p class='ocr_par' dir='ltr' id='par_1_25' title="bbox 408 2403 2055 2475">
     <span class='ocr_line' id='line_1_25' title="bbox 408 2403 2055 2475; baseline -0.001 -14"><span class='ocrx_word' id='word_1_170' title='bbox 408 2405 669 2472; x_wconf 90' lang='lat' dir='ltr'>domine,</span> <span class='ocrx_word' id='word_1_171' title='bbox 705 2404 970 2459; x_wconf 88' lang='lat' dir='ltr'>omnium</span> <span class='ocrx_word' id='word_1_172' title='bbox 1000 2403 1266 2473; x_wconf 90' lang='lat' dir='ltr'>piissime</span> <span class='ocrx_word' id='word_1_173' title='bbox 1296 2404 1640 2474; x_wconf 86' lang='lat' dir='ltr'>imperator,</span> <span class='ocrx_word' id='word_1_174' title='bbox 1673 2403 1774 2475; x_wconf 88' lang='lat' dir='ltr'>qui</span> <span class='ocrx_word' id='word_1_175' title='bbox 1814 2419 2055 2461; x_wconf 90' lang='lat' dir='ltr'>avorum</span> 
     </span>
    </p>
   </div>
   <div class='ocr_carea' id='block_1_26' title="bbox 406 2490 2056 2566">
    <p class='ocr_par' dir='ltr' id='par_1_26' title="bbox 406 2490 2056 2566">
     <span class='ocr_line' id='line_1_26' title="bbox 406 2490 2056 2566; baseline 0.001 -18"><span class='ocrx_word' id='word_1_176' title='bbox 406 2495 690 2566; x_wconf 87' lang='lat' dir='ltr'>pietatem</span> <span class='ocrx_word' id='word_1_177' title='bbox 714 2491 924 2563; x_wconf 85' lang='lat' dir='ltr'>majori</span> <span class='ocrx_word' id='word_1_178' title='bbox 957 2491 1019 2545; x_wconf 91' lang='lat' dir='ltr'>in</span> <span class='ocrx_word' id='word_1_179' title='bbox 1051 2492 1235 2546; x_wconf 91' lang='lat' dir='ltr'>Deum</span> <span class='ocrx_word' id='word_1_180' title='bbox 1256 2490 1546 2564; x_wconf 86' lang='lat' dir='ltr'>religione</span> <span class='ocrx_word' id='word_1_181' title='bbox 1573 2508 1838 2563; x_wconf 91' lang='lat' dir='ltr'>superas,</span> <span class='ocrx_word' id='word_1_182' title='bbox 1874 2510 1996 2549; x_wconf 88' lang='lat' dir='ltr'>non</span> <span class='ocrx_word' id='word_1_183' title='bbox 2025 2510 2056 2550; x_wconf 91' lang='lat' dir='ltr'>e</span> 
     </span>
    </p>
   </div>
   <div class='ocr_carea' id='block_1_27' title="bbox 405 2579 2058 2653">
    <p class='ocr_par' dir='ltr' id='par_1_27' title="bbox 405 2579 2058 2653">
     <span class='ocr_line' id='line_1_27' title="bbox 405 2579 2058 2653; baseline 0 -16"><span class='ocrx_word' id='word_1_184' title='bbox 405 2589 566 2637; x_wconf 88' lang='lat' dir='ltr'>terra</span> <span class='ocrx_word' id='word_1_185' title='bbox 589 2583 740 2653; x_wconf 89' lang='lat' dir='ltr'>jam,</span> <span class='ocrx_word' id='word_1_186' title='bbox 776 2579 878 2634; x_wconf 91' lang='lat' dir='ltr'>sed</span> <span class='ocrx_word' id='word_1_187' title='bbox 910 2595 940 2634; x_wconf 93' lang='lat' dir='ltr'>e</span> <span class='ocrx_word' id='word_1_188' title='bbox 972 2580 1118 2634; x_wconf 71' lang='lat' dir='ltr'>creto</span> <span class='ocrx_word' id='word_1_189' title='bbox 1150 2579 1286 2635; x_wconf 88' lang='lat' dir='ltr'>data</span> <span class='ocrx_word' id='word_1_190' title='bbox 1307 2579 1604 2652; x_wconf 89' lang='lat' dir='ltr'>prodigia:</span> <span class='ocrx_word' id='word_1_191' title='bbox 1640 2586 1697 2634; x_wconf 92' lang='lat' dir='ltr'>et</span> <span class='ocrx_word' id='word_1_192' title='bbox 1722 2581 1954 2635; x_wconf 89' lang='lat' dir='ltr'>Domini</span> <span class='ocrx_word' id='word_1_193' title='bbox 1989 2597 2058 2638; x_wconf 91' lang='lat' dir='ltr'>ac</span> 
     </span>
    </p>
   </div>
   <div class='ocr_carea' id='block_1_28' title="bbox 412 2667 2059 2741">
    <p class='ocr_par' dir='ltr' id='par_1_28' title="bbox 412 2667 2059 2741">
     <span class='ocr_line' id='line_1_28' title="bbox 412 2667 2059 2741; baseline 0 -15"><span class='ocrx_word' id='word_1_194' title='bbox 412 2670 733 2726; x_wconf 87' lang='lat' dir='ltr'>Servatoris</span> <span class='ocrx_word' id='word_1_195' title='bbox 766 2667 954 2724; x_wconf 91' lang='lat' dir='ltr'>nostri</span> <span class='ocrx_word' id='word_1_196' title='bbox 1010 2668 1147 2723; x_wconf 84' lang='lat' dir='ltr'>Jesu</span> <span class='ocrx_word' id='word_1_197' title='bbox 1200 2667 1411 2723; x_wconf 85' lang='lat' dir='ltr'>Christi</span> <span class='ocrx_word' id='word_1_198' title='bbox 1445 2668 1735 2741; x_wconf 77' lang='lat' dir='ltr'>unigeniti</span> <span class='ocrx_word' id='word_1_199' title='bbox 1793 2669 1924 2725; x_wconf 89' lang='lat' dir='ltr'>Filii</span> <span class='ocrx_word' id='word_1_200' title='bbox 1955 2672 2059 2726; x_wconf 90' lang='lat' dir='ltr'>Dei</span> 
     </span>
    </p>
   </div>
   <div class='ocr_carea' id='block_1_29' title="bbox 483 2821 2063 2898">
    <p class='ocr_par' dir='ltr' id='par_1_29' title="bbox 483 2821 2063 2898">
     <span class='ocr_line' id='line_1_29' title="bbox 483 2821 2063 2898; baseline -0.001 -17"><span class='ocrx_word' id='word_1_201' title='bbox 483 2826 559 2898; x_wconf 83' lang='grc'>(1)</span> <span class='ocrx_word' id='word_1_202' title='bbox 581 2826 805 2879; x_wconf 76' lang='lat' dir='ltr'>Avitum</span> <span class='ocrx_word' id='word_1_203' title='bbox 834 2822 995 2893; x_wconf 77' lang='lat' dir='ltr'>regni</span> <span class='ocrx_word' id='word_1_204' title='bbox 1023 2823 1419 2898; x_wconf 48' lang='lat' dir='ltr'>hereditatem.</span> <span class='ocrx_word' id='word_1_205' title='bbox 1466 2821 1798 2898; x_wconf 58' lang='lat' dir='ltr'>imperium</span> <span class='ocrx_word' id='word_1_206' title='bbox 1845 2840 1880 2879; x_wconf 91' lang='lat' dir='ltr'>a</span> <span class='ocrx_word' id='word_1_207' title='bbox 1909 2824 2063 2880; x_wconf 90' lang='lat' dir='ltr'>Con-</span> 
     </span>
    </p>
   </div>
   <div class='ocr_carea' id='block_1_30' title="bbox 414 2893 2054 2966">
    <p class='ocr_par' dir='ltr' id='par_1_30' title="bbox 414 2893 2054 2966">
     <span class='ocr_line' id='line_1_30' title="bbox 414 2893 2054 2966; baseline -0.001 -12"><span class='ocrx_word' id='word_1_208' title='bbox 414 2893 674 2955; x_wconf 82' lang='lat' dir='ltr'>stantino</span> <span class='ocrx_word' id='word_1_209' title='bbox 717 2902 881 2966; x_wconf 87' lang='lat' dir='ltr'>patre</span> <span class='ocrx_word' id='word_1_210' title='bbox 940 2900 1000 2948; x_wconf 90' lang='lat' dir='ltr'>et</span> <span class='ocrx_word' id='word_1_211' title='bbox 1053 2893 1398 2966; x_wconf 87' lang='lat' dir='ltr'>Constantio</span> <span class='ocrx_word' id='word_1_212' title='bbox 1454 2893 1667 2949; x_wconf 83' lang='lat' dir='ltr'>Chloro</span> <span class='ocrx_word' id='word_1_213' title='bbox 1726 2902 2054 2966; x_wconf 86' lang='lat' dir='ltr'>acceperat.</span> 
     </span>
    </p>
   </div>
   <div class='ocr_carea' id='block_1_31' title="bbox 414 2965 2055 3037">
    <p class='ocr_par' dir='ltr' id='par_1_31' title="bbox 414 2965 2055 3037">
     <span class='ocr_line' id='line_1_31' title="bbox 414 2965 2055 3037; baseline -0.002 -12"><span class='ocrx_word' id='word_1_214' title='bbox 414 2973 594 3025; x_wconf 88' lang='lat' dir='ltr'>Porro</span> <span class='ocrx_word' id='word_1_215' title='bbox 627 2985 661 3023; x_wconf 93' lang='lat' dir='ltr'>a</span> <span class='ocrx_word' id='word_1_216' title='bbox 674 2965 917 3021; x_wconf 78' lang='lat' dir='ltr'>Claudio</span> <span class='ocrx_word' id='word_1_217' title='bbox 929 2965 1170 3037; x_wconf 88' lang='lat' dir='ltr'>juniore</span> <span class='ocrx_word' id='word_1_218' title='bbox 1185 2965 1475 3037; x_wconf 84' lang='lat' dir='ltr'>originem</span> <span class='ocrx_word' id='word_1_219' title='bbox 1502 2966 1755 3022; x_wconf 88' lang='lat' dir='ltr'>ducebat</span> <span class='ocrx_word' id='word_1_220' title='bbox 1770 2965 2055 3036; x_wconf 27' lang='lat' dir='ltr'>Cbl’orus;</span> 
     </span>
    </p>
   </div>
   <div class='ocr_carea' id='block_1_32' title="bbox 413 3038 2058 3113">
    <p class='ocr_par' dir='ltr' id='par_1_32' title="bbox 413 3038 2058 3113">
     <span class='ocr_line' id='line_1_32' title="bbox 413 3038 2058 3113; baseline -0.001 -17"><span class='ocrx_word' id='word_1_221' title='bbox 413 3058 515 3098; x_wconf 92' lang='lat' dir='ltr'>seu</span> <span class='ocrx_word' id='word_1_222' title='bbox 544 3040 760 3113; x_wconf 79' lang='lat' dir='ltr'>potius,</span> <span class='ocrx_word' id='word_1_223' title='bbox 795 3045 921 3113; x_wconf 82' lang='lat' dir='ltr'>erat</span> <span class='ocrx_word' id='word_1_224' title='bbox 950 3053 1085 3113; x_wconf 83' lang='lat' dir='ltr'>cum</span> <span class='ocrx_word' id='word_1_225' title='bbox 1117 3053 1186 3093; x_wconf 92' lang='lat' dir='ltr'>eo</span> <span class='ocrx_word' id='word_1_226' title='bbox 1236 3038 1748 3113; x_wconf 79' lang='lat' dir='ltr'>consanguinitate</span> <span class='ocrx_word' id='word_1_227' title='bbox 1804 3043 2058 3113; x_wconf 87' lang='lat' dir='ltr'>conjun-</span> 
     </span>
    </p>
   </div>
   <div class='ocr_carea' id='block_1_33' title="bbox 412 3058 2057 3181">
    <p class='ocr_par' dir='ltr' id='par_1_33' title="bbox 412 3058 2057 3181">
     <span class='ocr_line' id='line_1_33' title="bbox 413 3058 2057 3113; baseline -0.001 -17"><span class='ocrx_word' id='word_1_228' title='bbox 413 3058 515 3098; x_wconf 89' lang='lat' dir='ltr'>seu</span> <span class='ocrx_word' id='word_1_229' title='bbox 544 3058 760 3113; x_wconf 85' lang='lat' dir='ltr'>pouus,</span> <span class='ocrx_word' id='word_1_230' title='bbox 795 3058 921 3093; x_wconf 71' lang='lat' dir='ltr'>erat</span> <span class='ocrx_word' id='word_1_231' title='bbox 950 3058 1085 3093; x_wconf 87' lang='lat' dir='ltr'>cum</span> <span class='ocrx_word' id='word_1_232' title='bbox 1117 3058 1186 3093; x_wconf 76' lang='grc' dir='ltr'>ΘΟ</span> <span class='ocrx_word' id='word_1_233' title='bbox 1236 3058 1748 3108; x_wconf 71' lang='lat' dir='ltr'>consungumuate</span> <span class='ocrx_word' id='word_1_234' title='bbox 1804 3058 1915 3094; x_wconf 77' lang='grc'><strong>0011</strong></span> <span class='ocrx_word' id='word_1_235' title='bbox 1945 3058 2057 3094; x_wconf 87' lang='lat' dir='ltr'>un-</span> 
     </span>
     <span class='ocr_line' id='line_1_34' title="bbox 412 3058 2057 3181; baseline -0.002 -12"><span class='ocrx_word' id='word_1_236' title='bbox 412 3120 562 3168; x_wconf 91' lang='lat' dir='ltr'>ctus.</span> <span class='ocrx_word' id='word_1_237' title='bbox 596 3111 653 3165; x_wconf 92' lang='lat' dir='ltr'>Si</span> <span class='ocrx_word' id='word_1_238' title='bbox 676 3126 809 3164; x_wconf 88' lang='lat' dir='ltr'>vero</span> <span class='ocrx_word' id='word_1_239' title='bbox 840 3108 1108 3181; x_wconf 86' lang='lat' dir='ltr'>ejusdem</span> <span class='ocrx_word' id='word_1_240' title='bbox 1135 3108 1466 3181; x_wconf 87' lang='lat' dir='ltr'>stemmatis</span> <span class='ocrx_word' id='word_1_241' title='bbox 1498 3108 1856 3181; x_wconf 89' lang='lat' dir='ltr'>principium</span> <span class='ocrx_word' id='word_1_242' title='bbox 1878 3058 2057 3166; x_wconf 66' lang='lat' dir='ltr'>altius</span> 
     </span>
    </p>
   </div>
   <div class='ocr_carea' id='block_1_34' title="bbox 411 3167 2058 3255">
    <p class='ocr_par' dir='ltr' id='par_1_34' title="bbox 411 3167 2058 3255">
     <span class='ocr_line' id='line_1_35' title="bbox 411 3167 2058 3255; baseline -0.001 -16"><span class='ocrx_word' id='word_1_243' title='bbox 411 3167 733 3255; x_wconf 83' lang='lat' dir='ltr'>repetatur,</span> <span class='ocrx_word' id='word_1_244' title='bbox 760 3167 1092 3255; x_wconf 70' lang='lat' dir='ltr'>Trebellius</span> <span class='ocrx_word' id='word_1_245' title='bbox 1118 3180 1381 3235; x_wconf 90' lang='lat' dir='ltr'>Pollioin</span> <span class='ocrx_word' id='word_1_246' title='bbox 1399 3167 2058 3255; x_wconf 52' lang='lat' dir='ltr'>Claudiillvitaauctor</span> 
     </span>
    </p>
   </div>
   <div class='ocr_carea' id='block_1_35' title="bbox 2149 611 3807 694">
    <p class='ocr_par' dir='ltr' id='par_1_35' title="bbox 2149 611 3807 694">
     <span class='ocr_line' id='line_1_36' title="bbox 2149 611 3807 694; baseline -0.001 -23"><span class='ocrx_word' id='word_1_247' title='bbox 2149 621 2423 694; x_wconf 78' lang='grc' dir='ltr'>φανοῦμεν</span> <span class='ocrx_word' id='word_1_248' title='bbox 2453 618 2543 689; x_wconf 86' lang='grc' dir='ltr'>(τᾶ</span> <span class='ocrx_word' id='word_1_249' title='bbox 2573 619 2676 692; x_wconf 78' lang='grc' dir='ltr'>γὰρ</span> <span class='ocrx_word' id='word_1_250' title='bbox 2709 616 2815 671; x_wconf 82' lang='grc' dir='ltr'>ἀπὸ</span> <span class='ocrx_word' id='word_1_251' title='bbox 2844 621 2944 685; x_wconf 74' lang='grc' dir='ltr'>τῆς</span> <span class='ocrx_word' id='word_1_252' title='bbox 2974 621 3077 690; x_wconf 83' lang='grc' dir='ltr'>γῆς</span> <span class='ocrx_word' id='word_1_253' title='bbox 3111 611 3439 690; x_wconf 70' lang='grc' dir='ltr'>δωρούμενα</span> <span class='ocrx_word' id='word_1_254' title='bbox 3467 611 3633 676; x_wconf 75' lang='grc' dir='ltr'>τέλος</span> <span class='ocrx_word' id='word_1_255' title='bbox 3689 611 3807 690; x_wconf 84' lang='grc' dir='ltr'>ἔχει</span> 
     </span>
    </p>
   </div>
   <div class='ocr_carea' id='block_1_36' title="bbox 2146 705 3813 782">
    <p class='ocr_par' dir='ltr' id='par_1_36' title="bbox 2146 705 3813 782">
     <span class='ocr_line' id='line_1_37' title="bbox 2146 705 3813 782; baseline -0.002 -22"><span class='ocrx_word' id='word_1_256' title='bbox 2146 707 2247 775; x_wconf 74' lang='grc' dir='ltr'>τὴν</span> <span class='ocrx_word' id='word_1_257' title='bbox 2278 712 2424 782; x_wconf 77' lang='grc' dir='ltr'>γῆν)’</span> <span class='ocrx_word' id='word_1_258' title='bbox 2459 706 2586 763; x_wconf 84' lang='grc' dir='ltr'>ἀλλ’</span> <span class='ocrx_word' id='word_1_259' title='bbox 2619 705 2954 782; x_wconf 72' lang='grc' dir='ltr'>ἐπουρανίων</span> <span class='ocrx_word' id='word_1_260' title='bbox 3009 706 3348 781; x_wconf 75' lang='grc' dir='ltr'>πραγμάτων</span> <span class='ocrx_word' id='word_1_261' title='bbox 3410 705 3598 773; x_wconf 79' lang='grc' dir='ltr'>θεϊκὴν</span> <span class='ocrx_word' id='word_1_262' title='bbox 3661 705 3813 780; x_wconf 76' lang='grc' dir='ltr'>ἐνέρ-</span> 
     </span>
    </p>
   </div>
   <div class='ocr_carea' id='block_1_37' title="bbox 2146 792 3807 871">
    <p class='ocr_par' dir='ltr' id='par_1_37' title="bbox 2146 792 3807 871">
     <span class='ocr_line' id='line_1_38' title="bbox 2146 792 3807 871; baseline -0.001 -22"><span class='ocrx_word' id='word_1_263' title='bbox 2146 815 2315 869; x_wconf 75' lang='grc' dir='ltr'>γιιαν,</span> <span class='ocrx_word' id='word_1_264' title='bbox 2346 796 2398 851; x_wconf 81' lang='grc' dir='ltr'>ἐν</span> <span class='ocrx_word' id='word_1_265' title='bbox 2421 802 2539 859; x_wconf 84' lang='grc' dir='ltr'>τοῖς</span> <span class='ocrx_word' id='word_1_266' title='bbox 2568 804 2669 867; x_wconf 79' lang='grc' dir='ltr'>τῆς</span> <span class='ocrx_word' id='word_1_267' title='bbox 2700 794 2999 871; x_wconf 76' lang='grc' dir='ltr'>θεοφιλοῦς</span> <span class='ocrx_word' id='word_1_268' title='bbox 3040 815 3137 849; x_wconf 90' lang='grc' dir='ltr'>σου</span> <span class='ocrx_word' id='word_1_269' title='bbox 3194 797 3268 868; x_wconf 78' lang='grc'>(4)</span> <span class='ocrx_word' id='word_1_270' title='bbox 3334 792 3616 868; x_wconf 74' lang='grc' dir='ltr'>βασιλείας</span> <span class='ocrx_word' id='word_1_271' title='bbox 3676 815 3807 848; x_wconf 82' lang='grc' dir='ltr'>και-</span> 
     </span>
    </p>
   </div>
   <div class='ocr_carea' id='block_1_38' title="bbox 2151 877 3811 962">
    <p class='ocr_par' dir='ltr' id='par_1_38' title="bbox 2151 877 3811 962">
     <span class='ocr_line' id='line_1_39' title="bbox 2151 877 3811 962; baseline -0.001 -24"><span class='ocrx_word' id='word_1_272' title='bbox 2151 888 2271 959; x_wconf 85' lang='grc' dir='ltr'>ροῖς</span> <span class='ocrx_word' id='word_1_273' title='bbox 2311 884 2363 939; x_wconf 84' lang='grc' dir='ltr'>ἐν</span> <span class='ocrx_word' id='word_1_274' title='bbox 2426 884 2835 962; x_wconf 79' lang='grc' dir='ltr'>Ἱεροσολύμοις</span> <span class='ocrx_word' id='word_1_275' title='bbox 2890 882 3259 953; x_wconf 85' lang='grc' dir='ltr'>τελεσθεῖσαν,</span> <span class='ocrx_word' id='word_1_276' title='bbox 3307 886 3375 956; x_wconf 78' lang='grc' dir='ltr'>τῇ</span> <span class='ocrx_word' id='word_1_277' title='bbox 3435 886 3502 956; x_wconf 78' lang='grc' dir='ltr'>σῇ</span> <span class='ocrx_word' id='word_1_278' title='bbox 3562 877 3811 954; x_wconf 75' lang='grc' dir='ltr'>εὐσεϐείᾳ</span> 
     </span>
    </p>
   </div>
   <div class='ocr_carea' id='block_1_39' title="bbox 2155 970 3810 1052">
    <p class='ocr_par' dir='ltr' id='par_1_39' title="bbox 2155 970 3810 1052">
     <span class='ocr_line' id='line_1_40' title="bbox 2155 970 3810 1052; baseline -0.002 -24"><span class='ocrx_word' id='word_1_279' title='bbox 2155 974 2290 1047; x_wconf 81' lang='grc' dir='ltr'>μετά</span> <span class='ocrx_word' id='word_1_280' title='bbox 2317 973 2559 1040; x_wconf 76' lang='grc' dir='ltr'>σπουδῆς</span> <span class='ocrx_word' id='word_1_281' title='bbox 2587 974 2789 1052; x_wconf 77' lang='grc' dir='ltr'>ἃγομεν</span> <span class='ocrx_word' id='word_1_282' title='bbox 2822 972 2900 1038; x_wconf 82' lang='grc' dir='ltr'>εἷς</span> <span class='ocrx_word' id='word_1_283' title='bbox 2923 978 3143 1049; x_wconf 72' lang='grc' dir='ltr'>γνῶσιψ</span> <span class='ocrx_word' id='word_1_284' title='bbox 3198 972 3306 1048; x_wconf 79' lang='grc' dir='ltr'>οὐχ</span> <span class='ocrx_word' id='word_1_285' title='bbox 3357 970 3450 1027; x_wconf 72' lang='grc' dir='ltr'>ἵνα</span> <span class='ocrx_word' id='word_1_286' title='bbox 3507 976 3598 1026; x_wconf 78' lang='grc' dir='ltr'>νῦν</span> <span class='ocrx_word' id='word_1_287' title='bbox 3654 977 3810 1047; x_wconf 84' lang='grc' dir='ltr'>πρῶ-</span> 
     </span>
    </p>
   </div>
   <div class='ocr_carea' id='block_1_40' title="bbox 2150 1062 3810 1141">
    <p class='ocr_par' dir='ltr' id='par_1_40' title="bbox 2150 1062 3810 1141">
     <span class='ocr_line' id='line_1_41' title="bbox 2150 1062 3810 1141; baseline -0.001 -23"><span class='ocrx_word' id='word_1_288' title='bbox 2150 1084 2247 1118; x_wconf 90' lang='grc' dir='ltr'>τον</span> <span class='ocrx_word' id='word_1_289' title='bbox 2281 1070 2353 1137; x_wconf 85' lang='grc'>(5)</span> <span class='ocrx_word' id='word_1_290' title='bbox 2385 1063 2434 1138; x_wconf 82' lang='grc' dir='ltr'>ἐξ</span> <span class='ocrx_word' id='word_1_291' title='bbox 2467 1065 2683 1141; x_wconf 80' lang='grc' dir='ltr'>ἀγνοίας</span> <span class='ocrx_word' id='word_1_292' title='bbox 2706 1063 2870 1139; x_wconf 79' lang='grc' dir='ltr'>ἔλθῃς</span> <span class='ocrx_word' id='word_1_293' title='bbox 2902 1063 2982 1126; x_wconf 71' lang='grc' dir='ltr'>εἷς</span> <span class='ocrx_word' id='word_1_294' title='bbox 3040 1063 3365 1139; x_wconf 75' lang='grc' dir='ltr'>θεογνωσίαν</span> <span class='ocrx_word' id='word_1_295' title='bbox 3413 1063 3651 1141; x_wconf 61' lang='grc' dir='ltr'>(φθάνεις</span> <span class='ocrx_word' id='word_1_296' title='bbox 3708 1062 3810 1137; x_wconf 77' lang='grc' dir='ltr'>γὰρ</span> 
     </span>
    </p>
   </div>
   <div class='ocr_carea' id='block_1_41' title="bbox 2152 1145 3811 1227">
    <p class='ocr_par' dir='ltr' id='par_1_41' title="bbox 2152 1145 3811 1227">
     <span class='ocr_line' id='line_1_42' title="bbox 2152 1145 3811 1227; baseline -0.001 -21"><span class='ocrx_word' id='word_1_297' title='bbox 2152 1152 2241 1207; x_wconf 82' lang='grc' dir='ltr'>καὶ</span> <span class='ocrx_word' id='word_1_298' title='bbox 2272 1152 2487 1227; x_wconf 50' lang='grc' dir='ltr'>ἐτέρους</span> <span class='ocrx_word' id='word_1_299' title='bbox 2536 1150 2826 1221; x_wconf 79' lang='grc' dir='ltr'>διδάσκων,</span> <span class='ocrx_word' id='word_1_300' title='bbox 2887 1149 2958 1207; x_wconf 84' lang='grc' dir='ltr'>δι’</span> <span class='ocrx_word' id='word_1_301' title='bbox 3014 1152 3090 1206; x_wconf 83' lang='grc' dir='ltr'>ὧν</span> <span class='ocrx_word' id='word_1_302' title='bbox 3148 1145 3434 1223; x_wconf 76' lang='grc' dir='ltr'>εὐσεϐεῖς),</span> <span class='ocrx_word' id='word_1_303' title='bbox 3494 1149 3621 1205; x_wconf 85' lang='grc' dir='ltr'>ἀλλ’</span> <span class='ocrx_word' id='word_1_304' title='bbox 3695 1147 3811 1218; x_wconf 64' lang='grc' dir='ltr'>ἵνα,</span> 
     </span>
    </p>
   </div>
   <div class='ocr_carea' id='block_1_42' title="bbox 2156 1236 3814 1316">
    <p class='ocr_par' dir='ltr' id='par_1_42' title="bbox 2156 1236 3814 1316">
     <span class='ocr_line' id='line_1_43' title="bbox 2156 1236 3814 1316; baseline -0.001 -21"><span class='ocrx_word' id='word_1_305' title='bbox 2156 1240 2289 1316; x_wconf 78' lang='grc' dir='ltr'>ἆπερ</span> <span class='ocrx_word' id='word_1_306' title='bbox 2318 1239 2491 1316; x_wconf 71' lang='grc' dir='ltr'>ᾔδεις,</span> <span class='ocrx_word' id='word_1_307' title='bbox 2518 1246 2685 1297; x_wconf 78' lang='grc' dir='ltr'>ταῦτα</span> <span class='ocrx_word' id='word_1_308' title='bbox 2712 1241 2803 1296; x_wconf 85' lang='grc' dir='ltr'>καὶ</span> <span class='ocrx_word' id='word_1_309' title='bbox 2857 1236 3182 1315; x_wconf 77' lang='grc' dir='ltr'>βεϐαιωθῇς.</span> <span class='ocrx_word' id='word_1_310' title='bbox 3245 1240 3347 1295; x_wconf 84' lang='grc' dir='ltr'>Καὶ</span> <span class='ocrx_word' id='word_1_311' title='bbox 3403 1239 3495 1293; x_wconf 87' lang='grc' dir='ltr'>τὸν</span> <span class='ocrx_word' id='word_1_312' title='bbox 3552 1240 3653 1306; x_wconf 70' lang='grc' dir='ltr'>τῆς</span> <span class='ocrx_word' id='word_1_313' title='bbox 3713 1239 3814 1314; x_wconf 84' lang='grc' dir='ltr'>βα-</span> 
     </span>
    </p>
   </div>
   <div class='ocr_carea' id='block_1_43' title="bbox 2155 1324 3811 1407">
    <p class='ocr_par' dir='ltr' id='par_1_43' title="bbox 2155 1324 3811 1407">
     <span class='ocr_line' id='line_1_44' title="bbox 2155 1324 3811 1407; baseline -0.004 -22"><span class='ocrx_word' id='word_1_314' title='bbox 2155 1328 2363 1392; x_wconf 78' lang='grc' dir='ltr'>σιλείας</span> <span class='ocrx_word' id='word_1_315' title='bbox 2420 1330 2744 1407; x_wconf 80' lang='grc' dir='ltr'>προγονικὸν</span> <span class='ocrx_word' id='word_1_316' title='bbox 2826 1324 3226 1401; x_wconf 63' lang='grc' dir='ltr'>ὑποδεξάμενος</span> <span class='ocrx_word' id='word_1_317' title='bbox 3283 1326 3518 1403; x_wconf 74' lang='grc' dir='ltr'>κλῆρον,</span> <span class='ocrx_word' id='word_1_318' title='bbox 3602 1328 3811 1400; x_wconf 74' lang='grc' dir='ltr'>μείζοσι</span> 
     </span>
    </p>
   </div>
   <div class='ocr_carea' id='block_1_44' title="bbox 2154 1414 3810 1494">
    <p class='ocr_par' dir='ltr' id='par_1_44' title="bbox 2154 1414 3810 1494">
     <span class='ocr_line' id='line_1_45' title="bbox 2154 1414 3810 1494; baseline -0.004 -19"><span class='ocrx_word' id='word_1_319' title='bbox 2154 1414 2333 1475; x_wconf 82' lang='grc' dir='ltr'>θεόθεν</span> <span class='ocrx_word' id='word_1_320' title='bbox 2420 1421 2700 1494; x_wconf 72' lang='grc' dir='ltr'>στεφάνοις</span> <span class='ocrx_word' id='word_1_321' title='bbox 2757 1416 3101 1492; x_wconf 73' lang='grc' dir='ltr'>ἐπουρανίοις</span> <span class='ocrx_word' id='word_1_322' title='bbox 3183 1422 3511 1489; x_wconf 77' lang='grc' dir='ltr'>τετιμῆσθαι</span> <span class='ocrx_word' id='word_1_323' title='bbox 3599 1416 3810 1488; x_wconf 82' lang='grc' dir='ltr'>μαθὼν,</span> 
     </span>
    </p>
   </div>
   <div class='ocr_carea' id='block_1_45' title="bbox 2159 1500 3813 1583">
    <p class='ocr_par' dir='ltr' id='par_1_45' title="bbox 2159 1500 3813 1583">
     <span class='ocr_line' id='line_1_46' title="bbox 2159 1500 3813 1583; baseline -0.004 -19"><span class='ocrx_word' id='word_1_324' title='bbox 2159 1506 2373 1583; x_wconf 77' lang='grc' dir='ltr'>μᾶλλον</span> <span class='ocrx_word' id='word_1_325' title='bbox 2412 1512 2527 1580; x_wconf 83' lang='grc' dir='ltr'>Θεῷ</span> <span class='ocrx_word' id='word_1_326' title='bbox 2587 1508 2680 1581; x_wconf 80' lang='grc' dir='ltr'>μὲν</span> <span class='ocrx_word' id='word_1_327' title='bbox 2738 1504 2818 1580; x_wconf 81' lang='grc' dir='ltr'>τῷ</span> <span class='ocrx_word' id='word_1_328' title='bbox 2877 1500 3223 1578; x_wconf 74' lang='grc' dir='ltr'>Ηαμϐασιλεῖ</span> <span class='ocrx_word' id='word_1_329' title='bbox 3279 1510 3353 1579; x_wconf 75' lang='grc'>(6)</span> <span class='ocrx_word' id='word_1_330' title='bbox 3414 1504 3505 1559; x_wconf 82' lang='grc' dir='ltr'>καὶ</span> <span class='ocrx_word' id='word_1_331' title='bbox 3561 1508 3657 1560; x_wconf 80' lang='grc' dir='ltr'>νῦν</span> <span class='ocrx_word' id='word_1_332' title='bbox 3713 1506 3813 1572; x_wconf 74' lang='grc' dir='ltr'>τὴν</span> 
     </span>
    </p>
   </div>
   <div class='ocr_carea' id='block_1_46' title="bbox 2156 1590 3812 1675">
    <p class='ocr_par' dir='ltr' id='par_1_46' title="bbox 2156 1590 3812 1675">
     <span class='ocr_line' id='line_1_47' title="bbox 2156 1590 3812 1675; baseline -0.004 -22"><span class='ocrx_word' id='word_1_333' title='bbox 2156 1598 2464 1675; x_wconf 68' lang='grc' dir='ltr'>πρέπουσαν</span> <span class='ocrx_word' id='word_1_334' title='bbox 2524 1594 2749 1669; x_wconf 71' lang='grc' dir='ltr'>ἀποδῷς</span> <span class='ocrx_word' id='word_1_335' title='bbox 2810 1593 3206 1671; x_wconf 73' lang='grc' dir='ltr'>εὐχαριστίαν·</span> <span class='ocrx_word' id='word_1_336' title='bbox 3274 1596 3527 1667; x_wconf 80' lang='grc' dir='ltr'>μείζονος</span> <span class='ocrx_word' id='word_1_337' title='bbox 3587 1590 3644 1648; x_wconf 72' lang='grc' dir='ltr'>δὲ</span> <span class='ocrx_word' id='word_1_338' title='bbox 3715 1597 3812 1648; x_wconf 76' lang='grc' dir='ltr'>τοῦ</span> 
     </span>
    </p>
   </div>
   <div class='ocr_carea' id='block_1_47' title="bbox 2156 1677 3815 1761">
    <p class='ocr_par' dir='ltr' id='par_1_47' title="bbox 2156 1677 3815 1761">
     <span class='ocr_line' id='line_1_48' title="bbox 2156 1677 3815 1761; baseline -0.005 -18"><span class='ocrx_word' id='word_1_339' title='bbox 2156 1688 2275 1743; x_wconf 77' lang='grc' dir='ltr'>κατ’</span> <span class='ocrx_word' id='word_1_340' title='bbox 2305 1684 2516 1759; x_wconf 76' lang='grc' dir='ltr'>ἐχθρῶν</span> <span class='ocrx_word' id='word_1_341' title='bbox 2551 1686 2782 1761; x_wconf 71' lang='grc' dir='ltr'>θάρσους</span> <span class='ocrx_word' id='word_1_342' title='bbox 2815 1683 3145 1757; x_wconf 72' lang='grc' dir='ltr'>πληρωθῇς,</span> <span class='ocrx_word' id='word_1_343' title='bbox 3178 1677 3324 1758; x_wconf 82' lang='grc' dir='ltr'>ἔργῳ</span> <span class='ocrx_word' id='word_1_344' title='bbox 3377 1684 3476 1753; x_wconf 71' lang='grc' dir='ltr'>τὴν</span> <span class='ocrx_word' id='word_1_345' title='bbox 3524 1684 3623 1750; x_wconf 79' lang='grc' dir='ltr'>σὴν</span> <span class='ocrx_word' id='word_1_346' title='bbox 3660 1682 3815 1757; x_wconf 81' lang='grc' dir='ltr'>βασι-</span> 
     </span>
    </p>
   </div>
   <div class='ocr_carea' id='block_1_48' title="bbox 2160 1770 3814 1851">
    <p class='ocr_par' dir='ltr' id='par_1_48' title="bbox 2160 1770 3814 1851">
     <span class='ocr_line' id='line_1_49' title="bbox 2160 1770 3814 1851; baseline -0.003 -20"><span class='ocrx_word' id='word_1_347' title='bbox 2160 1777 2309 1832; x_wconf 83' lang='grc' dir='ltr'>λείαν</span> <span class='ocrx_word' id='word_1_348' title='bbox 2339 1775 2645 1850; x_wconf 77' lang='grc' dir='ltr'>ἀγαπᾶσθαι</span> <span class='ocrx_word' id='word_1_349' title='bbox 2677 1773 2815 1851; x_wconf 84' lang='grc' dir='ltr'>πρὸς</span> <span class='ocrx_word' id='word_1_350' title='bbox 2843 1776 2999 1845; x_wconf 70' lang='grc' dir='ltr'>Θεοῦ,</span> <span class='ocrx_word' id='word_1_351' title='bbox 3042 1770 3112 1827; x_wconf 83' lang='grc' dir='ltr'>δι’</span> <span class='ocrx_word' id='word_1_352' title='bbox 3161 1773 3236 1828; x_wconf 84' lang='grc' dir='ltr'>ὧν</span> <span class='ocrx_word' id='word_1_353' title='bbox 3298 1772 3386 1827; x_wconf 82' lang='grc' dir='ltr'>ἐπὶ</span> <span class='ocrx_word' id='word_1_354' title='bbox 3446 1776 3542 1827; x_wconf 76' lang='grc' dir='ltr'>σοῦ</span> <span class='ocrx_word' id='word_1_355' title='bbox 3601 1783 3814 1845; x_wconf 81' lang='grc' dir='ltr'>θαυμα-</span> 
     </span>
    </p>
   </div>
   <div class='ocr_carea' id='block_1_49' title="bbox 2160 1859 2787 1941">
    <p class='ocr_par' dir='ltr' id='par_1_49' title="bbox 2160 1859 2787 1941">
     <span class='ocr_line' id='line_1_50' title="bbox 2160 1859 2787 1941; baseline 0 -21"><span class='ocrx_word' id='word_1_356' title='bbox 2160 1869 2405 1941; x_wconf 84' lang='grc' dir='ltr'>τουργεῖ,</span> <span class='ocrx_word' id='word_1_357' title='bbox 2438 1859 2787 1920; x_wconf 77' lang='grc' dir='ltr'>καταλαϐών.</span> 
     </span>
    </p>
   </div>
   <div class='ocr_carea' id='block_1_50' title="bbox 2235 1949 3810 2032">
    <p class='ocr_par' dir='ltr' id='par_1_50' title="bbox 2235 1949 3810 2032">
     <span class='ocr_line' id='line_1_51' title="bbox 2235 1949 3810 2032; baseline -0.003 -23"><span class='ocrx_word' id='word_1_358' title='bbox 2235 1956 2307 2012; x_wconf 90' lang='grc' dir='ltr'>Γ¹.</span> <span class='ocrx_word' id='word_1_359' title='bbox 2336 1955 2463 2015; x_wconf 81' lang='grc' dir='ltr'>Ἐπὶ</span> <span class='ocrx_word' id='word_1_360' title='bbox 2498 1954 2593 2027; x_wconf 73' lang='grc' dir='ltr'>μὲν</span> <span class='ocrx_word' id='word_1_361' title='bbox 2625 1955 2729 2030; x_wconf 80' lang='grc' dir='ltr'>γὰρ</span> <span class='ocrx_word' id='word_1_362' title='bbox 2759 1958 2855 2009; x_wconf 81' lang='grc' dir='ltr'>τοῦ</span> <span class='ocrx_word' id='word_1_363' title='bbox 2914 1949 3355 2032; x_wconf 76' lang='grc' dir='ltr'>θεοφιλεστάτου,</span> <span class='ocrx_word' id='word_1_364' title='bbox 3413 1950 3503 2007; x_wconf 79' lang='grc' dir='ltr'>καὶ</span> <span class='ocrx_word' id='word_1_365' title='bbox 3566 1958 3667 2021; x_wconf 82' lang='grc' dir='ltr'>τῆς</span> <span class='ocrx_word' id='word_1_366' title='bbox 3711 1971 3810 2026; x_wconf 83' lang='grc' dir='ltr'>μα-</span> 
     </span>
    </p>
   </div>
   <div class='ocr_carea' id='block_1_51' title="bbox 2160 2042 3812 2121">
    <p class='ocr_par' dir='ltr' id='par_1_51' title="bbox 2160 2042 3812 2121">
     <span class='ocr_line' id='line_1_52' title="bbox 2160 2042 3812 2121; baseline -0.002 -21"><span class='ocrx_word' id='word_1_367' title='bbox 2160 2043 2350 2121; x_wconf 83' lang='grc' dir='ltr'>καρίας</span> <span class='ocrx_word' id='word_1_368' title='bbox 2384 2046 2610 2118; x_wconf 79' lang='grc' dir='ltr'>μνήμης</span> <span class='ocrx_word' id='word_1_369' title='bbox 2672 2044 3081 2101; x_wconf 81' lang='grc' dir='ltr'>Κωνσταντίνου</span> <span class='ocrx_word' id='word_1_370' title='bbox 3132 2046 3229 2098; x_wconf 78' lang='grc' dir='ltr'>τοῦ</span> <span class='ocrx_word' id='word_1_371' title='bbox 3321 2047 3418 2097; x_wconf 77' lang='grc' dir='ltr'>σοῦ</span> <span class='ocrx_word' id='word_1_372' title='bbox 3469 2042 3698 2118; x_wconf 79' lang='grc' dir='ltr'>πατρὸς,</span> <span class='ocrx_word' id='word_1_373' title='bbox 3751 2042 3812 2096; x_wconf 82' lang='grc' dir='ltr'>τὸ</span> 
     </span>
    </p>
   </div>
   <div class='ocr_carea' id='block_1_52' title="bbox 2164 2129 3815 2209">
    <p class='ocr_par' dir='ltr' id='par_1_52' title="bbox 2164 2129 3815 2209">
     <span class='ocr_line' id='line_1_53' title="bbox 2164 2129 3815 2209; baseline -0.002 -21"><span class='ocrx_word' id='word_1_374' title='bbox 2164 2134 2434 2207; x_wconf 81' lang='grc' dir='ltr'>σωτήριον</span> <span class='ocrx_word' id='word_1_375' title='bbox 2467 2137 2562 2189; x_wconf 80' lang='grc' dir='ltr'>τοῦ</span> <span class='ocrx_word' id='word_1_376' title='bbox 2593 2137 2826 2209; x_wconf 86' lang='grc' dir='ltr'>σταυροῦ</span> <span class='ocrx_word' id='word_1_377' title='bbox 2856 2133 3016 2204; x_wconf 73' lang='grc' dir='ltr'>ξύλον</span> <span class='ocrx_word' id='word_1_378' title='bbox 3055 2133 3107 2188; x_wconf 81' lang='grc' dir='ltr'>ἐν</span> <span class='ocrx_word' id='word_1_379' title='bbox 3164 2129 3573 2207; x_wconf 75' lang='grc' dir='ltr'>Ἱεροσολύμοις</span> <span class='ocrx_word' id='word_1_380' title='bbox 3632 2130 3815 2206; x_wconf 75' lang='grc' dir='ltr'>ηὕρη-</span> 
     </span>
    </p>
   </div>
   <div class='ocr_carea' id='block_1_53' title="bbox 2161 2219 3812 2301">
    <p class='ocr_par' dir='ltr' id='par_1_53' title="bbox 2161 2219 3812 2301">
     <span class='ocr_line' id='line_1_54' title="bbox 2161 2219 3812 2301; baseline -0.003 -21"><span class='ocrx_word' id='word_1_381' title='bbox 2161 2244 2248 2280; x_wconf 86' lang='grc' dir='ltr'>ται</span> <span class='ocrx_word' id='word_1_382' title='bbox 2283 2227 2379 2299; x_wconf 79' lang='grc'>(7)’</span> <span class='ocrx_word' id='word_1_383' title='bbox 2410 2230 2510 2294; x_wconf 74' lang='grc' dir='ltr'>τῆς</span> <span class='ocrx_word' id='word_1_384' title='bbox 2543 2223 2690 2287; x_wconf 73' lang='grc' dir='ltr'>θείας</span> <span class='ocrx_word' id='word_1_385' title='bbox 2722 2225 2978 2301; x_wconf 83' lang='grc' dir='ltr'>χάριτος,</span> <span class='ocrx_word' id='word_1_386' title='bbox 3027 2227 3106 2295; x_wconf 84' lang='grc' dir='ltr'>τῷ</span> <span class='ocrx_word' id='word_1_387' title='bbox 3157 2219 3346 2284; x_wconf 80' lang='grc' dir='ltr'>καλῶς</span> <span class='ocrx_word' id='word_1_388' title='bbox 3405 2226 3656 2293; x_wconf 78' lang='grc' dir='ltr'>ζητοῦντι</span> <span class='ocrx_word' id='word_1_389' title='bbox 3713 2223 3812 2290; x_wconf 70' lang='grc' dir='ltr'>τὴν</span> 
     </span>
    </p>
   </div>
   <div class='ocr_carea' id='block_1_54' title="bbox 2164 2307 3815 2388">
    <p class='ocr_par' dir='ltr' id='par_1_54' title="bbox 2164 2307 3815 2388">
     <span class='ocr_line' id='line_1_55' title="bbox 2164 2307 3815 2388; baseline -0.002 -21"><span class='ocrx_word' id='word_1_390' title='bbox 2164 2307 2591 2381; x_wconf 79' lang='grc' dir='ltr'>εύσέϐειαν,τῶν</span> <span class='ocrx_word' id='word_1_391' title='bbox 2625 2313 3124 2388; x_wconf 75' lang='grc' dir='ltr'>ἆποκεκρυμμένων</span> <span class='ocrx_word' id='word_1_392' title='bbox 3185 2309 3348 2385; x_wconf 77' lang='grc' dir='ltr'>ἁγίων</span> <span class='ocrx_word' id='word_1_393' title='bbox 3409 2310 3593 2365; x_wconf 85' lang='grc' dir='ltr'>τόπων</span> <span class='ocrx_word' id='word_1_394' title='bbox 3631 2331 3815 2383; x_wconf 86' lang='grc' dir='ltr'>παρα-</span> 
     </span>
    </p>
   </div>
   <div class='ocr_carea' id='block_1_55' title="bbox 2166 2396 3819 2476">
    <p class='ocr_par' dir='ltr' id='par_1_55' title="bbox 2166 2396 3819 2476">
     <span class='ocr_line' id='line_1_56' title="bbox 2166 2396 3819 2476; baseline -0.001 -21"><span class='ocrx_word' id='word_1_395' title='bbox 2166 2400 2410 2476; x_wconf 72' lang='grc' dir='ltr'>σχούσης</span> <span class='ocrx_word' id='word_1_396' title='bbox 2438 2402 2539 2472; x_wconf 74' lang='grc' dir='ltr'>τὴν</span> <span class='ocrx_word' id='word_1_397' title='bbox 2568 2401 2794 2475; x_wconf 76' lang='grc' dir='ltr'>εὕρεσιν.</span> <span class='ocrx_word' id='word_1_398' title='bbox 2837 2401 2960 2458; x_wconf 86' lang='grc' dir='ltr'>Ἐπὶ</span> <span class='ocrx_word' id='word_1_399' title='bbox 3019 2399 3076 2456; x_wconf 74' lang='grc' dir='ltr'>δὲ</span> <span class='ocrx_word' id='word_1_400' title='bbox 3134 2403 3251 2467; x_wconf 77' lang='grc' dir='ltr'>σοῦ,</span> <span class='ocrx_word' id='word_1_401' title='bbox 3310 2396 3566 2470; x_wconf 75' lang='grc' dir='ltr'>δέσποτα,</span> <span class='ocrx_word' id='word_1_402' title='bbox 3620 2420 3819 2455; x_wconf 85' lang='grc' dir='ltr'>πανευ-</span> 
     </span>
    </p>
   </div>
   <div class='ocr_carea' id='block_1_56' title="bbox 2166 2483 3816 2566">
    <p class='ocr_par' dir='ltr' id='par_1_56' title="bbox 2166 2483 3816 2566">
     <span class='ocr_line' id='line_1_57' title="bbox 2166 2483 3816 2566; baseline -0.001 -21"><span class='ocrx_word' id='word_1_403' title='bbox 2166 2485 2447 2546; x_wconf 75' lang='grc' dir='ltr'>σεὸἐστατε</span> <span class='ocrx_word' id='word_1_404' title='bbox 2482 2489 2730 2566; x_wconf 78' lang='grc' dir='ltr'>βασιλεῦ,</span> <span class='ocrx_word' id='word_1_405' title='bbox 2760 2492 3093 2566; x_wconf 74' lang='grc' dir='ltr'>προγονικὴν</span> <span class='ocrx_word' id='word_1_406' title='bbox 3155 2483 3429 2544; x_wconf 67' lang='grc' dir='ltr'>εὐσέϐειαν</span> <span class='ocrx_word' id='word_1_407' title='bbox 3486 2488 3691 2561; x_wconf 77' lang='grc' dir='ltr'>μείζονι</span> <span class='ocrx_word' id='word_1_408' title='bbox 3747 2491 3816 2562; x_wconf 79' lang='grc' dir='ltr'>τῇ</span> 
     </span>
    </p>
   </div>
   <div class='ocr_carea' id='block_1_57' title="bbox 2166 2577 3821 2656">
    <p class='ocr_par' dir='ltr' id='par_1_57' title="bbox 2166 2577 3821 2656">
     <span class='ocr_line' id='line_1_58' title="bbox 2166 2577 3821 2656; baseline -0.005 -20"><span class='ocrx_word' id='word_1_409' title='bbox 2166 2580 2305 2656; x_wconf 80' lang='grc' dir='ltr'>πρὸς</span> <span class='ocrx_word' id='word_1_410' title='bbox 2333 2581 2425 2635; x_wconf 86' lang='grc' dir='ltr'>τὸν</span> <span class='ocrx_word' id='word_1_411' title='bbox 2454 2580 2583 2636; x_wconf 85' lang='grc' dir='ltr'>Θεὸν</span> <span class='ocrx_word' id='word_1_412' title='bbox 2609 2583 2682 2652; x_wconf 91' lang='grc'>(8)</span> <span class='ocrx_word' id='word_1_413' title='bbox 2743 2577 2999 2654; x_wconf 76' lang='grc' dir='ltr'>εὐλαϐείᾳ</span> <span class='ocrx_word' id='word_1_414' title='bbox 3054 2583 3336 2649; x_wconf 81' lang='grc' dir='ltr'>νικῶντος,</span> <span class='ocrx_word' id='word_1_415' title='bbox 3399 2578 3498 2633; x_wconf 78' lang='grc' dir='ltr'>οὐκ</span> <span class='ocrx_word' id='word_1_416' title='bbox 3555 2579 3661 2633; x_wconf 84' lang='grc' dir='ltr'>ἀπὸ</span> <span class='ocrx_word' id='word_1_417' title='bbox 3716 2585 3821 2653; x_wconf 64' lang='grc' dir='ltr'>γῆς</span> 
     </span>
    </p>
   </div>
   <div class='ocr_carea' id='block_1_58' title="bbox 2170 2668 3818 2745">
    <p class='ocr_par' dir='ltr' id='par_1_58' title="bbox 2170 2668 3818 2745">
     <span class='ocr_line' id='line_1_59' title="bbox 2170 2668 3818 2745; baseline -0.002 -20"><span class='ocrx_word' id='word_1_418' title='bbox 2170 2669 2392 2741; x_wconf 82' lang='grc' dir='ltr'>Λοιπὸν,</span> <span class='ocrx_word' id='word_1_419' title='bbox 2425 2670 2553 2725; x_wconf 84' lang='grc' dir='ltr'>ἀλλ’</span> <span class='ocrx_word' id='word_1_420' title='bbox 2576 2670 2625 2742; x_wconf 82' lang='grc' dir='ltr'>ἐξ</span> <span class='ocrx_word' id='word_1_421' title='bbox 2687 2670 2933 2745; x_wconf 80' lang='grc' dir='ltr'>οὐρανῶν</span> <span class='ocrx_word' id='word_1_422' title='bbox 2989 2669 3057 2726; x_wconf 80' lang='grc' dir='ltr'>τὰ</span> <span class='ocrx_word' id='word_1_423' title='bbox 3109 2670 3669 2744; x_wconf 69' lang='grc' dir='ltr'>θαυματουργνξματα·</span> <span class='ocrx_word' id='word_1_424' title='bbox 3729 2668 3818 2723; x_wconf 83' lang='grc' dir='ltr'>καὶ</span> 
     </span>
    </p>
   </div>
   <div class='ocr_carea' id='block_1_59' title="bbox 2172 2812 3817 2896">
    <p class='ocr_par' dir='ltr' id='par_1_59' title="bbox 2172 2812 3817 2896">
     <span class='ocr_line' id='line_1_60' title="bbox 2172 2812 3817 2896; baseline -0.005 -15"><span class='ocrx_word' id='word_1_425' title='bbox 2172 2826 2320 2881; x_wconf 91' lang='lat' dir='ltr'>Loco</span> <span class='ocrx_word' id='word_1_426' title='bbox 2352 2821 2399 2879; x_wconf 82' lang='grc' dir='ltr'>δ’</span> <span class='ocrx_word' id='word_1_427' title='bbox 2430 2824 2502 2877; x_wconf 86' lang='grc' dir='ltr'>ὧν</span> <span class='ocrx_word' id='word_1_428' title='bbox 2538 2817 2793 2888; x_wconf 74' lang='grc' dir='ltr'>εὐσεϐεῖς,</span> <span class='ocrx_word' id='word_1_429' title='bbox 2828 2823 3069 2896; x_wconf 88' lang='lat' dir='ltr'>scripsit</span> <span class='ocrx_word' id='word_1_430' title='bbox 3098 2824 3429 2896; x_wconf 81' lang='lat' dir='ltr'>Gretserus,</span> <span class='ocrx_word' id='word_1_431' title='bbox 3464 2816 3536 2875; x_wconf 83' lang='grc' dir='ltr'>ὤν</span> <span class='ocrx_word' id='word_1_432' title='bbox 3570 2812 3817 2893; x_wconf 69' lang='grc' dir='ltr'>εὐσεϐής,</span> 
     </span>
    </p>
   </div>
   <div class='ocr_carea' id='block_1_60' title="bbox 2169 2895 3815 2984">
    <p class='ocr_par' dir='ltr' id='par_1_60' title="bbox 2169 2895 3815 2984">
     <span class='ocr_line' id='line_1_61' title="bbox 2169 2895 3815 2984; baseline -0.002 -31"><span class='ocrx_word' id='word_1_433' title='bbox 2169 2899 2553 2984; x_wconf 62' lang='lat' dir='ltr'>cumsispius.</span> <span class='ocrx_word' id='word_1_434' title='bbox 2587 2898 2831 2984; x_wconf 65' lang='lat' dir='ltr'>Spetum</span> <span class='ocrx_word' id='word_1_435' title='bbox 2888 2895 2979 2984; x_wconf 62' lang='lat' dir='ltr'>est</span> <span class='ocrx_word' id='word_1_436' title='bbox 3025 2895 3183 2984; x_wconf 64' lang='lat' dir='ltr'>apud</span> <span class='ocrx_word' id='word_1_437' title='bbox 3237 2896 3466 2976; x_wconf 78' lang='lat' dir='ltr'>Graecos</span> <span class='ocrx_word' id='word_1_438' title='bbox 3521 2903 3815 2984; x_wconf 73' lang='lat' dir='ltr'>auctores,</span> 
     </span>
    </p>
   </div>
   <div class='ocr_carea' id='block_1_61' title="bbox 2168 2966 3819 3039">
    <p class='ocr_par' dir='ltr' id='par_1_61' title="bbox 2168 2966 3819 3039">
     <span class='ocr_line' id='line_1_62' title="bbox 2168 2966 3819 3039; baseline 0 -18"><span class='ocrx_word' id='word_1_439' title='bbox 2168 2969 2363 3033; x_wconf 88' lang='lat' dir='ltr'>verba,</span> <span class='ocrx_word' id='word_1_440' title='bbox 2396 2966 2465 3022; x_wconf 81' lang='grc' dir='ltr'>δι’</span> <span class='ocrx_word' id='word_1_441' title='bbox 2498 2968 2596 3031; x_wconf 84' lang='grc' dir='ltr'>ὧν,</span> <span class='ocrx_word' id='word_1_442' title='bbox 2629 2967 2680 3036; x_wconf 77' lang='grc' dir='ltr'>ἐξ</span> <span class='ocrx_word' id='word_1_443' title='bbox 2708 2968 2804 3034; x_wconf 84' lang='grc' dir='ltr'>ὼν,</span> <span class='ocrx_word' id='word_1_444' title='bbox 2837 2968 2957 3020; x_wconf 77' lang='grc' dir='ltr'>καθ’</span> <span class='ocrx_word' id='word_1_445' title='bbox 3016 2966 3114 3035; x_wconf 65' lang='grc' dir='ltr'>ὢν,</span> <span class='ocrx_word' id='word_1_446' title='bbox 3175 2984 3209 3023; x_wconf 92' lang='lat' dir='ltr'>a</span> <span class='ocrx_word' id='word_1_447' title='bbox 3265 2966 3547 3039; x_wconf 87' lang='lat' dir='ltr'>regimine</span> <span class='ocrx_word' id='word_1_448' title='bbox 3574 3038 3583 3039; x_wconf 15' lang='grc' dir='ltr'>ί</span> <span class='ocrx_word' id='word_1_449' title='bbox 3606 2967 3819 3021; x_wconf 85' lang='lat' dir='ltr'>subse-</span> 
     </span>
    </p>
   </div>
   <div class='ocr_carea' id='block_1_62' title="bbox 2168 3038 3817 3113">
    <p class='ocr_par' dir='ltr' id='par_1_62' title="bbox 2168 3038 3817 3113">
     <span class='ocr_line' id='line_1_63' title="bbox 2168 3038 3817 3113; baseline -0.003 -17"><span class='ocrx_word' id='word_1_450' title='bbox 2168 3041 2408 3113; x_wconf 88' lang='lat' dir='ltr'>quentis</span> <span class='ocrx_word' id='word_1_451' title='bbox 2438 3040 2599 3095; x_wconf 91' lang='lat' dir='ltr'>verbi</span> <span class='ocrx_word' id='word_1_452' title='bbox 2627 3040 2812 3095; x_wconf 87' lang='lat' dir='ltr'>libera</span> <span class='ocrx_word' id='word_1_453' title='bbox 2844 3055 3087 3113; x_wconf 74' lang='lat' dir='ltr'>ponere.</span> <span class='ocrx_word' id='word_1_454' title='bbox 3109 3039 3263 3113; x_wconf 82' lang='lat' dir='ltr'>_Vide</span> <span class='ocrx_word' id='word_1_455' title='bbox 3299 3038 3549 3113; x_wconf 67' lang='lat' dir='ltr'>similem</span> <span class='ocrx_word' id='word_1_456' title='bbox 3572 3038 3817 3113; x_wconf 74' lang='lat' dir='ltr'>locutio-</span> 
     </span>
    </p>
   </div>
   <div class='ocr_carea' id='block_1_63' title="bbox 2166 3105 3815 3180">
    <p class='ocr_par' dir='ltr' id='par_1_63' title="bbox 2166 3105 3815 3180">
     <span class='ocr_line' id='line_1_64' title="bbox 2166 3105 3815 3180; baseline -0.002 -13"><span class='ocrx_word' id='word_1_457' title='bbox 2166 3105 2327 3180; x_wconf 67' lang='lat' dir='ltr'>Iiem,</span> <span class='ocrx_word' id='word_1_458' title='bbox 2361 3119 2472 3167; x_wconf 91' lang='lat' dir='ltr'>cat.</span> <span class='ocrx_word' id='word_1_459' title='bbox 2504 3113 2593 3166; x_wconf 82' lang='grc'>23.</span> <span class='ocrx_word' id='word_1_460' title='bbox 2644 3128 2809 3169; x_wconf 91' lang='lat' dir='ltr'>num.</span> <span class='ocrx_word' id='word_1_461' title='bbox 2844 3105 2920 3177; x_wconf 62' lang='grc'>’4,</span> <span class='ocrx_word' id='word_1_462' title='bbox 2979 3106 3046 3163; x_wconf 81' lang='grc' dir='ltr'>δι’</span> <span class='ocrx_word' id='word_1_463' title='bbox 3100 3105 3172 3163; x_wconf 82' lang='grc' dir='ltr'>ὧν</span> <span class='ocrx_word' id='word_1_464' title='bbox 3229 3108 3569 3180; x_wconf 73' lang='grc' dir='ltr'>ὁμολογεῖτε.</span> <span class='ocrx_word' id='word_1_465' title='bbox 3631 3110 3815 3164; x_wconf 88' lang='lat' dir='ltr'>Paulo</span> 
     </span>
    </p>
   </div>
   <div class='ocr_carea' id='block_1_64' title="bbox 2165 3180 3814 3255">
    <p class='ocr_par' dir='ltr' id='par_1_64' title="bbox 2165 3180 3814 3255">
     <span class='ocr_line' id='line_1_65' title="bbox 2165 3180 3814 3255; baseline -0.002 -17"><span class='ocrx_word' id='word_1_466' title='bbox 2165 3183 2455 3255; x_wconf 88' lang='lat' dir='ltr'>post.loco</span> <span class='ocrx_word' id='word_1_467' title='bbox 2478 3182 2612 3255; x_wconf 79' lang='grc' dir='ltr'>ἅπερ</span> <span class='ocrx_word' id='word_1_468' title='bbox 2644 3180 2854 3248; x_wconf 80' lang='grc' dir='ltr'>λαλεῖς,</span> <span class='ocrx_word' id='word_1_469' title='bbox 2887 3196 3016 3255; x_wconf 74' lang='lat' dir='ltr'>quae</span> <span class='ocrx_word' id='word_1_470' title='bbox 3045 3181 3305 3255; x_wconf 65' lang='lat' dir='ltr'>loqueris,</span> <span class='ocrx_word' id='word_1_471' title='bbox 3325 3181 3535 3252; x_wconf 88' lang='lat' dir='ltr'>scripsi</span> <span class='ocrx_word' id='word_1_472' title='bbox 3552 3197 3621 3235; x_wconf 81' lang='lat' dir='ltr'>ex</span> <span class='ocrx_word' id='word_1_473' title='bbox 3642 3182 3814 3255; x_wconf 69' lang='lat' dir='ltr'>codd.</span> 
     </span>
    </p>
   </div>
   <div class='ocr_carea' id='block_1_65' title="bbox 411 3250 3817 3327">
    <p class='ocr_par' dir='ltr' id='par_1_65' title="bbox 411 3250 3817 3327">
     <span class='ocr_line' id='line_1_66' title="bbox 411 3250 3817 3327; baseline -0.001 -17"><span class='ocrx_word' id='word_1_474' title='bbox 411 3250 503 3311; x_wconf 79' lang='lat' dir='ltr'>est</span> <span class='ocrx_word' id='word_1_475' title='bbox 530 3270 663 3327; x_wconf 89' lang='lat' dir='ltr'>eum</span> <span class='ocrx_word' id='word_1_476' title='bbox 692 3270 725 3308; x_wconf 91' lang='lat' dir='ltr'>a</span> <span class='ocrx_word' id='word_1_477' title='bbox 756 3252 1114 3327; x_wconf 83' lang='lat' dir='ltr'>Vespasiano</span> <span class='ocrx_word' id='word_1_478' title='bbox 1149 3255 1410 3327; x_wconf 81' lang='lat' dir='ltr'>Augusto</span> <span class='ocrx_word' id='word_1_479' title='bbox 1433 3251 1721 3327; x_wconf 81' lang='lat' dir='ltr'>originem</span> <span class='ocrx_word' id='word_1_480' title='bbox 1745 3251 2056 3320; x_wconf 89' lang='lat' dir='ltr'>duxisse,a</span> <span class='ocrx_word' id='word_1_481' title='bbox 2086 3259 2129 3325; x_wconf 64' lang='grc' dir='ltr'>(ζ</span> <span class='ocrx_word' id='word_1_482' title='bbox 2163 3250 2307 3322; x_wconf 77' lang='lat' dir='ltr'>Roe,</span> <span class='ocrx_word' id='word_1_483' title='bbox 2338 3250 2593 3327; x_wconf 56' lang='lat' dir='ltr'>Gasanb.</span> <span class='ocrx_word' id='word_1_484' title='bbox 2614 3260 2673 3310; x_wconf 90' lang='lat' dir='ltr'>et</span> <span class='ocrx_word' id='word_1_485' title='bbox 2702 3250 2915 3327; x_wconf 63' lang='lat' dir='ltr'>Grets.,</span> <span class='ocrx_word' id='word_1_486' title='bbox 2948 3254 3081 3327; x_wconf 72' lang='grc' dir='ltr'>ἅπερ</span> <span class='ocrx_word' id='word_1_487' title='bbox 3112 3250 3288 3327; x_wconf 66' lang='grc' dir='ltr'>ᾕδεις.</span> <span class='ocrx_word' id='word_1_488' title='bbox 3319 3250 3711 3327; x_wconf 47' lang='lat' dir='ltr'>qum—novisti.</span> <span class='ocrx_word' id='word_1_489' title='bbox 3736 3253 3817 3307; x_wconf 88' lang='lat' dir='ltr'>uti</span> 
     </span>
    </p>
   </div>
   <div class='ocr_carea' id='block_1_66' title="bbox 411 3322 2053 3398">
    <p class='ocr_par' dir='ltr' id='par_1_66' title="bbox 411 3322 2053 3398">
     <span class='ocr_line' id='line_1_67' title="bbox 411 3322 2053 3398; baseline 0 -17"><span class='ocrx_word' id='word_1_490' title='bbox 411 3343 526 3398; x_wconf 91' lang='lat' dir='ltr'>quo</span> <span class='ocrx_word' id='word_1_491' title='bbox 559 3326 777 3398; x_wconf 65' lang='lat' dir='ltr'>Flaviae</span> <span class='ocrx_word' id='word_1_492' title='bbox 794 3322 995 3398; x_wconf 76' lang='lat' dir='ltr'>gentis</span> <span class='ocrx_word' id='word_1_493' title='bbox 1016 3322 1325 3377; x_wconf 55' lang='lat' dir='ltr'>nomen&#39;et</span> <span class='ocrx_word' id='word_1_494' title='bbox 1344 3322 1602 3395; x_wconf 80' lang='lat' dir='ltr'>insignia</span> <span class='ocrx_word' id='word_1_495' title='bbox 1628 3332 1949 3381; x_wconf 86' lang='lat' dir='ltr'>consecuta</span> <span class='ocrx_word' id='word_1_496' title='bbox 1966 3331 2053 3381; x_wconf 89' lang='lat' dir='ltr'>est</span> 
     </span>
    </p>
   </div>
   <div class='ocr_carea' id='block_1_67' title="bbox 408 3394 1057 3454">
    <p class='ocr_par' dir='ltr' id='par_1_67' title="bbox 408 3394 1057 3454">
     <span class='ocr_line' id='line_1_68' title="bbox 408 3394 1057 3454; baseline -0.008 0"><span class='ocrx_word' id='word_1_497' title='bbox 408 3394 781 3454; x_wconf 82' lang='lat' dir='ltr'>Constantini</span> <span class='ocrx_word' id='word_1_498' title='bbox 810 3394 1057 3449; x_wconf 80' lang='lat' dir='ltr'>familia.</span> 
     </span>
    </p>
   </div>
   <div class='ocr_carea' id='block_1_68' title="bbox 483 3465 2053 3540">
    <p class='ocr_par' dir='ltr' id='par_1_68' title="bbox 483 3465 2053 3540">
     <span class='ocr_line' id='line_1_69' title="bbox 483 3465 2053 3540; baseline 0.001 -18"><span class='ocrx_word' id='word_1_499' title='bbox 483 3472 556 3540; x_wconf 83' lang='lat'>(2)</span> <span class='ocrx_word' id='word_1_500' title='bbox 588 3467 704 3521; x_wconf 90' lang='lat' dir='ltr'>Sub</span> <span class='ocrx_word' id='word_1_501' title='bbox 734 3465 1139 3521; x_wconf 90' lang='lat' dir='ltr'>monumentis</span> <span class='ocrx_word' id='word_1_502' title='bbox 1161 3465 1485 3538; x_wconf 88' lang='lat' dir='ltr'>impietatis</span> <span class='ocrx_word' id='word_1_503' title='bbox 1517 3481 1805 3539; x_wconf 90' lang='lat' dir='ltr'>supereos</span> <span class='ocrx_word' id='word_1_504' title='bbox 1820 3468 2053 3526; x_wconf 85' lang='lat' dir='ltr'>erectis.</span> 
     </span>
    </p>
   </div>
   <div class='ocr_carea' id='block_1_69' title="bbox 482 3562 2058 3641">
    <p class='ocr_par' dir='ltr' id='par_1_69' title="bbox 482 3562 2058 3641">
     <span class='ocr_line' id='line_1_70' title="bbox 482 3562 2058 3641; baseline 0.003 -23"><span class='ocrx_word' id='word_1_505' title='bbox 482 3568 553 3639; x_wconf 83' lang='lat'>(3)</span> <span class='ocrx_word' id='word_1_506' title='bbox 641 3562 1109 3641; x_wconf 74' lang='grc' dir='ltr'>Πεποικιλμὲνους</span> <span class='ocrx_word' id='word_1_507' title='bbox 1193 3564 1725 3641; x_wconf 25' lang='grc' dir='ltr'>’προσ-ιομμίζοντες.</span> <span class='ocrx_word' id='word_1_508' title='bbox 1791 3567 2058 3641; x_wconf 72' lang='lat' dir='ltr'>Omissis</span> 
     </span>
    </p>
   </div>
   <div class='ocr_carea' id='block_1_70' title="bbox 413 3635 2055 3712">
    <p class='ocr_par' dir='ltr' id='par_1_70' title="bbox 413 3635 2055 3712">
     <span class='ocr_line' id='line_1_71' title="bbox 413 3635 2055 3712; baseline -0.001 -17"><span class='ocrx_word' id='word_1_509' title='bbox 413 3635 508 3696; x_wconf 85' lang='lat' dir='ltr'>his</span> <span class='ocrx_word' id='word_1_510' title='bbox 538 3635 729 3694; x_wconf 81' lang='lat' dir='ltr'>verbis</span> <span class='ocrx_word' id='word_1_511' title='bbox 762 3635 1068 3694; x_wconf 87' lang='lat' dir='ltr'>Gretserus</span> <span class='ocrx_word' id='word_1_512' title='bbox 1092 3635 1262 3710; x_wconf 58' lang='lat' dir='ltr'>legit;</span> <span class='ocrx_word' id='word_1_513' title='bbox 1288 3635 1603 3712; x_wconf 65' lang='grc' dir='ltr'>ἐπιθέμενοι</span> <span class='ocrx_word' id='word_1_514' title='bbox 1621 3638 2055 3712; x_wconf 77' lang='grc' dir='ltr'>προπίπτοντες,</span> 
     </span>
    </p>
   </div>
   <div class='ocr_carea' id='block_1_71' title="bbox 407 3710 2056 3784">
    <p class='ocr_par' dir='ltr' id='par_1_71' title="bbox 407 3710 2056 3784">
     <span class='ocr_line' id='line_1_72' title="bbox 407 3710 2056 3784; baseline -0.001 -17"><span class='ocrx_word' id='word_1_515' title='bbox 407 3712 822 3784; x_wconf 79' lang='lat' dir='ltr'>procumbentes</span> <span class='ocrx_word' id='word_1_516' title='bbox 846 3713 1135 3784; x_wconf 75' lang='lat' dir='ltr'>imponunt</span> <span class='ocrx_word' id='word_1_517' title='bbox 1171 3712 1308 3784; x_wconf 79' lang='lat' dir='ltr'>Erat</span> <span class='ocrx_word' id='word_1_518' title='bbox 1323 3726 1525 3784; x_wconf 80' lang='lat' dir='ltr'>revera</span> <span class='ocrx_word' id='word_1_519' title='bbox 1555 3710 1876 3781; x_wconf 88' lang='lat' dir='ltr'>aliquando</span> <span class='ocrx_word' id='word_1_520' title='bbox 1892 3728 2056 3784; x_wconf 82' lang='lat' dir='ltr'>usus,</span> 
     </span>
    </p>
   </div>
   <div class='ocr_carea' id='block_1_72' title="bbox 415 3781 2058 3855">
    <p class='ocr_par' dir='ltr' id='par_1_72' title="bbox 415 3781 2058 3855">
     <span class='ocr_line' id='line_1_73' title="bbox 415 3781 2058 3855; baseline -0.001 -16"><span class='ocrx_word' id='word_1_521' title='bbox 415 3781 481 3839; x_wconf 82' lang='lat' dir='ltr'>ut</span> <span class='ocrx_word' id='word_1_522' title='bbox 510 3783 609 3855; x_wconf 86' lang='lat' dir='ltr'>qui</span> <span class='ocrx_word' id='word_1_523' title='bbox 643 3799 892 3838; x_wconf 85' lang='lat' dir='ltr'>coronas</span> <span class='ocrx_word' id='word_1_524' title='bbox 930 3781 1388 3855; x_wconf 87' lang='lat' dir='ltr'>imperatoribus</span> <span class='ocrx_word' id='word_1_525' title='bbox 1418 3781 1600 3855; x_wconf 71' lang='lat' dir='ltr'>_dono</span> <span class='ocrx_word' id='word_1_526' title='bbox 1652 3784 1957 3855; x_wconf 55' lang='lat' dir='ltr'>afferrent.</span> <span class='ocrx_word' id='word_1_527' title='bbox 2016 3783 2058 3837; x_wconf 91' lang='lat' dir='ltr'>ii</span> 
     </span>
    </p>
   </div>
   <div class='ocr_carea' id='block_1_73' title="bbox 416 3852 2055 3927">
    <p class='ocr_par' dir='ltr' id='par_1_73' title="bbox 416 3852 2055 3927">
     <span class='ocr_line' id='line_1_74' title="bbox 416 3852 2055 3927; baseline -0.001 -16"><span class='ocrx_word' id='word_1_528' title='bbox 416 3852 708 3927; x_wconf 81' lang='lat' dir='ltr'>capitibus</span> <span class='ocrx_word' id='word_1_529' title='bbox 742 3870 947 3909; x_wconf 90' lang='lat' dir='ltr'>eorum</span> <span class='ocrx_word' id='word_1_530' title='bbox 979 3853 1375 3927; x_wconf 81' lang='lat' dir='ltr'>imponerent.</span> <span class='ocrx_word' id='word_1_531' title='bbox 1408 3852 1804 3927; x_wconf 79' lang='lat' dir='ltr'>Sic_Synesius</span> <span class='ocrx_word' id='word_1_532' title='bbox 1823 3856 1885 3910; x_wconf 88' lang='lat' dir='ltr'>in</span> <span class='ocrx_word' id='word_1_533' title='bbox 1907 3860 2055 3910; x_wconf 85' lang='lat' dir='ltr'>orat.</span> 
     </span>
    </p>
   </div>
   <div class='ocr_carea' id='block_1_74' title="bbox 418 3922 2059 3997">
    <p class='ocr_par' dir='ltr' id='par_1_74' title="bbox 418 3922 2059 3997">
     <span class='ocr_line' id='line_1_75' title="bbox 418 3922 2059 3997; baseline -0.002 -15"><span class='ocrx_word' id='word_1_534' title='bbox 418 3922 719 3994; x_wconf 44' lang='lat' dir='ltr'>Dea-Regna,</span> <span class='ocrx_word' id='word_1_535' title='bbox 748 3942 876 3997; x_wconf 85' lang='lat' dir='ltr'>pag.</span> <span class='ocrx_word' id='word_1_536' title='bbox 908 3927 962 3997; x_wconf 86' lang='lat'>2,</span> <span class='ocrx_word' id='word_1_537' title='bbox 994 3922 1414 3979; x_wconf 26' lang='lat' dir='ltr'>ad‘Arcadium</span> <span class='ocrx_word' id='word_1_538' title='bbox 1448 3940 1461 3978; x_wconf 92' lang='lat'><strong>:</strong></span> <span class='ocrx_word' id='word_1_539' title='bbox 1503 3922 1649 3997; x_wconf 64' lang='grc' dir='ltr'>ΔἘμιὲ</span> <span class='ocrx_word' id='word_1_540' title='bbox 1709 3944 1797 3997; x_wconf 77' lang='grc' dir='ltr'>σοι</span> <span class='ocrx_word' id='word_1_541' title='bbox 1854 3944 2059 3996; x_wconf 86' lang='grc' dir='ltr'>πεμπει</span> 
     </span>
    </p>
   </div>
   <div class='ocr_carea' id='block_1_75' title="bbox 419 3993 2062 4072">
    <p class='ocr_par' dir='ltr' id='par_1_75' title="bbox 419 3993 2062 4072">
     <span class='ocr_line' id='line_1_76' title="bbox 419 3993 2062 4072; baseline -0.001 -19"><span class='ocrx_word' id='word_1_542' title='bbox 419 3999 641 4069; x_wconf 54' lang='grc' dir='ltr'>Κυρήνη</span> <span class='ocrx_word' id='word_1_543' title='bbox 680 4069 694 4072; x_wconf 83' lang='lat'>_</span> <span class='ocrx_word' id='word_1_544' title='bbox 731 3993 1135 4072; x_wconf 56' lang='grc' dir='ltr'>στεςξοανώσοντα</span> <span class='ocrx_word' id='word_1_545' title='bbox 1211 3998 1401 4067; x_wconf 86' lang='grc' dir='ltr'>χρυσῷ</span> <span class='ocrx_word' id='word_1_546' title='bbox 1457 3993 1595 4061; x_wconf 43' lang='grc' dir='ltr'>τὴν⁷</span> <span class='ocrx_word' id='word_1_547' title='bbox 1639 3993 1939 4070; x_wconf 36' lang='grc' dir='ltr'>κεφαλήν-</span> <span class='ocrx_word' id='word_1_548' title='bbox 1977 3999 2062 4052; x_wconf 82' lang='lat' dir='ltr'>Me</span> 
     </span>
    </p>
   </div>
   <div class='ocr_carea' id='block_1_76' title="bbox 417 4069 2059 4137">
    <p class='ocr_par' dir='ltr' id='par_1_76' title="bbox 417 4069 2059 4137">
     <span class='ocr_line' id='line_1_77' title="bbox 417 4069 2059 4137; baseline -0.002 -11"><span class='ocrx_word' id='word_1_549' title='bbox 417 4073 593 4126; x_wconf 78' lang='lat' dir='ltr'>mittit</span> <span class='ocrx_word' id='word_1_550' title='bbox 621 4069 695 4123; x_wconf 84' lang='lat' dir='ltr'>ad</span> <span class='ocrx_word' id='word_1_551' title='bbox 720 4075 770 4122; x_wconf 83' lang='lat' dir='ltr'>te</span> <span class='ocrx_word' id='word_1_552' title='bbox 802 4069 1027 4137; x_wconf 79' lang='lat' dir='ltr'>Cyrene,</span> <span class='ocrx_word' id='word_1_553' title='bbox 1051 4072 1219 4136; x_wconf 86' lang='lat' dir='ltr'>caput</span> <span class='ocrx_word' id='word_1_554' title='bbox 1261 4072 1414 4137; x_wconf 76' lang='lat' dir='ltr'>tuum</span> <span class='ocrx_word' id='word_1_555' title='bbox 1463 4082 1601 4121; x_wconf 81' lang='lat' dir='ltr'>auro</span> <span class='ocrx_word' id='word_1_556' title='bbox 1645 4069 2059 4123; x_wconf 75' lang='lat' dir='ltr'>coronaturum.</span> 
     </span>
    </p>
   </div>
   <div class='ocr_carea' id='block_1_77' title="bbox 420 4136 2064 4197">
    <p class='ocr_par' dir='ltr' id='par_1_77' title="bbox 420 4136 2064 4197">
     <span class='ocr_line' id='line_1_78' title="bbox 420 4136 2064 4197; baseline -0.002 0"><span class='ocrx_word' id='word_1_557' title='bbox 420 4142 679 4197; x_wconf 89' lang='lat' dir='ltr'>Geuibus</span> <span class='ocrx_word' id='word_1_558' title='bbox 708 4136 857 4194; x_wconf 89' lang='lat' dir='ltr'>vero</span> <span class='ocrx_word' id='word_1_559' title='bbox 877 4139 1044 4192; x_wconf 81' lang='lat' dir='ltr'>[lexis</span> <span class='ocrx_word' id='word_1_560' title='bbox 1075 4136 1496 4192; x_wconf 76' lang='lat' dir='ltr'>otierebantur.</span> <span class='ocrx_word' id='word_1_561' title='bbox 1531 4139 1883 4195; x_wconf 87' lang='lat' dir='ltr'>Ammianus</span> <span class='ocrx_word' id='word_1_562' title='bbox 1913 4141 2064 4195; x_wconf 78' lang='lat' dir='ltr'>Mar-</span> 
     </span>
    </p>
   </div>
   <div class='ocr_carea' id='block_1_78' title="bbox 418 4208 2063 4279">
    <p class='ocr_par' dir='ltr' id='par_1_78' title="bbox 418 4208 2063 4279">
     <span class='ocr_line' id='line_1_79' title="bbox 418 4208 2063 4279; baseline -0.001 -11"><span class='ocrx_word' id='word_1_563' title='bbox 418 4214 644 4274; x_wconf 88' lang='lat' dir='ltr'>cellin.,</span> <span class='ocrx_word' id='word_1_564' title='bbox 678 4211 780 4265; x_wconf 83' lang='lat' dir='ltr'>lib.</span> <span class='ocrx_word' id='word_1_565' title='bbox 817 4227 949 4265; x_wconf 83' lang='lat' dir='ltr'>xxm</span> <span class='ocrx_word' id='word_1_566' title='bbox 977 4208 1052 4263; x_wconf 89' lang='lat' dir='ltr'>de</span> <span class='ocrx_word' id='word_1_567' title='bbox 1079 4209 1583 4279; x_wconf 83' lang='lat' dir='ltr'>Julianoimperat</span> <span class='ocrx_word' id='word_1_568' title='bbox 1612 4252 1625 4274; x_wconf 92' lang='lat'>,</span> <span class='ocrx_word' id='word_1_569' title='bbox 1651 4227 1794 4265; x_wconf 91' lang='lat' dir='ltr'>num</span> <span class='ocrx_word' id='word_1_570' title='bbox 1847 4214 1902 4270; x_wconf 85' lang='lat'>3,</span> <span class='ocrx_word' id='word_1_571' title='bbox 1941 4235 1961 4259; x_wconf 73' lang='grc' dir='ltr'>ι</span> <span class='ocrx_word' id='word_1_572' title='bbox 1996 4212 2063 4266; x_wconf 89' lang='lat' dir='ltr'>ln</span> 
     </span>
    </p>
   </div>
   <div class='ocr_carea' id='block_1_79' title="bbox 420 4277 2063 4352">
    <p class='ocr_par' dir='ltr' id='par_1_79' title="bbox 420 4277 2063 4352">
     <span class='ocr_line' id='line_1_80' title="bbox 420 4277 2063 4352; baseline 0.002 -17"><span class='ocrx_word' id='word_1_573' title='bbox 420 4307 447 4335; x_wconf 84' lang='grc' dir='ltr'>ιι</span> <span class='ocrx_word' id='word_1_574' title='bbox 468 4285 721 4340; x_wconf 88' lang='lat' dir='ltr'>statione</span> <span class='ocrx_word' id='word_1_575' title='bbox 750 4280 1072 4352; x_wconf 64' lang='lat' dir='ltr'>inquitsub</span> <span class='ocrx_word' id='word_1_576' title='bbox 1096 4277 1350 4352; x_wconf 86' lang='lat' dir='ltr'>pellibus</span> <span class='ocrx_word' id='word_1_577' title='bbox 1375 4277 1718 4352; x_wconf 74' lang='lat' dir='ltr'>niansit,ubi</span> <span class='ocrx_word' id='word_1_578' title='bbox 1751 4283 2063 4339; x_wconf 85' lang='lat' dir='ltr'>Saracena-</span> 
     </span>
    </p>
   </div>
   <div class='ocr_carea' id='block_1_80' title="bbox 423 4350 2064 4426">
    <p class='ocr_par' dir='ltr' id='par_1_80' title="bbox 423 4350 2064 4426">
     <span class='ocr_line' id='line_1_81' title="bbox 423 4350 2064 4426; baseline 0.002 -20"><span class='ocrx_word' id='word_1_579' title='bbox 423 4379 443 4406; x_wconf 77' lang='grc' dir='ltr'>ι</span> <span class='ocrx_word' id='word_1_580' title='bbox 462 4373 594 4411; x_wconf 89' lang='lat' dir='ltr'>rum</span> <span class='ocrx_word' id='word_1_581' title='bbox 616 4354 798 4426; x_wconf 82' lang='lat' dir='ltr'>reguli</span> <span class='ocrx_word' id='word_1_582' title='bbox 818 4350 1360 4426; x_wconf 54' lang='lat' dir='ltr'>gentiumgenibus</span> <span class='ocrx_word' id='word_1_583' title='bbox 1374 4351 1673 4422; x_wconf 88' lang='lat' dir='ltr'>supplices</span> <span class='ocrx_word' id='word_1_584' title='bbox 1688 4353 1831 4426; x_wconf 56' lang='lat' dir='ltr'>nisi,</span> <span class='ocrx_word' id='word_1_585' title='bbox 1865 4354 2064 4426; x_wconf 89' lang='lat' dir='ltr'>oblata</span> 
     </span>
    </p>
   </div>
   <div class='ocr_carea' id='block_1_81' title="bbox 421 4422 2064 4493">
    <p class='ocr_par' dir='ltr' id='par_1_81' title="bbox 421 4422 2064 4493">
     <span class='ocr_line' id='line_1_82' title="bbox 421 4422 2064 4493; baseline 0.001 -11"><span class='ocrx_word' id='word_1_586' title='bbox 421 4428 590 4483; x_wconf 88' lang='lat' dir='ltr'>«auri</span> <span class='ocrx_word' id='word_1_587' title='bbox 605 4422 1138 4493; x_wconf 71' lang='lat' dir='ltr'>corona,tauquam</span> <span class='ocrx_word' id='word_1_588' title='bbox 1156 4422 1466 4477; x_wconf 90' lang='lat' dir='ltr'>nationum</span> <span class='ocrx_word' id='word_1_589' title='bbox 1488 4440 1730 4479; x_wconf 89' lang='lat' dir='ltr'>suarum</span> <span class='ocrx_word' id='word_1_590' title='bbox 1749 4424 2064 4484; x_wconf 82' lang='lat' dir='ltr'>dominum</span> 
     </span>
    </p>
   </div>
   <div class='ocr_carea' id='block_1_82' title="bbox 423 4493 2062 4566">
    <p class='ocr_par' dir='ltr' id='par_1_82' title="bbox 423 4493 2062 4566">
     <span class='ocr_line' id='line_1_83' title="bbox 423 4493 2062 4566; baseline -0.001 -12"><span class='ocrx_word' id='word_1_591' title='bbox 423 4496 1036 4566; x_wconf 82' lang='lat' dir='ltr'>«adorarunt.»Hujus</span> <span class='ocrx_word' id='word_1_592' title='bbox 1058 4493 1507 4549; x_wconf 87' lang='lat' dir='ltr'>consuetudinis</span> <span class='ocrx_word' id='word_1_593' title='bbox 1529 4494 1602 4549; x_wconf 92' lang='lat' dir='ltr'>ad</span> <span class='ocrx_word' id='word_1_594' title='bbox 1626 4495 2062 4566; x_wconf 90' lang='lat' dir='ltr'>deprecandam</span> 
     </span>
    </p>
   </div>
   <div class='ocr_carea' id='block_1_83' title="bbox 418 4566 2062 4642">
    <p class='ocr_par' dir='ltr' id='par_1_83' title="bbox 418 4566 2062 4642">
     <span class='ocr_line' id='line_1_84' title="bbox 418 4566 2062 4642; baseline -0.001 -17"><span class='ocrx_word' id='word_1_595' title='bbox 418 4569 872 4642; x_wconf 87' lang='lat' dir='ltr'>principisiram</span> <span class='ocrx_word' id='word_1_596' title='bbox 892 4572 1189 4642; x_wconf 68' lang='lat' dir='ltr'>usurpatas</span> <span class='ocrx_word' id='word_1_597' title='bbox 1231 4566 1598 4642; x_wconf 70' lang='lat' dir='ltr'>mentionem</span> <span class='ocrx_word' id='word_1_598' title='bbox 1626 4567 1767 4642; x_wconf 74' lang='lat' dir='ltr'>facit</span> <span class='ocrx_word' id='word_1_599' title='bbox 1808 4568 2062 4639; x_wconf 88' lang='lat' dir='ltr'>Cyrillus</span> 
     </span>
    </p>
   </div>
   <div class='ocr_carea' id='block_1_84' title="bbox 420 4636 2062 4709">
    <p class='ocr_par' dir='ltr' id='par_1_84' title="bbox 420 4636 2062 4709">
     <span class='ocr_line' id='line_1_85' title="bbox 420 4636 2062 4709; baseline -0.002 -12"><span class='ocrx_word' id='word_1_600' title='bbox 420 4636 531 4697; x_wconf 75' lang='lat' dir='ltr'>cat.</span> <span class='ocrx_word' id='word_1_601' title='bbox 563 4636 650 4707; x_wconf 69' lang='lat'>23,</span> <span class='ocrx_word' id='word_1_602' title='bbox 680 4656 841 4695; x_wconf 89' lang='lat' dir='ltr'>num.</span> <span class='ocrx_word' id='word_1_603' title='bbox 875 4638 1173 4694; x_wconf 71' lang='lat' dir='ltr'>10.Plenze</span> <span class='ocrx_word' id='word_1_604' title='bbox 1196 4636 1491 4709; x_wconf 90' lang='lat' dir='ltr'>similibus</span> <span class='ocrx_word' id='word_1_605' title='bbox 1513 4638 1799 4709; x_wconf 81' lang='lat' dir='ltr'>exemplis</span> <span class='ocrx_word' id='word_1_606' title='bbox 1816 4636 2062 4707; x_wconf 72' lang='lat' dir='ltr'>veteres,</span> 
     </span>
    </p>
   </div>
   <div class='ocr_carea' id='block_1_85' title="bbox 419 4708 2059 4784">
    <p class='ocr_par' dir='ltr' id='par_1_85' title="bbox 419 4708 2059 4784">
     <span class='ocr_line' id='line_1_86' title="bbox 419 4708 2059 4784; baseline -0.002 -15"><span class='ocrx_word' id='word_1_607' title='bbox 419 4722 479 4769; x_wconf 91' lang='lat' dir='ltr'>et</span> <span class='ocrx_word' id='word_1_608' title='bbox 510 4715 571 4768; x_wconf 88' lang='lat' dir='ltr'>in</span> <span class='ocrx_word' id='word_1_609' title='bbox 603 4711 811 4784; x_wconf 90' lang='lat' dir='ltr'>primis</span> <span class='ocrx_word' id='word_1_610' title='bbox 842 4712 1243 4765; x_wconf 84' lang='lat' dir='ltr'>Romanorum</span> <span class='ocrx_word' id='word_1_611' title='bbox 1289 4708 1716 4778; x_wconf 87' lang='lat' dir='ltr'>imperatorum</span> <span class='ocrx_word' id='word_1_612' title='bbox 1775 4710 2059 4765; x_wconf 67' lang='lat' dir='ltr'>historias.</span> 
     </span>
    </p>
   </div>
   <div class='ocr_carea' id='block_1_86' title="bbox 490 4794 2060 4872">
    <p class='ocr_par' dir='ltr' id='par_1_86' title="bbox 490 4794 2060 4872">
     <span class='ocr_line' id='line_1_87' title="bbox 490 4794 2060 4872; baseline -0.003 -15"><span class='ocrx_word' id='word_1_613' title='bbox 490 4804 566 4872; x_wconf 76' lang='grc'>(4)</span> <span class='ocrx_word' id='word_1_614' title='bbox 596 4805 724 4854; x_wconf 85' lang='grc' dir='ltr'>Σου.</span> <span class='ocrx_word' id='word_1_615' title='bbox 754 4798 818 4872; x_wconf 88' lang='lat' dir='ltr'>ld</span> <span class='ocrx_word' id='word_1_616' title='bbox 848 4813 1175 4870; x_wconf 90' lang='lat' dir='ltr'>pronomen</span> <span class='ocrx_word' id='word_1_617' title='bbox 1205 4794 1395 4872; x_wconf 69' lang='lat' dir='ltr'>adjeci</span> <span class='ocrx_word' id='word_1_618' title='bbox 1416 4812 1496 4872; x_wconf 71' lang='lat' dir='ltr'>ex</span> <span class='ocrx_word' id='word_1_619' title='bbox 1544 4796 1718 4872; x_wconf 83' lang='lat' dir='ltr'>codd.</span> <span class='ocrx_word' id='word_1_620' title='bbox 1780 4797 1974 4853; x_wconf 85' lang='lat' dir='ltr'>Ottob.</span> <span class='ocrx_word' id='word_1_621' title='bbox 2003 4801 2060 4872; x_wconf 75' lang='lat'>2,</span> 
     </span>
    </p>
   </div>
   <div class='ocr_carea' id='block_1_87' title="bbox 418 4866 2062 4940">
    <p class='ocr_par' dir='ltr' id='par_1_87' title="bbox 418 4866 2062 4940">
     <span class='ocr_line' id='line_1_88' title="bbox 418 4866 2062 4940; baseline -0.003 -11"><span class='ocrx_word' id='word_1_622' title='bbox 418 4866 559 4936; x_wconf 41' lang='lat' dir='ltr'>Bo&#39;e,</span> <span class='ocrx_word' id='word_1_623' title='bbox 595 4866 869 4937; x_wconf 57' lang='lat' dir='ltr'>Casaub,</span> <span class='ocrx_word' id='word_1_624' title='bbox 896 4872 1084 4926; x_wconf 88' lang='lat' dir='ltr'>Grets.</span> <span class='ocrx_word' id='word_1_625' title='bbox 1118 4874 1176 4923; x_wconf 90' lang='lat' dir='ltr'>et</span> <span class='ocrx_word' id='word_1_626' title='bbox 1199 4866 1372 4940; x_wconf 84' lang='lat' dir='ltr'>Grod.</span> <span class='ocrx_word' id='word_1_627' title='bbox 1407 4868 1741 4940; x_wconf 55' lang='lat' dir='ltr'>Sotandum</span> <span class='ocrx_word' id='word_1_628' title='bbox 1766 4886 1941 4940; x_wconf 91' lang='lat' dir='ltr'>porro</span> <span class='ocrx_word' id='word_1_629' title='bbox 1999 4870 2062 4924; x_wconf 92' lang='lat' dir='ltr'>in</span> 
     </span>
    </p>
   </div>
   <div class='ocr_carea' id='block_1_88' title="bbox 420 4938 2062 5012">
    <p class='ocr_par' dir='ltr' id='par_1_88' title="bbox 420 4938 2062 5012">
     <span class='ocr_line' id='line_1_89' title="bbox 420 4938 2062 5012; baseline -0.002 -12"><span class='ocrx_word' id='word_1_630' title='bbox 420 4944 695 5000; x_wconf 89' lang='lat' dir='ltr'>omnibus</span> <span class='ocrx_word' id='word_1_631' title='bbox 712 4943 854 4998; x_wconf 90' lang='lat' dir='ltr'>locis</span> <span class='ocrx_word' id='word_1_632' title='bbox 875 4942 1050 5012; x_wconf 84' lang='lat' dir='ltr'>hujus</span> <span class='ocrx_word' id='word_1_633' title='bbox 1069 4938 1463 5011; x_wconf 76' lang='lat' dir='ltr'>epistolm,ubi</span> <span class='ocrx_word' id='word_1_634' title='bbox 1480 4938 1700 5012; x_wconf 88' lang='lat' dir='ltr'>dicitur</span> <span class='ocrx_word' id='word_1_635' title='bbox 1720 4938 2062 5012; x_wconf 81' lang='lat' dir='ltr'>imperatori</span> 
     </span>
    </p>
   </div>
   <div class='ocr_carea' id='block_1_89' title="bbox 419 5011 2061 5084">
    <p class='ocr_par' dir='ltr' id='par_1_89' title="bbox 419 5011 2061 5084">
     <span class='ocr_line' id='line_1_90' title="bbox 419 5011 2061 5084; baseline -0.002 -14"><span class='ocrx_word' id='word_1_636' title='bbox 419 5023 572 5070; x_wconf 87' lang='lat' dir='ltr'>tuum</span> <span class='ocrx_word' id='word_1_637' title='bbox 598 5016 906 5083; x_wconf 80' lang='lat' dir='ltr'>imperium,</span> <span class='ocrx_word' id='word_1_638' title='bbox 934 5011 1021 5066; x_wconf 86' lang='lat' dir='ltr'>vel</span> <span class='ocrx_word' id='word_1_639' title='bbox 1053 5027 1302 5084; x_wconf 71' lang='lat' dir='ltr'>regnum,</span> <span class='ocrx_word' id='word_1_640' title='bbox 1335 5026 1455 5064; x_wconf 86' lang='lat' dir='ltr'>non</span> <span class='ocrx_word' id='word_1_641' title='bbox 1488 5011 1930 5084; x_wconf 27' lang='lat' dir='ltr'>imperiumjseu</span> <span class='ocrx_word' id='word_1_642' title='bbox 1954 5029 2061 5084; x_wconf 90' lang='lat' dir='ltr'>po-</span> 
     </span>
    </p>
   </div>
   <div class='ocr_carea' id='block_1_90' title="bbox 419 5081 2060 5168">
    <p class='ocr_par' dir='ltr' id='par_1_90' title="bbox 419 5081 2060 5168">
     <span class='ocr_line' id='line_1_91' title="bbox 419 5081 2060 5168; baseline 0 -28"><span class='ocrx_word' id='word_1_643' title='bbox 419 5087 592 5168; x_wconf 89' lang='lat' dir='ltr'>pulos</span> <span class='ocrx_word' id='word_1_644' title='bbox 623 5081 751 5168; x_wconf 72' lang='lat' dir='ltr'>ejus</span> <span class='ocrx_word' id='word_1_645' title='bbox 782 5084 1079 5168; x_wconf 76' lang='lat' dir='ltr'>majestati</span> <span class='ocrx_word' id='word_1_646' title='bbox 1110 5081 1412 5168; x_wconf 72' lang='lat' dir='ltr'>subjectos</span> <span class='ocrx_word' id='word_1_647' title='bbox 1442 5081 1654 5168; x_wconf 67' lang='lat' dir='ltr'>notari,</span> <span class='ocrx_word' id='word_1_648' title='bbox 1677 5154 1688 5165; x_wconf 40' lang='lat'><em>.</em></span> <span class='ocrx_word' id='word_1_649' title='bbox 1715 5083 1817 5138; x_wconf 91' lang='lat' dir='ltr'>sed</span> <span class='ocrx_word' id='word_1_650' title='bbox 1865 5081 2060 5168; x_wconf 79' lang='lat' dir='ltr'>ipsum</span> 
     </span>
    </p>
   </div>
   <div class='ocr_carea' id='block_1_91' title="bbox 420 5153 2060 5227">
    <p class='ocr_par' dir='ltr' id='par_1_91' title="bbox 420 5153 2060 5227">
     <span class='ocr_line' id='line_1_92' title="bbox 420 5153 2060 5227; baseline -0.001 -15"><span class='ocrx_word' id='word_1_651' title='bbox 420 5153 840 5227; x_wconf 82' lang='lat' dir='ltr'>imperatorem</span> <span class='ocrx_word' id='word_1_652' title='bbox 874 5153 1116 5227; x_wconf 78' lang='lat' dir='ltr'>honoris</span> <span class='ocrx_word' id='word_1_653' title='bbox 1145 5153 1312 5207; x_wconf 91' lang='lat' dir='ltr'>titulo</span> <span class='ocrx_word' id='word_1_654' title='bbox 1344 5154 1690 5227; x_wconf 88' lang='lat' dir='ltr'>compellari</span> <span class='ocrx_word' id='word_1_655' title='bbox 1727 5153 1923 5226; x_wconf 87' lang='lat' dir='ltr'>:quod</span> <span class='ocrx_word' id='word_1_656' title='bbox 1952 5172 2060 5211; x_wconf 90' lang='lat' dir='ltr'>nos</span> 
     </span>
    </p>
   </div>
   <div class='ocr_carea' id='block_1_92' title="bbox 418 5224 2058 5295">
    <p class='ocr_par' dir='ltr' id='par_1_92' title="bbox 418 5224 2058 5295">
     <span class='ocr_line' id='line_1_93' title="bbox 418 5224 2058 5295; baseline 0.001 -14"><span class='ocrx_word' id='word_1_657' title='bbox 418 5224 617 5281; x_wconf 76' lang='lat' dir='ltr'>dicere</span> <span class='ocrx_word' id='word_1_658' title='bbox 646 5228 928 5290; x_wconf 86' lang='lat' dir='ltr'>solemus,</span> <span class='ocrx_word' id='word_1_659' title='bbox 961 5224 1152 5280; x_wconf 87' lang='lat' dir='ltr'>verbis</span> <span class='ocrx_word' id='word_1_660' title='bbox 1182 5227 1369 5293; x_wconf 62' lang='lat' dir='ltr'>regias,</span> <span class='ocrx_word' id='word_1_661' title='bbox 1400 5224 1491 5278; x_wconf 86' lang='lat' dir='ltr'>vel</span> <span class='ocrx_word' id='word_1_662' title='bbox 1538 5224 1913 5295; x_wconf 71' lang='lat' dir='ltr'>imperatoria:</span> <span class='ocrx_word' id='word_1_663' title='bbox 1941 5243 2058 5282; x_wconf 85' lang='lat' dir='ltr'>ma-</span> 
     </span>
    </p>
   </div>
   <div class='ocr_carea' id='block_1_93' title="bbox 408 5295 2059 5370">
    <p class='ocr_par' dir='ltr' id='par_1_93' title="bbox 408 5295 2059 5370">
     <span class='ocr_line' id='line_1_94' title="bbox 408 5295 2059 5370; baseline -0.001 -16"><span class='ocrx_word' id='word_1_664' title='bbox 408 5301 630 5370; x_wconf 78' lang='lat' dir='ltr'>jestatis</span> <span class='ocrx_word' id='word_1_665' title='bbox 659 5305 910 5353; x_wconf 87' lang='lat' dir='ltr'>utentes.</span> <span class='ocrx_word' id='word_1_666' title='bbox 950 5299 1130 5352; x_wconf 85' lang='lat' dir='ltr'>Voces</span> <span class='ocrx_word' id='word_1_667' title='bbox 1150 5313 1249 5370; x_wconf 69' lang='lat' dir='ltr'>eas</span> <span class='ocrx_word' id='word_1_668' title='bbox 1264 5295 1491 5370; x_wconf 83' lang='lat' dir='ltr'>reddidi</span> <span class='ocrx_word' id='word_1_669' title='bbox 1509 5297 1581 5351; x_wconf 91' lang='lat' dir='ltr'>ad</span> <span class='ocrx_word' id='word_1_670' title='bbox 1604 5298 2059 5355; x_wconf 87' lang='lat' dir='ltr'>litteram.secu-</span> 
     </span>
    </p>
   </div>
   <div class='ocr_carea' id='block_1_94' title="bbox 420 5367 2059 5439">
    <p class='ocr_par' dir='ltr' id='par_1_94' title="bbox 420 5367 2059 5439">
     <span class='ocr_line' id='line_1_95' title="bbox 420 5367 2059 5439; baseline 0 -14"><span class='ocrx_word' id='word_1_671' title='bbox 420 5367 516 5425; x_wconf 83' lang='lat' dir='ltr'>tus</span> <span class='ocrx_word' id='word_1_672' title='bbox 539 5376 870 5439; x_wconf 84' lang='lat' dir='ltr'>temporum</span> <span class='ocrx_word' id='word_1_673' title='bbox 894 5385 1140 5423; x_wconf 90' lang='lat' dir='ltr'>morem.</span> <span class='ocrx_word' id='word_1_674' title='bbox 1168 5367 1489 5439; x_wconf 84' lang='lat' dir='ltr'>Faustinus</span> <span class='ocrx_word' id='word_1_675' title='bbox 1520 5374 1580 5422; x_wconf 85' lang='lat' dir='ltr'>et</span> <span class='ocrx_word' id='word_1_676' title='bbox 1609 5370 2059 5425; x_wconf 84' lang='lat' dir='ltr'>Marcellinusin</span> 
     </span>
    </p>
   </div>
   <div class='ocr_carea' id='block_1_95' title="bbox 416 5438 2057 5511">
    <p class='ocr_par' dir='ltr' id='par_1_95' title="bbox 416 5438 2057 5511">
     <span class='ocr_line' id='line_1_96' title="bbox 416 5438 2057 5511; baseline -0.001 -14"><span class='ocrx_word' id='word_1_677' title='bbox 416 5441 620 5497; x_wconf 84' lang='lat' dir='ltr'>libello</span> <span class='ocrx_word' id='word_1_678' title='bbox 651 5438 891 5511; x_wconf 82' lang='lat' dir='ltr'>precum</span> <span class='ocrx_word' id='word_1_679' title='bbox 948 5439 1020 5494; x_wconf 89' lang='lat' dir='ltr'>ad</span> <span class='ocrx_word' id='word_1_680' title='bbox 1083 5438 1585 5496; x_wconf 83' lang='lat' dir='ltr'>Valentinianum.</span> <span class='ocrx_word' id='word_1_681' title='bbox 1642 5441 2057 5505; x_wconf 88' lang='lat' dir='ltr'>Theodosium,</span> 
     </span>
    </p>
   </div>
   <div class='ocr_carea' id='block_1_96' title="bbox 417 5511 2058 5581">
    <p class='ocr_par' dir='ltr' id='par_1_96' title="bbox 417 5511 2058 5581">
     <span class='ocr_line' id='line_1_97' title="bbox 417 5511 2058 5581; baseline -0.001 -12"><span class='ocrx_word' id='word_1_682' title='bbox 417 5520 552 5577; x_wconf 77' lang='lat' dir='ltr'>etc,</span> <span class='ocrx_word' id='word_1_683' title='bbox 602 5512 694 5567; x_wconf 87' lang='lat' dir='ltr'>his</span> <span class='ocrx_word' id='word_1_684' title='bbox 750 5511 960 5577; x_wconf 84' lang='lat' dir='ltr'>titulis,</span> <span class='ocrx_word' id='word_1_685' title='bbox 1018 5512 1308 5581; x_wconf 81' lang='lat' dir='ltr'>imperium</span> <span class='ocrx_word' id='word_1_686' title='bbox 1364 5518 1627 5581; x_wconf 60' lang='lat' dir='ltr'>vcstrtun2</span> <span class='ocrx_word' id='word_1_687' title='bbox 1674 5529 1915 5581; x_wconf 78' lang='lat' dir='ltr'>regnum</span> <span class='ocrx_word' id='word_1_688' title='bbox 1971 5528 2058 5567; x_wconf 80' lang='lat' dir='ltr'>ve-</span> 
     </span>
    </p>
   </div>
   <div class='ocr_carea' id='block_1_97' title="bbox 413 5577 2056 5653">
    <p class='ocr_par' dir='ltr' id='par_1_97' title="bbox 413 5577 2056 5653">
     <span class='ocr_line' id='line_1_98' title="bbox 413 5577 2056 5653; baseline -0.009 -12"><span class='ocrx_word' id='word_1_689' title='bbox 413 5592 609 5652; x_wconf 79' lang='lat' dir='ltr'>strum,</span> <span class='ocrx_word' id='word_1_690' title='bbox 640 5589 904 5639; x_wconf 89' lang='lat' dir='ltr'>utuntur.</span> <span class='ocrx_word' id='word_1_691' title='bbox 940 5577 1124 5647; x_wconf 74' lang='lat' dir='ltr'>Infra,</span> <span class='ocrx_word' id='word_1_692' title='bbox 1150 5598 1258 5652; x_wconf 91' lang='lat' dir='ltr'>pro</span> <span class='ocrx_word' id='word_1_693' title='bbox 1284 5582 1353 5652; x_wconf 81' lang='grc' dir='ltr'>τῇ</span> <span class='ocrx_word' id='word_1_694' title='bbox 1379 5583 1445 5653; x_wconf 79' lang='grc' dir='ltr'>σῇ</span> <span class='ocrx_word' id='word_1_695' title='bbox 1474 5577 1906 5653; x_wconf 41' lang='grc' dir='ltr'>εὐσεϐεἷᾳίῐὶοθ,</span> <span class='ocrx_word' id='word_1_696' title='bbox 1940 5585 2056 5639; x_wconf 71' lang='grc' dir='ltr'>ρει..</span> 
     </span>
    </p>
   </div>
   <div class='ocr_carea' id='block_1_98' title="bbox 415 5647 2060 5725">
    <p class='ocr_par' dir='ltr' id='par_1_98' title="bbox 415 5647 2060 5725">
     <span class='ocr_line' id='line_1_99' title="bbox 415 5647 2060 5725; baseline -0.001 -12"><span class='ocrx_word' id='word_1_697' title='bbox 415 5647 605 5720; x_wconf 74' lang='lat' dir='ltr'>saub.,</span> <span class='ocrx_word' id='word_1_698' title='bbox 632 5658 847 5712; x_wconf 84' lang='lat' dir='ltr'>Genov.</span> <span class='ocrx_word' id='word_1_699' title='bbox 882 5653 1122 5716; x_wconf 87' lang='lat' dir='ltr'>habent,</span> <span class='ocrx_word' id='word_1_700' title='bbox 1151 5647 1278 5725; x_wconf 50' lang='grc' dir='ltr'>ίτῆς</span> <span class='ocrx_word' id='word_1_701' title='bbox 1330 5647 1438 5720; x_wconf 70' lang='grc' dir='ltr'>’σῆς</span> <span class='ocrx_word' id='word_1_702' title='bbox 1496 5647 1791 5725; x_wconf 71' lang='grc' dir='ltr'>εὐσεϐείας,</span> <span class='ocrx_word' id='word_1_703' title='bbox 1840 5647 1915 5711; x_wconf 84' lang='lat' dir='ltr'>ad</span> <span class='ocrx_word' id='word_1_704' title='bbox 1944 5661 2060 5713; x_wconf 63' lang='lat' dir='ltr'>tu</span> 
     </span>
    </p>
   </div>
   <div class='ocr_carea' id='block_1_99' title="bbox 405 5724 1306 5801">
    <p class='ocr_par' dir='ltr' id='par_1_99' title="bbox 405 5724 1306 5801">
     <span class='ocr_line' id='line_1_100' title="bbox 405 5724 1306 5801; baseline -0.012 -13"><span class='ocrx_word' id='word_1_705' title='bbox 405 5731 645 5801; x_wconf 79' lang='lat' dir='ltr'>pietatis</span> <span class='ocrx_word' id='word_1_706' title='bbox 672 5730 932 5783; x_wconf 78' lang='lat' dir='ltr'>notitiam</span> <span class='ocrx_word' id='word_1_707' title='bbox 958 5724 1306 5782; x_wconf 81' lang='lat' dir='ltr'>adducimus.</span> 
     </span>
    </p>
   </div>
   <div class='ocr_carea' id='block_1_100' title="bbox 487 5823 2050 5904">
    <p class='ocr_par' dir='ltr' id='par_1_100' title="bbox 487 5823 2050 5904">
     <span class='ocr_line' id='line_1_101' title="bbox 487 5823 2050 5904; baseline -0.001 -21"><span class='ocrx_word' id='word_1_708' title='bbox 487 5831 562 5901; x_wconf 74' lang='grc' dir='ltr'>(ὅ)</span> <span class='ocrx_word' id='word_1_709' title='bbox 592 5830 843 5904; x_wconf 80' lang='grc' dir='ltr'>Πρῶτον.</span> <span class='ocrx_word' id='word_1_710' title='bbox 873 5827 1050 5882; x_wconf 88' lang='lat' dir='ltr'>Deest</span> <span class='ocrx_word' id='word_1_711' title='bbox 1077 5839 1148 5878; x_wconf 89' lang='lat' dir='ltr'>ea</span> <span class='ocrx_word' id='word_1_712' title='bbox 1165 5838 1275 5878; x_wconf 80' lang='lat' dir='ltr'>vox</span> <span class='ocrx_word' id='word_1_713' title='bbox 1329 5824 1471 5893; x_wconf 82' lang='lat' dir='ltr'>Roe,</span> <span class='ocrx_word' id='word_1_714' title='bbox 1530 5823 1804 5893; x_wconf 85' lang='lat' dir='ltr'>Casaub.,</span> <span class='ocrx_word' id='word_1_715' title='bbox 1864 5826 2050 5883; x_wconf 88' lang='lat' dir='ltr'>Grets.</span> 
     </span>
    </p>
   </div>
   <div class='ocr_carea' id='block_1_101' title="bbox 2096 4613 3191 4689">
    <p class='ocr_par' dir='ltr' id='par_1_101' title="bbox 2096 4613 3191 4689">
     <span class='ocr_line' id='line_1_102' title="bbox 2096 4613 3191 4689; baseline -0.002 -22"><span class='ocrx_word' id='word_1_716' title='bbox 2096 4626 2140 4689; x_wconf 85' lang='grc'>[)</span> <span class='ocrx_word' id='word_1_717' title='bbox 2173 4613 2268 4667; x_wconf 89' lang='lat' dir='ltr'>hic</span> <span class='ocrx_word' id='word_1_718' title='bbox 2289 4613 2743 4689; x_wconf 51' lang='lat' dir='ltr'>omittiturﬁstp.</span> <span class='ocrx_word' id='word_1_719' title='bbox 2777 4614 3087 4689; x_wconf 34' lang='lat' dir='ltr'>Gretse-rus</span> <span class='ocrx_word' id='word_1_720' title='bbox 3107 4614 3191 4666; x_wconf 88' lang='lat' dir='ltr'>sic</span> 
     </span>
    </p>
   </div>
   <div class='ocr_carea' id='block_1_102' title="bbox 2155 3325 3815 3421">
    <p class='ocr_par' dir='ltr' id='par_1_102' title="bbox 2155 3325 3815 3421">
     <span class='ocr_line' id='line_1_103' title="bbox 2155 3325 3815 3421; baseline -0.001 -40"><span class='ocrx_word' id='word_1_721' title='bbox 2155 3326 2642 3421; x_wconf 49' lang='lat' dir='ltr'>p‘rwcedeptibus</span> <span class='ocrx_word' id='word_1_722' title='bbox 2665 3325 3815 3421; x_wconf 32' lang='lat' dir='ltr'>conveniengus.Geﬁnovefmelus‘lhabet:</span> 
     </span>
    </p>
   </div>
   <div class='ocr_carea' id='block_1_103' title="bbox 2165 3390 3820 3471">
    <p class='ocr_par' dir='ltr' id='par_1_103' title="bbox 2165 3390 3820 3471">
     <span class='ocr_line' id='line_1_104' title="bbox 2165 3390 3820 3471; baseline 0.001 -20"><span class='ocrx_word' id='word_1_723' title='bbox 2165 3390 2508 3471; x_wconf 24' lang='grc' dir='ltr'>ῗδῃςλειυοᾶ</span> <span class='ocrx_word' id='word_1_724' title='bbox 2540 3406 2814 3471; x_wconf 89' lang='lat' dir='ltr'>corrupte</span> <span class='ocrx_word' id='word_1_725' title='bbox 2847 3414 2950 3471; x_wconf 82' lang='lat' dir='ltr'>pro</span> <span class='ocrx_word' id='word_1_726' title='bbox 2984 3390 3136 3470; x_wconf 70' lang='grc' dir='ltr'>ᾔδεις</span> <span class='ocrx_word' id='word_1_727' title='bbox 3166 3396 3758 3471; x_wconf 83' lang='lat' dir='ltr'>positum.Laudatur</span> <span class='ocrx_word' id='word_1_728' title='bbox 3786 3390 3820 3452; x_wconf 84' lang='lat' dir='ltr'>a</span> 
     </span>
    </p>
   </div>
   <div class='ocr_carea' id='block_1_104' title="bbox 2165 3468 3817 3542">
    <p class='ocr_par' dir='ltr' id='par_1_104' title="bbox 2165 3468 3817 3542">
     <span class='ocr_line' id='line_1_105' title="bbox 2165 3468 3817 3542; baseline -0.002 -18"><span class='ocrx_word' id='word_1_729' title='bbox 2165 3468 2383 3542; x_wconf 70' lang='lat' dir='ltr'>Cvrillo</span> <span class='ocrx_word' id='word_1_730' title='bbox 2396 3468 3005 3542; x_wconf 77' lang='lat' dir='ltr'>constantiiinrebus</span> <span class='ocrx_word' id='word_1_731' title='bbox 3028 3470 3211 3542; x_wconf 85' lang='lat' dir='ltr'>sacris</span> <span class='ocrx_word' id='word_1_732' title='bbox 3228 3468 3646 3542; x_wconf 76' lang='lat' dir='ltr'>peritia,quam</span> <span class='ocrx_word' id='word_1_733' title='bbox 3663 3473 3817 3523; x_wconf 88' lang='lat' dir='ltr'>certe</span> 
     </span>
    </p>
   </div>
   <div class='ocr_carea' id='block_1_105' title="bbox 2166 3539 3819 3613">
    <p class='ocr_par' dir='ltr' id='par_1_105' title="bbox 2166 3539 3819 3613">
     <span class='ocr_line' id='line_1_106' title="bbox 2166 3539 3819 3613; baseline -0.001 -16"><span class='ocrx_word' id='word_1_734' title='bbox 2166 3539 2540 3597; x_wconf 83' lang='lat' dir='ltr'>ambitiosius</span> <span class='ocrx_word' id='word_1_735' title='bbox 2563 3558 2683 3613; x_wconf 59' lang='lat' dir='ltr'>pra;</span> <span class='ocrx_word' id='word_1_736' title='bbox 2714 3558 2775 3596; x_wconf 91' lang='lat' dir='ltr'>se</span> <span class='ocrx_word' id='word_1_737' title='bbox 2805 3539 3033 3595; x_wconf 84' lang='lat' dir='ltr'>ferebat</span> <span class='ocrx_word' id='word_1_738' title='bbox 3074 3539 3421 3613; x_wconf 20' lang='lat' dir='ltr'>impe’rator‘</span> <span class='ocrx_word' id='word_1_739' title='bbox 3445 3540 3586 3613; x_wconf 75' lang='lat' dir='ltr'>ille:</span> <span class='ocrx_word' id='word_1_740' title='bbox 3625 3555 3819 3595; x_wconf 84' lang='lat' dir='ltr'>sacras</span> 
     </span>
    </p>
   </div>
   <div class='ocr_carea' id='block_1_106' title="bbox 2169 3610 3817 3684">
    <p class='ocr_par' dir='ltr' id='par_1_106' title="bbox 2169 3610 3817 3684">
     <span class='ocr_line' id='line_1_107' title="bbox 2169 3610 3817 3684; baseline -0.002 -16"><span class='ocrx_word' id='word_1_741' title='bbox 2169 3613 2500 3684; x_wconf 90' lang='lat' dir='ltr'>Scripturas</span> <span class='ocrx_word' id='word_1_742' title='bbox 2530 3610 2765 3668; x_wconf 80' lang='lat' dir='ltr'>assidue</span> <span class='ocrx_word' id='word_1_743' title='bbox 2796 3628 3057 3677; x_wconf 86' lang='lat' dir='ltr'>versans,</span> <span class='ocrx_word' id='word_1_744' title='bbox 3086 3618 3152 3684; x_wconf 84' lang='lat' dir='ltr'>ut</span> <span class='ocrx_word' id='word_1_745' title='bbox 3183 3612 3362 3684; x_wconf 87' lang='lat' dir='ltr'>etiam</span> <span class='ocrx_word' id='word_1_746' title='bbox 3392 3610 3817 3682; x_wconf 81' lang='lat' dir='ltr'>Cyrillusinfra</span> 
     </span>
    </p>
   </div>
   <div class='ocr_carea' id='block_1_107' title="bbox 2169 3682 3817 3744">
    <p class='ocr_par' dir='ltr' id='par_1_107' title="bbox 2169 3682 3817 3744">
     <span class='ocr_line' id='line_1_108' title="bbox 2169 3682 3817 3744; baseline -0.002 -4"><span class='ocrx_word' id='word_1_747' title='bbox 2169 3682 2437 3744; x_wconf 80' lang='lat' dir='ltr'>testatur.</span> <span class='ocrx_word' id='word_1_748' title='bbox 2472 3701 2531 3739; x_wconf 92' lang='lat' dir='ltr'>n.</span> <span class='ocrx_word' id='word_1_749' title='bbox 2565 3687 2618 3739; x_wconf 90' lang='lat'>6.</span> <span class='ocrx_word' id='word_1_750' title='bbox 2670 3684 2970 3739; x_wconf 88' lang='lat' dir='ltr'>Arbitrum</span> <span class='ocrx_word' id='word_1_751' title='bbox 3002 3682 3543 3738; x_wconf 86' lang='lat' dir='ltr'>ecclesiasticarum</span> <span class='ocrx_word' id='word_1_752' title='bbox 3583 3690 3817 3738; x_wconf 86' lang='lat' dir='ltr'>contro-</span> 
     </span>
    </p>
   </div>
   <div class='ocr_carea' id='block_1_108' title="bbox 2167 3754 3821 3826">
    <p class='ocr_par' dir='ltr' id='par_1_108' title="bbox 2167 3754 3821 3826">
     <span class='ocr_line' id='line_1_109' title="bbox 2167 3754 3821 3826; baseline -0.002 -14"><span class='ocrx_word' id='word_1_753' title='bbox 2167 3757 2493 3812; x_wconf 90' lang='lat' dir='ltr'>versiarum</span> <span class='ocrx_word' id='word_1_754' title='bbox 2521 3773 2582 3811; x_wconf 90' lang='lat' dir='ltr'>se</span> <span class='ocrx_word' id='word_1_755' title='bbox 2605 3754 3419 3826; x_wconf 87' lang='lat' dir='ltr'>interponens,deﬁnitiones</span> <span class='ocrx_word' id='word_1_756' title='bbox 3442 3754 3576 3808; x_wconf 89' lang='lat' dir='ltr'>ﬁdei</span> <span class='ocrx_word' id='word_1_757' title='bbox 3601 3755 3821 3826; x_wconf 79' lang='lat' dir='ltr'>conde-</span> 
     </span>
    </p>
   </div>
   <div class='ocr_carea' id='block_1_109' title="bbox 2169 3825 3819 3892">
    <p class='ocr_par' dir='ltr' id='par_1_109' title="bbox 2169 3825 3819 3892">
     <span class='ocr_line' id='line_1_110' title="bbox 2169 3825 3819 3892; baseline -0.002 -10"><span class='ocrx_word' id='word_1_758' title='bbox 2169 3828 2360 3892; x_wconf 88' lang='lat' dir='ltr'>bat,ut</span> <span class='ocrx_word' id='word_1_759' title='bbox 2389 3828 2566 3882; x_wconf 89' lang='lat' dir='ltr'>etiam</span> <span class='ocrx_word' id='word_1_760' title='bbox 2597 3825 2981 3882; x_wconf 28' lang='lat' dir='ltr'>Antio’chenze</span> <span class='ocrx_word' id='word_1_761' title='bbox 3014 3825 3379 3880; x_wconf 72' lang='lat' dir='ltr'>qunemniis</span> <span class='ocrx_word' id='word_1_762' title='bbox 3401 3825 3671 3880; x_wconf 72' lang='lat' dir='ltr'>formulre</span> <span class='ocrx_word' id='word_1_763' title='bbox 3688 3840 3819 3880; x_wconf 84' lang='lat' dir='ltr'>eum</span> 
     </span>
    </p>
   </div>
   <div class='ocr_carea' id='block_1_110' title="bbox 2170 3897 3819 3960">
    <p class='ocr_par' dir='ltr' id='par_1_110' title="bbox 2170 3897 3819 3960">
     <span class='ocr_line' id='line_1_111' title="bbox 2170 3897 3819 3960; baseline -0.002 -6"><span class='ocrx_word' id='word_1_764' title='bbox 2170 3906 2471 3955; x_wconf 89' lang='lat' dir='ltr'>auctorem</span> <span class='ocrx_word' id='word_1_765' title='bbox 2527 3899 2721 3954; x_wconf 90' lang='lat' dir='ltr'>dicere</span> <span class='ocrx_word' id='word_1_766' title='bbox 2779 3898 3048 3952; x_wconf 91' lang='lat' dir='ltr'>videatur</span> <span class='ocrx_word' id='word_1_767' title='bbox 3086 3897 3364 3960; x_wconf 89' lang='lat' dir='ltr'>Hilarius,</span> <span class='ocrx_word' id='word_1_768' title='bbox 3402 3897 3506 3951; x_wconf 92' lang='lat' dir='ltr'>lib.</span> <span class='ocrx_word' id='word_1_769' title='bbox 3551 3914 3611 3952; x_wconf 84' lang='grc' dir='ltr'>ιιι</span> <span class='ocrx_word' id='word_1_770' title='bbox 3675 3902 3819 3951; x_wconf 82' lang='lat' dir='ltr'>cont.</span> 
     </span>
    </p>
   </div>
   <div class='ocr_carea' id='block_1_111' title="bbox 2171 3967 3820 4039">
    <p class='ocr_par' dir='ltr' id='par_1_111' title="bbox 2171 3967 3820 4039">
     <span class='ocr_line' id='line_1_112' title="bbox 2171 3967 3820 4039; baseline -0.002 -12"><span class='ocrx_word' id='word_1_771' title='bbox 2171 3972 2376 4035; x_wconf 83' lang='lat' dir='ltr'>Const.,</span> <span class='ocrx_word' id='word_1_772' title='bbox 2407 3987 2571 4025; x_wconf 90' lang='lat' dir='ltr'>num.</span> <span class='ocrx_word' id='word_1_773' title='bbox 2602 3971 2692 4024; x_wconf 84' lang='lat'>23.</span> <span class='ocrx_word' id='word_1_774' title='bbox 2728 3969 2981 4024; x_wconf 88' lang='lat' dir='ltr'>Libellos</span> <span class='ocrx_word' id='word_1_775' title='bbox 3030 3985 3136 4039; x_wconf 91' lang='lat' dir='ltr'>pro</span> <span class='ocrx_word' id='word_1_776' title='bbox 3183 3976 3476 4039; x_wconf 68' lang='lat' dir='ltr'>susceptas</span> <span class='ocrx_word' id='word_1_777' title='bbox 3521 3967 3820 4039; x_wconf 88' lang='lat' dir='ltr'>opinionis</span> 
     </span>
    </p>
   </div>
   <div class='ocr_carea' id='block_1_112' title="bbox 2170 4040 3816 4112">
    <p class='ocr_par' dir='ltr' id='par_1_112' title="bbox 2170 4040 3816 4112">
     <span class='ocr_line' id='line_1_113' title="bbox 2170 4040 3816 4112; baseline -0.002 -15"><span class='ocrx_word' id='word_1_778' title='bbox 2170 4041 2516 4097; x_wconf 86' lang='lat' dir='ltr'>defensione</span> <span class='ocrx_word' id='word_1_779' title='bbox 2547 4042 2804 4112; x_wconf 87' lang='lat' dir='ltr'>scripsit,</span> <span class='ocrx_word' id='word_1_780' title='bbox 2838 4048 2987 4095; x_wconf 90' lang='lat' dir='ltr'>teste</span> <span class='ocrx_word' id='word_1_781' title='bbox 3024 4040 3292 4112; x_wconf 71' lang='lat' dir='ltr'>Lucifero</span> <span class='ocrx_word' id='word_1_782' title='bbox 3324 4040 3679 4101; x_wconf 85' lang='lat' dir='ltr'>Calaritano,</span> <span class='ocrx_word' id='word_1_783' title='bbox 3717 4040 3816 4094; x_wconf 93' lang='lat' dir='ltr'>lib.</span> 
     </span>
    </p>
   </div>
   <div class='ocr_carea' id='block_1_113' title="bbox 2171 4110 3821 4183">
    <p class='ocr_par' dir='ltr' id='par_1_113' title="bbox 2171 4110 3821 4183">
     <span class='ocr_line' id='line_1_114' title="bbox 2171 4110 3821 4183; baseline -0.002 -15"><span class='ocrx_word' id='word_1_784' title='bbox 2171 4115 2248 4168; x_wconf 83' lang='lat' dir='ltr'>De</span> <span class='ocrx_word' id='word_1_785' title='bbox 2274 4130 2383 4168; x_wconf 84' lang='lat' dir='ltr'>non</span> <span class='ocrx_word' id='word_1_786' title='bbox 2408 4110 2707 4183; x_wconf 78' lang='lat' dir='ltr'>parcendo.</span> <span class='ocrx_word' id='word_1_787' title='bbox 2744 4120 2853 4168; x_wconf 82' lang='lat' dir='ltr'>etc.</span> <span class='ocrx_word' id='word_1_788' title='bbox 2888 4129 2902 4175; x_wconf 85' lang='lat'><strong>;</strong></span> <span class='ocrx_word' id='word_1_789' title='bbox 2937 4110 3041 4167; x_wconf 91' lang='lat' dir='ltr'>sed</span> <span class='ocrx_word' id='word_1_790' title='bbox 3072 4112 3185 4166; x_wconf 91' lang='lat' dir='ltr'>hoc</span> <span class='ocrx_word' id='word_1_791' title='bbox 3227 4111 3458 4166; x_wconf 86' lang='lat' dir='ltr'>facinus</span> <span class='ocrx_word' id='word_1_792' title='bbox 3514 4119 3653 4166; x_wconf 88' lang='lat' dir='ltr'>ante</span> <span class='ocrx_word' id='word_1_793' title='bbox 3712 4112 3821 4165; x_wconf 89' lang='lat' dir='ltr'>hoc</span> 
     </span>
    </p>
   </div>
   <div class='ocr_carea' id='block_1_114' title="bbox 2172 4183 3819 4257">
    <p class='ocr_par' dir='ltr' id='par_1_114' title="bbox 2172 4183 3819 4257">
     <span class='ocr_line' id='line_1_115' title="bbox 2172 4183 3819 4257; baseline -0.003 -17"><span class='ocrx_word' id='word_1_794' title='bbox 2172 4191 2403 4256; x_wconf 91' lang='lat' dir='ltr'>tempus</span> <span class='ocrx_word' id='word_1_795' title='bbox 2437 4201 2557 4239; x_wconf 90' lang='lat' dir='ltr'>non</span> <span class='ocrx_word' id='word_1_796' title='bbox 2582 4184 2968 4257; x_wconf 33' lang='lat' dir='ltr'>designarat,</span> <span class='ocrx_word' id='word_1_797' title='bbox 3000 4184 3178 4255; x_wconf 83' lang='lat' dir='ltr'>Magis</span> <span class='ocrx_word' id='word_1_798' title='bbox 3210 4183 3555 4257; x_wconf 56' lang='lat' dir='ltr'>exemplum</span> <span class='ocrx_word' id='word_1_799' title='bbox 3583 4183 3819 4253; x_wconf 79' lang='lat' dir='ltr'>pietatis</span> 
     </span>
    </p>
   </div>
   <div class='ocr_carea' id='block_1_115' title="bbox 2172 4254 3653 4382">
    <p class='ocr_par' dir='ltr' id='par_1_115' title="bbox 2172 4254 3653 4382">
     <span class='ocr_line' id='line_1_116' title="bbox 2172 4254 3653 4382; baseline -0.003 -71"><span class='ocrx_word' id='word_1_800' title='bbox 2172 4254 2313 4329; x_wconf 71' lang='lat' dir='ltr'>ejus</span> <span class='ocrx_word' id='word_1_801' title='bbox 2339 4273 2518 4382; x_wconf 31' lang='lat' dir='ltr'>quam</span> <span class='ocrx_word' id='word_1_802' title='bbox 2554 4254 2739 4339; x_wconf 59' lang='lat' dir='ltr'>libros</span> <span class='ocrx_word' id='word_1_803' title='bbox 2770 4262 2829 4311; x_wconf 87' lang='lat' dir='ltr'>et</span> <span class='ocrx_word' id='word_1_804' title='bbox 2859 4254 3078 4339; x_wconf 80' lang='lat' dir='ltr'>scripta</span> <span class='ocrx_word' id='word_1_805' title='bbox 3102 4254 3351 4325; x_wconf 80' lang='lat' dir='ltr'>respicit</span> <span class='ocrx_word' id='word_1_806' title='bbox 3381 4254 3653 4335; x_wconf 78' lang='lat' dir='ltr'>Cyrillus.</span> 
     </span>
     <span class='ocr_line' id='line_1_117' title="bbox 2241 4322 3653 4382; baseline -0.002 0"><span class='ocrx_word' id='word_1_807' title='bbox 2241 4330 2319 4382; x_wconf 75' lang='grc'>(6)</span> <span class='ocrx_word' id='word_1_808' title='bbox 2382 4324 2582 4381; x_wconf 49' lang='lat' dir='ltr'>uno»,</span> <span class='ocrx_word' id='word_1_809' title='bbox 2631 4333 2747 4382; x_wconf 87' lang='grc' dir='ltr'>Θεω</span> <span class='ocrx_word' id='word_1_810' title='bbox 2800 4326 2893 4382; x_wconf 73' lang='grc' dir='ltr'>μὲν</span> <span class='ocrx_word' id='word_1_811' title='bbox 2950 4345 3028 4382; x_wconf 87' lang='grc' dir='ltr'>τω</span> <span class='ocrx_word' id='word_1_812' title='bbox 3088 4322 3271 4382; x_wconf 74' lang='grc' dir='ltr'>ιιαμὸ.</span> <span class='ocrx_word' id='word_1_813' title='bbox 3327 4328 3412 4380; x_wconf 75' lang='lat' dir='ltr'>Ita</span> <span class='ocrx_word' id='word_1_814' title='bbox 3470 4342 3653 4382; x_wconf 78' lang='lat' dir='ltr'>scrms</span> 
     </span>
    </p>
   </div>
   <div class='ocr_carea' id='block_1_116' title="bbox 2241 4322 3821 4397">
    <p class='ocr_par' dir='ltr' id='par_1_116' title="bbox 2241 4322 3821 4397">
     <span class='ocr_line' id='line_1_118' title="bbox 2241 4322 3821 4397; baseline -0.001 -16"><span class='ocrx_word' id='word_1_815' title='bbox 2241 4330 2319 4397; x_wconf 76' lang='grc'>(6)</span> <span class='ocrx_word' id='word_1_816' title='bbox 2353 4322 2582 4382; x_wconf 77' lang='grc' dir='ltr'>Μᾶλλον</span> <span class='ocrx_word' id='word_1_817' title='bbox 2631 4331 2747 4396; x_wconf 83' lang='grc' dir='ltr'>θεῷ</span> <span class='ocrx_word' id='word_1_818' title='bbox 2800 4326 2893 4397; x_wconf 75' lang='grc' dir='ltr'>μὶν</span> <span class='ocrx_word' id='word_1_819' title='bbox 2950 4322 3028 4396; x_wconf 71' lang='grc' dir='ltr'>τῷ</span> <span class='ocrx_word' id='word_1_820' title='bbox 3088 4322 3271 4396; x_wconf 73' lang='grc' dir='ltr'>Ιιαμϐ.</span> <span class='ocrx_word' id='word_1_821' title='bbox 3327 4322 3821 4397; x_wconf 45' lang='grc' dir='ltr'>Ιίίιίεοτὶρεὶηιιιε</span> 
     </span>
    </p>
   </div>
   <div class='ocr_carea' id='block_1_117' title="bbox 2173 4395 3821 4464">
    <p class='ocr_par' dir='ltr' id='par_1_117' title="bbox 2173 4395 3821 4464">
     <span class='ocr_line' id='line_1_119' title="bbox 2173 4395 3821 4464; baseline -0.001 -10"><span class='ocrx_word' id='word_1_822' title='bbox 2173 4395 2437 4455; x_wconf 72' lang='grc' dir='ltr'>θιόοάιί.</span> <span class='ocrx_word' id='word_1_823' title='bbox 2471 4401 2613 4464; x_wconf 83' lang='lat' dir='ltr'>Roe,</span> <span class='ocrx_word' id='word_1_824' title='bbox 2643 4395 2890 4455; x_wconf 87' lang='lat' dir='ltr'>Casaub.</span> <span class='ocrx_word' id='word_1_825' title='bbox 2934 4395 3008 4452; x_wconf 87' lang='lat' dir='ltr'>et</span> <span class='ocrx_word' id='word_1_826' title='bbox 3036 4398 3213 4452; x_wconf 85' lang='lat' dir='ltr'>veteri</span> <span class='ocrx_word' id='word_1_827' title='bbox 3271 4397 3370 4450; x_wconf 90' lang='lat' dir='ltr'>illo</span> <span class='ocrx_word' id='word_1_828' title='bbox 3431 4395 3703 4450; x_wconf 83' lang='lat' dir='ltr'>Genovef.</span> <span class='ocrx_word' id='word_1_829' title='bbox 3747 4396 3821 4452; x_wconf 92' lang='lat' dir='ltr'>de</span> 
     </span>
    </p>
   </div>
   <div class='ocr_carea' id='block_1_118' title="bbox 2174 4465 3819 4541">
    <p class='ocr_par' dir='ltr' id='par_1_118' title="bbox 2174 4465 3819 4541">
     <span class='ocr_line' id='line_1_120' title="bbox 2174 4465 3819 4541; baseline -0.002 -17"><span class='ocrx_word' id='word_1_830' title='bbox 2174 4487 2290 4541; x_wconf 94' lang='lat' dir='ltr'>quo</span> <span class='ocrx_word' id='word_1_831' title='bbox 2322 4486 2459 4525; x_wconf 81' lang='lat' dir='ltr'>mox</span> <span class='ocrx_word' id='word_1_832' title='bbox 2492 4469 2769 4525; x_wconf 79' lang='lat' dir='ltr'>diximus.</span> <span class='ocrx_word' id='word_1_833' title='bbox 2801 4469 3020 4541; x_wconf 82' lang='lat' dir='ltr'>Eadem</span> <span class='ocrx_word' id='word_1_834' title='bbox 3054 4468 3331 4541; x_wconf 66' lang='lat' dir='ltr'>loquendi</span> <span class='ocrx_word' id='word_1_835' title='bbox 3364 4465 3539 4541; x_wconf 75' lang='lat' dir='ltr'>ratio_</span> <span class='ocrx_word' id='word_1_836' title='bbox 3566 4465 3819 4541; x_wconf 80' lang='lat' dir='ltr'>inferius</span> 
     </span>
    </p>
   </div>
   <div class='ocr_carea' id='block_1_119' title="bbox 2175 4533 3820 4665">
    <p class='ocr_par' dir='ltr' id='par_1_119' title="bbox 2175 4533 3820 4665">
     <span class='ocr_line' id='line_1_121' title="bbox 2175 4533 3820 4611; baseline -0.002 -15"><span class='ocrx_word' id='word_1_837' title='bbox 2175 4533 2428 4596; x_wconf 72' lang='lat' dir='ltr'>recurrit</span> <span class='ocrx_word' id='word_1_838' title='bbox 2458 4558 2620 4595; x_wconf 92' lang='lat' dir='ltr'>num.</span> <span class='ocrx_word' id='word_1_839' title='bbox 2659 4545 2711 4603; x_wconf 83' lang='lat'>5,</span> <span class='ocrx_word' id='word_1_840' title='bbox 2744 4544 2859 4609; x_wconf 83' lang='grc' dir='ltr'>Θεῷ</span> <span class='ocrx_word' id='word_1_841' title='bbox 2894 4539 2986 4611; x_wconf 74' lang='grc' dir='ltr'>μὲν</span> <span class='ocrx_word' id='word_1_842' title='bbox 3014 4544 3092 4610; x_wconf 80' lang='grc' dir='ltr'>τῷ</span> <span class='ocrx_word' id='word_1_843' title='bbox 3126 4533 3197 4592; x_wconf 84' lang='grc' dir='ltr'>[Ια</span> <span class='ocrx_word' id='word_1_844' title='bbox 3249 4533 3482 4590; x_wconf 73' lang='grc' dir='ltr'>ϐασιλεῖ.</span> <span class='ocrx_word' id='word_1_845' title='bbox 3517 4537 3582 4590; x_wconf 85' lang='lat' dir='ltr'>In</span> <span class='ocrx_word' id='word_1_846' title='bbox 3639 4537 3820 4592; x_wconf 87' lang='lat' dir='ltr'>editis</span> 
     </span>
     <span class='ocr_line' id='line_1_122' title="bbox 2175 4560 3817 4665; baseline 0 0"><span class='ocrx_word' id='word_1_847' title='bbox 2175 4613 2268 4665; x_wconf 91' lang='lat' dir='ltr'>hic</span> <span class='ocrx_word' id='word_1_848' title='bbox 2289 4613 2743 4665; x_wconf 60' lang='lat' dir='ltr'>omittiturﬂscb.</span> <span class='ocrx_word' id='word_1_849' title='bbox 2777 4614 3087 4665; x_wconf 87' lang='lat' dir='ltr'>Gretserus</span> <span class='ocrx_word' id='word_1_850' title='bbox 3107 4614 3191 4665; x_wconf 89' lang='lat' dir='ltr'>sic</span> <span class='ocrx_word' id='word_1_851' title='bbox 3208 4560 3407 4665; x_wconf 47' lang='lat' dir='ltr'>liabet.</span> <span class='ocrx_word' id='word_1_852' title='bbox 3434 4607 3817 4665; x_wconf 71' lang='grc' dir='ltr'>μείζοσι.οὶο..</span> 
     </span>
    </p>
   </div>
   <div class='ocr_carea' id='block_1_120' title="bbox 3254 4607 3817 4678">
    <p class='ocr_par' dir='ltr' id='par_1_120' title="bbox 3254 4607 3817 4678">
     <span class='ocr_line' id='line_1_123' title="bbox 3254 4607 3817 4678; baseline -0.004 -13"><span class='ocrx_word' id='word_1_853' title='bbox 3254 4610 3407 4673; x_wconf 88' lang='lat' dir='ltr'>abet,</span> <span class='ocrx_word' id='word_1_854' title='bbox 3434 4607 3817 4678; x_wconf 57' lang='grc' dir='ltr'>μείζοσιβὶση</span> 
     </span>
    </p>
   </div>
   <div class='ocr_carea' id='block_1_121' title="bbox 2168 4680 3821 4755">
    <p class='ocr_par' dir='ltr' id='par_1_121' title="bbox 2168 4680 3821 4755">
     <span class='ocr_line' id='line_1_124' title="bbox 2168 4680 3821 4755; baseline -0.001 -19"><span class='ocrx_word' id='word_1_855' title='bbox 2168 4685 2490 4754; x_wconf 76' lang='grc' dir='ltr'>τετιμῆσθαι</span> <span class='ocrx_word' id='word_1_856' title='bbox 2520 4680 2784 4755; x_wconf 74' lang='grc' dir='ltr'>ἆξιωθεὶς,</span> <span class='ocrx_word' id='word_1_857' title='bbox 2819 4687 2934 4753; x_wconf 80' lang='grc' dir='ltr'>Θεῷ</span> <span class='ocrx_word' id='word_1_858' title='bbox 2964 4684 3125 4755; x_wconf 65' lang='grc' dir='ltr'>ἡμῶν</span> <span class='ocrx_word' id='word_1_859' title='bbox 3184 4682 3493 4755; x_wconf 14' lang='grc' dir='ltr'>καὶνΙΙαμο.</span> <span class='ocrx_word' id='word_1_860' title='bbox 3545 4680 3821 4755; x_wconf 56' lang='lat' dir='ltr'>Particu:</span> 
     </span>
    </p>
   </div>
   <div class='ocr_carea' id='block_1_122' title="bbox 2172 4748 3822 4879">
    <p class='ocr_par' dir='ltr' id='par_1_122' title="bbox 2172 4748 3822 4879">
     <span class='ocr_line' id='line_1_125' title="bbox 2172 4748 3822 4879; baseline -0.003 -69"><span class='ocrx_word' id='word_1_861' title='bbox 2172 4748 2801 4879; x_wconf 28' lang='lat' dir='ltr'>1améuév‘rlegi&#39;debere</span> <span class='ocrx_word' id='word_1_862' title='bbox 2834 4748 3045 4811; x_wconf 79' lang='lat' dir='ltr'>suadet</span> <span class='ocrx_word' id='word_1_863' title='bbox 3091 4754 3365 4827; x_wconf 84' lang='lat' dir='ltr'>opposita</span> <span class='ocrx_word' id='word_1_864' title='bbox 3399 4748 3716 4826; x_wconf 46' lang='lat' dir='ltr'>&#39;particula</span> <span class='ocrx_word' id='word_1_865' title='bbox 3766 4748 3822 4806; x_wconf 65' lang='grc' dir='ltr'>δέ</span> 
     </span>
     <span class='ocr_line' id='line_1_126' title="bbox 2172 4843 2614 4879; baseline 0 0"><span class='ocrx_word' id='word_1_866' title='bbox 2172 4843 2279 4879; x_wconf 79' lang='lat' dir='ltr'>DOS</span> <span class='ocrx_word' id='word_1_867' title='bbox 2340 4846 2404 4879; x_wconf 68' lang='grc' dir='ltr'>με</span> <span class='ocrx_word' id='word_1_868' title='bbox 2444 4846 2614 4879; x_wconf 52' lang='grc' dir='ltr'>,ονοα</span> 
     </span>
    </p>
   </div>
   <div class='ocr_carea' id='block_1_123' title="bbox 2215 4832 2614 4887">
    <p class='ocr_par' dir='ltr' id='par_1_123' title="bbox 2215 4832 2614 4887">
     <span class='ocr_line' id='line_1_127' title="bbox 2215 4832 2614 4887; baseline 0.008 -6"><span class='ocrx_word' id='word_1_869' title='bbox 2215 4832 2307 4881; x_wconf 86' lang='lat' dir='ltr'>ost</span> <span class='ocrx_word' id='word_1_870' title='bbox 2339 4832 2614 4887; x_wconf 51' lang='grc' dir='ltr'>μείζονάς.</span> 
     </span>
    </p>
   </div>
   <div class='ocr_carea' id='block_1_124' title="bbox 2171 4843 3823 4972">
    <p class='ocr_par' dir='ltr' id='par_1_124' title="bbox 2171 4843 3823 4972">
     <span class='ocr_line' id='line_1_128' title="bbox 2171 4843 3823 4972; baseline -0.001 -21"><span class='ocrx_word' id='word_1_871' title='bbox 2171 4843 2315 4972; x_wconf 38' lang='grc' dir='ltr'>ῗοῧιι)</span> <span class='ocrx_word' id='word_1_872' title='bbox 2649 4900 2736 4953; x_wconf 88' lang='lat' dir='ltr'>Ita</span> <span class='ocrx_word' id='word_1_873' title='bbox 2765 4897 3123 4972; x_wconf 76' lang='lat' dir='ltr'>scripsimus</span> <span class='ocrx_word' id='word_1_874' title='bbox 3169 4912 3240 4952; x_wconf 83' lang='lat' dir='ltr'>ex</span> <span class='ocrx_word' id='word_1_875' title='bbox 3287 4912 3396 4952; x_wconf 91' lang='lat' dir='ltr'>ms.</span> <span class='ocrx_word' id='word_1_876' title='bbox 3443 4894 3716 4952; x_wconf 85' lang='lat' dir='ltr'>Genovef.</span> <span class='ocrx_word' id='word_1_877' title='bbox 3750 4897 3823 4972; x_wconf 75' lang='grc' dir='ltr'>ᾼι</span> 
     </span>
    </p>
   </div>
   <div class='ocr_carea' id='block_1_125' title="bbox 2173 4966 3821 5041">
    <p class='ocr_par' dir='ltr' id='par_1_125' title="bbox 2173 4966 3821 5041">
     <span class='ocr_line' id='line_1_129' title="bbox 2173 4966 3821 5041; baseline -0.001 -17"><span class='ocrx_word' id='word_1_878' title='bbox 2173 4969 2234 5024; x_wconf 89' lang='lat' dir='ltr'>in</span> <span class='ocrx_word' id='word_1_879' title='bbox 2254 4966 2451 5025; x_wconf 81' lang='lat' dir='ltr'>altero</span> <span class='ocrx_word' id='word_1_880' title='bbox 2484 4970 2653 5041; x_wconf 89' lang='lat' dir='ltr'>cujus</span> <span class='ocrx_word' id='word_1_881' title='bbox 2684 4966 2977 5025; x_wconf 77' lang='lat' dir='ltr'>variantes</span> <span class='ocrx_word' id='word_1_882' title='bbox 3005 4968 3227 5041; x_wconf 88' lang='lat' dir='ltr'>ibidem</span> <span class='ocrx_word' id='word_1_883' title='bbox 3258 4973 3644 5041; x_wconf 82' lang='lat' dir='ltr'>annotantur.</span> <span class='ocrx_word' id='word_1_884' title='bbox 3678 4966 3821 5041; x_wconf 74' lang='lat' dir='ltr'>etin</span> 
     </span>
    </p>
   </div>
   <div class='ocr_carea' id='block_1_126' title="bbox 2171 5038 3820 5111">
    <p class='ocr_par' dir='ltr' id='par_1_126' title="bbox 2171 5038 3820 5111">
     <span class='ocr_line' id='line_1_130' title="bbox 2171 5038 3820 5111; baseline -0.002 -17"><span class='ocrx_word' id='word_1_885' title='bbox 2171 5041 2447 5096; x_wconf 88' lang='lat' dir='ltr'>omnibus</span> <span class='ocrx_word' id='word_1_886' title='bbox 2478 5038 2611 5097; x_wconf 74' lang='lat' dir='ltr'>aliis</span> <span class='ocrx_word' id='word_1_887' title='bbox 2644 5042 2818 5096; x_wconf 89' lang='lat' dir='ltr'>editis</span> <span class='ocrx_word' id='word_1_888' title='bbox 2839 5048 2896 5097; x_wconf 90' lang='lat' dir='ltr'>et</span> <span class='ocrx_word' id='word_1_889' title='bbox 2934 5057 3075 5095; x_wconf 90' lang='lat' dir='ltr'>mss.</span> <span class='ocrx_word' id='word_1_890' title='bbox 3112 5040 3327 5111; x_wconf 86' lang='lat' dir='ltr'>legitur</span> <span class='ocrx_word' id='word_1_891' title='bbox 3357 5038 3598 5111; x_wconf 73' lang='grc' dir='ltr'>εὕρηται.</span> <span class='ocrx_word' id='word_1_892' title='bbox 3634 5038 3820 5111; x_wconf 77' lang='lat' dir='ltr'>Cyril-</span> 
     </span>
    </p>
   </div>
   <div class='ocr_carea' id='block_1_127' title="bbox 2171 5109 3819 5184">
    <p class='ocr_par' dir='ltr' id='par_1_127' title="bbox 2171 5109 3819 5184">
     <span class='ocr_line' id='line_1_131' title="bbox 2171 5109 3819 5184; baseline -0.001 -18"><span class='ocrx_word' id='word_1_893' title='bbox 2171 5111 2264 5184; x_wconf 90' lang='lat' dir='ltr'>lus</span> <span class='ocrx_word' id='word_1_894' title='bbox 2295 5112 2355 5167; x_wconf 88' lang='lat' dir='ltr'>iu</span> <span class='ocrx_word' id='word_1_895' title='bbox 2389 5114 2783 5180; x_wconf 80' lang='lat' dir='ltr'>Calechesibus,</span> <span class='ocrx_word' id='word_1_896' title='bbox 2817 5111 3100 5184; x_wconf 88' lang='lat' dir='ltr'>plurimis</span> <span class='ocrx_word' id='word_1_897' title='bbox 3123 5109 3293 5177; x_wconf 79' lang='lat' dir='ltr'>locis,</span> <span class='ocrx_word' id='word_1_898' title='bbox 3351 5109 3648 5183; x_wconf 86' lang='lat' dir='ltr'>repertam</span> <span class='ocrx_word' id='word_1_899' title='bbox 3683 5109 3819 5165; x_wconf 82' lang='lat' dir='ltr'>sub</span> 
     </span>
    </p>
   </div>
   <div class='ocr_carea' id='block_1_128' title="bbox 2170 5183 3818 5255">
    <p class='ocr_par' dir='ltr' id='par_1_128' title="bbox 2170 5183 3818 5255">
     <span class='ocr_line' id='line_1_132' title="bbox 2170 5183 3818 5255; baseline -0.001 -18"><span class='ocrx_word' id='word_1_900' title='bbox 2170 5183 2555 5240; x_wconf 87' lang='lat' dir='ltr'>Constantino</span> <span class='ocrx_word' id='word_1_901' title='bbox 2584 5183 3153 5255; x_wconf 28' lang='lat' dir='ltr'>crucem’supponit,</span> <span class='ocrx_word' id='word_1_902' title='bbox 3209 5188 3319 5236; x_wconf 88' lang='lat' dir='ltr'>cat.</span> <span class='ocrx_word' id='word_1_903' title='bbox 3390 5185 3444 5249; x_wconf 86' lang='grc'>4,</span> <span class='ocrx_word' id='word_1_904' title='bbox 3507 5200 3669 5238; x_wconf 90' lang='lat' dir='ltr'>num.</span> <span class='ocrx_word' id='word_1_905' title='bbox 3706 5184 3818 5255; x_wconf 75' lang='lat'>10_;</span> 
     </span>
    </p>
   </div>
   <div class='ocr_carea' id='block_1_129' title="bbox 2166 5253 3818 5327">
    <p class='ocr_par' dir='ltr' id='par_1_129' title="bbox 2166 5253 3818 5327">
     <span class='ocr_line' id='line_1_133' title="bbox 2166 5253 3818 5327; baseline -0.001 -18"><span class='ocrx_word' id='word_1_906' title='bbox 2166 5261 2281 5309; x_wconf 73' lang='lat' dir='ltr'>eat.</span> <span class='ocrx_word' id='word_1_907' title='bbox 2318 5258 2401 5311; x_wconf 84' lang='grc'>10.</span> <span class='ocrx_word' id='word_1_908' title='bbox 2437 5272 2476 5310; x_wconf 90' lang='lat' dir='ltr'>n</span> <span class='ocrx_word' id='word_1_909' title='bbox 2530 5259 2613 5311; x_wconf 80' lang='grc'><strong>19.</strong></span> <span class='ocrx_word' id='word_1_910' title='bbox 2675 5253 3083 5327; x_wconf 83' lang='lat' dir='ltr'>Suﬁ&#39;ragautur</span> <span class='ocrx_word' id='word_1_911' title='bbox 3136 5261 3411 5327; x_wconf 85' lang='lat' dir='ltr'>auctores</span> <span class='ocrx_word' id='word_1_912' title='bbox 3463 5253 3818 5327; x_wconf 80' lang='lat' dir='ltr'>gravissimi,</span> 
     </span>
    </p>
   </div>
   <div class='ocr_carea' id='block_1_130' title="bbox 2169 5325 3819 5398">
    <p class='ocr_par' dir='ltr' id='par_1_130' title="bbox 2169 5325 3819 5398">
     <span class='ocr_line' id='line_1_134' title="bbox 2169 5325 3819 5398; baseline -0.001 -18"><span class='ocrx_word' id='word_1_913' title='bbox 2169 5332 2347 5397; x_wconf 85' lang='lat' dir='ltr'>atque</span> <span class='ocrx_word' id='word_1_914' title='bbox 2377 5327 2664 5382; x_wconf 90' lang='lat' dir='ltr'>Eusebius</span> <span class='ocrx_word' id='word_1_915' title='bbox 2695 5328 2819 5398; x_wconf 87' lang='lat' dir='ltr'>ipse</span> <span class='ocrx_word' id='word_1_916' title='bbox 2851 5325 3252 5392; x_wconf 65' lang='lat' dir='ltr'>Caesariensis,</span> <span class='ocrx_word' id='word_1_917' title='bbox 3286 5325 3487 5393; x_wconf 43' lang='lat' dir='ltr'>cujus&#39;</span> <span class='ocrx_word' id='word_1_918' title='bbox 3513 5327 3819 5398; x_wconf 65' lang='lat' dir='ltr'>silentium</span> 
     </span>
    </p>
   </div>
   <div class='ocr_carea' id='block_1_131' title="bbox 2168 5396 3818 5467">
    <p class='ocr_par' dir='ltr' id='par_1_131' title="bbox 2168 5396 3818 5467">
     <span class='ocr_line' id='line_1_135' title="bbox 2168 5396 3818 5467; baseline -0.001 -15"><span class='ocrx_word' id='word_1_919' title='bbox 2168 5396 2864 5455; x_wconf 30' lang='lat' dir='ltr'>ad’detrahendam&#39;facti</span> <span class='ocrx_word' id='word_1_920' title='bbox 2913 5398 3093 5453; x_wconf 86' lang='lat' dir='ltr'>ﬁdem</span> <span class='ocrx_word' id='word_1_921' title='bbox 3155 5403 3508 5467; x_wconf 88' lang='lat' dir='ltr'>usurpatum</span> <span class='ocrx_word' id='word_1_922' title='bbox 3560 5405 3667 5463; x_wconf 85' lang='lat' dir='ltr'>est,</span> <span class='ocrx_word' id='word_1_923' title='bbox 3757 5396 3818 5451; x_wconf 91' lang='lat' dir='ltr'>in</span> 
     </span>
    </p>
   </div>
   <div class='ocr_carea' id='block_1_132' title="bbox 2167 5468 3815 5541">
    <p class='ocr_par' dir='ltr' id='par_1_132' title="bbox 2167 5468 3815 5541">
     <span class='ocr_line' id='line_1_136' title="bbox 2167 5468 3815 5541; baseline -0.002 -17"><span class='ocrx_word' id='word_1_924' title='bbox 2167 5468 2296 5541; x_wconf 90' lang='lat' dir='ltr'>psal</span> <span class='ocrx_word' id='word_1_925' title='bbox 2342 5486 2583 5537; x_wconf 82' lang='lat' dir='ltr'>Lxxxvn,</span> <span class='ocrx_word' id='word_1_926' title='bbox 2617 5487 2782 5527; x_wconf 89' lang='lat' dir='ltr'>num.</span> <span class='ocrx_word' id='word_1_927' title='bbox 2819 5471 2904 5534; x_wconf 85' lang='grc'>13,</span> <span class='ocrx_word' id='word_1_928' title='bbox 2947 5468 3223 5541; x_wconf 89' lang='lat' dir='ltr'>meminit</span> <span class='ocrx_word' id='word_1_929' title='bbox 3251 5469 3677 5541; x_wconf 84' lang='lat' dir='ltr'>miraculorum</span> <span class='ocrx_word' id='word_1_930' title='bbox 3710 5484 3815 5523; x_wconf 89' lang='lat' dir='ltr'>suo</span> 
     </span>
    </p>
   </div>
   <div class='ocr_carea' id='block_1_133' title="bbox 2169 5540 3816 5612">
    <p class='ocr_par' dir='ltr' id='par_1_133' title="bbox 2169 5540 3816 5612">
     <span class='ocr_line' id='line_1_137' title="bbox 2169 5540 3816 5612; baseline -0.001 -17"><span class='ocrx_word' id='word_1_931' title='bbox 2169 5540 2433 5612; x_wconf 85' lang='lat' dir='ltr'>tempore</span> <span class='ocrx_word' id='word_1_932' title='bbox 2464 5542 2537 5597; x_wconf 92' lang='lat' dir='ltr'>ad</span> <span class='ocrx_word' id='word_1_933' title='bbox 2568 5548 3024 5597; x_wconf 88' lang='lat' dir='ltr'>monumentum</span> <span class='ocrx_word' id='word_1_934' title='bbox 3056 5540 3287 5594; x_wconf 84' lang='lat' dir='ltr'>Domini</span> <span class='ocrx_word' id='word_1_935' title='bbox 3320 5540 3632 5597; x_wconf 86' lang='lat' dir='ltr'>factorum.</span> <span class='ocrx_word' id='word_1_936' title='bbox 3684 5556 3816 5612; x_wconf 63' lang='lat' dir='ltr'>quas</span> 
     </span>
    </p>
   </div>
   <div class='ocr_carea' id='block_1_134' title="bbox 2166 5610 3814 5685">
    <p class='ocr_par' dir='ltr' id='par_1_134' title="bbox 2166 5610 3814 5685">
     <span class='ocr_line' id='line_1_138' title="bbox 2166 5610 3814 5685; baseline -0.002 -18"><span class='ocrx_word' id='word_1_937' title='bbox 2166 5610 2406 5669; x_wconf 82' lang='lat' dir='ltr'>nonnisi</span> <span class='ocrx_word' id='word_1_938' title='bbox 2435 5613 2507 5669; x_wconf 90' lang='lat' dir='ltr'>de</span> <span class='ocrx_word' id='word_1_939' title='bbox 2541 5619 2789 5685; x_wconf 83' lang='lat' dir='ltr'>repertae</span> <span class='ocrx_word' id='word_1_940' title='bbox 2817 5613 3010 5668; x_wconf 92' lang='lat' dir='ltr'>crucis</span> <span class='ocrx_word' id='word_1_941' title='bbox 3041 5612 3510 5667; x_wconf 88' lang='lat' dir='ltr'>circumstantiis</span> <span class='ocrx_word' id='word_1_942' title='bbox 3561 5610 3814 5683; x_wconf 85' lang='lat' dir='ltr'>intelligi</span> 
     </span>
    </p>
   </div>
   <div class='ocr_carea' id='block_1_135' title="bbox 2164 5685 2661 5755">
    <p class='ocr_par' dir='ltr' id='par_1_135' title="bbox 2164 5685 2661 5755">
     <span class='ocr_line' id='line_1_139' title="bbox 2164 5685 2661 5755; baseline 0.01 -16"><span class='ocrx_word' id='word_1_943' title='bbox 2164 5700 2340 5755; x_wconf 90' lang='lat' dir='ltr'>posse</span> <span class='ocrx_word' id='word_1_944' title='bbox 2370 5685 2661 5744; x_wconf 88' lang='lat' dir='ltr'>videntur.</span> 
     </span>
    </p>
   </div>
   <div class='ocr_carea' id='block_1_136' title="bbox 2236 5752 3815 5829">
    <p class='ocr_par' dir='ltr' id='par_1_136' title="bbox 2236 5752 3815 5829">
     <span class='ocr_line' id='line_1_140' title="bbox 2236 5752 3815 5829; baseline 0.003 -19"><span class='ocrx_word' id='word_1_945' title='bbox 2236 5757 2314 5829; x_wconf 75' lang='lat'>(8)</span> <span class='ocrx_word' id='word_1_946' title='bbox 2351 5756 2495 5827; x_wconf 81' lang='grc' dir='ltr'>Πρὸς</span> <span class='ocrx_word' id='word_1_947' title='bbox 2525 5756 2618 5811; x_wconf 88' lang='grc' dir='ltr'>τὸν</span> <span class='ocrx_word' id='word_1_948' title='bbox 2650 5752 2799 5814; x_wconf 84' lang='grc' dir='ltr'>Θεόν.</span> <span class='ocrx_word' id='word_1_949' title='bbox 2857 5758 2999 5824; x_wconf 83' lang='lat' dir='ltr'>Roe,</span> <span class='ocrx_word' id='word_1_950' title='bbox 3053 5752 3325 5829; x_wconf 75' lang='lat' dir='ltr'>Casaub.,</span> <span class='ocrx_word' id='word_1_951' title='bbox 3377 5756 3619 5829; x_wconf 82' lang='lat' dir='ltr'>Genov.,</span> <span class='ocrx_word' id='word_1_952' title='bbox 3677 5752 3815 5829; x_wconf 83' lang='grc' dir='ltr'>πρὸς</span> 
     </span>
    </p>
   </div>
   <div class='ocr_carea' id='block_1_137' title="bbox 2161 5825 3499 5902">
    <p class='ocr_par' dir='ltr' id='par_1_137' title="bbox 2161 5825 3499 5902">
     <span class='ocr_line' id='line_1_141' title="bbox 2161 5825 3499 5902; baseline 0.001 -20"><span class='ocrx_word' id='word_1_953' title='bbox 2161 5825 2424 5897; x_wconf 71' lang='grc' dir='ltr'>τὸθεῖον,</span> <span class='ocrx_word' id='word_1_954' title='bbox 2450 5830 2510 5885; x_wconf 74' lang='lat' dir='ltr'>in</span> <span class='ocrx_word' id='word_1_955' title='bbox 2539 5843 2622 5886; x_wconf 80' lang='lat' dir='ltr'>res</span> <span class='ocrx_word' id='word_1_956' title='bbox 2651 5830 2889 5886; x_wconf 75' lang='lat' dir='ltr'>divinas.</span> <span class='ocrx_word' id='word_1_957' title='bbox 2921 5828 3135 5899; x_wconf 81' lang='lat' dir='ltr'>Grets.,</span> <span class='ocrx_word' id='word_1_958' title='bbox 3163 5825 3303 5902; x_wconf 87' lang='grc' dir='ltr'>πρὸς</span> <span class='ocrx_word' id='word_1_959' title='bbox 3341 5826 3499 5884; x_wconf 85' lang='grc' dir='ltr'>Θεόν.</span> 
     </span>
    </p>
   </div>
  </div>
