  <div class='ocr_page' id='page_1' title='image "/cluster/home/n/w/nwhite01/storage/ocr_20150623/33/mdp.39015078384412/592.png"; bbox 0 0 4134 6268; ppageno 0'>
   <div class='ocr_carea' id='block_1_1' title="bbox 329 356 495 417">
    <p class='ocr_par' dir='ltr' id='par_1_1' title="bbox 329 356 495 417">
     <span class='ocr_line' id='line_1_1' title="bbox 329 356 495 417; baseline -0.006 0"><span class='ocrx_word' id='word_1_1' title='bbox 329 356 495 417; x_wconf 78' lang='grc'><strong>1169</strong></span> 
     </span>
    </p>
   </div>
   <div class='ocr_carea' id='block_1_2' title="bbox 1351 342 2694 412">
    <p class='ocr_par' dir='ltr' id='par_1_2' title="bbox 1351 342 2694 412">
     <span class='ocr_line' id='line_1_2' title="bbox 1351 342 2694 412; baseline -0.001 -1"><span class='ocrx_word' id='word_1_2' title='bbox 1351 342 1734 412; x_wconf 84' lang='lat' dir='ltr'>EPISTOLA</span> <span class='ocrx_word' id='word_1_3' title='bbox 1775 351 1884 410; x_wconf 88' lang='lat' dir='ltr'>AD</span> <span class='ocrx_word' id='word_1_4' title='bbox 1925 346 2486 410; x_wconf 84' lang='lat' dir='ltr'>CONSTANTIUM</span> <span class='ocrx_word' id='word_1_5' title='bbox 2533 348 2694 410; x_wconf 81' lang='lat' dir='ltr'>IMP.</span> 
     </span>
    </p>
   </div>
   <div class='ocr_carea' id='block_1_3' title="bbox 3600 357 3757 420">
    <p class='ocr_par' dir='ltr' id='par_1_3' title="bbox 3600 357 3757 420">
     <span class='ocr_line' id='line_1_3' title="bbox 3600 357 3757 420; baseline 0 -4"><span class='ocrx_word' id='word_1_6' title='bbox 3600 357 3757 420; x_wconf 81' lang='grc'>1170</span> 
     </span>
    </p>
   </div>
   <div class='ocr_carea' id='block_1_4' title="bbox 321 482 1987 561">
    <p class='ocr_par' dir='ltr' id='par_1_4' title="bbox 321 483 1987 561">
     <span class='ocr_line' id='line_1_4' title="bbox 321 483 1987 561; baseline -0.007 -17"><span class='ocrx_word' id='word_1_7' title='bbox 321 491 429 544; x_wconf 80' lang='grc' dir='ltr'>τοῦ</span> <span class='ocrx_word' id='word_1_8' title='bbox 462 486 665 561; x_wconf 81' lang='grc' dir='ltr'>Κυρίου</span> <span class='ocrx_word' id='word_1_9' title='bbox 694 486 785 541; x_wconf 85' lang='grc' dir='ltr'>καὶ</span> <span class='ocrx_word' id='word_1_10' title='bbox 843 491 1108 560; x_wconf 81' lang='grc' dir='ltr'>Σωτῆρος</span> <span class='ocrx_word' id='word_1_11' title='bbox 1172 484 1336 557; x_wconf 74' lang='grc' dir='ltr'>ἡμῶν</span> <span class='ocrx_word' id='word_1_12' title='bbox 1394 483 1574 554; x_wconf 85' lang='grc' dir='ltr'>Ἰησοῦ</span> <span class='ocrx_word' id='word_1_13' title='bbox 1603 486 1868 559; x_wconf 78' lang='grc' dir='ltr'>Χριστοῦ,</span> <span class='ocrx_word' id='word_1_14' title='bbox 1899 483 1987 536; x_wconf 69' lang='grc' dir='ltr'>τοῦ</span> 
     </span>
    </p>
   </div>
   <div class='ocr_carea' id='block_1_5' title="bbox 2104 482 3753 561">
    <p class='ocr_par' dir='ltr' id='par_1_5' title="bbox 2109 485 3753 560">
     <span class='ocr_line' id='line_1_5' title="bbox 2109 485 3753 560; baseline 0.008 -25"><span class='ocrx_word' id='word_1_15' title='bbox 2109 486 2397 555; x_wconf 65' lang='lat' dir='ltr'>tropaeum</span> <span class='ocrx_word' id='word_1_16' title='bbox 2428 485 2686 540; x_wconf 61' lang='lat' dir='ltr'>victoria:</span> <span class='ocrx_word' id='word_1_17' title='bbox 2717 503 2788 542; x_wconf 83' lang='lat' dir='ltr'>ex</span> <span class='ocrx_word' id='word_1_18' title='bbox 2817 492 3007 542; x_wconf 91' lang='lat' dir='ltr'>morte</span> <span class='ocrx_word' id='word_1_19' title='bbox 3036 493 3372 560; x_wconf 64' lang='lat' dir='ltr'>reportata,</span> <span class='ocrx_word' id='word_1_20' title='bbox 3421 490 3612 558; x_wconf 88' lang='lat' dir='ltr'>beata,</span> <span class='ocrx_word' id='word_1_21' title='bbox 3660 493 3753 548; x_wconf 86' lang='lat' dir='ltr'>in-</span> 
     </span>
    </p>
   </div>
   <div class='ocr_carea' id='block_1_6' title="bbox 332 571 1996 654">
    <p class='ocr_par' dir='ltr' id='par_1_6' title="bbox 332 571 1996 654">
     <span class='ocr_line' id='line_1_6' title="bbox 332 571 1996 654; baseline -0.005 -22"><span class='ocrx_word' id='word_1_22' title='bbox 332 581 668 654; x_wconf 75' lang='grc' dir='ltr'>μονογενοῦς</span> <span class='ocrx_word' id='word_1_23' title='bbox 714 577 840 630; x_wconf 72' lang='grc' dir='ltr'>Υἱοῦ</span> <span class='ocrx_word' id='word_1_24' title='bbox 887 578 985 630; x_wconf 72' lang='grc' dir='ltr'>τοῦ</span> <span class='ocrx_word' id='word_1_25' title='bbox 1035 578 1190 642; x_wconf 77' lang='grc' dir='ltr'>Θεοῦ,</span> <span class='ocrx_word' id='word_1_26' title='bbox 1241 574 1305 628; x_wconf 83' lang='grc' dir='ltr'>τὸ</span> <span class='ocrx_word' id='word_1_27' title='bbox 1349 577 1446 643; x_wconf 81' lang='grc' dir='ltr'>τῆς</span> <span class='ocrx_word' id='word_1_28' title='bbox 1475 575 1612 628; x_wconf 85' lang='grc' dir='ltr'>κατᾶ</span> <span class='ocrx_word' id='word_1_29' title='bbox 1640 577 1737 628; x_wconf 72' lang='grc' dir='ltr'>τοῦ</span> <span class='ocrx_word' id='word_1_30' title='bbox 1767 571 1996 627; x_wconf 78' lang='grc' dir='ltr'>θανάτου</span> 
     </span>
    </p>
   </div>
   <div class='ocr_carea' id='block_1_7' title="bbox 322 663 2000 744">
    <p class='ocr_par' dir='ltr' id='par_1_7' title="bbox 322 663 2000 744">
     <span class='ocr_line' id='line_1_7' title="bbox 322 663 2000 744; baseline -0.004 -20"><span class='ocrx_word' id='word_1_31' title='bbox 322 670 494 739; x_wconf 84' lang='grc' dir='ltr'>νίκης</span> <span class='ocrx_word' id='word_1_32' title='bbox 524 665 784 744; x_wconf 81' lang='grc' dir='ltr'>τρόπαιον</span> <span class='ocrx_word' id='word_1_33' title='bbox 819 671 914 741; x_wconf 81' lang='grc'>(1),</span> <span class='ocrx_word' id='word_1_34' title='bbox 948 668 976 722; x_wconf 87' lang='grc' dir='ltr'><strong>ὁ</strong></span> <span class='ocrx_word' id='word_1_35' title='bbox 1011 667 1296 741; x_wconf 78' lang='grc' dir='ltr'>μακάριος</span> <span class='ocrx_word' id='word_1_36' title='bbox 1345 665 1488 739; x_wconf 88' lang='grc' dir='ltr'>λέγω</span> <span class='ocrx_word' id='word_1_37' title='bbox 1531 665 1778 740; x_wconf 78' lang='grc' dir='ltr'>σταυρὸς,</span> <span class='ocrx_word' id='word_1_38' title='bbox 1823 663 2000 739; x_wconf 78' lang='grc' dir='ltr'>φωτὸς</span> 
     </span>
    </p>
   </div>
   <div class='ocr_carea' id='block_1_8' title="bbox 325 751 1995 835">
    <p class='ocr_par' dir='ltr' id='par_1_8' title="bbox 325 751 1995 835">
     <span class='ocr_line' id='line_1_8' title="bbox 325 751 1995 835; baseline -0.005 -19"><span class='ocrx_word' id='word_1_39' title='bbox 325 764 719 835; x_wconf 77' lang='grc' dir='ltr'>μαρμαρυγαῖς</span> <span class='ocrx_word' id='word_1_40' title='bbox 778 757 1172 832; x_wconf 76' lang='grc' dir='ltr'>ἀπαστράπτων</span> <span class='ocrx_word' id='word_1_41' title='bbox 1227 755 1278 812; x_wconf 90' lang='grc' dir='ltr'>ἐν</span> <span class='ocrx_word' id='word_1_42' title='bbox 1364 755 1776 832; x_wconf 82' lang='grc' dir='ltr'>Ἱεροσολύμοις</span> <span class='ocrx_word' id='word_1_43' title='bbox 1853 751 1995 824; x_wconf 83' lang='grc' dir='ltr'>ὢοη⁶</span> 
     </span>
    </p>
   </div>
   <div class='ocr_carea' id='block_1_9' title="bbox 403 842 1998 922">
    <p class='ocr_par' dir='ltr' id='par_1_9' title="bbox 403 842 1998 922">
     <span class='ocr_line' id='line_1_9' title="bbox 403 842 1998 922; baseline -0.005 -18"><span class='ocrx_word' id='word_1_44' title='bbox 403 857 474 904; x_wconf 84' lang='grc' dir='ltr'>Δ“.</span> <span class='ocrx_word' id='word_1_45' title='bbox 512 850 600 902; x_wconf 84' lang='grc' dir='ltr'>Ἐν</span> <span class='ocrx_word' id='word_1_46' title='bbox 628 848 732 922; x_wconf 71' lang='grc' dir='ltr'>γὰρ</span> <span class='ocrx_word' id='word_1_47' title='bbox 762 852 882 906; x_wconf 82' lang='grc' dir='ltr'>ταῖς</span> <span class='ocrx_word' id='word_1_48' title='bbox 935 845 1114 920; x_wconf 81' lang='grc' dir='ltr'>ἁγίαις</span> <span class='ocrx_word' id='word_1_49' title='bbox 1167 843 1388 907; x_wconf 80' lang='grc' dir='ltr'>ταύταις</span> <span class='ocrx_word' id='word_1_50' title='bbox 1441 844 1674 920; x_wconf 67' lang='grc' dir='ltr'>⁹ἧμέρσιις</span> <span class='ocrx_word' id='word_1_51' title='bbox 1701 849 1802 913; x_wconf 80' lang='grc' dir='ltr'>τῆς</span> <span class='ocrx_word' id='word_1_52' title='bbox 1838 842 1998 917; x_wconf 83' lang='grc' dir='ltr'>ἁγίας</span> 
     </span>
    </p>
   </div>
   <div class='ocr_carea' id='block_1_10' title="bbox 329 930 1998 1009">
    <p class='ocr_par' dir='ltr' id='par_1_10' title="bbox 329 930 1998 1009">
     <span class='ocr_line' id='line_1_10' title="bbox 329 930 1998 1009; baseline -0.007 -12"><span class='ocrx_word' id='word_1_53' title='bbox 329 943 748 1007; x_wconf 74' lang='grc' dir='ltr'>Ιιεντηκοστῆς,</span> <span class='ocrx_word' id='word_1_54' title='bbox 783 935 1008 998; x_wconf 85' lang='grc' dir='ltr'>Νόνναις</span> <span class='ocrx_word' id='word_1_55' title='bbox 1038 933 1236 997; x_wconf 75' lang='grc' dir='ltr'>Μαίαις</span> <span class='ocrx_word' id='word_1_56' title='bbox 1283 936 1378 1008; x_wconf 85' lang='grc'>(2),</span> <span class='ocrx_word' id='word_1_57' title='bbox 1432 933 1557 1008; x_wconf 84' lang='grc' dir='ltr'>περὶ</span> <span class='ocrx_word' id='word_1_58' title='bbox 1598 932 1786 1009; x_wconf 89' lang='grc' dir='ltr'>τρίτην</span> <span class='ocrx_word' id='word_1_59' title='bbox 1828 930 1998 1007; x_wconf 80' lang='grc' dir='ltr'>ὥραν,</span> 
     </span>
    </p>
   </div>
   <div class='ocr_carea' id='block_1_11' title="bbox 324 1019 1998 1104">
    <p class='ocr_par' dir='ltr' id='par_1_11' title="bbox 324 1019 1998 1104">
     <span class='ocr_line' id='line_1_11' title="bbox 324 1019 1998 1104; baseline -0.005 -20"><span class='ocrx_word' id='word_1_60' title='bbox 324 1029 696 1104; x_wconf 76' lang='grc' dir='ltr'>παμμεγέθης</span> <span class='ocrx_word' id='word_1_61' title='bbox 781 1025 1007 1100; x_wconf 76' lang='grc' dir='ltr'>σταυρὸς</span> <span class='ocrx_word' id='word_1_62' title='bbox 1060 1028 1132 1097; x_wconf 89' lang='grc'>(3)</span> <span class='ocrx_word' id='word_1_63' title='bbox 1191 1023 1251 1079; x_wconf 82' lang='grc' dir='ltr'>ἐκ</span> <span class='ocrx_word' id='word_1_64' title='bbox 1328 1024 1508 1101; x_wconf 76' lang='grc' dir='ltr'>φωτὸς</span> <span class='ocrx_word' id='word_1_65' title='bbox 1571 1019 1998 1094; x_wconf 85' lang='grc' dir='ltr'>κατεσκευασμέ-</span> 
     </span>
    </p>
   </div>
   <div class='ocr_carea' id='block_1_12' title="bbox 325 1111 1999 1192">
    <p class='ocr_par' dir='ltr' id='par_1_12' title="bbox 325 1111 1999 1192">
     <span class='ocr_line' id='line_1_12' title="bbox 325 1111 1999 1192; baseline -0.011 -10"><span class='ocrx_word' id='word_1_66' title='bbox 325 1141 443 1188; x_wconf 85' lang='grc' dir='ltr'>νος,</span> <span class='ocrx_word' id='word_1_67' title='bbox 481 1119 530 1173; x_wconf 80' lang='grc' dir='ltr'>ἐν</span> <span class='ocrx_word' id='word_1_68' title='bbox 567 1117 806 1192; x_wconf 73' lang='grc' dir='ltr'>οὐρανῷ,</span> <span class='ocrx_word' id='word_1_69' title='bbox 852 1115 1102 1191; x_wconf 78' lang='grc' dir='ltr'>ὑπεράνω</span> <span class='ocrx_word' id='word_1_70' title='bbox 1150 1117 1245 1168; x_wconf 76' lang='grc' dir='ltr'>τοῦ</span> <span class='ocrx_word' id='word_1_71' title='bbox 1295 1113 1454 1188; x_wconf 82' lang='grc' dir='ltr'>ἁγίου</span> <span class='ocrx_word' id='word_1_72' title='bbox 1501 1111 1752 1188; x_wconf 80' lang='grc' dir='ltr'>Γολγοθᾶ</span> <span class='ocrx_word' id='word_1_73' title='bbox 1775 1111 1863 1166; x_wconf 85' lang='grc' dir='ltr'>καὶ</span> <span class='ocrx_word' id='word_1_74' title='bbox 1898 1111 1999 1184; x_wconf 81' lang='grc' dir='ltr'>μὲ-</span> 
     </span>
    </p>
   </div>
   <div class='ocr_carea' id='block_1_13' title="bbox 331 1197 1998 1286">
    <p class='ocr_par' dir='ltr' id='par_1_13' title="bbox 331 1197 1998 1286">
     <span class='ocr_line' id='line_1_13' title="bbox 331 1197 1998 1286; baseline -0.007 -23"><span class='ocrx_word' id='word_1_75' title='bbox 331 1229 432 1286; x_wconf 83' lang='grc' dir='ltr'>χρι</span> <span class='ocrx_word' id='word_1_76' title='bbox 462 1212 562 1262; x_wconf 71' lang='grc' dir='ltr'>τοῦ</span> <span class='ocrx_word' id='word_1_77' title='bbox 596 1207 752 1282; x_wconf 68' lang='grc' dir='ltr'>ἁγίου</span> <span class='ocrx_word' id='word_1_78' title='bbox 800 1205 963 1280; x_wconf 85' lang='grc' dir='ltr'>ὅρους</span> <span class='ocrx_word' id='word_1_79' title='bbox 1008 1208 1114 1259; x_wconf 91' lang='grc' dir='ltr'>τῶν</span> <span class='ocrx_word' id='word_1_80' title='bbox 1163 1201 1421 1269; x_wconf 90' lang='grc' dir='ltr'>Ἐλαιῶν,</span> <span class='ocrx_word' id='word_1_81' title='bbox 1463 1200 1813 1274; x_wconf 81' lang='grc' dir='ltr'>ἐκτεταμένος</span> <span class='ocrx_word' id='word_1_82' title='bbox 1845 1197 1998 1277; x_wconf 80' lang='grc' dir='ltr'>ἐφαί-</span> 
     </span>
    </p>
   </div>
   <div class='ocr_carea' id='block_1_14' title="bbox 323 1286 1995 1370">
    <p class='ocr_par' dir='ltr' id='par_1_14' title="bbox 323 1286 1995 1370">
     <span class='ocr_line' id='line_1_14' title="bbox 323 1286 1995 1370; baseline -0.008 -16"><span class='ocrx_word' id='word_1_83' title='bbox 323 1317 473 1354; x_wconf 86' lang='grc' dir='ltr'>νετο·</span> <span class='ocrx_word' id='word_1_84' title='bbox 508 1295 616 1370; x_wconf 73' lang='grc' dir='ltr'>οὐχ</span> <span class='ocrx_word' id='word_1_85' title='bbox 665 1294 740 1349; x_wconf 82' lang='grc' dir='ltr'>ἐνὶ</span> <span class='ocrx_word' id='word_1_86' title='bbox 789 1296 878 1348; x_wconf 87' lang='grc' dir='ltr'>καὶ</span> <span class='ocrx_word' id='word_1_87' title='bbox 930 1290 1163 1369; x_wconf 76' lang='grc' dir='ltr'>δευτέρῳ</span> <span class='ocrx_word' id='word_1_88' title='bbox 1211 1292 1375 1366; x_wconf 88' lang='grc' dir='ltr'>μόνον</span> <span class='ocrx_word' id='word_1_89' title='bbox 1425 1291 1628 1358; x_wconf 72' lang='grc' dir='ltr'>φανεὶς,</span> <span class='ocrx_word' id='word_1_90' title='bbox 1661 1289 1808 1346; x_wconf 80' lang='grc' dir='ltr'>ἀλλὰ</span> <span class='ocrx_word' id='word_1_91' title='bbox 1835 1286 1995 1344; x_wconf 82' lang='grc' dir='ltr'>παντὶ</span> 
     </span>
    </p>
   </div>
   <div class='ocr_carea' id='block_1_15' title="bbox 323 1377 1995 1461">
    <p class='ocr_par' dir='ltr' id='par_1_15' title="bbox 323 1377 1995 1461">
     <span class='ocr_line' id='line_1_15' title="bbox 323 1377 1995 1461; baseline -0.007 -17"><span class='ocrx_word' id='word_1_92' title='bbox 323 1393 410 1461; x_wconf 84' lang='grc' dir='ltr'>τῷ</span> <span class='ocrx_word' id='word_1_93' title='bbox 441 1393 542 1455; x_wconf 75' lang='grc' dir='ltr'>τῆς</span> <span class='ocrx_word' id='word_1_94' title='bbox 573 1383 794 1448; x_wconf 79' lang='grc' dir='ltr'>πόλεως</span> <span class='ocrx_word' id='word_1_95' title='bbox 832 1382 1032 1452; x_wconf 72' lang='grc' dir='ltr'>πλήθει</span> <span class='ocrx_word' id='word_1_96' title='bbox 1084 1382 1436 1459; x_wconf 81' lang='grc' dir='ltr'>φανερώτατα</span> <span class='ocrx_word' id='word_1_97' title='bbox 1483 1378 1738 1456; x_wconf 80' lang='grc' dir='ltr'>δειχθείς.</span> <span class='ocrx_word' id='word_1_98' title='bbox 1771 1377 1889 1454; x_wconf 80' lang='grc' dir='ltr'>Οὐχ</span> <span class='ocrx_word' id='word_1_99' title='bbox 1919 1378 1995 1439; x_wconf 85' lang='grc' dir='ltr'>ὡς</span> 
     </span>
    </p>
   </div>
   <div class='ocr_carea' id='block_1_16' title="bbox 325 1467 1994 1548">
    <p class='ocr_par' dir='ltr' id='par_1_16' title="bbox 325 1467 1994 1548">
     <span class='ocr_line' id='line_1_16' title="bbox 325 1467 1994 1548; baseline -0.007 -14"><span class='ocrx_word' id='word_1_100' title='bbox 325 1481 388 1535; x_wconf 77' lang='grc' dir='ltr'>ἄν</span> <span class='ocrx_word' id='word_1_101' title='bbox 416 1499 500 1540; x_wconf 84' lang='grc' dir='ltr'>τις</span> <span class='ocrx_word' id='word_1_102' title='bbox 538 1477 806 1546; x_wconf 75' lang='grc' dir='ltr'>νοήσειεν,</span> <span class='ocrx_word' id='word_1_103' title='bbox 851 1473 1014 1544; x_wconf 79' lang='grc' dir='ltr'>ὀξέως</span> <span class='ocrx_word' id='word_1_104' title='bbox 1063 1473 1200 1528; x_wconf 83' lang='grc' dir='ltr'>κατᾶ</span> <span class='ocrx_word' id='word_1_105' title='bbox 1250 1470 1540 1548; x_wconf 71' lang='grc' dir='ltr'>φαντασίαν</span> <span class='ocrx_word' id='word_1_106' title='bbox 1594 1467 1994 1545; x_wconf 85' lang='grc' dir='ltr'>παραδραμών’</span> 
     </span>
    </p>
   </div>
   <div class='ocr_carea' id='block_1_17' title="bbox 329 1558 1996 1639">
    <p class='ocr_par' dir='ltr' id='par_1_17' title="bbox 329 1558 1996 1639">
     <span class='ocr_line' id='line_1_17' title="bbox 329 1558 1996 1639; baseline -0.007 -14"><span class='ocrx_word' id='word_1_107' title='bbox 329 1565 459 1626; x_wconf 80' lang='grc' dir='ltr'>ἀλλ’</span> <span class='ocrx_word' id='word_1_108' title='bbox 518 1564 607 1620; x_wconf 81' lang='grc' dir='ltr'>ἐπὶ</span> <span class='ocrx_word' id='word_1_109' title='bbox 665 1561 913 1620; x_wconf 85' lang='grc' dir='ltr'>πλείοσιν</span> <span class='ocrx_word' id='word_1_110' title='bbox 975 1561 1142 1636; x_wconf 84' lang='grc' dir='ltr'>ὥραις</span> <span class='ocrx_word' id='word_1_111' title='bbox 1195 1561 1326 1631; x_wconf 75' lang='grc' dir='ltr'>ὑπὲρ</span> <span class='ocrx_word' id='word_1_112' title='bbox 1385 1567 1488 1638; x_wconf 82' lang='grc' dir='ltr'>γῆν</span> <span class='ocrx_word' id='word_1_113' title='bbox 1557 1558 1996 1639; x_wconf 70' lang='grc' dir='ltr'>ὀφθαλμοφανῶς</span> 
     </span>
    </p>
   </div>
   <div class='ocr_carea' id='block_1_18' title="bbox 331 1650 1992 1731">
    <p class='ocr_par' dir='ltr' id='par_1_18' title="bbox 331 1650 1992 1731">
     <span class='ocr_line' id='line_1_18' title="bbox 331 1650 1992 1731; baseline -0.006 -19"><span class='ocrx_word' id='word_1_114' title='bbox 331 1654 734 1731; x_wconf 70' lang='grc' dir='ltr'>θεωρούμενος,</span> <span class='ocrx_word' id='word_1_115' title='bbox 779 1653 870 1708; x_wconf 82' lang='grc' dir='ltr'>καὶ</span> <span class='ocrx_word' id='word_1_116' title='bbox 935 1657 1055 1713; x_wconf 87' lang='grc' dir='ltr'>ταῖς</span> <span class='ocrx_word' id='word_1_117' title='bbox 1119 1650 1628 1727; x_wconf 85' lang='grc' dir='ltr'>ἆπαστραπτούσαις</span> <span class='ocrx_word' id='word_1_118' title='bbox 1700 1669 1992 1723; x_wconf 86' lang='grc' dir='ltr'>μαρμαρυ-</span> 
     </span>
    </p>
   </div>
   <div class='ocr_carea' id='block_1_19' title="bbox 329 1736 1993 1820">
    <p class='ocr_par' dir='ltr' id='par_1_19' title="bbox 329 1736 1993 1820">
     <span class='ocr_line' id='line_1_19' title="bbox 329 1736 1993 1820; baseline -0.005 -20"><span class='ocrx_word' id='word_1_119' title='bbox 329 1753 455 1820; x_wconf 84' lang='grc' dir='ltr'>γαῖς</span> <span class='ocrx_word' id='word_1_120' title='bbox 495 1745 593 1806; x_wconf 67' lang='grc' dir='ltr'>τὰς</span> <span class='ocrx_word' id='word_1_121' title='bbox 635 1742 870 1814; x_wconf 75' lang='grc' dir='ltr'>ἡλιακὰς</span> <span class='ocrx_word' id='word_1_122' title='bbox 912 1741 1130 1804; x_wconf 86' lang='grc' dir='ltr'>ἀκτῖνας</span> <span class='ocrx_word' id='word_1_123' title='bbox 1179 1742 1425 1811; x_wconf 74' lang='grc' dir='ltr'>νικήσας·</span> <span class='ocrx_word' id='word_1_124' title='bbox 1458 1740 1494 1810; x_wconf 80' lang='grc' dir='ltr'>ἦ</span> <span class='ocrx_word' id='word_1_125' title='bbox 1525 1739 1627 1816; x_wconf 75' lang='grc' dir='ltr'>γὰρ</span> <span class='ocrx_word' id='word_1_126' title='bbox 1677 1736 1739 1793; x_wconf 74' lang='grc' dir='ltr'>ἅν</span> <span class='ocrx_word' id='word_1_127' title='bbox 1775 1738 1861 1793; x_wconf 83' lang='grc' dir='ltr'>ὑπ’</span> <span class='ocrx_word' id='word_1_128' title='bbox 1893 1737 1993 1792; x_wconf 86' lang='grc' dir='ltr'>αύ-</span> 
     </span>
    </p>
   </div>
   <div class='ocr_carea' id='block_1_20' title="bbox 324 1827 2067 1935">
    <p class='ocr_par' dir='ltr' id='par_1_20' title="bbox 324 1827 2067 1935">
     <span class='ocr_line' id='line_1_20' title="bbox 324 1827 2067 1935; baseline -0.006 -43"><span class='ocrx_word' id='word_1_129' title='bbox 324 1841 436 1892; x_wconf 87' lang='grc' dir='ltr'>τῶν</span> <span class='ocrx_word' id='word_1_130' title='bbox 469 1836 776 1907; x_wconf 78' lang='grc' dir='ltr'>νικώμενος</span> <span class='ocrx_word' id='word_1_131' title='bbox 806 1830 1160 1899; x_wconf 81' lang='grc' dir='ltr'>ἐκαλύπτετο,</span> <span class='ocrx_word' id='word_1_132' title='bbox 1194 1831 1241 1886; x_wconf 74' lang='grc' dir='ltr'>εἱ</span> <span class='ocrx_word' id='word_1_133' title='bbox 1294 1831 1370 1903; x_wconf 73' lang='grc' dir='ltr'>μὴ</span> <span class='ocrx_word' id='word_1_134' title='bbox 1424 1827 1793 1905; x_wconf 72' lang='grc' dir='ltr'>δυνατωτέρας</span> <span class='ocrx_word' id='word_1_135' title='bbox 1825 1827 1988 1898; x_wconf 78' lang='grc' dir='ltr'>ἡλίου</span> <span class='ocrx_word' id='word_1_136' title='bbox 2021 1869 2067 1935; x_wconf 80' lang='grc' dir='ltr'><strong>Β</strong></span> 
     </span>
     <span class='ocr_line' id='line_1_21' title="bbox 395 1915 1951 1935; baseline 0 0"><span class='ocrx_word' id='word_1_137' title='bbox 395 1931 416 1935; x_wconf 86' lang='grc'>..</span> <span class='ocrx_word' id='word_1_138' title='bbox 487 1925 498 1935; x_wconf 73' lang='grc' dir='ltr'>ο</span> <span class='ocrx_word' id='word_1_139' title='bbox 553 1927 580 1935; x_wconf 74' lang='grc'>.-</span> <span class='ocrx_word' id='word_1_140' title='bbox 851 1927 872 1935; x_wconf 72' lang='grc' dir='ltr'>.ι</span> <span class='ocrx_word' id='word_1_141' title='bbox 1042 1920 1056 1935; x_wconf 86' lang='lat'><strong><em>\</em></strong></span> <span class='ocrx_word' id='word_1_142' title='bbox 1151 1917 1173 1935; x_wconf 50' lang='grc' dir='ltr'><strong>Χ</strong></span> <span class='ocrx_word' id='word_1_143' title='bbox 1360 1915 1383 1935; x_wconf 57' lang='grc' dir='ltr'><strong>λ</strong></span> <span class='ocrx_word' id='word_1_144' title='bbox 1403 1917 1414 1935; x_wconf 66' lang='grc'><em>9</em></span> <span class='ocrx_word' id='word_1_145' title='bbox 1588 1920 1642 1935; x_wconf 60' lang='grc' dir='ltr'>Ωιι</span> <span class='ocrx_word' id='word_1_146' title='bbox 1731 1919 1755 1935; x_wconf 76' lang='grc' dir='ltr'>ο·</span> <span class='ocrx_word' id='word_1_147' title='bbox 1937 1919 1951 1935; x_wconf 82' lang='lat'><strong><em>\</em></strong></span> 
     </span>
    </p>
   </div>
   <div class='ocr_carea' id='block_1_21' title="bbox 324 1915 1989 1997">
    <p class='ocr_par' dir='ltr' id='par_1_21' title="bbox 324 1915 1989 1997">
     <span class='ocr_line' id='line_1_22' title="bbox 324 1915 1989 1997; baseline -0.006 -17"><span class='ocrx_word' id='word_1_148' title='bbox 324 1931 446 1986; x_wconf 81' lang='grc' dir='ltr'>τοῖς</span> <span class='ocrx_word' id='word_1_149' title='bbox 479 1925 650 1997; x_wconf 79' lang='grc' dir='ltr'>ὁρῶσι</span> <span class='ocrx_word' id='word_1_150' title='bbox 710 1927 944 1996; x_wconf 86' lang='grc' dir='ltr'>παρεῖχε</span> <span class='ocrx_word' id='word_1_151' title='bbox 996 1920 1093 1981; x_wconf 74' lang='grc' dir='ltr'>τὰς</span> <span class='ocrx_word' id='word_1_152' title='bbox 1151 1915 1535 1991; x_wconf 85' lang='grc' dir='ltr'>λαμπηδόνας.</span> <span class='ocrx_word' id='word_1_153' title='bbox 1588 1920 1676 1980; x_wconf 80' lang='grc' dir='ltr'>Ὠς</span> <span class='ocrx_word' id='word_1_154' title='bbox 1723 1919 1859 1972; x_wconf 79' lang='grc' dir='ltr'>ἅπαν</span> <span class='ocrx_word' id='word_1_155' title='bbox 1897 1919 1989 1990; x_wconf 75' lang='grc' dir='ltr'>μὲν</span> 
     </span>
    </p>
   </div>
   <div class='ocr_carea' id='block_1_22' title="bbox 329 2005 1995 2090">
    <p class='ocr_par' dir='ltr' id='par_1_22' title="bbox 329 2005 1995 2090">
     <span class='ocr_line' id='line_1_23' title="bbox 329 2005 1995 2090; baseline -0.006 -20"><span class='ocrx_word' id='word_1_156' title='bbox 329 2017 542 2089; x_wconf 80' lang='grc' dir='ltr'>ἁθρόως</span> <span class='ocrx_word' id='word_1_157' title='bbox 597 2012 823 2084; x_wconf 79' lang='grc' dir='ltr'>ἐξαυτῆς</span> <span class='ocrx_word' id='word_1_158' title='bbox 885 2011 962 2073; x_wconf 65' lang='grc' dir='ltr'>είς</span> <span class='ocrx_word' id='word_1_159' title='bbox 1017 2012 1117 2078; x_wconf 79' lang='grc' dir='ltr'>τήν</span> <span class='ocrx_word' id='word_1_160' title='bbox 1187 2008 1343 2085; x_wconf 83' lang='grc' dir='ltr'>ἁγίαν</span> <span class='ocrx_word' id='word_1_161' title='bbox 1417 2007 1710 2080; x_wconf 74' lang='grc' dir='ltr'>ἐκκλησίαν</span> <span class='ocrx_word' id='word_1_162' title='bbox 1770 2005 1995 2090; x_wconf 78' lang='grc' dir='ltr'>ἐπιδρα-</span> 
     </span>
    </p>
   </div>
   <div class='ocr_carea' id='block_1_23' title="bbox 338 2092 1992 2177">
    <p class='ocr_par' dir='ltr' id='par_1_23' title="bbox 338 2092 1992 2177">
     <span class='ocr_line' id='line_1_24' title="bbox 338 2092 1992 2177; baseline -0.005 -18"><span class='ocrx_word' id='word_1_163' title='bbox 338 2109 459 2177; x_wconf 78' lang='grc' dir='ltr'>μεῖν</span> <span class='ocrx_word' id='word_1_164' title='bbox 485 2105 673 2172; x_wconf 80' lang='grc' dir='ltr'>τὸτῆς</span> <span class='ocrx_word' id='word_1_165' title='bbox 706 2099 926 2163; x_wconf 88' lang='grc' dir='ltr'>πόλεως</span> <span class='ocrx_word' id='word_1_166' title='bbox 973 2098 1213 2168; x_wconf 76' lang='grc' dir='ltr'>πλῆθος,</span> <span class='ocrx_word' id='word_1_167' title='bbox 1265 2103 1345 2171; x_wconf 77' lang='grc' dir='ltr'>τῷ</span> <span class='ocrx_word' id='word_1_168' title='bbox 1402 2099 1504 2168; x_wconf 74' lang='grc' dir='ltr'>τῆς</span> <span class='ocrx_word' id='word_1_169' title='bbox 1554 2097 1805 2159; x_wconf 85' lang='grc' dir='ltr'>θεοπτίας</span> <span class='ocrx_word' id='word_1_170' title='bbox 1837 2092 1992 2176; x_wconf 74' lang='grc' dir='ltr'>φόϐῳ</span> 
     </span>
    </p>
   </div>
   <div class='ocr_carea' id='block_1_24' title="bbox 333 2182 1990 2268">
    <p class='ocr_par' dir='ltr' id='par_1_24' title="bbox 333 2182 1990 2268">
     <span class='ocr_line' id='line_1_25' title="bbox 333 2182 1990 2268; baseline -0.005 -19"><span class='ocrx_word' id='word_1_171' title='bbox 333 2196 450 2268; x_wconf 86' lang='grc' dir='ltr'>μετ’</span> <span class='ocrx_word' id='word_1_172' title='bbox 482 2191 816 2268; x_wconf 72' lang='grc' dir='ltr'>εὐφροσύνης</span> <span class='ocrx_word' id='word_1_173' title='bbox 873 2191 1222 2266; x_wconf 75' lang='grc' dir='ltr'>κατασχεθὲν·</span> <span class='ocrx_word' id='word_1_174' title='bbox 1279 2186 1413 2244; x_wconf 86' lang='grc' dir='ltr'>νέων</span> <span class='ocrx_word' id='word_1_175' title='bbox 1472 2190 1584 2263; x_wconf 70' lang='grc' dir='ltr'>ἅμα</span> <span class='ocrx_word' id='word_1_176' title='bbox 1628 2189 1720 2244; x_wconf 86' lang='grc' dir='ltr'>καὶ</span> <span class='ocrx_word' id='word_1_177' title='bbox 1751 2182 1990 2263; x_wconf 79' lang='grc' dir='ltr'>πρεσϐυ-</span> 
     </span>
    </p>
   </div>
   <div class='ocr_carea' id='block_1_25' title="bbox 326 2278 1988 2360">
    <p class='ocr_par' dir='ltr' id='par_1_25' title="bbox 326 2278 1988 2360">
     <span class='ocr_line' id='line_1_26' title="bbox 326 2278 1988 2360; baseline -0.005 -20"><span class='ocrx_word' id='word_1_178' title='bbox 326 2281 520 2360; x_wconf 81' lang='grc' dir='ltr'>τέρων,</span> <span class='ocrx_word' id='word_1_179' title='bbox 555 2281 764 2359; x_wconf 82' lang='grc' dir='ltr'>ἀνδρῶν</span> <span class='ocrx_word' id='word_1_180' title='bbox 806 2302 864 2336; x_wconf 91' lang='grc' dir='ltr'>τε</span> <span class='ocrx_word' id='word_1_181' title='bbox 903 2281 993 2336; x_wconf 84' lang='grc' dir='ltr'>καὶ</span> <span class='ocrx_word' id='word_1_182' title='bbox 1041 2283 1334 2354; x_wconf 82' lang='grc' dir='ltr'>γυναικῶν,</span> <span class='ocrx_word' id='word_1_183' title='bbox 1387 2278 1477 2334; x_wconf 85' lang='grc' dir='ltr'>καὶ</span> <span class='ocrx_word' id='word_1_184' title='bbox 1537 2280 1716 2349; x_wconf 76' lang='grc' dir='ltr'>πάσης</span> <span class='ocrx_word' id='word_1_185' title='bbox 1746 2278 1988 2348; x_wconf 79' lang='grc' dir='ltr'>ἡλικίας,</span> 
     </span>
    </p>
   </div>
   <div class='ocr_carea' id='block_1_26' title="bbox 321 2366 1990 2448">
    <p class='ocr_par' dir='ltr' id='par_1_26' title="bbox 321 2366 1990 2448">
     <span class='ocr_line' id='line_1_27' title="bbox 321 2366 1990 2448; baseline -0.004 -18"><span class='ocrx_word' id='word_1_186' title='bbox 321 2376 407 2430; x_wconf 76' lang='grc' dir='ltr'>καὶ</span> <span class='ocrx_word' id='word_1_187' title='bbox 449 2377 650 2448; x_wconf 66' lang='grc' dir='ltr'>μέχρις</span> <span class='ocrx_word' id='word_1_188' title='bbox 702 2371 878 2426; x_wconf 80' lang='grc' dir='ltr'>αὐτῶν</span> <span class='ocrx_word' id='word_1_189' title='bbox 923 2367 1032 2441; x_wconf 74' lang='grc' dir='ltr'>ἤδη</span> <span class='ocrx_word' id='word_1_190' title='bbox 1082 2375 1190 2425; x_wconf 91' lang='grc' dir='ltr'>τῶν</span> <span class='ocrx_word' id='word_1_191' title='bbox 1237 2372 1356 2425; x_wconf 86' lang='grc' dir='ltr'>κατ’</span> <span class='ocrx_word' id='word_1_192' title='bbox 1395 2367 1576 2431; x_wconf 74' lang='grc' dir='ltr'>θ’ίκους</span> <span class='ocrx_word' id='word_1_193' title='bbox 1607 2366 1990 2441; x_wconf 81' lang='grc' dir='ltr'>Θαλαμευομέ-</span> 
     </span>
    </p>
   </div>
   <div class='ocr_carea' id='block_1_27' title="bbox 323 2459 1986 2538">
    <p class='ocr_par' dir='ltr' id='par_1_27' title="bbox 323 2459 1986 2538">
     <span class='ocr_line' id='line_1_28' title="bbox 323 2459 1986 2538; baseline -0.005 -20"><span class='ocrx_word' id='word_1_194' title='bbox 323 2486 432 2519; x_wconf 90' lang='grc' dir='ltr'>νων</span> <span class='ocrx_word' id='word_1_195' title='bbox 466 2469 676 2538; x_wconf 82' lang='grc' dir='ltr'>κορῶν·</span> <span class='ocrx_word' id='word_1_196' title='bbox 729 2459 992 2516; x_wconf 83' lang='grc' dir='ltr'>ἐντοπίων</span> <span class='ocrx_word' id='word_1_197' title='bbox 1037 2480 1098 2515; x_wconf 88' lang='grc' dir='ltr'>τε</span> <span class='ocrx_word' id='word_1_198' title='bbox 1139 2459 1231 2514; x_wconf 83' lang='grc' dir='ltr'>καὶ</span> <span class='ocrx_word' id='word_1_199' title='bbox 1285 2459 1446 2530; x_wconf 70' lang='grc' dir='ltr'>ξένων</span> <span class='ocrx_word' id='word_1_200' title='bbox 1494 2461 1596 2532; x_wconf 80' lang='grc'>(4),</span> <span class='ocrx_word' id='word_1_201' title='bbox 1652 2461 1986 2533; x_wconf 77' lang='grc' dir='ltr'>Χριστιανῶν</span> 
     </span>
    </p>
   </div>
   <div class='ocr_carea' id='block_1_28' title="bbox 316 2547 1987 2626">
    <p class='ocr_par' dir='ltr' id='par_1_28' title="bbox 316 2547 1987 2626">
     <span class='ocr_line' id='line_1_29' title="bbox 316 2547 1987 2626; baseline -0.003 -15"><span class='ocrx_word' id='word_1_202' title='bbox 316 2576 377 2611; x_wconf 89' lang='grc' dir='ltr'>τε</span> <span class='ocrx_word' id='word_1_203' title='bbox 421 2555 556 2626; x_wconf 72' lang='grc' dir='ltr'>ἃμα,</span> <span class='ocrx_word' id='word_1_204' title='bbox 612 2551 699 2608; x_wconf 82' lang='grc' dir='ltr'>καὶ</span> <span class='ocrx_word' id='word_1_205' title='bbox 748 2556 856 2607; x_wconf 88' lang='grc' dir='ltr'>τῶν</span> <span class='ocrx_word' id='word_1_206' title='bbox 905 2549 1218 2626; x_wconf 81' lang='grc' dir='ltr'>ἀλλαχόθεν</span> <span class='ocrx_word' id='word_1_207' title='bbox 1271 2547 1691 2622; x_wconf 75' lang='grc' dir='ltr'>ἐπιδημούντων</span> <span class='ocrx_word' id='word_1_208' title='bbox 1746 2549 1987 2606; x_wconf 76' lang='grc' dir='ltr'>ἐθνικῶν.</span> 
     </span>
    </p>
   </div>
   <div class='ocr_carea' id='block_1_29' title="bbox 321 2638 1986 2716">
    <p class='ocr_par' dir='ltr' id='par_1_29' title="bbox 321 2638 1986 2716">
     <span class='ocr_line' id='line_1_30' title="bbox 321 2638 1986 2716; baseline -0.004 -18"><span class='ocrx_word' id='word_1_209' title='bbox 321 2641 708 2716; x_wconf 78' lang='grc' dir='ltr'>Ὀμοθυμαδὸν</span> <span class='ocrx_word' id='word_1_210' title='bbox 762 2639 817 2696; x_wconf 75' lang='grc' dir='ltr'>δὲ</span> <span class='ocrx_word' id='word_1_211' title='bbox 873 2642 1116 2710; x_wconf 80' lang='grc' dir='ltr'>πάντων,</span> <span class='ocrx_word' id='word_1_212' title='bbox 1167 2639 1242 2700; x_wconf 85' lang='grc' dir='ltr'>ὡς</span> <span class='ocrx_word' id='word_1_213' title='bbox 1293 2639 1344 2710; x_wconf 81' lang='grc' dir='ltr'>ἐξ</span> <span class='ocrx_word' id='word_1_214' title='bbox 1399 2638 1512 2699; x_wconf 73' lang='grc' dir='ltr'>ἑνὸς</span> <span class='ocrx_word' id='word_1_215' title='bbox 1546 2638 1816 2712; x_wconf 79' lang='grc' dir='ltr'>στόματος</span> <span class='ocrx_word' id='word_1_216' title='bbox 1844 2639 1986 2714; x_wconf 88' lang='grc' dir='ltr'>Χρι-</span> 
     </span>
    </p>
   </div>
   <div class='ocr_carea' id='block_1_30' title="bbox 326 2727 1984 2802">
    <p class='ocr_par' dir='ltr' id='par_1_30' title="bbox 326 2727 1984 2802">
     <span class='ocr_line' id='line_1_31' title="bbox 326 2727 1984 2802; baseline -0.003 -16"><span class='ocrx_word' id='word_1_217' title='bbox 326 2734 454 2787; x_wconf 83' lang='grc' dir='ltr'>στὸν</span> <span class='ocrx_word' id='word_1_218' title='bbox 492 2736 679 2801; x_wconf 74' lang='grc' dir='ltr'>Ιησοῦν</span> <span class='ocrx_word' id='word_1_219' title='bbox 735 2730 828 2786; x_wconf 86' lang='grc' dir='ltr'>τὸν</span> <span class='ocrx_word' id='word_1_220' title='bbox 893 2727 1091 2802; x_wconf 79' lang='grc' dir='ltr'>Κύριον</span> <span class='ocrx_word' id='word_1_221' title='bbox 1150 2731 1335 2802; x_wconf 80' lang='grc' dir='ltr'>ἡμῶν,</span> <span class='ocrx_word' id='word_1_222' title='bbox 1394 2729 1516 2782; x_wconf 79' lang='grc' dir='ltr'>Υἱὸν</span> <span class='ocrx_word' id='word_1_223' title='bbox 1574 2731 1672 2782; x_wconf 78' lang='grc' dir='ltr'>τοῦ</span> <span class='ocrx_word' id='word_1_224' title='bbox 1729 2731 1862 2782; x_wconf 74' lang='grc' dir='ltr'>Θεοῦ</span> <span class='ocrx_word' id='word_1_225' title='bbox 1892 2728 1984 2781; x_wconf 89' lang='grc' dir='ltr'>τὸν</span> 
     </span>
    </p>
   </div>
   <div class='ocr_carea' id='block_1_31' title="bbox 328 2816 1984 2898">
    <p class='ocr_par' dir='ltr' id='par_1_31' title="bbox 328 2816 1984 2898">
     <span class='ocr_line' id='line_1_32' title="bbox 328 2816 1984 2898; baseline -0.003 -21"><span class='ocrx_word' id='word_1_226' title='bbox 328 2829 628 2898; x_wconf 80' lang='grc' dir='ltr'>μονογενῆ,</span> <span class='ocrx_word' id='word_1_227' title='bbox 679 2823 773 2876; x_wconf 87' lang='grc' dir='ltr'>τὸν</span> <span class='ocrx_word' id='word_1_228' title='bbox 832 2820 1240 2893; x_wconf 83' lang='grc' dir='ltr'>Θαυματοποιὸν</span> <span class='ocrx_word' id='word_1_229' title='bbox 1296 2819 1678 2892; x_wconf 85' lang='grc' dir='ltr'>ἀνυμνούντων</span> <span class='ocrx_word' id='word_1_230' title='bbox 1844 2816 1984 2893; x_wconf 80' lang='grc' dir='ltr'>ἔργῳ</span> 
     </span>
    </p>
   </div>
   <div class='ocr_carea' id='block_1_32' title="bbox 315 2905 1985 2987">
    <p class='ocr_par' dir='ltr' id='par_1_32' title="bbox 315 2905 1985 2987">
     <span class='ocr_line' id='line_1_33' title="bbox 315 2905 1985 2987; baseline -0.003 -20"><span class='ocrx_word' id='word_1_231' title='bbox 315 2934 375 2968; x_wconf 89' lang='grc' dir='ltr'>τε</span> <span class='ocrx_word' id='word_1_232' title='bbox 433 2913 521 2966; x_wconf 78' lang='grc' dir='ltr'>καὶ</span> <span class='ocrx_word' id='word_1_233' title='bbox 578 2911 742 2987; x_wconf 81' lang='grc' dir='ltr'>πείρᾳ</span> <span class='ocrx_word' id='word_1_234' title='bbox 831 2905 1282 2980; x_wconf 78' lang='grc' dir='ltr'>παραλαϐόντων,</span> <span class='ocrx_word' id='word_1_235' title='bbox 1360 2910 1444 2963; x_wconf 81' lang='grc' dir='ltr'>ὅτι</span> <span class='ocrx_word' id='word_1_236' title='bbox 1529 2913 1868 2984; x_wconf 80' lang='grc' dir='ltr'>Χριστιανῶν</span> <span class='ocrx_word' id='word_1_237' title='bbox 1921 2909 1985 2962; x_wconf 86' lang='grc' dir='ltr'>τὸ</span> 
     </span>
    </p>
   </div>
   <div class='ocr_carea' id='block_1_33' title="bbox 319 2994 1985 3077">
    <p class='ocr_par' dir='ltr' id='par_1_33' title="bbox 319 2994 1985 3077">
     <span class='ocr_line' id='line_1_34' title="bbox 319 2994 1985 3077; baseline -0.004 -20"><span class='ocrx_word' id='word_1_238' title='bbox 319 2999 503 3077; x_wconf 80' lang='grc' dir='ltr'>δόγμα</span> <span class='ocrx_word' id='word_1_239' title='bbox 562 3002 625 3056; x_wconf 85' lang='grc' dir='ltr'>τὸ</span> <span class='ocrx_word' id='word_1_240' title='bbox 683 2994 1030 3069; x_wconf 72' lang='grc' dir='ltr'>πανευσεϐἒς,</span> <span class='ocrx_word' id='word_1_241' title='bbox 1081 2997 1198 3055; x_wconf 78' lang='grc' dir='ltr'>Οὐκ</span> <span class='ocrx_word' id='word_1_242' title='bbox 1253 2996 1304 3052; x_wconf 87' lang='grc' dir='ltr'>ἐν</span> <span class='ocrx_word' id='word_1_243' title='bbox 1365 3003 1576 3062; x_wconf 71' lang='grc' dir='ltr'>πειθοῖ(</span> <span class='ocrx_word' id='word_1_244' title='bbox 1637 2997 1826 3074; x_wconf 76' lang='grc' dir='ltr'>σοφίας</span> <span class='ocrx_word' id='word_1_245' title='bbox 1874 2995 1985 3051; x_wconf 80' lang='grc' dir='ltr'>ἐστὶ</span> 
     </span>
    </p>
   </div>
   <div class='ocr_carea' id='block_1_34' title="bbox 318 3084 1986 3168">
    <p class='ocr_par' dir='ltr' id='par_1_34' title="bbox 318 3084 1986 3168">
     <span class='ocr_line' id='line_1_35' title="bbox 318 3084 1986 3168; baseline -0.004 -22"><span class='ocrx_word' id='word_1_246' title='bbox 318 3093 531 3168; x_wconf 78' lang='grc' dir='ltr'>Αόγοις,</span> <span class='ocrx_word' id='word_1_247' title='bbox 624 3088 750 3145; x_wconf 82' lang='grc' dir='ltr'>ἀλλ’</span> <span class='ocrx_word' id='word_1_248' title='bbox 835 3087 887 3144; x_wconf 88' lang='grc' dir='ltr'>ἐν</span> <span class='ocrx_word' id='word_1_249' title='bbox 977 3085 1250 3159; x_wconf 76' lang='grc' dir='ltr'>ἀποδείξει</span> <span class='ocrx_word' id='word_1_250' title='bbox 1309 3086 1622 3161; x_wconf 86' lang='grc' dir='ltr'>Πνεύματος</span> <span class='ocrx_word' id='word_1_251' title='bbox 1673 3088 1763 3142; x_wconf 87' lang='grc' dir='ltr'>καὶ</span> <span class='ocrx_word' id='word_1_252' title='bbox 1823 3084 1986 3140; x_wconf 76' lang='grc' dir='ltr'>δυνά-</span> 
     </span>
    </p>
   </div>
   <div class='ocr_carea' id='block_1_35' title="bbox 323 3173 1978 3253">
    <p class='ocr_par' dir='ltr' id='par_1_35' title="bbox 323 3173 1978 3253">
     <span class='ocr_line' id='line_1_36' title="bbox 323 3173 1978 3253; baseline -0.002 -20"><span class='ocrx_word' id='word_1_253' title='bbox 323 3199 484 3252; x_wconf 81' lang='grc' dir='ltr'>μεως·</span> <span class='ocrx_word' id='word_1_254' title='bbox 547 3177 658 3253; x_wconf 77' lang='grc' dir='ltr'>οὐχ</span> <span class='ocrx_word' id='word_1_255' title='bbox 714 3177 802 3232; x_wconf 84' lang='grc' dir='ltr'>ὑπ’</span> <span class='ocrx_word' id='word_1_256' title='bbox 858 3175 1161 3249; x_wconf 82' lang='grc' dir='ltr'>ἀνθρώπων</span> <span class='ocrx_word' id='word_1_257' title='bbox 1224 3176 1390 3249; x_wconf 85' lang='grc' dir='ltr'>μόνον</span> <span class='ocrx_word' id='word_1_258' title='bbox 1448 3173 1978 3252; x_wconf 81' lang='grc' dir='ltr'>καταγγελλόμενον,</span> 
     </span>
    </p>
   </div>
   <div class='ocr_carea' id='block_1_36' title="bbox 318 3265 1523 3343">
    <p class='ocr_par' dir='ltr' id='par_1_36' title="bbox 318 3265 1523 3343">
     <span class='ocr_line' id='line_1_37' title="bbox 318 3265 1523 3343; baseline -0.002 -18"><span class='ocrx_word' id='word_1_259' title='bbox 318 3268 443 3325; x_wconf 84' lang='grc' dir='ltr'>ἀλλ’</span> <span class='ocrx_word' id='word_1_260' title='bbox 478 3269 528 3340; x_wconf 80' lang='grc' dir='ltr'>ἐξ</span> <span class='ocrx_word' id='word_1_261' title='bbox 562 3268 807 3343; x_wconf 75' lang='grc' dir='ltr'>οὐρανῶν</span> <span class='ocrx_word' id='word_1_262' title='bbox 841 3265 1022 3320; x_wconf 85' lang='grc' dir='ltr'>θεόθεν</span> <span class='ocrx_word' id='word_1_263' title='bbox 1059 3265 1523 3342; x_wconf 84' lang='grc' dir='ltr'>μαρτυρούμενον.</span> 
     </span>
    </p>
   </div>
   <div class='ocr_carea' id='block_1_37' title="bbox 386 3442 1984 3520">
    <p class='ocr_par' dir='ltr' id='par_1_37' title="bbox 386 3442 1984 3520">
     <span class='ocr_line' id='line_1_38' title="bbox 386 3442 1984 3520; baseline -0.005 -14"><span class='ocrx_word' id='word_1_264' title='bbox 386 3451 464 3508; x_wconf 75' lang='grc' dir='ltr'>Κ.</span> <span class='ocrx_word' id='word_1_265' title='bbox 500 3449 656 3505; x_wconf 85' lang='grc' dir='ltr'>Ἐπει</span> <span class='ocrx_word' id='word_1_266' title='bbox 684 3443 866 3500; x_wconf 89' lang='grc' dir='ltr'>τοίνυν</span> <span class='ocrx_word' id='word_1_267' title='bbox 895 3446 970 3517; x_wconf 88' lang='grc'>(6)</span> <span class='ocrx_word' id='word_1_268' title='bbox 1009 3445 1176 3517; x_wconf 83' lang='grc' dir='ltr'>ἡμεῖς</span> <span class='ocrx_word' id='word_1_269' title='bbox 1234 3442 1286 3497; x_wconf 77' lang='grc' dir='ltr'>οἱ</span> <span class='ocrx_word' id='word_1_270' title='bbox 1343 3449 1443 3513; x_wconf 82' lang='grc' dir='ltr'>τῆς</span> <span class='ocrx_word' id='word_1_271' title='bbox 1500 3442 1868 3520; x_wconf 72' lang='grc' dir='ltr'>Ἰερουσαλὴμ</span> <span class='ocrx_word' id='word_1_272' title='bbox 1898 3445 1984 3499; x_wconf 78' lang='grc' dir='ltr'>οἱ·</span> 
     </span>
    </p>
   </div>
   <div class='ocr_carea' id='block_1_38' title="bbox 317 3529 1980 3613">
    <p class='ocr_par' dir='ltr' id='par_1_38' title="bbox 317 3529 1980 3613">
     <span class='ocr_line' id='line_1_39' title="bbox 317 3529 1980 3613; baseline -0.004 -19"><span class='ocrx_word' id='word_1_273' title='bbox 317 3541 568 3613; x_wconf 74' lang='grc' dir='ltr'>κήτορες,</span> <span class='ocrx_word' id='word_1_274' title='bbox 628 3537 690 3592; x_wconf 87' lang='grc' dir='ltr'>τὸ</span> <span class='ocrx_word' id='word_1_275' title='bbox 743 3539 838 3589; x_wconf 68' lang='grc' dir='ltr'>τοῦ</span> <span class='ocrx_word' id='word_1_276' title='bbox 894 3533 1168 3607; x_wconf 82' lang='grc' dir='ltr'>θαύματος</span> <span class='ocrx_word' id='word_1_277' title='bbox 1227 3530 1534 3608; x_wconf 82' lang='grc' dir='ltr'>παράδοξον</span> <span class='ocrx_word' id='word_1_278' title='bbox 1592 3532 1779 3595; x_wconf 85' lang='grc' dir='ltr'>αὐταῖς</span> <span class='ocrx_word' id='word_1_279' title='bbox 1827 3529 1980 3608; x_wconf 78' lang='grc' dir='ltr'>ὄψεσι</span> 
     </span>
    </p>
   </div>
   <div class='ocr_carea' id='block_1_39' title="bbox 322 3616 1981 3703">
    <p class='ocr_par' dir='ltr' id='par_1_39' title="bbox 322 3616 1981 3703">
     <span class='ocr_line' id='line_1_40' title="bbox 322 3616 1981 3703; baseline -0.005 -19"><span class='ocrx_word' id='word_1_280' title='bbox 322 3621 757 3703; x_wconf 74' lang='grc' dir='ltr'>παραλαϐόντες,</span> <span class='ocrx_word' id='word_1_281' title='bbox 807 3627 922 3697; x_wconf 87' lang='grc' dir='ltr'>Θεῷ</span> <span class='ocrx_word' id='word_1_282' title='bbox 973 3623 1069 3696; x_wconf 74' lang='grc' dir='ltr'>μὲν</span> <span class='ocrx_word' id='word_1_283' title='bbox 1115 3626 1194 3695; x_wconf 82' lang='grc' dir='ltr'>τῷ</span> <span class='ocrx_word' id='word_1_284' title='bbox 1241 3616 1610 3696; x_wconf 80' lang='grc' dir='ltr'>Παμϐασιλεῖ,</span> <span class='ocrx_word' id='word_1_285' title='bbox 1643 3622 1732 3677; x_wconf 84' lang='grc' dir='ltr'>καὶ</span> <span class='ocrx_word' id='word_1_286' title='bbox 1766 3620 1874 3696; x_wconf 51' lang='lat' dir='ltr'>fit?)</span> <span class='ocrx_word' id='word_1_287' title='bbox 1904 3628 1981 3697; x_wconf 82' lang='grc' dir='ltr'>τῷ</span> 
     </span>
    </p>
   </div>
   <div class='ocr_carea' id='block_1_40' title="bbox 394 3765 1430 3839">
    <p class='ocr_par' dir='ltr' id='par_1_40' title="bbox 394 3765 1430 3839">
     <span class='ocr_line' id='line_1_41' title="bbox 394 3765 1430 3839; baseline -0.004 -13"><span class='ocrx_word' id='word_1_288' title='bbox 394 3771 442 3808; x_wconf 78' lang='grc' dir='ltr'>³ο</span> <span class='ocrx_word' id='word_1_289' title='bbox 470 3773 493 3825; x_wconf 92' lang='grc' dir='ltr'><strong>Ι</strong></span> <span class='ocrx_word' id='word_1_290' title='bbox 525 3770 655 3825; x_wconf 92' lang='lat' dir='ltr'>Cor.</span> <span class='ocrx_word' id='word_1_291' title='bbox 689 3785 749 3839; x_wconf 86' lang='grc' dir='ltr'>ιι,</span> <span class='ocrx_word' id='word_1_292' title='bbox 781 3769 835 3823; x_wconf 75' lang='grc'><strong>4.</strong></span> <span class='ocrx_word' id='word_1_293' title='bbox 913 3765 957 3801; x_wconf 78' lang='grc'>²¹</span> <span class='ocrx_word' id='word_1_294' title='bbox 988 3765 1162 3824; x_wconf 90' lang='lat' dir='ltr'>Hebr.</span> <span class='ocrx_word' id='word_1_295' title='bbox 1195 3783 1253 3835; x_wconf 91' lang='grc' dir='ltr'>ιι,</span> <span class='ocrx_word' id='word_1_296' title='bbox 1289 3768 1342 3836; x_wconf 84' lang='grc'>3,</span> <span class='ocrx_word' id='word_1_297' title='bbox 1374 3767 1430 3822; x_wconf 78' lang='grc'><strong>4.</strong></span> 
     </span>
    </p>
   </div>
   <div class='ocr_carea' id='block_1_41' title="bbox 395 3909 1980 3988">
    <p class='ocr_par' dir='ltr' id='par_1_41' title="bbox 395 3909 1980 3988">
     <span class='ocr_line' id='line_1_42' title="bbox 395 3909 1980 3988; baseline -0.001 -20"><span class='ocrx_word' id='word_1_298' title='bbox 395 3921 466 3986; x_wconf 82' lang='grc' dir='ltr'>(ι)</span> <span class='ocrx_word' id='word_1_299' title='bbox 523 3914 594 3969; x_wconf 85' lang='grc' dir='ltr'>Τὸ</span> <span class='ocrx_word' id='word_1_300' title='bbox 650 3915 748 3980; x_wconf 78' lang='grc' dir='ltr'>τῆς</span> <span class='ocrx_word' id='word_1_301' title='bbox 805 3911 942 3966; x_wconf 83' lang='grc' dir='ltr'>κατᾶ</span> <span class='ocrx_word' id='word_1_302' title='bbox 1010 3915 1106 3966; x_wconf 79' lang='grc' dir='ltr'>τοῦ</span> <span class='ocrx_word' id='word_1_303' title='bbox 1185 3911 1414 3974; x_wconf 72' lang='grc' dir='ltr'>θανᾶτου</span> <span class='ocrx_word' id='word_1_304' title='bbox 1489 3909 1642 3988; x_wconf 77' lang='grc' dir='ltr'>νίκης</span> <span class='ocrx_word' id='word_1_305' title='bbox 1697 3909 1980 3988; x_wconf 77' lang='grc' dir='ltr'>τρόπαιον,</span> 
     </span>
    </p>
   </div>
   <div class='ocr_carea' id='block_1_42' title="bbox 324 3984 1984 4055">
    <p class='ocr_par' dir='ltr' id='par_1_42' title="bbox 324 3984 1984 4055">
     <span class='ocr_line' id='line_1_43' title="bbox 324 3984 1984 4055; baseline -0.004 -9"><span class='ocrx_word' id='word_1_306' title='bbox 324 3984 565 4046; x_wconf 61' lang='grc' dir='ltr'>υἰοιονίω</span> <span class='ocrx_word' id='word_1_307' title='bbox 595 3987 851 4042; x_wconf 83' lang='lat' dir='ltr'>adversus</span> <span class='ocrx_word' id='word_1_308' title='bbox 908 3992 1137 4039; x_wconf 85' lang='lat' dir='ltr'>mortem</span> <span class='ocrx_word' id='word_1_309' title='bbox 1190 3991 1476 4055; x_wconf 69' lang='lat' dir='ltr'>tropaeum.</span> <span class='ocrx_word' id='word_1_310' title='bbox 1510 3984 1822 4040; x_wconf 64' lang='lat' dir='ltr'>Mutavi&#39;ex</span> <span class='ocrx_word' id='word_1_311' title='bbox 1855 3986 1984 4040; x_wconf 88' lang='lat' dir='ltr'>sola</span> 
     </span>
    </p>
   </div>
   <div class='ocr_carea' id='block_1_43' title="bbox 325 4055 1984 4133">
    <p class='ocr_par' dir='ltr' id='par_1_43' title="bbox 325 4055 1984 4133">
     <span class='ocr_line' id='line_1_44' title="bbox 325 4055 1984 4133; baseline -0.004 -16"><span class='ocrx_word' id='word_1_312' title='bbox 325 4065 689 4133; x_wconf 80' lang='lat' dir='ltr'>conjectura,</span> <span class='ocrx_word' id='word_1_313' title='bbox 723 4055 883 4133; x_wconf 79' lang='lat' dir='ltr'>quod</span> <span class='ocrx_word' id='word_1_314' title='bbox 911 4057 971 4110; x_wconf 92' lang='lat' dir='ltr'>in</span> <span class='ocrx_word' id='word_1_315' title='bbox 997 4055 1277 4133; x_wconf 76' lang='lat' dir='ltr'>omnibus</span> <span class='ocrx_word' id='word_1_316' title='bbox 1304 4057 1481 4133; x_wconf 75' lang='lat' dir='ltr'>editis</span> <span class='ocrx_word' id='word_1_317' title='bbox 1514 4062 1572 4133; x_wconf 84' lang='lat' dir='ltr'>et</span> <span class='ocrx_word' id='word_1_318' title='bbox 1599 4073 1744 4133; x_wconf 81' lang='lat' dir='ltr'>mss.</span> <span class='ocrx_word' id='word_1_319' title='bbox 1769 4057 1984 4133; x_wconf 80' lang='lat' dir='ltr'>codici-</span> 
     </span>
    </p>
   </div>
   <div class='ocr_carea' id='block_1_44' title="bbox 326 4126 1984 4199">
    <p class='ocr_par' dir='ltr' id='par_1_44' title="bbox 326 4126 1984 4199">
     <span class='ocr_line' id='line_1_45' title="bbox 326 4126 1984 4199; baseline -0.008 -10"><span class='ocrx_word' id='word_1_320' title='bbox 326 4126 452 4188; x_wconf 45' lang='lat' dir='ltr'>bus&quot;</span> <span class='ocrx_word' id='word_1_321' title='bbox 488 4126 760 4194; x_wconf 65' lang='lat' dir='ltr'>habetur,</span> <span class='ocrx_word' id='word_1_322' title='bbox 811 4126 872 4181; x_wconf 85' lang='grc' dir='ltr'>τὸ</span> <span class='ocrx_word' id='word_1_323' title='bbox 927 4126 1064 4180; x_wconf 83' lang='grc' dir='ltr'>κατᾶ</span> <span class='ocrx_word' id='word_1_324' title='bbox 1117 4127 1216 4191; x_wconf 73' lang='grc' dir='ltr'>τῆς</span> <span class='ocrx_word' id='word_1_325' title='bbox 1271 4130 1370 4180; x_wconf 79' lang='grc' dir='ltr'>τοῦ</span> <span class='ocrx_word' id='word_1_326' title='bbox 1403 4128 1634 4181; x_wconf 76' lang='grc' dir='ltr'>Θανάτου</span> <span class='ocrx_word' id='word_1_327' title='bbox 1665 4128 1824 4194; x_wconf 90' lang='grc' dir='ltr'>νίκης</span> <span class='ocrx_word' id='word_1_328' title='bbox 1852 4127 1984 4199; x_wconf 79' lang='grc' dir='ltr'>τρό-</span> 
     </span>
    </p>
   </div>
   <div class='ocr_carea' id='block_1_45' title="bbox 328 4200 1981 4272">
    <p class='ocr_par' dir='ltr' id='par_1_45' title="bbox 328 4200 1981 4272">
     <span class='ocr_line' id='line_1_46' title="bbox 328 4200 1981 4272; baseline -0.004 -14"><span class='ocrx_word' id='word_1_329' title='bbox 328 4225 510 4258; x_wconf 85' lang='grc' dir='ltr'>παιον.</span> <span class='ocrx_word' id='word_1_330' title='bbox 547 4211 808 4272; x_wconf 77' lang='lat' dir='ltr'>tropazum</span> <span class='ocrx_word' id='word_1_331' title='bbox 850 4206 1042 4272; x_wconf 72' lang='lat' dir='ltr'>contra</span> <span class='ocrx_word' id='word_1_332' title='bbox 1073 4200 1264 4253; x_wconf 83' lang='lat' dir='ltr'>mortis</span> <span class='ocrx_word' id='word_1_333' title='bbox 1316 4201 1622 4272; x_wconf 75' lang='lat' dir='ltr'>victoriam.</span> <span class='ocrx_word' id='word_1_334' title='bbox 1657 4200 1981 4272; x_wconf 80' lang='lat' dir='ltr'>Verborum.</span> 
     </span>
    </p>
   </div>
   <div class='ocr_carea' id='block_1_46' title="bbox 325 4270 1986 4344">
    <p class='ocr_par' dir='ltr' id='par_1_46' title="bbox 325 4270 1986 4344">
     <span class='ocr_line' id='line_1_47' title="bbox 325 4270 1986 4344; baseline -0.002 -13"><span class='ocrx_word' id='word_1_335' title='bbox 325 4283 424 4344; x_wconf 80' lang='grc' dir='ltr'>τῆς</span> <span class='ocrx_word' id='word_1_336' title='bbox 457 4284 515 4331; x_wconf 88' lang='lat' dir='ltr'>et</span> <span class='ocrx_word' id='word_1_337' title='bbox 537 4270 672 4326; x_wconf 78' lang='grc' dir='ltr'>κατα</span> <span class='ocrx_word' id='word_1_338' title='bbox 703 4270 1226 4344; x_wconf 76' lang='lat' dir='ltr'>transpositionem</span> <span class='ocrx_word' id='word_1_339' title='bbox 1262 4271 1638 4344; x_wconf 82' lang='lat' dir='ltr'>manifestam</span> <span class='ocrx_word' id='word_1_340' title='bbox 1673 4288 1803 4327; x_wconf 90' lang='lat' dir='ltr'>esse</span> <span class='ocrx_word' id='word_1_341' title='bbox 1827 4271 1986 4342; x_wconf 87' lang='lat' dir='ltr'>judi-</span> 
     </span>
    </p>
   </div>
   <div class='ocr_carea' id='block_1_47' title="bbox 329 4342 1982 4414">
    <p class='ocr_par' dir='ltr' id='par_1_47' title="bbox 329 4342 1982 4414">
     <span class='ocr_line' id='line_1_48' title="bbox 329 4342 1982 4414; baseline -0.005 -9"><span class='ocrx_word' id='word_1_342' title='bbox 329 4342 472 4405; x_wconf 86' lang='lat' dir='ltr'>cavi.</span> <span class='ocrx_word' id='word_1_343' title='bbox 534 4345 820 4400; x_wconf 83' lang='lat' dir='ltr'>Eusebius</span> <span class='ocrx_word' id='word_1_344' title='bbox 884 4345 955 4397; x_wconf 90' lang='lat' dir='ltr'>De</span> <span class='ocrx_word' id='word_1_345' title='bbox 1017 4342 1270 4397; x_wconf 83' lang='lat' dir='ltr'>laudibus</span> <span class='ocrx_word' id='word_1_346' title='bbox 1328 4343 1691 4414; x_wconf 81' lang='lat' dir='ltr'>Constantini,</span> <span class='ocrx_word' id='word_1_347' title='bbox 1748 4359 1877 4414; x_wconf 86' lang='lat' dir='ltr'>cap.</span> <span class='ocrx_word' id='word_1_348' title='bbox 1928 4346 1982 4410; x_wconf 89' lang='lat'>2,</span> 
     </span>
    </p>
   </div>
   <div class='ocr_carea' id='block_1_48' title="bbox 329 4413 1983 4482">
    <p class='ocr_par' dir='ltr' id='par_1_48' title="bbox 329 4413 1983 4482">
     <span class='ocr_line' id='line_1_49' title="bbox 329 4413 1983 4482; baseline -0.005 -5"><span class='ocrx_word' id='word_1_349' title='bbox 329 4420 535 4477; x_wconf 83' lang='lat' dir='ltr'>scribit</span> <span class='ocrx_word' id='word_1_350' title='bbox 565 4418 637 4472; x_wconf 90' lang='lat' dir='ltr'>de</span> <span class='ocrx_word' id='word_1_351' title='bbox 661 4414 873 4471; x_wconf 87' lang='lat' dir='ltr'>erectis</span> <span class='ocrx_word' id='word_1_352' title='bbox 905 4414 966 4468; x_wconf 89' lang='lat' dir='ltr'>in</span> <span class='ocrx_word' id='word_1_353' title='bbox 1000 4414 1289 4470; x_wconf 83' lang='lat' dir='ltr'>honorem</span> <span class='ocrx_word' id='word_1_354' title='bbox 1317 4413 1534 4468; x_wconf 75' lang='lat' dir='ltr'>Christi</span> <span class='ocrx_word' id='word_1_355' title='bbox 1558 4413 1983 4482; x_wconf 86' lang='lat' dir='ltr'>monumentis,</span> 
     </span>
    </p>
   </div>
   <div class='ocr_carea' id='block_1_49' title="bbox 325 4480 1984 4559">
    <p class='ocr_par' dir='ltr' id='par_1_49' title="bbox 325 4480 1984 4559">
     <span class='ocr_line' id='line_1_50' title="bbox 325 4480 1984 4559; baseline -0.004 -14"><span class='ocrx_word' id='word_1_356' title='bbox 325 4491 560 4554; x_wconf 83' lang='grc' dir='ltr'>τρόπαια</span> <span class='ocrx_word' id='word_1_357' title='bbox 585 4494 683 4552; x_wconf 76' lang='grc' dir='ltr'>τῆς</span> <span class='ocrx_word' id='word_1_358' title='bbox 739 4484 873 4539; x_wconf 81' lang='grc' dir='ltr'>κατᾶ</span> <span class='ocrx_word' id='word_1_359' title='bbox 924 4487 1019 4537; x_wconf 78' lang='grc' dir='ltr'>τοῦ</span> <span class='ocrx_word' id='word_1_360' title='bbox 1086 4483 1339 4559; x_wconf 58' lang='grc' dir='ltr'>θανάτου⁸</span> <span class='ocrx_word' id='word_1_361' title='bbox 1375 4484 1535 4559; x_wconf 75' lang='grc' dir='ltr'>νίκης</span> <span class='ocrx_word' id='word_1_362' title='bbox 1566 4480 1984 4559; x_wconf 60' lang='grc' dir='ltr'>ἆνεγηγερμέναζ</span> 
     </span>
    </p>
   </div>
   <div class='ocr_carea' id='block_1_50' title="bbox 329 4550 1981 4637">
    <p class='ocr_par' dir='ltr' id='par_1_50' title="bbox 329 4550 1981 4637">
     <span class='ocr_line' id='line_1_51' title="bbox 329 4550 1981 4637; baseline 0.008 -20"><span class='ocrx_word' id='word_1_363' title='bbox 329 4550 586 4637; x_wconf 81' lang='lat' dir='ltr'>Cyrillus</span> <span class='ocrx_word' id='word_1_364' title='bbox 619 4550 742 4637; x_wconf 77' lang='lat' dir='ltr'>ipse</span> <span class='ocrx_word' id='word_1_365' title='bbox 773 4562 885 4637; x_wconf 63' lang='lat' dir='ltr'>cat.</span> <span class='ocrx_word' id='word_1_366' title='bbox 918 4559 1004 4637; x_wconf 57' lang='grc' dir='ltr'>ιε.</span> <span class='ocrx_word' id='word_1_367' title='bbox 1044 4573 1102 4612; x_wconf 89' lang='lat' dir='ltr'>n.</span> <span class='ocrx_word' id='word_1_368' title='bbox 1141 4553 1283 4637; x_wconf 49' lang='lat'>1.36</span> <span class='ocrx_word' id='word_1_369' title='bbox 1316 4550 1560 4626; x_wconf 52' lang='lat' dir='ltr'>suam</span> <span class='ocrx_word' id='word_1_370' title='bbox 1589 4550 1686 4637; x_wconf 65' lang='grc' dir='ltr'>τῆξ</span> <span class='ocrx_word' id='word_1_371' title='bbox 1711 4550 1850 4637; x_wconf 53' lang='grc' dir='ltr'>ἕξιΞᾶ</span> <span class='ocrx_word' id='word_1_372' title='bbox 1884 4559 1981 4637; x_wconf 61' lang='lat' dir='ltr'>T&lt;35</span> 
     </span>
    </p>
   </div>
   <div class='ocr_carea' id='block_1_51' title="bbox 333 4623 1981 4701">
    <p class='ocr_par' dir='ltr' id='par_1_51' title="bbox 333 4623 1981 4701">
     <span class='ocr_line' id='line_1_52' title="bbox 333 4623 1981 4701; baseline -0.006 -11"><span class='ocrx_word' id='word_1_373' title='bbox 333 4623 563 4701; x_wconf 68' lang='grc' dir='ltr'>θανάτου</span> <span class='ocrx_word' id='word_1_374' title='bbox 616 4623 773 4697; x_wconf 67' lang='grc' dir='ltr'>ν’ίκης</span> <span class='ocrx_word' id='word_1_375' title='bbox 831 4623 1135 4701; x_wconf 71' lang='grc' dir='ltr'>διεδήσατο.</span> <span class='ocrx_word' id='word_1_376' title='bbox 1203 4629 1346 4686; x_wconf 85' lang='lat' dir='ltr'>Mox.</span> <span class='ocrx_word' id='word_1_377' title='bbox 1410 4623 1496 4701; x_wconf 62' lang='lat' dir='ltr'>ea</span> <span class='ocrx_word' id='word_1_378' title='bbox 1534 4629 1728 4692; x_wconf 87' lang='lat' dir='ltr'>verba,</span> <span class='ocrx_word' id='word_1_379' title='bbox 1761 4630 1848 4701; x_wconf 82' lang='grc' dir='ltr'>Ἑν</span> <span class='ocrx_word' id='word_1_380' title='bbox 1880 4629 1981 4701; x_wconf 68' lang='grc' dir='ltr'>γαρ</span> 
     </span>
    </p>
   </div>
   <div class='ocr_carea' id='block_1_52' title="bbox 329 4699 1980 4777">
    <p class='ocr_par' dir='ltr' id='par_1_52' title="bbox 329 4699 1980 4777">
     <span class='ocr_line' id='line_1_53' title="bbox 329 4699 1980 4777; baseline -0.008 -13"><span class='ocrx_word' id='word_1_381' title='bbox 329 4699 448 4769; x_wconf 79' lang='grc' dir='ltr'>ταῖς</span> <span class='ocrx_word' id='word_1_382' title='bbox 480 4704 675 4777; x_wconf 77' lang='grc' dir='ltr'>ἁγίαις.</span> <span class='ocrx_word' id='word_1_383' title='bbox 705 4701 944 4777; x_wconf 82' lang='lat' dir='ltr'>etc.,_ita</span> <span class='ocrx_word' id='word_1_384' title='bbox 969 4699 1426 4777; x_wconf 80' lang='lat' dir='ltr'>leguntur_apu_(_l</span> <span class='ocrx_word' id='word_1_385' title='bbox 1449 4699 1730 4777; x_wconf 36' lang='lat' dir='ltr'>Gretsern</span> <span class='ocrx_word' id='word_1_386' title='bbox 1877 4699 1980 4777; x_wconf 63' lang='grc' dir='ltr'>γὰρ</span> 
     </span>
    </p>
   </div>
   <div class='ocr_carea' id='block_1_53' title="bbox 331 4767 1982 4847">
    <p class='ocr_par' dir='ltr' id='par_1_53' title="bbox 331 4767 1982 4847">
     <span class='ocr_line' id='line_1_54' title="bbox 331 4767 1982 4847; baseline -0.004 -16"><span class='ocrx_word' id='word_1_387' title='bbox 331 4767 448 4839; x_wconf 79' lang='grc' dir='ltr'>ταῖς</span> <span class='ocrx_word' id='word_1_388' title='bbox 476 4767 710 4847; x_wconf 71' lang='grc' dir='ltr'>ἡμέςαις</span> <span class='ocrx_word' id='word_1_389' title='bbox 757 4771 978 4832; x_wconf 80' lang='grc' dir='ltr'>ταύταις</span> <span class='ocrx_word' id='word_1_390' title='bbox 1018 4767 1774 4847; x_wconf 36' lang='grc' dir='ltr'>τῆς--ἁγίαςἸΙεντηκοῖτῆς,</span> <span class='ocrx_word' id='word_1_391' title='bbox 1807 4767 1982 4847; x_wconf 39' lang='grc' dir='ltr'>ΙιιςΙιὶε</span> 
     </span>
    </p>
   </div>
   <div class='ocr_carea' id='block_1_54' title="bbox 333 4843 1981 4910">
    <p class='ocr_par' dir='ltr' id='par_1_54' title="bbox 333 4843 1981 4910">
     <span class='ocr_line' id='line_1_55' title="bbox 333 4843 1981 4910; baseline -0.008 -1"><span class='ocrx_word' id='word_1_392' title='bbox 333 4855 476 4910; x_wconf 86' lang='lat' dir='ltr'>enim</span> <span class='ocrx_word' id='word_1_393' title='bbox 501 4843 709 4904; x_wconf 70' lang='lat' dir='ltr'>sancta:</span> <span class='ocrx_word' id='word_1_394' title='bbox 741 4847 1073 4900; x_wconf 84' lang='lat' dir='ltr'>Pentecostes</span> <span class='ocrx_word' id='word_1_395' title='bbox 1109 4843 1314 4897; x_wconf 85' lang='lat' dir='ltr'>diebus.</span> <span class='ocrx_word' id='word_1_396' title='bbox 1347 4844 1411 4897; x_wconf 93' lang='lat' dir='ltr'>ln</span> <span class='ocrx_word' id='word_1_397' title='bbox 1461 4860 1571 4898; x_wconf 91' lang='lat' dir='ltr'>ms.</span> <span class='ocrx_word' id='word_1_398' title='bbox 1606 4843 1833 4899; x_wconf 72' lang='lat' dir='ltr'>Sancta)</span> <span class='ocrx_word' id='word_1_399' title='bbox 1865 4844 1981 4897; x_wconf 86' lang='lat' dir='ltr'>Ge-</span> 
     </span>
    </p>
   </div>
   <div class='ocr_carea' id='block_1_55' title="bbox 331 4911 1981 4992">
    <p class='ocr_par' dir='ltr' id='par_1_55' title="bbox 331 4911 1981 4992">
     <span class='ocr_line' id='line_1_56' title="bbox 331 4911 1981 4992; baseline -0.023 10"><span class='ocrx_word' id='word_1_400' title='bbox 331 4923 546 4983; x_wconf 63' lang='lat' dir='ltr'>novef&quot;</span> <span class='ocrx_word' id='word_1_401' title='bbox 607 4919 692 4972; x_wconf 72' lang='grc' dir='ltr'>Ἐν</span> <span class='ocrx_word' id='word_1_402' title='bbox 751 4915 853 4992; x_wconf 62' lang='grc' dir='ltr'>Υδξρ</span> <span class='ocrx_word' id='word_1_403' title='bbox 909 4917 1030 4992; x_wconf 59' lang='grc' dir='ltr'>’⁸3ῖὲ</span> <span class='ocrx_word' id='word_1_404' title='bbox 1110 4911 1344 4992; x_wconf 69' lang='grc' dir='ltr'>ἡμέραις</span> <span class='ocrx_word' id='word_1_405' title='bbox 1396 4920 1498 4980; x_wconf 70' lang='grc' dir='ltr'>τῆς</span> <span class='ocrx_word' id='word_1_406' title='bbox 1568 4912 1723 4992; x_wconf 50' lang='grc' dir='ltr'>ἁ-γίᾳς</span> <span class='ocrx_word' id='word_1_407' title='bbox 1780 4912 1981 4992; x_wconf 64' lang='grc' dir='ltr'>ταύτης</span> 
     </span>
    </p>
   </div>
   <div class='ocr_carea' id='block_1_56' title="bbox 332 4986 1982 5061">
    <p class='ocr_par' dir='ltr' id='par_1_56' title="bbox 332 4986 1982 5061">
     <span class='ocr_line' id='line_1_57' title="bbox 332 4986 1982 5061; baseline -0.004 -14"><span class='ocrx_word' id='word_1_408' title='bbox 332 4996 732 5061; x_wconf 79' lang='grc' dir='ltr'>Πεντηκοστῆς,</span> <span class='ocrx_word' id='word_1_409' title='bbox 765 4986 857 5043; x_wconf 85' lang='grc' dir='ltr'><em>’1η</em></span> <span class='ocrx_word' id='word_1_410' title='bbox 914 4986 1101 5042; x_wconf 83' lang='lat' dir='ltr'>diebus</span> <span class='ocrx_word' id='word_1_411' title='bbox 1157 4987 1304 5041; x_wconf 86' lang='lat' dir='ltr'>enim</span> <span class='ocrx_word' id='word_1_412' title='bbox 1349 4993 1552 5042; x_wconf 71' lang='lat' dir='ltr'>sanctae</span> <span class='ocrx_word' id='word_1_413' title='bbox 1588 4987 1754 5057; x_wconf 85' lang='lat' dir='ltr'>hujus</span> <span class='ocrx_word' id='word_1_414' title='bbox 1784 4988 1982 5042; x_wconf 86' lang='lat' dir='ltr'>Pente-</span> 
     </span>
    </p>
   </div>
   <div class='ocr_carea' id='block_1_57' title="bbox 326 5075 516 5126">
    <p class='ocr_par' dir='ltr' id='par_1_57' title="bbox 326 5075 516 5126">
     <span class='ocr_line' id='line_1_58' title="bbox 326 5075 516 5126; baseline -0.026 0"><span class='ocrx_word' id='word_1_415' title='bbox 326 5075 516 5126; x_wconf 82' lang='lat' dir='ltr'>costes.</span> 
     </span>
    </p>
   </div>
   <div class='ocr_carea' id='block_1_58' title="bbox 402 5124 1984 5204">
    <p class='ocr_par' dir='ltr' id='par_1_58' title="bbox 402 5124 1984 5204">
     <span class='ocr_line' id='line_1_59' title="bbox 402 5124 1984 5204; baseline -0.003 -16"><span class='ocrx_word' id='word_1_416' title='bbox 402 5143 474 5204; x_wconf 70' lang='lat'>(2)</span> <span class='ocrx_word' id='word_1_417' title='bbox 509 5133 736 5192; x_wconf 68' lang='lat' dir='ltr'>Néwazc</span> <span class='ocrx_word' id='word_1_418' title='bbox 766 5124 991 5204; x_wconf 74' lang='grc' dir='ltr'>Μαίαις.</span> <span class='ocrx_word' id='word_1_419' title='bbox 1051 5129 1184 5204; x_wconf 69' lang='lat' dir='ltr'>Haec</span> <span class='ocrx_word' id='word_1_420' title='bbox 1236 5127 1352 5184; x_wconf 91' lang='lat' dir='ltr'>diei</span> <span class='ocrx_word' id='word_1_421' title='bbox 1380 5135 1552 5204; x_wconf 83' lang='lat' dir='ltr'>_nota</span> <span class='ocrx_word' id='word_1_422' title='bbox 1599 5131 1892 5204; x_wconf 88' lang='lat' dir='ltr'>omittitur</span> <span class='ocrx_word' id='word_1_423' title='bbox 1922 5129 1984 5184; x_wconf 91' lang='lat' dir='ltr'>in</span> 
     </span>
    </p>
   </div>
   <div class='ocr_carea' id='block_1_59' title="bbox 333 5200 1984 5271">
    <p class='ocr_par' dir='ltr' id='par_1_59' title="bbox 333 5200 1984 5271">
     <span class='ocr_line' id='line_1_60' title="bbox 333 5200 1984 5271; baseline -0.009 -3"><span class='ocrx_word' id='word_1_424' title='bbox 333 5200 505 5268; x_wconf 83' lang='lat' dir='ltr'>codd.</span> <span class='ocrx_word' id='word_1_425' title='bbox 543 5212 682 5271; x_wconf 69' lang='lat' dir='ltr'>lloe,</span> <span class='ocrx_word' id='word_1_426' title='bbox 715 5201 960 5258; x_wconf 87' lang='lat' dir='ltr'>Casaub.</span> <span class='ocrx_word' id='word_1_427' title='bbox 1023 5205 1080 5253; x_wconf 92' lang='lat' dir='ltr'>et</span> <span class='ocrx_word' id='word_1_428' title='bbox 1140 5200 1439 5260; x_wconf 79' lang='lat' dir='ltr'>Genovei..</span> <span class='ocrx_word' id='word_1_429' title='bbox 1499 5219 1607 5257; x_wconf 85' lang='lat' dir='ltr'>nec</span> <span class='ocrx_word' id='word_1_430' title='bbox 1654 5203 1804 5257; x_wconf 86' lang='lat' dir='ltr'>lecta</span> <span class='ocrx_word' id='word_1_431' title='bbox 1837 5206 1984 5256; x_wconf 82' lang='lat' dir='ltr'>esta</span> 
     </span>
    </p>
   </div>
   <div class='ocr_carea' id='block_1_60' title="bbox 332 5271 1983 5342">
    <p class='ocr_par' dir='ltr' id='par_1_60' title="bbox 332 5271 1983 5342">
     <span class='ocr_line' id='line_1_61' title="bbox 332 5271 1983 5342; baseline -0.008 -2"><span class='ocrx_word' id='word_1_432' title='bbox 332 5281 654 5342; x_wconf 84' lang='lat' dir='ltr'>Grodecio;</span> <span class='ocrx_word' id='word_1_433' title='bbox 691 5275 942 5330; x_wconf 85' lang='lat' dir='ltr'>habetur</span> <span class='ocrx_word' id='word_1_434' title='bbox 997 5271 1195 5325; x_wconf 84' lang='lat' dir='ltr'>tamen</span> <span class='ocrx_word' id='word_1_435' title='bbox 1233 5272 1292 5325; x_wconf 91' lang='lat' dir='ltr'>in</span> <span class='ocrx_word' id='word_1_436' title='bbox 1327 5271 1500 5326; x_wconf 85' lang='lat' dir='ltr'>editis</span> <span class='ocrx_word' id='word_1_437' title='bbox 1533 5274 1808 5335; x_wconf 87' lang='lat' dir='ltr'>Gretseri,</span> <span class='ocrx_word' id='word_1_438' title='bbox 1843 5275 1983 5327; x_wconf 88' lang='lat' dir='ltr'>Prc-</span> 
     </span>
    </p>
   </div>
   <div class='ocr_carea' id='block_1_61' title="bbox 329 5343 1980 5412">
    <p class='ocr_par' dir='ltr' id='par_1_61' title="bbox 329 5343 1980 5412">
     <span class='ocr_line' id='line_1_62' title="bbox 329 5343 1980 5412; baseline -0.007 -3"><span class='ocrx_word' id='word_1_439' title='bbox 329 5355 466 5411; x_wconf 88' lang='lat' dir='ltr'>votii</span> <span class='ocrx_word' id='word_1_440' title='bbox 503 5359 561 5406; x_wconf 76' lang='lat' dir='ltr'>et</span> <span class='ocrx_word' id='word_1_441' title='bbox 593 5347 784 5405; x_wconf 87' lang='lat' dir='ltr'>Ottob.</span> <span class='ocrx_word' id='word_1_442' title='bbox 837 5343 1129 5399; x_wconf 86' lang='lat' dir='ltr'>Omissam</span> <span class='ocrx_word' id='word_1_443' title='bbox 1179 5359 1212 5397; x_wconf 92' lang='lat' dir='ltr'>a</span> <span class='ocrx_word' id='word_1_444' title='bbox 1267 5344 1575 5400; x_wconf 84' lang='lat' dir='ltr'><strong><em>nonnullis</em></strong></span> <span class='ocrx_word' id='word_1_445' title='bbox 1617 5346 1980 5412; x_wconf 87' lang='lat' dir='ltr'>judicamus,</span> 
     </span>
    </p>
   </div>
   <div class='ocr_carea' id='block_1_62' title="bbox 329 5415 1983 5500">
    <p class='ocr_par' dir='ltr' id='par_1_62' title="bbox 329 5415 1983 5500">
     <span class='ocr_line' id='line_1_63' title="bbox 329 5415 1983 5500; baseline -0.008 -17"><span class='ocrx_word' id='word_1_446' title='bbox 329 5427 486 5500; x_wconf 89' lang='lat' dir='ltr'>quod</span> <span class='ocrx_word' id='word_1_447' title='bbox 519 5426 695 5478; x_wconf 73' lang='lat' dir='ltr'>Nonre</span> <span class='ocrx_word' id='word_1_448' title='bbox 725 5416 885 5472; x_wconf 64' lang='lat' dir='ltr'><strong><em>Maian</em></strong></span> <span class='ocrx_word' id='word_1_449' title='bbox 931 5431 1236 5500; x_wconf 66' lang='lat' dir='ltr'>nunquam</span> <span class='ocrx_word' id='word_1_450' title='bbox 1286 5431 1419 5500; x_wconf 70' lang='lat' dir='ltr'>cum</span> <span class='ocrx_word' id='word_1_451' title='bbox 1470 5415 1565 5500; x_wconf 63' lang='lat' dir='ltr'>die</span> <span class='ocrx_word' id='word_1_452' title='bbox 1605 5419 1983 5500; x_wconf 56' lang='lat' dir='ltr'>Pentecostes</span> 
     </span>
    </p>
   </div>
   <div class='ocr_carea' id='block_1_63' title="bbox 327 5485 1982 5572">
    <p class='ocr_par' dir='ltr' id='par_1_63' title="bbox 327 5485 1982 5572">
     <span class='ocr_line' id='line_1_64' title="bbox 327 5485 1982 5572; baseline -0.007 -19"><span class='ocrx_word' id='word_1_453' title='bbox 327 5485 561 5572; x_wconf 66' lang='lat' dir='ltr'>possint</span> <span class='ocrx_word' id='word_1_454' title='bbox 593 5503 945 5572; x_wconf 72' lang='lat' dir='ltr'>concurrere</span> <span class='ocrx_word' id='word_1_455' title='bbox 981 5485 1094 5567; x_wconf 41' lang='lat' dir='ltr'>.Hic</span> <span class='ocrx_word' id='word_1_456' title='bbox 1117 5492 1313 5572; x_wconf 70' lang='lat' dir='ltr'>autem</span> <span class='ocrx_word' id='word_1_457' title='bbox 1347 5487 1472 5572; x_wconf 78' lang='lat' dir='ltr'>dies</span> <span class='ocrx_word' id='word_1_458' title='bbox 1500 5488 1982 5569; x_wconf 75' lang='lat' dir='ltr'>Pentecostesin-</span> 
     </span>
    </p>
   </div>
   <div class='ocr_carea' id='block_1_64' title="bbox 329 5557 1982 5637">
    <p class='ocr_par' dir='ltr' id='par_1_64' title="bbox 329 5557 1982 5637">
     <span class='ocr_line' id='line_1_65' title="bbox 329 5557 1982 5637; baseline -0.008 -10"><span class='ocrx_word' id='word_1_459' title='bbox 329 5557 681 5637; x_wconf 69' lang='lat' dir='ltr'>telligebant</span> <span class='ocrx_word' id='word_1_460' title='bbox 709 5562 923 5615; x_wconf 82' lang='lat' dir='ltr'>festum</span> <span class='ocrx_word' id='word_1_461' title='bbox 964 5557 1177 5637; x_wconf 80' lang='lat' dir='ltr'>_ip_s_um_</span> <span class='ocrx_word' id='word_1_462' title='bbox 1222 5557 1301 5612; x_wconf 88' lang='lat' dir='ltr'>ita</span> <span class='ocrx_word' id='word_1_463' title='bbox 1354 5559 1598 5637; x_wconf 74' lang='lat' dir='ltr'>dictum,</span> <span class='ocrx_word' id='word_1_464' title='bbox 1633 5559 1982 5637; x_wconf 76' lang='lat' dir='ltr'>c_um_q_uin-</span> 
     </span>
    </p>
   </div>
   <div class='ocr_carea' id='block_1_65' title="bbox 327 5627 1984 5773">
    <p class='ocr_par' dir='ltr' id='par_1_65' title="bbox 327 5627 1984 5773">
     <span class='ocr_line' id='line_1_66' title="bbox 327 5627 1984 5773; baseline -0.004 -81"><span class='ocrx_word' id='word_1_465' title='bbox 327 5627 1115 5773; x_wconf 50' lang='lat' dir='ltr'>ﬂggﬁiigéznqost-paschalis</span> <span class='ocrx_word' id='word_1_466' title='bbox 1163 5631 1448 5703; x_wconf 88' lang='lat' dir='ltr'>temporis</span> <span class='ocrx_word' id='word_1_467' title='bbox 1492 5627 1620 5688; x_wconf 88' lang='lat' dir='ltr'>dies</span> <span class='ocrx_word' id='word_1_468' title='bbox 1652 5631 1984 5704; x_wconf 81' lang='lat' dir='ltr'>intelligere</span> 
     </span>
    </p>
   </div>
   <div class='ocr_carea' id='block_1_66' title="bbox 371 5711 704 5773">
    <p class='ocr_par' dir='ltr' id='par_1_66' title="bbox 371 5711 704 5773">
     <span class='ocr_line' id='line_1_67' title="bbox 371 5711 704 5773; baseline -0.033 0"><span class='ocrx_word' id='word_1_469' title='bbox 371 5711 704 5773; x_wconf 79' lang='lat' dir='ltr'>ebuissent.</span> 
     </span>
    </p>
   </div>
   <div class='ocr_carea' id='block_1_67' title="bbox 2109 574 3756 649">
    <p class='ocr_par' dir='ltr' id='par_1_67' title="bbox 2109 574 3756 649">
     <span class='ocr_line' id='line_1_68' title="bbox 2109 574 3756 649; baseline 0.007 -21"><span class='ocrx_word' id='word_1_470' title='bbox 2109 589 2310 644; x_wconf 88' lang='lat' dir='ltr'>quam,</span> <span class='ocrx_word' id='word_1_471' title='bbox 2345 591 2510 641; x_wconf 82' lang='lat' dir='ltr'>crux,</span> <span class='ocrx_word' id='word_1_472' title='bbox 2534 574 2686 631; x_wconf 89' lang='lat' dir='ltr'>lucis</span> <span class='ocrx_word' id='word_1_473' title='bbox 2708 575 3124 649; x_wconf 89' lang='lat' dir='ltr'>splendoribus</span> <span class='ocrx_word' id='word_1_474' title='bbox 3145 595 3466 638; x_wconf 84' lang='lat' dir='ltr'>coruscans</span> <span class='ocrx_word' id='word_1_475' title='bbox 3488 583 3756 640; x_wconf 85' lang='lat' dir='ltr'>Hieroso-</span> 
     </span>
    </p>
   </div>
   <div class='ocr_carea' id='block_1_68' title="bbox 2109 663 2611 738">
    <p class='ocr_par' dir='ltr' id='par_1_68' title="bbox 2109 663 2611 738">
     <span class='ocr_line' id='line_1_69' title="bbox 2109 663 2611 738; baseline 0.002 -20"><span class='ocrx_word' id='word_1_476' title='bbox 2109 663 2286 736; x_wconf 87' lang='lat' dir='ltr'>lymis</span> <span class='ocrx_word' id='word_1_477' title='bbox 2317 666 2611 738; x_wconf 82' lang='lat' dir='ltr'>apparuit.</span> 
     </span>
    </p>
   </div>
   <div class='ocr_carea' id='block_1_69' title="bbox 2179 845 3753 921">
    <p class='ocr_par' dir='ltr' id='par_1_69' title="bbox 2179 845 3753 921">
     <span class='ocr_line' id='line_1_70' title="bbox 2179 845 3753 921; baseline 0.007 -23"><span class='ocrx_word' id='word_1_478' title='bbox 2179 845 2270 898; x_wconf 87' lang='lat' dir='ltr'>IV.</span> <span class='ocrx_word' id='word_1_479' title='bbox 2306 845 2449 901; x_wconf 88' lang='lat' dir='ltr'>Nam</span> <span class='ocrx_word' id='word_1_480' title='bbox 2481 845 2542 900; x_wconf 93' lang='lat' dir='ltr'>in</span> <span class='ocrx_word' id='word_1_481' title='bbox 2573 846 2666 902; x_wconf 91' lang='lat' dir='ltr'>his</span> <span class='ocrx_word' id='word_1_482' title='bbox 2698 846 2919 902; x_wconf 82' lang='lat' dir='ltr'><strong><em>sanctis</em></strong></span> <span class='ocrx_word' id='word_1_483' title='bbox 2951 852 3169 903; x_wconf 76' lang='lat' dir='ltr'>sanctae</span> <span class='ocrx_word' id='word_1_484' title='bbox 3198 851 3571 905; x_wconf 88' lang='lat' dir='ltr'>Pentecostes</span> <span class='ocrx_word' id='word_1_485' title='bbox 3624 853 3753 921; x_wconf 92' lang='lat' dir='ltr'>[seu</span> 
     </span>
    </p>
   </div>
   <div class='ocr_carea' id='block_1_70' title="bbox 2107 933 3750 1009">
    <p class='ocr_par' dir='ltr' id='par_1_70' title="bbox 2107 933 3750 1009">
     <span class='ocr_line' id='line_1_71' title="bbox 2107 933 3750 1009; baseline 0.004 -22"><span class='ocrx_word' id='word_1_486' title='bbox 2107 937 2242 1004; x_wconf 90' lang='lat' dir='ltr'>post</span> <span class='ocrx_word' id='word_1_487' title='bbox 2270 933 2567 1004; x_wconf 82' lang='lat' dir='ltr'>paschalis</span> <span class='ocrx_word' id='word_1_488' title='bbox 2595 934 2898 1007; x_wconf 90' lang='lat' dir='ltr'>temporis]</span> <span class='ocrx_word' id='word_1_489' title='bbox 2931 935 3162 1003; x_wconf 91' lang='lat' dir='ltr'>diebus,</span> <span class='ocrx_word' id='word_1_490' title='bbox 3221 937 3402 991; x_wconf 86' lang='lat' dir='ltr'><strong><em>Nonis</em></strong></span> <span class='ocrx_word' id='word_1_491' title='bbox 3447 939 3610 994; x_wconf 87' lang='lat' dir='ltr'>Maiis</span> <span class='ocrx_word' id='word_1_492' title='bbox 3653 941 3750 1009; x_wconf 78' lang='lat'>(7),</span> 
     </span>
    </p>
   </div>
   <div class='ocr_carea' id='block_1_71' title="bbox 2107 1023 3755 1098">
    <p class='ocr_par' dir='ltr' id='par_1_71' title="bbox 2107 1023 3755 1098">
     <span class='ocr_line' id='line_1_72' title="bbox 2107 1023 3755 1098; baseline 0.005 -21"><span class='ocrx_word' id='word_1_493' title='bbox 2107 1023 2344 1078; x_wconf 88' lang='lat' dir='ltr'>circiter</span> <span class='ocrx_word' id='word_1_494' title='bbox 2374 1023 2579 1078; x_wconf 88' lang='lat' dir='ltr'>horam</span> <span class='ocrx_word' id='word_1_495' title='bbox 2612 1025 2868 1093; x_wconf 87' lang='lat' dir='ltr'>tertiam,</span> <span class='ocrx_word' id='word_1_496' title='bbox 2901 1041 3046 1080; x_wconf 86' lang='lat' dir='ltr'>crux</span> <span class='ocrx_word' id='word_1_497' title='bbox 3065 1041 3386 1098; x_wconf 77' lang='lat' dir='ltr'>permagna</span> <span class='ocrx_word' id='word_1_498' title='bbox 3407 1044 3436 1083; x_wconf 91' lang='lat' dir='ltr'>e</span> <span class='ocrx_word' id='word_1_499' title='bbox 3455 1027 3586 1083; x_wconf 91' lang='lat' dir='ltr'>luce</span> <span class='ocrx_word' id='word_1_500' title='bbox 3609 1045 3755 1084; x_wconf 88' lang='lat' dir='ltr'>con-</span> 
     </span>
    </p>
   </div>
   <div class='ocr_carea' id='block_1_72' title="bbox 2107 1114 3754 1189">
    <p class='ocr_par' dir='ltr' id='par_1_72' title="bbox 2107 1114 3754 1189">
     <span class='ocr_line' id='line_1_73' title="bbox 2107 1114 3754 1189; baseline 0.004 -22"><span class='ocrx_word' id='word_1_501' title='bbox 2107 1117 2350 1178; x_wconf 89' lang='lat' dir='ltr'>structa,</span> <span class='ocrx_word' id='word_1_502' title='bbox 2385 1114 2445 1168; x_wconf 93' lang='lat' dir='ltr'>in</span> <span class='ocrx_word' id='word_1_503' title='bbox 2476 1115 2624 1169; x_wconf 76' lang='lat' dir='ltr'>cmlo</span> <span class='ocrx_word' id='word_1_504' title='bbox 2657 1132 2835 1186; x_wconf 86' lang='lat' dir='ltr'>super</span> <span class='ocrx_word' id='word_1_505' title='bbox 2865 1120 3135 1172; x_wconf 88' lang='lat' dir='ltr'>sanctum</span> <span class='ocrx_word' id='word_1_506' title='bbox 3167 1117 3532 1189; x_wconf 87' lang='lat' dir='ltr'>Golgotham,</span> <span class='ocrx_word' id='word_1_507' title='bbox 3566 1123 3624 1173; x_wconf 91' lang='lat' dir='ltr'>et</span> <span class='ocrx_word' id='word_1_508' title='bbox 3652 1136 3754 1175; x_wconf 85' lang='lat' dir='ltr'>us-</span> 
     </span>
    </p>
   </div>
   <div class='ocr_carea' id='block_1_73' title="bbox 2107 1203 3750 1281">
    <p class='ocr_par' dir='ltr' id='par_1_73' title="bbox 2107 1203 3750 1281">
     <span class='ocr_line' id='line_1_74' title="bbox 2107 1203 3750 1281; baseline 0.004 -24"><span class='ocrx_word' id='word_1_509' title='bbox 2107 1219 2219 1274; x_wconf 89' lang='lat' dir='ltr'>que</span> <span class='ocrx_word' id='word_1_510' title='bbox 2252 1203 2324 1258; x_wconf 91' lang='lat' dir='ltr'>ad</span> <span class='ocrx_word' id='word_1_511' title='bbox 2357 1208 2627 1259; x_wconf 86' lang='lat' dir='ltr'>sanctum</span> <span class='ocrx_word' id='word_1_512' title='bbox 2659 1205 2958 1260; x_wconf 91' lang='lat' dir='ltr'>Olivarum</span> <span class='ocrx_word' id='word_1_513' title='bbox 2991 1211 3253 1261; x_wconf 88' lang='lat' dir='ltr'>montem</span> <span class='ocrx_word' id='word_1_514' title='bbox 3287 1223 3543 1279; x_wconf 80' lang='lat' dir='ltr'>expansa</span> <span class='ocrx_word' id='word_1_515' title='bbox 3572 1225 3750 1281; x_wconf 87' lang='lat' dir='ltr'>appa-</span> 
     </span>
    </p>
   </div>
   <div class='ocr_carea' id='block_1_74' title="bbox 2104 1292 3754 1366">
    <p class='ocr_par' dir='ltr' id='par_1_74' title="bbox 2104 1292 3754 1366">
     <span class='ocr_line' id='line_1_75' title="bbox 2104 1292 3754 1366; baseline 0.005 -21"><span class='ocrx_word' id='word_1_516' title='bbox 2104 1292 2262 1346; x_wconf 88' lang='lat' dir='ltr'>ruit:</span> <span class='ocrx_word' id='word_1_517' title='bbox 2289 1309 2409 1348; x_wconf 90' lang='lat' dir='ltr'>non</span> <span class='ocrx_word' id='word_1_518' title='bbox 2442 1293 2544 1348; x_wconf 88' lang='lat' dir='ltr'>uni</span> <span class='ocrx_word' id='word_1_519' title='bbox 2579 1297 2636 1348; x_wconf 91' lang='lat' dir='ltr'>et</span> <span class='ocrx_word' id='word_1_520' title='bbox 2665 1293 2837 1348; x_wconf 87' lang='lat' dir='ltr'>alteri</span> <span class='ocrx_word' id='word_1_521' title='bbox 2871 1299 3102 1350; x_wconf 88' lang='lat' dir='ltr'>tantum</span> <span class='ocrx_word' id='word_1_522' title='bbox 3133 1303 3469 1366; x_wconf 88' lang='lat' dir='ltr'>conspecta,</span> <span class='ocrx_word' id='word_1_523' title='bbox 3506 1297 3609 1354; x_wconf 92' lang='lat' dir='ltr'>sed</span> <span class='ocrx_word' id='word_1_524' title='bbox 3625 1300 3754 1354; x_wconf 89' lang='lat' dir='ltr'>uni-</span> 
     </span>
    </p>
   </div>
   <div class='ocr_carea' id='block_1_75' title="bbox 2103 1382 3749 1444">
    <p class='ocr_par' dir='ltr' id='par_1_75' title="bbox 2103 1382 3749 1444">
     <span class='ocr_line' id='line_1_76' title="bbox 2103 1382 3749 1444; baseline 0.005 -8"><span class='ocrx_word' id='word_1_525' title='bbox 2103 1398 2284 1437; x_wconf 66' lang='lat' dir='ltr'>versae</span> <span class='ocrx_word' id='word_1_526' title='bbox 2317 1383 2567 1438; x_wconf 86' lang='lat' dir='ltr'>civitatis</span> <span class='ocrx_word' id='word_1_527' title='bbox 2599 1382 2968 1438; x_wconf 87' lang='lat' dir='ltr'>multitudini</span> <span class='ocrx_word' id='word_1_528' title='bbox 3001 1384 3441 1443; x_wconf 89' lang='lat' dir='ltr'>evidentissime</span> <span class='ocrx_word' id='word_1_529' title='bbox 3491 1394 3749 1444; x_wconf 89' lang='lat' dir='ltr'>ostensa.</span> 
     </span>
    </p>
   </div>
   <div class='ocr_carea' id='block_1_76' title="bbox 2102 1471 3752 1545">
    <p class='ocr_par' dir='ltr' id='par_1_76' title="bbox 2102 1471 3752 1545">
     <span class='ocr_line' id='line_1_77' title="bbox 2102 1471 3752 1545; baseline 0.004 -17"><span class='ocrx_word' id='word_1_530' title='bbox 2102 1474 2326 1544; x_wconf 83' lang='lat' dir='ltr'>Neque,</span> <span class='ocrx_word' id='word_1_531' title='bbox 2357 1477 2422 1526; x_wconf 90' lang='lat' dir='ltr'>ut</span> <span class='ocrx_word' id='word_1_532' title='bbox 2449 1471 2667 1543; x_wconf 89' lang='lat' dir='ltr'><strong><em>aliquis</em></strong></span> <span class='ocrx_word' id='word_1_533' title='bbox 2697 1472 2847 1527; x_wconf 80' lang='lat' dir='ltr'>forte</span> <span class='ocrx_word' id='word_1_534' title='bbox 2877 1476 3188 1545; x_wconf 85' lang='lat' dir='ltr'>putaverit,</span> <span class='ocrx_word' id='word_1_535' title='bbox 3216 1475 3490 1532; x_wconf 88' lang='lat' dir='ltr'>celeriter</span> <span class='ocrx_word' id='word_1_536' title='bbox 3510 1478 3571 1534; x_wconf 90' lang='lat' dir='ltr'>in</span> <span class='ocrx_word' id='word_1_537' title='bbox 3602 1479 3752 1534; x_wconf 89' lang='lat' dir='ltr'>ima-</span> 
     </span>
    </p>
   </div>
   <div class='ocr_carea' id='block_1_77' title="bbox 2101 1561 3754 1640">
    <p class='ocr_par' dir='ltr' id='par_1_77' title="bbox 2101 1561 3754 1640">
     <span class='ocr_line' id='line_1_78' title="bbox 2101 1561 3754 1640; baseline 0.005 -25"><span class='ocrx_word' id='word_1_538' title='bbox 2101 1561 2234 1633; x_wconf 90' lang='lat' dir='ltr'>gine</span> <span class='ocrx_word' id='word_1_539' title='bbox 2265 1561 2730 1634; x_wconf 69' lang='lat' dir='ltr'>praetervolavit;</span> <span class='ocrx_word' id='word_1_540' title='bbox 2754 1562 2857 1618; x_wconf 88' lang='lat' dir='ltr'>sed</span> <span class='ocrx_word' id='word_1_541' title='bbox 2884 1563 3291 1635; x_wconf 86' lang='lat' dir='ltr'>compluribus</span> <span class='ocrx_word' id='word_1_542' title='bbox 3314 1567 3475 1622; x_wconf 90' lang='lat' dir='ltr'>horis</span> <span class='ocrx_word' id='word_1_543' title='bbox 3497 1568 3754 1640; x_wconf 87' lang='lat' dir='ltr'>desuper</span> 
     </span>
    </p>
   </div>
   <div class='ocr_carea' id='block_1_78' title="bbox 2101 1651 3752 1725">
    <p class='ocr_par' dir='ltr' id='par_1_78' title="bbox 2101 1651 3752 1725">
     <span class='ocr_line' id='line_1_79' title="bbox 2101 1651 3752 1725; baseline 0.005 -21"><span class='ocrx_word' id='word_1_544' title='bbox 2101 1655 2319 1706; x_wconf 88' lang='lat' dir='ltr'>terram</span> <span class='ocrx_word' id='word_1_545' title='bbox 2350 1651 2659 1706; x_wconf 90' lang='lat' dir='ltr'>oculorum</span> <span class='ocrx_word' id='word_1_546' title='bbox 2681 1651 2809 1706; x_wconf 89' lang='lat' dir='ltr'>visu</span> <span class='ocrx_word' id='word_1_547' title='bbox 2829 1659 3148 1725; x_wconf 89' lang='lat' dir='ltr'>conspecta</span> <span class='ocrx_word' id='word_1_548' title='bbox 3169 1660 3276 1724; x_wconf 88' lang='lat' dir='ltr'>est,</span> <span class='ocrx_word' id='word_1_549' title='bbox 3305 1656 3529 1712; x_wconf 88' lang='lat' dir='ltr'>solares</span> <span class='ocrx_word' id='word_1_550' title='bbox 3551 1657 3752 1712; x_wconf 88' lang='lat' dir='ltr'>radios</span> 
     </span>
    </p>
   </div>
   <div class='ocr_carea' id='block_1_79' title="bbox 2099 1739 3748 1818">
    <p class='ocr_par' dir='ltr' id='par_1_79' title="bbox 2099 1739 3748 1818">
     <span class='ocr_line' id='line_1_80' title="bbox 2099 1739 3748 1818; baseline 0.004 -22"><span class='ocrx_word' id='word_1_551' title='bbox 2099 1739 2551 1796; x_wconf 89' lang='lat' dir='ltr'>coruscantibus</span> <span class='ocrx_word' id='word_1_552' title='bbox 2580 1740 2906 1813; x_wconf 79' lang='lat' dir='ltr'>fulgoribus</span> <span class='ocrx_word' id='word_1_553' title='bbox 2939 1758 3336 1814; x_wconf 86' lang='lat' dir='ltr'>exsuperans;</span> <span class='ocrx_word' id='word_1_554' title='bbox 3373 1745 3595 1818; x_wconf 87' lang='lat' dir='ltr'>alioqui</span> <span class='ocrx_word' id='word_1_555' title='bbox 3627 1746 3748 1803; x_wconf 91' lang='lat' dir='ltr'>illis</span> 
     </span>
    </p>
   </div>
   <div class='ocr_carea' id='block_1_80' title="bbox 2099 1828 3746 1906">
    <p class='ocr_par' dir='ltr' id='par_1_80' title="bbox 2099 1828 3746 1906">
     <span class='ocr_line' id='line_1_81' title="bbox 2099 1828 3746 1906; baseline 0.004 -21"><span class='ocrx_word' id='word_1_556' title='bbox 2099 1845 2383 1902; x_wconf 88' lang='lat' dir='ltr'>oppressa</span> <span class='ocrx_word' id='word_1_557' title='bbox 2408 1828 2820 1900; x_wconf 84' lang='lat' dir='ltr'>infuscataque</span> <span class='ocrx_word' id='word_1_558' title='bbox 2850 1830 3141 1897; x_wconf 85' lang='lat' dir='ltr'>latuisset,</span> <span class='ocrx_word' id='word_1_559' title='bbox 3184 1832 3298 1887; x_wconf 91' lang='lat' dir='ltr'>nisi</span> <span class='ocrx_word' id='word_1_560' title='bbox 3334 1833 3460 1906; x_wconf 90' lang='lat' dir='ltr'>ipso</span> <span class='ocrx_word' id='word_1_561' title='bbox 3494 1834 3616 1890; x_wconf 91' lang='lat' dir='ltr'>sole</span> <span class='ocrx_word' id='word_1_562' title='bbox 3648 1853 3746 1892; x_wconf 83' lang='lat' dir='ltr'>va-</span> 
     </span>
    </p>
   </div>
   <div class='ocr_carea' id='block_1_81' title="bbox 2098 1918 3744 1997">
    <p class='ocr_par' dir='ltr' id='par_1_81' title="bbox 2098 1918 3744 1997">
     <span class='ocr_line' id='line_1_82' title="bbox 2098 1918 3744 1997; baseline 0.004 -22"><span class='ocrx_word' id='word_1_563' title='bbox 2098 1919 2381 1975; x_wconf 87' lang='lat' dir='ltr'>lentiores</span> <span class='ocrx_word' id='word_1_564' title='bbox 2412 1918 2904 1990; x_wconf 90' lang='lat' dir='ltr'>conspicientium</span> <span class='ocrx_word' id='word_1_565' title='bbox 2928 1921 3118 1976; x_wconf 91' lang='lat' dir='ltr'>oculis</span> <span class='ocrx_word' id='word_1_566' title='bbox 3141 1922 3438 1979; x_wconf 90' lang='lat' dir='ltr'>emisisset</span> <span class='ocrx_word' id='word_1_567' title='bbox 3464 1925 3744 1997; x_wconf 80' lang='lat' dir='ltr'>fulgores.</span> 
     </span>
    </p>
   </div>
   <div class='ocr_carea' id='block_1_82' title="bbox 2099 2009 3743 2071">
    <p class='ocr_par' dir='ltr' id='par_1_82' title="bbox 2099 2009 3743 2071">
     <span class='ocr_line' id='line_1_83' title="bbox 2099 2009 3743 2071; baseline 0.004 -7"><span class='ocrx_word' id='word_1_568' title='bbox 2099 2010 2185 2065; x_wconf 87' lang='lat' dir='ltr'>Ita</span> <span class='ocrx_word' id='word_1_569' title='bbox 2213 2013 2281 2064; x_wconf 91' lang='lat' dir='ltr'>ut</span> <span class='ocrx_word' id='word_1_570' title='bbox 2300 2009 2575 2064; x_wconf 88' lang='lat' dir='ltr'>universa</span> <span class='ocrx_word' id='word_1_571' title='bbox 2590 2009 2839 2064; x_wconf 83' lang='lat' dir='ltr'>civitatis</span> <span class='ocrx_word' id='word_1_572' title='bbox 2866 2009 3183 2066; x_wconf 88' lang='lat' dir='ltr'>multitudo</span> <span class='ocrx_word' id='word_1_573' title='bbox 3205 2012 3366 2068; x_wconf 93' lang='lat' dir='ltr'><strong><em>illico</em></strong></span> <span class='ocrx_word' id='word_1_574' title='bbox 3388 2013 3450 2068; x_wconf 93' lang='lat' dir='ltr'><strong><em>in</em></strong></span> <span class='ocrx_word' id='word_1_575' title='bbox 3479 2021 3743 2071; x_wconf 86' lang='lat' dir='ltr'>sanctam</span> 
     </span>
    </p>
   </div>
   <div class='ocr_carea' id='block_1_83' title="bbox 2098 2098 3746 2165">
    <p class='ocr_par' dir='ltr' id='par_1_83' title="bbox 2098 2098 3746 2165">
     <span class='ocr_line' id='line_1_84' title="bbox 2098 2098 3746 2165; baseline 0.002 -10"><span class='ocrx_word' id='word_1_576' title='bbox 2098 2099 2409 2155; x_wconf 86' lang='lat' dir='ltr'>ecclesiam</span> <span class='ocrx_word' id='word_1_577' title='bbox 2442 2098 2755 2154; x_wconf 87' lang='lat' dir='ltr'>confertim</span> <span class='ocrx_word' id='word_1_578' title='bbox 2785 2106 3139 2165; x_wconf 87' lang='lat' dir='ltr'>accurreret,</span> <span class='ocrx_word' id='word_1_579' title='bbox 3165 2102 3448 2158; x_wconf 82' lang='lat' dir='ltr'>immissae</span> <span class='ocrx_word' id='word_1_580' title='bbox 3470 2121 3503 2160; x_wconf 91' lang='lat' dir='ltr'>a</span> <span class='ocrx_word' id='word_1_581' title='bbox 3526 2107 3640 2161; x_wconf 93' lang='lat' dir='ltr'>Deo</span> <span class='ocrx_word' id='word_1_582' title='bbox 3664 2106 3746 2159; x_wconf 91' lang='lat' dir='ltr'>vi-</span> 
     </span>
    </p>
   </div>
   <div class='ocr_carea' id='block_1_84' title="bbox 2098 2187 3747 2265">
    <p class='ocr_par' dir='ltr' id='par_1_84' title="bbox 2098 2187 3747 2265">
     <span class='ocr_line' id='line_1_85' title="bbox 2098 2187 3747 2265; baseline 0.005 -22"><span class='ocrx_word' id='word_1_583' title='bbox 2098 2188 2285 2244; x_wconf 90' lang='lat' dir='ltr'>sionis</span> <span class='ocrx_word' id='word_1_584' title='bbox 2316 2192 2480 2244; x_wconf 90' lang='lat' dir='ltr'>metu</span> <span class='ocrx_word' id='word_1_585' title='bbox 2510 2204 2643 2243; x_wconf 91' lang='lat' dir='ltr'>cum</span> <span class='ocrx_word' id='word_1_586' title='bbox 2677 2187 2885 2243; x_wconf 70' lang='lat' dir='ltr'>laetitia</span> <span class='ocrx_word' id='word_1_587' title='bbox 2914 2189 3234 2260; x_wconf 86' lang='lat' dir='ltr'>conjuncto</span> <span class='ocrx_word' id='word_1_588' title='bbox 3254 2191 3529 2262; x_wconf 89' lang='lat' dir='ltr'>pesculsa</span> <span class='ocrx_word' id='word_1_589' title='bbox 3555 2196 3747 2265; x_wconf 83' lang='lat' dir='ltr'>;juve~</span> 
     </span>
    </p>
   </div>
   <div class='ocr_carea' id='block_1_85' title="bbox 2096 2277 3747 2342">
    <p class='ocr_par' dir='ltr' id='par_1_85' title="bbox 2096 2277 3747 2342">
     <span class='ocr_line' id='line_1_86' title="bbox 2096 2277 3747 2342; baseline 0.003 -9"><span class='ocrx_word' id='word_1_590' title='bbox 2096 2294 2239 2333; x_wconf 91' lang='lat' dir='ltr'>num</span> <span class='ocrx_word' id='word_1_591' title='bbox 2271 2277 2450 2332; x_wconf 88' lang='lat' dir='ltr'>simul</span> <span class='ocrx_word' id='word_1_592' title='bbox 2489 2293 2556 2331; x_wconf 90' lang='lat' dir='ltr'>ac</span> <span class='ocrx_word' id='word_1_593' title='bbox 2589 2277 2892 2332; x_wconf 90' lang='lat' dir='ltr'>seniorum</span> <span class='ocrx_word' id='word_1_594' title='bbox 2926 2277 3116 2342; x_wconf 89' lang='lat' dir='ltr'>turba,</span> <span class='ocrx_word' id='word_1_595' title='bbox 3149 2279 3409 2335; x_wconf 90' lang='lat' dir='ltr'>virorum</span> <span class='ocrx_word' id='word_1_596' title='bbox 3441 2298 3508 2336; x_wconf 89' lang='lat' dir='ltr'>ac</span> <span class='ocrx_word' id='word_1_597' title='bbox 3535 2283 3747 2339; x_wconf 86' lang='lat' dir='ltr'>mulie-</span> 
     </span>
    </p>
   </div>
   <div class='ocr_carea' id='block_1_86' title="bbox 2096 2367 3748 2441">
    <p class='ocr_par' dir='ltr' id='par_1_86' title="bbox 2096 2367 3748 2441">
     <span class='ocr_line' id='line_1_87' title="bbox 2096 2367 3748 2441; baseline 0.004 -19"><span class='ocrx_word' id='word_1_598' title='bbox 2096 2384 2248 2432; x_wconf 86' lang='lat' dir='ltr'>rum,</span> <span class='ocrx_word' id='word_1_599' title='bbox 2284 2367 2592 2438; x_wconf 69' lang='lat' dir='ltr'>astatisque</span> <span class='ocrx_word' id='word_1_600' title='bbox 2619 2367 2836 2433; x_wconf 91' lang='lat' dir='ltr'>omnis,</span> <span class='ocrx_word' id='word_1_601' title='bbox 2869 2367 2943 2421; x_wconf 90' lang='lat' dir='ltr'>ad</span> <span class='ocrx_word' id='word_1_602' title='bbox 2975 2367 3133 2438; x_wconf 89' lang='lat' dir='ltr'>ipsas</span> <span class='ocrx_word' id='word_1_603' title='bbox 3163 2385 3350 2441; x_wconf 88' lang='lat' dir='ltr'>usque</span> <span class='ocrx_word' id='word_1_604' title='bbox 3378 2370 3438 2425; x_wconf 92' lang='lat' dir='ltr'>in</span> <span class='ocrx_word' id='word_1_605' title='bbox 3471 2372 3748 2429; x_wconf 85' lang='lat' dir='ltr'>thalamis</span> 
     </span>
    </p>
   </div>
   <div class='ocr_carea' id='block_1_87' title="bbox 2096 2455 3750 2531">
    <p class='ocr_par' dir='ltr' id='par_1_87' title="bbox 2096 2455 3750 2531">
     <span class='ocr_line' id='line_1_88' title="bbox 2096 2455 3750 2531; baseline 0.003 -20"><span class='ocrx_word' id='word_1_606' title='bbox 2096 2473 2203 2529; x_wconf 89' lang='lat' dir='ltr'>per</span> <span class='ocrx_word' id='word_1_607' title='bbox 2236 2457 2444 2512; x_wconf 90' lang='lat' dir='ltr'>domos</span> <span class='ocrx_word' id='word_1_608' title='bbox 2471 2455 2736 2511; x_wconf 87' lang='lat' dir='ltr'>reclusas</span> <span class='ocrx_word' id='word_1_609' title='bbox 2768 2456 3038 2528; x_wconf 86' lang='lat' dir='ltr'>puellas;</span> <span class='ocrx_word' id='word_1_610' title='bbox 3073 2457 3486 2531; x_wconf 88' lang='lat' dir='ltr'>indigenarum</span> <span class='ocrx_word' id='word_1_611' title='bbox 3519 2477 3638 2516; x_wconf 87' lang='lat' dir='ltr'>una</span> <span class='ocrx_word' id='word_1_612' title='bbox 3668 2467 3750 2517; x_wconf 89' lang='lat' dir='ltr'>at-</span> 
     </span>
    </p>
   </div>
   <div class='ocr_carea' id='block_1_88' title="bbox 2096 2546 3748 2621">
    <p class='ocr_par' dir='ltr' id='par_1_88' title="bbox 2096 2546 3748 2621">
     <span class='ocr_line' id='line_1_89' title="bbox 2096 2546 3748 2621; baseline 0.004 -20"><span class='ocrx_word' id='word_1_613' title='bbox 2096 2563 2211 2620; x_wconf 91' lang='lat' dir='ltr'>que</span> <span class='ocrx_word' id='word_1_614' title='bbox 2243 2552 2614 2612; x_wconf 85' lang='lat' dir='ltr'>exterorum;</span> <span class='ocrx_word' id='word_1_615' title='bbox 2649 2546 3148 2612; x_wconf 86' lang='lat' dir='ltr'>Christianorum,</span> <span class='ocrx_word' id='word_1_616' title='bbox 3198 2565 3266 2604; x_wconf 89' lang='lat' dir='ltr'>ac</span> <span class='ocrx_word' id='word_1_617' title='bbox 3313 2550 3626 2621; x_wconf 82' lang='lat' dir='ltr'>gentilium</span> <span class='ocrx_word' id='word_1_618' title='bbox 3677 2569 3748 2608; x_wconf 85' lang='lat' dir='ltr'>ex</span> 
     </span>
    </p>
   </div>
   <div class='ocr_carea' id='block_1_89' title="bbox 2093 2634 3746 2708">
    <p class='ocr_par' dir='ltr' id='par_1_89' title="bbox 2093 2634 3746 2708">
     <span class='ocr_line' id='line_1_90' title="bbox 2093 2634 3746 2708; baseline 0.002 -16"><span class='ocrx_word' id='word_1_619' title='bbox 2093 2636 2343 2692; x_wconf 88' lang='lat' dir='ltr'>diversis</span> <span class='ocrx_word' id='word_1_620' title='bbox 2369 2634 2638 2708; x_wconf 88' lang='lat' dir='ltr'>partibus</span> <span class='ocrx_word' id='word_1_621' title='bbox 2681 2635 2796 2690; x_wconf 91' lang='lat' dir='ltr'>huc</span> <span class='ocrx_word' id='word_1_622' title='bbox 2844 2635 3316 2693; x_wconf 89' lang='lat' dir='ltr'>adventantium.</span> <span class='ocrx_word' id='word_1_623' title='bbox 3380 2639 3487 2704; x_wconf 87' lang='lat' dir='ltr'>Qui</span> <span class='ocrx_word' id='word_1_624' title='bbox 3538 2657 3746 2696; x_wconf 88' lang='lat' dir='ltr'>omnes</span> 
     </span>
    </p>
   </div>
   <div class='ocr_carea' id='block_1_90' title="bbox 2091 2724 3742 2786">
    <p class='ocr_par' dir='ltr' id='par_1_90' title="bbox 2091 2724 3742 2786">
     <span class='ocr_line' id='line_1_91' title="bbox 2091 2724 3742 2786; baseline 0.002 -4"><span class='ocrx_word' id='word_1_625' title='bbox 2091 2725 2460 2782; x_wconf 89' lang='lat' dir='ltr'>uuanimiler</span> <span class='ocrx_word' id='word_1_626' title='bbox 2479 2724 2639 2779; x_wconf 85' lang='lat' dir='ltr'>velut</span> <span class='ocrx_word' id='word_1_627' title='bbox 2670 2741 2738 2778; x_wconf 87' lang='lat' dir='ltr'>ex</span> <span class='ocrx_word' id='word_1_628' title='bbox 2771 2741 2872 2779; x_wconf 92' lang='lat' dir='ltr'>ore</span> <span class='ocrx_word' id='word_1_629' title='bbox 2901 2726 3054 2782; x_wconf 80' lang='lat'><strong>353</strong></span> <span class='ocrx_word' id='word_1_630' title='bbox 3086 2743 3203 2781; x_wconf 87' lang='lat' dir='ltr'>uno</span> <span class='ocrx_word' id='word_1_631' title='bbox 3227 2727 3523 2784; x_wconf 90' lang='lat' dir='ltr'>Christum</span> <span class='ocrx_word' id='word_1_632' title='bbox 3544 2731 3742 2786; x_wconf 86' lang='lat' dir='ltr'>Jesum</span> 
     </span>
    </p>
   </div>
   <div class='ocr_carea' id='block_1_91' title="bbox 2092 2814 3746 2889">
    <p class='ocr_par' dir='ltr' id='par_1_91' title="bbox 2092 2814 3746 2889">
     <span class='ocr_line' id='line_1_92' title="bbox 2092 2814 3746 2889; baseline 0.002 -18"><span class='ocrx_word' id='word_1_633' title='bbox 2092 2816 2412 2871; x_wconf 90' lang='lat' dir='ltr'>Dominum</span> <span class='ocrx_word' id='word_1_634' title='bbox 2435 2821 2728 2880; x_wconf 90' lang='lat' dir='ltr'>nostrum,</span> <span class='ocrx_word' id='word_1_635' title='bbox 2750 2814 2962 2870; x_wconf 89' lang='lat' dir='ltr'>Filium</span> <span class='ocrx_word' id='word_1_636' title='bbox 2984 2815 3083 2870; x_wconf 91' lang='lat' dir='ltr'>Dei</span> <span class='ocrx_word' id='word_1_637' title='bbox 3108 2817 3746 2889; x_wconf 79' lang='lat' dir='ltr'>unigenitum,mirabi~</span> 
     </span>
    </p>
   </div>
   <div class='ocr_carea' id='block_1_92' title="bbox 2091 2903 3741 2980">
    <p class='ocr_par' dir='ltr' id='par_1_92' title="bbox 2091 2903 3741 2980">
     <span class='ocr_line' id='line_1_93' title="bbox 2091 2903 3741 2980; baseline 0.002 -20"><span class='ocrx_word' id='word_1_638' title='bbox 2091 2906 2239 2961; x_wconf 89' lang='lat' dir='ltr'>lium</span> <span class='ocrx_word' id='word_1_639' title='bbox 2272 2905 2610 2960; x_wconf 69' lang='lat' dir='ltr'>effectorem</span> <span class='ocrx_word' id='word_1_640' title='bbox 2642 2903 2918 2958; x_wconf 90' lang='lat' dir='ltr'>laudibus</span> <span class='ocrx_word' id='word_1_641' title='bbox 2948 2903 3332 2960; x_wconf 90' lang='lat' dir='ltr'>celebrabant</span> <span class='ocrx_word' id='word_1_642' title='bbox 3363 2922 3377 2960; x_wconf 88' lang='lat'><strong>:</strong></span> <span class='ocrx_word' id='word_1_643' title='bbox 3410 2925 3473 2962; x_wconf 91' lang='lat' dir='ltr'>re</span> <span class='ocrx_word' id='word_1_644' title='bbox 3504 2908 3634 2980; x_wconf 85' lang='lat' dir='ltr'>ipsa</span> <span class='ocrx_word' id='word_1_645' title='bbox 3684 2915 3741 2966; x_wconf 89' lang='lat' dir='ltr'>et</span> 
     </span>
    </p>
   </div>
   <div class='ocr_carea' id='block_1_93' title="bbox 2091 2993 3740 3068">
    <p class='ocr_par' dir='ltr' id='par_1_93' title="bbox 2091 2993 3740 3068">
     <span class='ocr_line' id='line_1_94' title="bbox 2091 2993 3740 3068; baseline 0.001 -16"><span class='ocrx_word' id='word_1_646' title='bbox 2091 2993 3386 3068; x_wconf 84' lang='lat' dir='ltr'>experientiacognoscentes,Christianorum</span> <span class='ocrx_word' id='word_1_647' title='bbox 3405 2996 3740 3068; x_wconf 90' lang='lat' dir='ltr'>piissimum</span> 
     </span>
    </p>
   </div>
   <div class='ocr_carea' id='block_1_94' title="bbox 2092 3084 3740 3158">
    <p class='ocr_par' dir='ltr' id='par_1_94' title="bbox 2092 3084 3740 3158">
     <span class='ocr_line' id='line_1_95' title="bbox 2092 3084 3740 3158; baseline 0.002 -18"><span class='ocrx_word' id='word_1_648' title='bbox 2092 3086 2322 3158; x_wconf 89' lang='lat' dir='ltr'>dogma.</span> <span class='ocrx_word' id='word_1_649' title='bbox 2357 3085 2475 3138; x_wconf 88' lang='lat' dir='ltr'><strong><em>Non</em></strong></span> <span class='ocrx_word' id='word_1_650' title='bbox 2505 3084 2562 3136; x_wconf 86' lang='lat' dir='ltr'>in</span> <span class='ocrx_word' id='word_1_651' title='bbox 2589 3084 2955 3152; x_wconf 84' lang='lat' dir='ltr'>persuasoriis</span> <span class='ocrx_word' id='word_1_652' title='bbox 2984 3085 3270 3153; x_wconf 69' lang='lat' dir='ltr'>sapientia:</span> <span class='ocrx_word' id='word_1_653' title='bbox 3305 3085 3503 3152; x_wconf 78' lang='lat' dir='ltr'>verbis,</span> <span class='ocrx_word' id='word_1_654' title='bbox 3558 3088 3652 3142; x_wconf 79' lang='lat' dir='ltr'>sed</span> <span class='ocrx_word' id='word_1_655' title='bbox 3681 3090 3740 3143; x_wconf 88' lang='lat' dir='ltr'>in</span> 
     </span>
    </p>
   </div>
   <div class='ocr_carea' id='block_1_95' title="bbox 2093 3173 3740 3242">
    <p class='ocr_par' dir='ltr' id='par_1_95' title="bbox 2093 3173 3740 3242">
     <span class='ocr_line' id='line_1_96' title="bbox 2093 3173 3740 3242; baseline 0.001 -10"><span class='ocrx_word' id='word_1_656' title='bbox 2093 3176 2555 3232; x_wconf 82' lang='lat' dir='ltr'>demonstratione</span> <span class='ocrx_word' id='word_1_657' title='bbox 2577 3173 2822 3242; x_wconf 82' lang='lat' dir='ltr'>Spiritus</span> <span class='ocrx_word' id='word_1_658' title='bbox 2834 3189 2898 3227; x_wconf 89' lang='lat' dir='ltr'>ac</span> <span class='ocrx_word' id='word_1_659' title='bbox 2908 3175 3170 3242; x_wconf 71' lang='lat' dir='ltr'>potentiae</span> <span class='ocrx_word' id='word_1_660' title='bbox 3182 3173 3567 3231; x_wconf 74' lang='lat' dir='ltr'>20consistere</span> <span class='ocrx_word' id='word_1_661' title='bbox 3590 3193 3602 3231; x_wconf 91' lang='lat'><strong>:</strong></span> <span class='ocrx_word' id='word_1_662' title='bbox 3620 3194 3740 3233; x_wconf 92' lang='lat' dir='ltr'>non</span> 
     </span>
    </p>
   </div>
   <div class='ocr_carea' id='block_1_96' title="bbox 2011 3235 3740 3330">
    <p class='ocr_par' dir='ltr' id='par_1_96' title="bbox 2011 3235 3740 3330">
     <span class='ocr_line' id='line_1_97' title="bbox 2011 3235 3740 3330; baseline 0.002 -10"><span class='ocrx_word' id='word_1_663' title='bbox 2011 3235 2054 3302; x_wconf 61' lang='grc' dir='ltr'>ί)</span> <span class='ocrx_word' id='word_1_664' title='bbox 2093 3266 2166 3322; x_wconf 88' lang='lat' dir='ltr'>ab</span> <span class='ocrx_word' id='word_1_665' title='bbox 2196 3263 2541 3320; x_wconf 90' lang='lat' dir='ltr'>hominibus</span> <span class='ocrx_word' id='word_1_666' title='bbox 2573 3235 2766 3318; x_wconf 79' lang='lat' dir='ltr'>solum</span> <span class='ocrx_word' id='word_1_667' title='bbox 2796 3235 3238 3330; x_wconf 45' lang='lat' dir='ltr'>ann-nntiatum,</span> <span class='ocrx_word' id='word_1_668' title='bbox 3271 3265 3374 3320; x_wconf 89' lang='lat' dir='ltr'>sed</span> <span class='ocrx_word' id='word_1_669' title='bbox 3405 3266 3616 3322; x_wconf 67' lang='lat' dir='ltr'>ecualis</span> <span class='ocrx_word' id='word_1_670' title='bbox 3638 3269 3740 3323; x_wconf 91' lang='lat' dir='ltr'>Dei</span> 
     </span>
    </p>
   </div>
   <div class='ocr_carea' id='block_1_97' title="bbox 2090 3351 3233 3428">
    <p class='ocr_par' dir='ltr' id='par_1_97' title="bbox 2090 3351 3233 3428">
     <span class='ocr_line' id='line_1_98' title="bbox 2090 3351 3233 3428; baseline -0.002 -16"><span class='ocrx_word' id='word_1_671' title='bbox 2090 3356 2280 3428; x_wconf 91' lang='lat' dir='ltr'>ipsius</span> <span class='ocrx_word' id='word_1_672' title='bbox 2313 3352 2656 3409; x_wconf 90' lang='lat' dir='ltr'>testimonio</span> <span class='ocrx_word' id='word_1_673' title='bbox 2691 3351 3139 3422; x_wconf 91' lang='lat' dir='ltr'>comprobatum</span> <span class='ocrx_word' id='word_1_674' title='bbox 3167 3352 3233 3410; x_wconf 72' lang='lat'>“.</span> 
     </span>
    </p>
   </div>
   <div class='ocr_carea' id='block_1_98' title="bbox 2164 3441 3742 3517">
    <p class='ocr_par' dir='ltr' id='par_1_98' title="bbox 2164 3441 3742 3517">
     <span class='ocr_line' id='line_1_99' title="bbox 2164 3441 3742 3517; baseline 0.002 -17"><span class='ocrx_word' id='word_1_675' title='bbox 2164 3448 2230 3502; x_wconf 86' lang='lat' dir='ltr'>V.</span> <span class='ocrx_word' id='word_1_676' title='bbox 2258 3445 2402 3500; x_wconf 89' lang='lat' dir='ltr'>Cum</span> <span class='ocrx_word' id='word_1_677' title='bbox 2429 3442 2608 3514; x_wconf 89' lang='lat' dir='ltr'>igitur</span> <span class='ocrx_word' id='word_1_678' title='bbox 2638 3458 2748 3496; x_wconf 91' lang='lat' dir='ltr'><strong><em>nos</em></strong></span> <span class='ocrx_word' id='word_1_679' title='bbox 2780 3441 3202 3513; x_wconf 65' lang='lat' dir='ltr'>Hierosolyma)</span> <span class='ocrx_word' id='word_1_680' title='bbox 3234 3443 3464 3511; x_wconf 68' lang='lat' dir='ltr'>incolae,</span> <span class='ocrx_word' id='word_1_681' title='bbox 3499 3447 3600 3517; x_wconf 89' lang='lat' dir='ltr'>qui</span> <span class='ocrx_word' id='word_1_682' title='bbox 3630 3447 3742 3503; x_wconf 88' lang='lat' dir='ltr'>mi-</span> 
     </span>
    </p>
   </div>
   <div class='ocr_carea' id='block_1_99' title="bbox 2091 3529 3740 3606">
    <p class='ocr_par' dir='ltr' id='par_1_99' title="bbox 2091 3529 3740 3606">
     <span class='ocr_line' id='line_1_100' title="bbox 2091 3529 3740 3606; baseline 0 -14"><span class='ocrx_word' id='word_1_683' title='bbox 2091 3535 2280 3592; x_wconf 91' lang='lat' dir='ltr'>rabile</span> <span class='ocrx_word' id='word_1_684' title='bbox 2312 3531 2460 3588; x_wconf 90' lang='lat' dir='ltr'>illud</span> <span class='ocrx_word' id='word_1_685' title='bbox 2505 3529 2837 3602; x_wconf 87' lang='lat' dir='ltr'>prodigium</span> <span class='ocrx_word' id='word_1_686' title='bbox 2882 3529 3026 3601; x_wconf 89' lang='lat' dir='ltr'>ipsis</span> <span class='ocrx_word' id='word_1_687' title='bbox 3066 3532 3256 3587; x_wconf 92' lang='lat' dir='ltr'>oculis</span> <span class='ocrx_word' id='word_1_688' title='bbox 3303 3536 3740 3606; x_wconf 80' lang='lat' dir='ltr'>conspeximus,</span> 
     </span>
    </p>
   </div>
   <div class='ocr_carea' id='block_1_100' title="bbox 2092 3619 3744 3694">
    <p class='ocr_par' dir='ltr' id='par_1_100' title="bbox 2092 3619 3744 3694">
     <span class='ocr_line' id='line_1_101' title="bbox 2092 3619 3744 3694; baseline -0.001 -10"><span class='ocrx_word' id='word_1_689' title='bbox 2092 3627 2211 3683; x_wconf 91' lang='lat' dir='ltr'>Deo</span> <span class='ocrx_word' id='word_1_690' title='bbox 2243 3622 2514 3680; x_wconf 90' lang='lat' dir='ltr'>omnium</span> <span class='ocrx_word' id='word_1_691' title='bbox 2544 3619 2706 3692; x_wconf 82' lang='lat' dir='ltr'>Regi,</span> <span class='ocrx_word' id='word_1_692' title='bbox 2741 3623 2798 3674; x_wconf 88' lang='lat' dir='ltr'>et</span> <span class='ocrx_word' id='word_1_693' title='bbox 2827 3619 2972 3674; x_wconf 91' lang='lat' dir='ltr'>Filio</span> <span class='ocrx_word' id='word_1_694' title='bbox 3026 3621 3332 3694; x_wconf 90' lang='lat' dir='ltr'>unigenito</span> <span class='ocrx_word' id='word_1_695' title='bbox 3382 3625 3484 3680; x_wconf 90' lang='lat' dir='ltr'>Dei</span> <span class='ocrx_word' id='word_1_696' title='bbox 3529 3642 3744 3682; x_wconf 88' lang='lat' dir='ltr'>conve-</span> 
     </span>
    </p>
   </div>
   <div class='ocr_carea' id='block_1_101' title="bbox 2162 3910 3738 3984">
    <p class='ocr_par' dir='ltr' id='par_1_101' title="bbox 2162 3910 3738 3984">
     <span class='ocr_line' id='line_1_102' title="bbox 2162 3910 3738 3984; baseline 0.003 -18"><span class='ocrx_word' id='word_1_697' title='bbox 2162 3914 2239 3984; x_wconf 76' lang='grc'>(3)</span> <span class='ocrx_word' id='word_1_698' title='bbox 2296 3911 2672 3984; x_wconf 83' lang='grc' dir='ltr'>Παμμεγὲθης</span> <span class='ocrx_word' id='word_1_699' title='bbox 2725 3910 2980 3984; x_wconf 81' lang='grc' dir='ltr'>σταυρός.</span> <span class='ocrx_word' id='word_1_700' title='bbox 3037 3912 3120 3967; x_wconf 80' lang='lat' dir='ltr'><strong>Ex</strong></span> <span class='ocrx_word' id='word_1_701' title='bbox 3178 3913 3448 3968; x_wconf 86' lang='lat' dir='ltr'>Gretsero</span> <span class='ocrx_word' id='word_1_702' title='bbox 3519 3915 3738 3971; x_wconf 86' lang='lat' dir='ltr'>articu-</span> 
     </span>
    </p>
   </div>
   <div class='ocr_carea' id='block_1_102' title="bbox 2090 3983 3740 4057">
    <p class='ocr_par' dir='ltr' id='par_1_102' title="bbox 2090 3983 3740 4057">
     <span class='ocr_line' id='line_1_103' title="bbox 2090 3983 3740 4057; baseline 0.001 -17"><span class='ocrx_word' id='word_1_703' title='bbox 2090 3985 2216 4040; x_wconf 90' lang='lat' dir='ltr'>lum</span> <span class='ocrx_word' id='word_1_704' title='bbox 2248 3984 2275 4037; x_wconf 86' lang='grc' dir='ltr'><strong>ὁ</strong></span> <span class='ocrx_word' id='word_1_705' title='bbox 2308 3984 2438 4057; x_wconf 81' lang='lat' dir='ltr'>voci</span> <span class='ocrx_word' id='word_1_706' title='bbox 2478 3983 2706 4057; x_wconf 78' lang='grc' dir='ltr'>σταυρός</span> <span class='ocrx_word' id='word_1_707' title='bbox 2763 3984 3084 4057; x_wconf 66' lang='lat' dir='ltr'>prmﬁxum</span> <span class='ocrx_word' id='word_1_708' title='bbox 3122 3985 3533 4057; x_wconf 82' lang='lat' dir='ltr'>expunximus.</span> <span class='ocrx_word' id='word_1_709' title='bbox 3584 3988 3740 4042; x_wconf 90' lang='lat' dir='ltr'>Con-</span> 
     </span>
    </p>
   </div>
   <div class='ocr_carea' id='block_1_103' title="bbox 2084 4052 3740 4129">
    <p class='ocr_par' dir='ltr' id='par_1_103' title="bbox 2084 4052 3740 4129">
     <span class='ocr_line' id='line_1_104' title="bbox 2084 4052 3740 4129; baseline 0.001 -17"><span class='ocrx_word' id='word_1_710' title='bbox 2084 4057 2317 4129; x_wconf 88' lang='lat' dir='ltr'>junctio</span> <span class='ocrx_word' id='word_1_711' title='bbox 2347 4052 2438 4108; x_wconf 84' lang='grc' dir='ltr'>καί</span> <span class='ocrx_word' id='word_1_712' title='bbox 2471 4052 2833 4129; x_wconf 27' lang='grc' dir='ltr'>δαῖθ’-μέχρι.</span> <span class='ocrx_word' id='word_1_713' title='bbox 2856 4052 3386 4129; x_wconf 19' lang='grc' dir='ltr'>,ευρρτΠιιίιζίιὺθβι</span> <span class='ocrx_word' id='word_1_714' title='bbox 3411 4074 3445 4112; x_wconf 91' lang='lat' dir='ltr'><strong><em>a</em></strong></span> <span class='ocrx_word' id='word_1_715' title='bbox 3474 4057 3605 4112; x_wconf 93' lang='lat' dir='ltr'>cod.</span> <span class='ocrx_word' id='word_1_716' title='bbox 3638 4059 3740 4113; x_wconf 89' lang='lat' dir='ltr'>Gc-</span> 
     </span>
    </p>
   </div>
   <div class='ocr_carea' id='block_1_104' title="bbox 2092 4127 3736 4185">
    <p class='ocr_par' dir='ltr' id='par_1_104' title="bbox 2092 4127 3736 4185">
     <span class='ocr_line' id='line_1_105' title="bbox 2092 4127 3736 4185; baseline -0.001 0"><span class='ocrx_word' id='word_1_717' title='bbox 2092 4127 2224 4185; x_wconf 77' lang='lat' dir='ltr'>nov.</span> <span class='ocrx_word' id='word_1_718' title='bbox 2259 4131 2506 4184; x_wconf 90' lang='lat' dir='ltr'>Crucem</span> <span class='ocrx_word' id='word_1_719' title='bbox 2540 4128 2600 4182; x_wconf 91' lang='lat' dir='ltr'>in</span> <span class='ocrx_word' id='word_1_720' title='bbox 2624 4127 2821 4182; x_wconf 89' lang='lat' dir='ltr'>lucida</span> <span class='ocrx_word' id='word_1_721' title='bbox 2852 4127 3000 4181; x_wconf 90' lang='lat' dir='ltr'>iride</span> <span class='ocrx_word' id='word_1_722' title='bbox 3032 4127 3374 4184; x_wconf 89' lang='lat' dir='ltr'>conclusam</span> <span class='ocrx_word' id='word_1_723' title='bbox 3405 4129 3588 4184; x_wconf 88' lang='lat' dir='ltr'>fuisse</span> <span class='ocrx_word' id='word_1_724' title='bbox 3636 4130 3736 4184; x_wconf 92' lang='lat' dir='ltr'>alii</span> 
     </span>
    </p>
   </div>
   <div class='ocr_carea' id='block_1_105' title="bbox 2093 4198 3737 4270">
    <p class='ocr_par' dir='ltr' id='par_1_105' title="bbox 2093 4198 3737 4270">
     <span class='ocr_line' id='line_1_106' title="bbox 2093 4198 3737 4270; baseline -0.001 -14"><span class='ocrx_word' id='word_1_725' title='bbox 2093 4207 2364 4256; x_wconf 87' lang='lat' dir='ltr'>auctores</span> <span class='ocrx_word' id='word_1_726' title='bbox 2408 4200 2626 4266; x_wconf 85' lang='lat' dir='ltr'>ferunt,</span> <span class='ocrx_word' id='word_1_727' title='bbox 2678 4199 2748 4252; x_wconf 93' lang='lat' dir='ltr'>de</span> <span class='ocrx_word' id='word_1_728' title='bbox 2795 4216 2910 4270; x_wconf 85' lang='lat' dir='ltr'>quo</span> <span class='ocrx_word' id='word_1_729' title='bbox 2957 4198 3084 4253; x_wconf 83' lang='lat' dir='ltr'>vide</span> <span class='ocrx_word' id='word_1_730' title='bbox 3135 4200 3385 4270; x_wconf 73' lang='lat' dir='ltr'>Prmloq.</span> <span class='ocrx_word' id='word_1_731' title='bbox 3437 4217 3602 4256; x_wconf 90' lang='lat' dir='ltr'>num.</span> <span class='ocrx_word' id='word_1_732' title='bbox 3652 4203 3737 4256; x_wconf 79' lang='grc'>14.</span> 
     </span>
    </p>
   </div>
   <div class='ocr_carea' id='block_1_106' title="bbox 2092 4269 3742 4340">
    <p class='ocr_par' dir='ltr' id='par_1_106' title="bbox 2092 4269 3742 4340">
     <span class='ocr_line' id='line_1_107' title="bbox 2092 4269 3742 4340; baseline -0.001 -12"><span class='ocrx_word' id='word_1_733' title='bbox 2092 4275 2260 4328; x_wconf 88' lang='lat' dir='ltr'>Teste</span> <span class='ocrx_word' id='word_1_734' title='bbox 2291 4273 2610 4326; x_wconf 92' lang='lat' dir='ltr'>Sozomeno</span> <span class='ocrx_word' id='word_1_735' title='bbox 2633 4269 2978 4340; x_wconf 85' lang='lat' dir='ltr'>quindecim</span> <span class='ocrx_word' id='word_1_736' title='bbox 3003 4271 3241 4326; x_wconf 90' lang='lat' dir='ltr'>circiter</span> <span class='ocrx_word' id='word_1_737' title='bbox 3262 4269 3451 4326; x_wconf 83' lang='lat' dir='ltr'>stadia</span> <span class='ocrx_word' id='word_1_738' title='bbox 3473 4289 3613 4328; x_wconf 82' lang='lat' dir='ltr'>crux</span> <span class='ocrx_word' id='word_1_739' title='bbox 3644 4291 3742 4327; x_wconf 82' lang='lat' dir='ltr'>oc-</span> 
     </span>
    </p>
   </div>
   <div class='ocr_carea' id='block_1_107' title="bbox 2095 4342 3742 4414">
    <p class='ocr_par' dir='ltr' id='par_1_107' title="bbox 2095 4342 3742 4414">
     <span class='ocr_line' id='line_1_108' title="bbox 2095 4342 3742 4414; baseline 0 -15"><span class='ocrx_word' id='word_1_740' title='bbox 2095 4343 2388 4414; x_wconf 90' lang='lat' dir='ltr'>cupabat:</span> <span class='ocrx_word' id='word_1_741' title='bbox 2421 4342 2578 4414; x_wconf 89' lang='lat' dir='ltr'>quod</span> <span class='ocrx_word' id='word_1_742' title='bbox 2611 4342 2990 4397; x_wconf 84' lang='lat' dir='ltr'>intervallum</span> <span class='ocrx_word' id='word_1_743' title='bbox 3041 4347 3130 4396; x_wconf 90' lang='lat' dir='ltr'>est</span> <span class='ocrx_word' id='word_1_744' title='bbox 3175 4343 3474 4399; x_wconf 59' lang='lat' dir='ltr'>distantias</span> <span class='ocrx_word' id='word_1_745' title='bbox 3523 4345 3742 4400; x_wconf 88' lang='lat' dir='ltr'>montis</span> 
     </span>
    </p>
   </div>
   <div class='ocr_carea' id='block_1_108' title="bbox 2094 4413 2782 4471">
    <p class='ocr_par' dir='ltr' id='par_1_108' title="bbox 2094 4413 2782 4471">
     <span class='ocr_line' id='line_1_109' title="bbox 2094 4413 2782 4471; baseline -0.004 0"><span class='ocrx_word' id='word_1_746' title='bbox 2094 4413 2303 4471; x_wconf 90' lang='lat' dir='ltr'>Oliveti</span> <span class='ocrx_word' id='word_1_747' title='bbox 2333 4413 2406 4469; x_wconf 88' lang='lat' dir='ltr'>ad</span> <span class='ocrx_word' id='word_1_748' title='bbox 2437 4413 2782 4468; x_wconf 89' lang='lat' dir='ltr'>Calvariam.</span> 
     </span>
    </p>
   </div>
   <div class='ocr_carea' id='block_1_109' title="bbox 2165 4479 3741 4557">
    <p class='ocr_par' dir='ltr' id='par_1_109' title="bbox 2165 4479 3741 4557">
     <span class='ocr_line' id='line_1_110' title="bbox 2165 4479 3741 4557; baseline -0.004 -17"><span class='ocrx_word' id='word_1_749' title='bbox 2165 4487 2243 4557; x_wconf 76' lang='grc'>(4)</span> <span class='ocrx_word' id='word_1_750' title='bbox 2297 4482 2594 4540; x_wconf 80' lang='grc' dir='ltr'>Ἐντοπίων</span> <span class='ocrx_word' id='word_1_751' title='bbox 2648 4503 2706 4536; x_wconf 90' lang='grc' dir='ltr'>τε</span> <span class='ocrx_word' id='word_1_752' title='bbox 2755 4479 3102 4557; x_wconf 12' lang='grc' dir='ltr'>καὶγξένων,</span> <span class='ocrx_word' id='word_1_753' title='bbox 3180 4490 3292 4540; x_wconf 82' lang='lat' dir='ltr'>etc.</span> <span class='ocrx_word' id='word_1_754' title='bbox 3378 4487 3442 4543; x_wconf 81' lang='lat' dir='ltr'>In</span> <span class='ocrx_word' id='word_1_755' title='bbox 3526 4487 3741 4542; x_wconf 75' lang='lat' dir='ltr'>horum</span> 
     </span>
    </p>
   </div>
   <div class='ocr_carea' id='block_1_110' title="bbox 2017 4556 3736 4624">
    <p class='ocr_par' dir='ltr' id='par_1_110' title="bbox 2017 4556 3736 4624">
     <span class='ocr_line' id='line_1_111' title="bbox 2017 4556 3736 4624; baseline 0.002 -14"><span class='ocrx_word' id='word_1_756' title='bbox 2017 4559 2060 4624; x_wconf 77' lang='grc' dir='ltr'>Π</span> <span class='ocrx_word' id='word_1_757' title='bbox 2091 4559 2402 4613; x_wconf 88' lang='lat' dir='ltr'>verborum</span> <span class='ocrx_word' id='word_1_758' title='bbox 2431 4557 2819 4612; x_wconf 89' lang='lat' dir='ltr'>collocatione</span> <span class='ocrx_word' id='word_1_759' title='bbox 2854 4556 3107 4611; x_wconf 89' lang='lat' dir='ltr'>Gretseri</span> <span class='ocrx_word' id='word_1_760' title='bbox 3130 4557 3451 4613; x_wconf 89' lang='lat' dir='ltr'>editionem</span> <span class='ocrx_word' id='word_1_761' title='bbox 3484 4563 3541 4612; x_wconf 91' lang='lat' dir='ltr'>et</span> <span class='ocrx_word' id='word_1_762' title='bbox 3567 4559 3736 4614; x_wconf 91' lang='lat' dir='ltr'>codd.</span> 
     </span>
    </p>
   </div>
   <div class='ocr_carea' id='block_1_111' title="bbox 2092 4628 3740 4698">
    <p class='ocr_par' dir='ltr' id='par_1_111' title="bbox 2092 4628 3740 4698">
     <span class='ocr_line' id='line_1_112' title="bbox 2092 4628 3740 4698; baseline -0.001 -12"><span class='ocrx_word' id='word_1_763' title='bbox 2092 4632 2211 4686; x_wconf 84' lang='lat' dir='ltr'>Roe</span> <span class='ocrx_word' id='word_1_764' title='bbox 2243 4635 2301 4682; x_wconf 92' lang='lat' dir='ltr'>et</span> <span class='ocrx_word' id='word_1_765' title='bbox 2330 4628 2576 4684; x_wconf 88' lang='lat' dir='ltr'>Casaub.</span> <span class='ocrx_word' id='word_1_766' title='bbox 2614 4629 2797 4683; x_wconf 89' lang='lat' dir='ltr'>secuti</span> <span class='ocrx_word' id='word_1_767' title='bbox 2857 4643 3096 4689; x_wconf 83' lang='lat' dir='ltr'>sumus;</span> <span class='ocrx_word' id='word_1_768' title='bbox 3159 4646 3411 4698; x_wconf 91' lang='lat' dir='ltr'>quorum</span> <span class='ocrx_word' id='word_1_769' title='bbox 3460 4629 3635 4685; x_wconf 89' lang='lat' dir='ltr'>lectio</span> <span class='ocrx_word' id='word_1_770' title='bbox 3682 4636 3740 4685; x_wconf 88' lang='lat' dir='ltr'>et</span> 
     </span>
    </p>
   </div>
   <div class='ocr_carea' id='block_1_112' title="bbox 2092 4698 3737 4770">
    <p class='ocr_par' dir='ltr' id='par_1_112' title="bbox 2092 4698 3737 4770">
     <span class='ocr_line' id='line_1_113' title="bbox 2092 4698 3737 4770; baseline 0 -14"><span class='ocrx_word' id='word_1_771' title='bbox 2092 4701 2292 4756; x_wconf 90' lang='lat' dir='ltr'>minus</span> <span class='ocrx_word' id='word_1_772' title='bbox 2323 4700 2685 4770; x_wconf 87' lang='lat' dir='ltr'>perturbata.</span> <span class='ocrx_word' id='word_1_773' title='bbox 2716 4705 2774 4754; x_wconf 91' lang='lat' dir='ltr'>et</span> <span class='ocrx_word' id='word_1_774' title='bbox 2804 4698 3152 4770; x_wconf 82' lang='lat' dir='ltr'>antitheses,</span> <span class='ocrx_word' id='word_1_775' title='bbox 3187 4701 3403 4770; x_wconf 89' lang='lat' dir='ltr'>quibus</span> <span class='ocrx_word' id='word_1_776' title='bbox 3451 4701 3562 4756; x_wconf 92' lang='lat' dir='ltr'>hoc</span> <span class='ocrx_word' id='word_1_777' title='bbox 3609 4702 3737 4757; x_wconf 91' lang='lat' dir='ltr'>loco</span> 
     </span>
    </p>
   </div>
   <div class='ocr_carea' id='block_1_113' title="bbox 2091 4718 3736 4842">
    <p class='ocr_par' dir='ltr' id='par_1_113' title="bbox 2091 4718 3736 4842">
     <span class='ocr_line' id='line_1_114' title="bbox 2092 4718 3736 4770; baseline 0 -14"><span class='ocrx_word' id='word_1_778' title='bbox 2092 4718 2292 4756; x_wconf 82' lang='lat' dir='ltr'>minus</span> <span class='ocrx_word' id='word_1_779' title='bbox 2323 4718 2685 4770; x_wconf 74' lang='lat' dir='ltr'>perturbata.</span> <span class='ocrx_word' id='word_1_780' title='bbox 2716 4718 2774 4754; x_wconf 82' lang='lat' dir='ltr'>et</span> <span class='ocrx_word' id='word_1_781' title='bbox 2804 4718 3152 4759; x_wconf 81' lang='lat' dir='ltr'>antuneses,</span> <span class='ocrx_word' id='word_1_782' title='bbox 3231 4718 3403 4755; x_wconf 85' lang='lat' dir='ltr'>UlDuS</span> <span class='ocrx_word' id='word_1_783' title='bbox 3451 4718 3562 4756; x_wconf 91' lang='lat' dir='ltr'><strong><em>noc</em></strong></span> <span class='ocrx_word' id='word_1_784' title='bbox 3609 4718 3736 4757; x_wconf 79' lang='lat' dir='ltr'>loco</span> 
     </span>
     <span class='ocr_line' id='line_1_115' title="bbox 2091 4718 3736 4842; baseline 0 -15"><span class='ocrx_word' id='word_1_785' title='bbox 2091 4772 2407 4828; x_wconf 84' lang='lat' dir='ltr'>cumulatis</span> <span class='ocrx_word' id='word_1_786' title='bbox 2428 4771 2644 4838; x_wconf 76' lang='lat' dir='ltr'>gaudet</span> <span class='ocrx_word' id='word_1_787' title='bbox 2665 4769 2935 4842; x_wconf 77' lang='lat' dir='ltr'>Cyrillus.</span> <span class='ocrx_word' id='word_1_788' title='bbox 2961 4718 3513 4842; x_wconf 47' lang='lat' dir='ltr'>meliusiiispositas</span> <span class='ocrx_word' id='word_1_789' title='bbox 3538 4773 3736 4828; x_wconf 75' lang='lat' dir='ltr'>habet‘</span> 
     </span>
    </p>
   </div>
   <div class='ocr_carea' id='block_1_114' title="bbox 2091 4839 3737 4913">
    <p class='ocr_par' dir='ltr' id='par_1_114' title="bbox 2091 4839 3737 4913">
     <span class='ocr_line' id='line_1_116' title="bbox 2091 4839 3737 4913; baseline 0.001 -15"><span class='ocrx_word' id='word_1_790' title='bbox 2091 4845 2157 4898; x_wconf 89' lang='lat' dir='ltr'>In</span> <span class='ocrx_word' id='word_1_791' title='bbox 2190 4844 2551 4898; x_wconf 85' lang='lat' dir='ltr'>editionibus</span> <span class='ocrx_word' id='word_1_792' title='bbox 2581 4841 2780 4913; x_wconf 78' lang='lat' dir='ltr'>Cyrilli</span> <span class='ocrx_word' id='word_1_793' title='bbox 2813 4858 2920 4894; x_wconf 86' lang='lat' dir='ltr'>vox</span> <span class='ocrx_word' id='word_1_794' title='bbox 2949 4839 3038 4893; x_wconf 83' lang='grc' dir='ltr'>καὶ</span> <span class='ocrx_word' id='word_1_795' title='bbox 3069 4840 3256 4912; x_wconf 80' lang='grc' dir='ltr'>ξένων,</span> <span class='ocrx_word' id='word_1_796' title='bbox 3287 4839 3408 4898; x_wconf 78' lang='lat' dir='ltr'>non</span> <span class='ocrx_word' id='word_1_797' title='bbox 3440 4850 3576 4899; x_wconf 88' lang='lat' dir='ltr'>ante</span> <span class='ocrx_word' id='word_1_798' title='bbox 3633 4844 3737 4900; x_wconf 89' lang='lat' dir='ltr'>sed</span> 
     </span>
    </p>
   </div>
   <div class='ocr_carea' id='block_1_115' title="bbox 2090 4914 2943 4988">
    <p class='ocr_par' dir='ltr' id='par_1_115' title="bbox 2090 4914 2943 4988">
     <span class='ocr_line' id='line_1_117' title="bbox 2090 4914 2943 4988; baseline -0.004 -17"><span class='ocrx_word' id='word_1_799' title='bbox 2090 4921 2225 4988; x_wconf 88' lang='lat' dir='ltr'>post</span> <span class='ocrx_word' id='word_1_800' title='bbox 2253 4915 2585 4988; x_wconf 66' lang='grc' dir='ltr'>Χριστιανῶν</span> <span class='ocrx_word' id='word_1_801' title='bbox 2618 4914 2809 4988; x_wconf 76' lang='lat' dir='ltr'>posita</span> <span class='ocrx_word' id='word_1_802' title='bbox 2837 4915 2943 4968; x_wconf 89' lang='lat' dir='ltr'>est.</span> 
     </span>
    </p>
   </div>
   <div class='ocr_carea' id='block_1_116' title="bbox 2163 4983 3739 5058">
    <p class='ocr_par' dir='ltr' id='par_1_116' title="bbox 2163 4983 3739 5058">
     <span class='ocr_line' id='line_1_118' title="bbox 2163 4983 3739 5058; baseline 0.003 -18"><span class='ocrx_word' id='word_1_803' title='bbox 2163 4988 2239 5058; x_wconf 80' lang='grc' dir='ltr'>(ὅ)</span> <span class='ocrx_word' id='word_1_804' title='bbox 2277 4983 2714 5058; x_wconf 68' lang='grc' dir='ltr'>Ἀνυμνούντων.</span> <span class='ocrx_word' id='word_1_805' title='bbox 2774 4986 2860 5058; x_wconf 79' lang='lat' dir='ltr'>lta</span> <span class='ocrx_word' id='word_1_806' title='bbox 2915 4984 3202 5058; x_wconf 88' lang='lat' dir='ltr'>scriptum</span> <span class='ocrx_word' id='word_1_807' title='bbox 3261 4987 3628 5058; x_wconf 90' lang='lat' dir='ltr'>reperientes</span> <span class='ocrx_word' id='word_1_808' title='bbox 3672 4988 3739 5058; x_wconf 87' lang='lat' dir='ltr'><strong><em>in</em></strong></span> 
     </span>
    </p>
   </div>
   <div class='ocr_carea' id='block_1_117' title="bbox 2093 5056 3742 5132">
    <p class='ocr_par' dir='ltr' id='par_1_117' title="bbox 2093 5056 3742 5132">
     <span class='ocr_line' id='line_1_119' title="bbox 2093 5056 3742 5132; baseline 0.001 -19"><span class='ocrx_word' id='word_1_809' title='bbox 2093 5057 2264 5113; x_wconf 92' lang='lat' dir='ltr'>codd.</span> <span class='ocrx_word' id='word_1_810' title='bbox 2295 5056 2434 5129; x_wconf 83' lang='lat' dir='ltr'>Roe,</span> <span class='ocrx_word' id='word_1_811' title='bbox 2461 5056 2734 5123; x_wconf 88' lang='lat' dir='ltr'>Casaub.,</span> <span class='ocrx_word' id='word_1_812' title='bbox 2761 5057 2999 5124; x_wconf 90' lang='lat' dir='ltr'>Genov.,</span> <span class='ocrx_word' id='word_1_813' title='bbox 3024 5056 3483 5128; x_wconf 27' lang='lat' dir='ltr'>posuimus‘loco</span> <span class='ocrx_word' id='word_1_814' title='bbox 3513 5057 3742 5132; x_wconf 81' lang='grc' dir='ltr'>ὑμνούν-</span> 
     </span>
    </p>
   </div>
   <div class='ocr_carea' id='block_1_118' title="bbox 2089 5149 2221 5186">
    <p class='ocr_par' dir='ltr' id='par_1_118' title="bbox 2089 5149 2221 5186">
     <span class='ocr_line' id='line_1_120' title="bbox 2089 5149 2221 5186; baseline -0.03 -2"><span class='ocrx_word' id='word_1_815' title='bbox 2089 5149 2198 5184; x_wconf 88' lang='grc' dir='ltr'>των</span> <span class='ocrx_word' id='word_1_816' title='bbox 2208 5173 2221 5186; x_wconf 85' lang='grc'>,</span> 
     </span>
    </p>
   </div>
   <div class='ocr_carea' id='block_1_119' title="bbox 2166 5195 3739 5268">
    <p class='ocr_par' dir='ltr' id='par_1_119' title="bbox 2166 5195 3739 5268">
     <span class='ocr_line' id='line_1_121' title="bbox 2166 5195 3739 5268; baseline 0.004 -14"><span class='ocrx_word' id='word_1_817' title='bbox 2166 5201 2242 5268; x_wconf 85' lang='grc'>(6)</span> <span class='ocrx_word' id='word_1_818' title='bbox 2299 5196 2452 5254; x_wconf 80' lang='grc' dir='ltr'>Ἐπεὶ</span> <span class='ocrx_word' id='word_1_819' title='bbox 2507 5195 2711 5253; x_wconf 86' lang='grc' dir='ltr'>τοίνυν.</span> <span class='ocrx_word' id='word_1_820' title='bbox 2774 5200 2987 5254; x_wconf 88' lang='lat' dir='ltr'>Vocem</span> <span class='ocrx_word' id='word_1_821' title='bbox 3043 5196 3158 5252; x_wconf 79' lang='grc' dir='ltr'>ἐπεί</span> <span class='ocrx_word' id='word_1_822' title='bbox 3241 5203 3524 5259; x_wconf 90' lang='lat' dir='ltr'>omittens</span> <span class='ocrx_word' id='word_1_823' title='bbox 3609 5205 3739 5260; x_wconf 92' lang='lat' dir='ltr'>cod.</span> 
     </span>
    </p>
   </div>
   <div class='ocr_carea' id='block_1_120' title="bbox 2095 5272 3744 5342">
    <p class='ocr_par' dir='ltr' id='par_1_120' title="bbox 2095 5272 3744 5342">
     <span class='ocr_line' id='line_1_122' title="bbox 2095 5272 3744 5342; baseline 0.003 -15"><span class='ocrx_word' id='word_1_824' title='bbox 2095 5274 2282 5328; x_wconf 90' lang='lat' dir='ltr'>Grets.</span> <span class='ocrx_word' id='word_1_825' title='bbox 2316 5272 2582 5342; x_wconf 88' lang='lat' dir='ltr'>phrasim</span> <span class='ocrx_word' id='word_1_826' title='bbox 2614 5273 2788 5333; x_wconf 85' lang='lat' dir='ltr'>hanc.</span> <span class='ocrx_word' id='word_1_827' title='bbox 2824 5287 2954 5342; x_wconf 79' lang='lat' dir='ltr'>quae</span> <span class='ocrx_word' id='word_1_828' title='bbox 3012 5281 3367 5342; x_wconf 67' lang='lat' dir='ltr'>praesentem</span> <span class='ocrx_word' id='word_1_829' title='bbox 3426 5293 3744 5332; x_wconf 90' lang='lat' dir='ltr'>numerum</span> 
     </span>
    </p>
   </div>
   <div class='ocr_carea' id='block_1_121' title="bbox 2094 5343 3742 5418">
    <p class='ocr_par' dir='ltr' id='par_1_121' title="bbox 2094 5343 3742 5418">
     <span class='ocr_line' id='line_1_123' title="bbox 2094 5343 3742 5418; baseline 0.002 -19"><span class='ocrx_word' id='word_1_830' title='bbox 2094 5349 2342 5418; x_wconf 81' lang='lat' dir='ltr'>occupat</span> <span class='ocrx_word' id='word_1_831' title='bbox 2373 5349 2584 5418; x_wconf 79' lang='lat' dir='ltr'>totum,</span> <span class='ocrx_word' id='word_1_832' title='bbox 2617 5343 2858 5418; x_wconf 80' lang='lat' dir='ltr'>induas</span> <span class='ocrx_word' id='word_1_833' title='bbox 2892 5347 3406 5418; x_wconf 79' lang='lat' dir='ltr'>partesconcidit.</span> <span class='ocrx_word' id='word_1_834' title='bbox 3459 5354 3637 5418; x_wconf 91' lang='lat' dir='ltr'>atque</span> <span class='ocrx_word' id='word_1_835' title='bbox 3669 5349 3742 5403; x_wconf 89' lang='lat' dir='ltr'>ab</span> 
     </span>
    </p>
   </div>
   <div class='ocr_carea' id='block_1_122' title="bbox 2091 5415 3746 5474">
    <p class='ocr_par' dir='ltr' id='par_1_122' title="bbox 2091 5415 3746 5474">
     <span class='ocr_line' id='line_1_124' title="bbox 2091 5415 3746 5474; baseline 0.002 -4"><span class='ocrx_word' id='word_1_836' title='bbox 2091 5415 2224 5471; x_wconf 78' lang='lat' dir='ltr'>fusa</span> <span class='ocrx_word' id='word_1_837' title='bbox 2255 5416 2440 5470; x_wconf 87' lang='lat' dir='ltr'>initiis</span> <span class='ocrx_word' id='word_1_838' title='bbox 2473 5415 2833 5470; x_wconf 83' lang='lat' dir='ltr'>obscuritate</span> <span class='ocrx_word' id='word_1_839' title='bbox 2866 5419 2923 5469; x_wconf 90' lang='lat' dir='ltr'>et</span> <span class='ocrx_word' id='word_1_840' title='bbox 2982 5415 3357 5474; x_wconf 87' lang='lat' dir='ltr'>intricatione</span> <span class='ocrx_word' id='word_1_841' title='bbox 3407 5415 3656 5474; x_wconf 75' lang='lat' dir='ltr'>liberat:</span> <span class='ocrx_word' id='word_1_842' title='bbox 3685 5426 3746 5474; x_wconf 88' lang='lat' dir='ltr'>at</span> 
     </span>
    </p>
   </div>
   <div class='ocr_carea' id='block_1_123' title="bbox 2095 5485 3742 5562">
    <p class='ocr_par' dir='ltr' id='par_1_123' title="bbox 2095 5485 3742 5562">
     <span class='ocr_line' id='line_1_125' title="bbox 2095 5485 3742 5562; baseline 0.002 -19"><span class='ocrx_word' id='word_1_843' title='bbox 2095 5487 2308 5562; x_wconf 83' lang='lat' dir='ltr'>similis</span> <span class='ocrx_word' id='word_1_844' title='bbox 2363 5487 2729 5562; x_wconf 75' lang='lat' dir='ltr'>prolixitatis</span> <span class='ocrx_word' id='word_1_845' title='bbox 2759 5485 2830 5562; x_wconf 86' lang='lat' dir='ltr'>ab</span> <span class='ocrx_word' id='word_1_846' title='bbox 2880 5486 3089 5541; x_wconf 90' lang='lat' dir='ltr'>eodem</span> <span class='ocrx_word' id='word_1_847' title='bbox 3137 5491 3312 5546; x_wconf 88' lang='lat' dir='ltr'>verbo</span> <span class='ocrx_word' id='word_1_848' title='bbox 3357 5491 3742 5562; x_wconf 87' lang='lat' dir='ltr'>incipientem</span> 
     </span>
    </p>
   </div>
   <div class='ocr_carea' id='block_1_124' title="bbox 2093 5558 3739 5632">
    <p class='ocr_par' dir='ltr' id='par_1_124' title="bbox 2093 5558 3739 5632">
     <span class='ocr_line' id='line_1_126' title="bbox 2093 5558 3739 5632; baseline 0.002 -19"><span class='ocrx_word' id='word_1_849' title='bbox 2093 5559 2358 5632; x_wconf 84' lang='lat' dir='ltr'>phrasim</span> <span class='ocrx_word' id='word_1_850' title='bbox 2392 5558 2782 5632; x_wconf 72' lang='lat' dir='ltr'>videcatech.</span> <span class='ocrx_word' id='word_1_851' title='bbox 2807 5559 3059 5632; x_wconf 41' lang='lat' dir='ltr'>Ianum.</span> <span class='ocrx_word' id='word_1_852' title='bbox 3094 5562 3146 5616; x_wconf 88' lang='lat'>6.</span> <span class='ocrx_word' id='word_1_853' title='bbox 3177 5563 3392 5620; x_wconf 88' lang='lat' dir='ltr'>Vocem</span> <span class='ocrx_word' id='word_1_854' title='bbox 3420 5558 3598 5618; x_wconf 76' lang='grc' dir='ltr'>τοίνυν</span> <span class='ocrx_word' id='word_1_855' title='bbox 3631 5562 3739 5632; x_wconf 83' lang='lat' dir='ltr'>Cy—</span> 
     </span>
    </p>
   </div>
   <div class='ocr_carea' id='block_1_125' title="bbox 2093 5628 3096 5703">
    <p class='ocr_par' dir='ltr' id='par_1_125' title="bbox 2093 5628 3096 5703">
     <span class='ocr_line' id='line_1_127' title="bbox 2093 5628 3096 5703; baseline -0.001 -16"><span class='ocrx_word' id='word_1_856' title='bbox 2093 5628 2266 5688; x_wconf 73' lang='lat' dir='ltr'>rillus</span> <span class='ocrx_word' id='word_1_857' title='bbox 2297 5647 2442 5703; x_wconf 86' lang='lat' dir='ltr'>raro</span> <span class='ocrx_word' id='word_1_858' title='bbox 2458 5630 2631 5703; x_wconf 86' lang='lat' dir='ltr'>initio</span> <span class='ocrx_word' id='word_1_859' title='bbox 2663 5628 2890 5703; x_wconf 89' lang='lat' dir='ltr'>periodi</span> <span class='ocrx_word' id='word_1_860' title='bbox 2921 5629 3096 5688; x_wconf 88' lang='lat' dir='ltr'>locat.</span> 
     </span>
    </p>
   </div>
   <div class='ocr_carea' id='block_1_126' title="bbox 2167 5701 2493 5775">
    <p class='ocr_par' dir='ltr' id='par_1_126' title="bbox 2167 5701 2493 5775">
     <span class='ocr_line' id='line_1_128' title="bbox 2167 5701 2493 5775; baseline -0.006 -18"><span class='ocrx_word' id='word_1_861' title='bbox 2167 5704 2240 5775; x_wconf 84' lang='lat'>(7)</span> <span class='ocrx_word' id='word_1_862' title='bbox 2275 5705 2305 5758; x_wconf 80' lang='grc' dir='ltr'><em>Ἰ</em></span> <span class='ocrx_word' id='word_1_863' title='bbox 2338 5701 2493 5759; x_wconf 82' lang='lat' dir='ltr'>Maii.</span> 
     </span>
    </p>
   </div>
  </div>
