4128 6268
445 365 477 424 1
492 366 511 424 l
528 365 600 424 75
1690 369 1910 432 TESTI
1923 367 2089 428 MON
2101 368 2150 428 11

2229 367 2604 432 VE'I‘ERUM
3719 370 3889 435 “76

437 514 573 556 rum
606 498 988 571 paciﬁcorum
1023 500 1278 559 circulos
1309 507 1461 561 Deus
1500 504 1915 562 universorum
1945 518 2085 558 con-
2115 504 2150 569 Α

2209 498 2438 566 πολλαῖς
2470 503 2774 580 εἰρηνικαῖς
2803 503 2936 559 ἑτῶν
2988 501 3270 581 περιόδοῖς
3326 503 3354 560 ὁ
3382 507 3489 561 τῶν
3549 501 3706 562 ὅλων
3742 505 3885 570 Θεὸς

440 589 612 645 cedat
639 606 761 645 una
807 607 943 646 cum
975 597 1096 648 tota
1152 593 1401 664 familia,
1447 596 1706 670 Auguste
1768 595 2093 665 imperator

2209 594 2335 665 ἡμῖν
2386 593 2683 669 χαρίσηται
2735 594 3048 660 πανὲστιον,
3106 592 3392 669 Δῧγουστε
3453 592 3689 670 βασιλεῦ
3750 608 3882 661 θεο-

444 680 560 734 Deo
589 680 939 735 charissima
965 698 979 748 ;
1011 681 1447 754 gloriﬁcantem
1482 700 1721 756 semper
1751 689 2010 739 sanctam
2035 686 2095 737 et

2209 681 2509 759 ριλὲστατε,
2543 682 2834 754 δοξάζοντα
2864 689 2938 755 il)
2968 683 3050 739 ἀεὶ
3080 684 3178 753 τήν
3211 685 3366 760 ἁγίαν
3424 684 3515 739 καὶ
3559 684 3879 758 ὁμοούσιον

440 769 1012 825 consubstantialem
1072 772 1441 840 Trinitatem,
1476 790 1677 829 verum
1738 774 1920 829 Deum
1956 788 2094 827 nos-

2209 770 2433 847 Τριάδα,
2463 774 2554 829 τὸν
2604 772 2864 844 ἀληθινὸν
2924 774 3052 830 Θεὸν
3107 776 3291 847 ἡμῶν·
3351 776 3397 847 ᾧ
3454 776 3657 850 πρέπει
3720 782 3878 830 πᾶσι

445 863 640 913 trum:
677 876 854 930 quem
881 859 1053 915 decet
1079 863 1275 917 omnis
1303 862 1491 935 gloria
1540 863 1601 918 in
1635 862 1853 919 saecula
1896 877 2091 918 sarcu-

2209 858 2331 934 δὸξα
2360 860 2437 925 εἷς
2464 861 2593 925 τοὺς
2623 861 2824 927 αἰῶνας
2854 867 2962 918 τῶν
2991 862 3227 918 αὶὼνων.
3262 864 3469 935 Ἀμήν.

446 946 660 1004 lorum.
694 951 905 1004 Amen.

2201 1120 2341 1161 mus.
2362 1103 2456 1159 sed
2475 1119 2594 1158 cum
2624 1106 2815 1157 sancto
2844 1101 3083 1170 Spiritu,
3109 1115 3216 1169 per
3243 1115 3412 1155 unum
3440 1100 3673 1161 Filium.
3691 1116 3872 1157 unum

2204 1177 2371 1231 Deum
2394 1175 2813 1230 annuntiamus.
2849 1175 2925 1227 At
2955 1187 3156 1226 vocem
3202 1171 3700 1228 consubstantialis
3733 1174 3868 1227 Tri-

2202 1249 2412 1309 nitatis,
2445 1247 2536 1301 vix
2568 1245 2761 1300 adhuc
2792 1244 2883 1299 his
2914 1241 3282 1314 temporibus
3320 1243 3624 1314 auditam,
3681 1260 3869 1313 quam

2203 1319 2457 1392 Cyrillus
2487 1318 2563 1373 ad
2593 1316 2881 1392 pOpulum
2911 1313 3269 1392 catholicum
3319 1313 3573 1392 loquens
3602 1315 3670 1369 in
3703 1316 3871 1372 Cate-

2205 1386 2483 1447 cbesibus
2506 1386 2856 1461 suppressit,
2888 1386 3056 1442 valde
3090 1386 3459 1461 admiramur
3489 1386 3660 1461 abeo
3686 1403 3868 1461 usur-

2203 1469 2423 1536 patam,
2456 1457 2597 1536 dum
2623 1457 3147 1536 ad__impera_torem
3182 1457 3361 1536 liuqu
3383 1458 3539 1512 vocis
3561 1457 3867 1536 inimicis-

2204 1528 2422 1590 simum
2446 1534 2670 1605 primas
2703 1528 2929 1605 litteras
2957 1528 3386 1585 benevolentiae
3417 1528 3867 1605 conciliatrices

2204 1606 2427 1663 scribit.
2448 1603 2599 1659 'Vide
2631 1603 3032 1674 Praeloquium
3062 1604 3536 1669 nostrum,num.
3572 1604 3640 1656 10

523 1111 596 1183 (ll
631 1110 1395 1181 AngizawaetcAbesthmc
1425 1110 2091 1183 clausulaapudGI‘ets.,

451 1179 769 1257 acdesin'it
800 1183 1058 1257 Epistula
1088 1183 1163 1257 in_
1183 1183 1398 1257 verbis,
1437 1181 1659 1257 βασιλεῦ
1692 1179 2092 1257 θεοφιλέστατε.

448 1255 637 1309 Voces
667 1253 755 1306 τὸ)
790 1251 1043 1318 ἀΧγ,θινὸν
1078 1253 1206 1326 Θξὸν
1238 1251 1604 1326 ἡμῶν,’(]ιιιιε
1637 1251 1898 1326 postulat
1921 1251 1972 1326 ᾧ
2004 1267 2094 1326 se-

451 1342 661 1395 quens.
691 1343 762 1381 ex
788 1326 957 1381 codd.
992 1325 1210 1391 Ottob.,
1244 1322 1383 1386 ltoe.
1417 1322 1661 1382 Czisaub:
1699 1333 1757 1381 et
1784 1324 1958 1395 Grod.
1992 1322 2093 1378 ad-

441 1394 719 1469 jecimus.
754 1414 1069 1469 suppresso
1105 1404 1303 1469 tamen
1335 1399 1588 1454 articulo
1619 1399 1805 1453 altero
1835 1394 1928 1469 τόν
1957 1401 2094 1469 ante

446 1467 598 1529 Θεόν,
632 1470 691 1523 in
716 1467 843 1524 Roe'
864 1467 920 1524 et
949 1468 1499 1525 Casaub.inutiliter
1529 1470 1801 1540 repetito.
1839 1467 2088 1522 Trinita-

442 1544 562 1595 tem
578 1541 817 1610 quidem
845 1558 1044 1595 verum
1072 1541 1253 1596 Deum
1270 1547 1538 1596 nostrum
1560 1540 2091 1613 dici,Cyrillianum

443 1617 569 1668 est:
604 1613 687 1667 ait
717 1619 829 1668 cat.
868 1616 950 1679 16,
980 1629 1144 1667 num.
1177 1616 1230 1678 4,
1283 1615 1401 1668 Νοη
1462 1620 1571 1668 tres
1627 1611 1762 1668 Deos
1813 1611 2095 1682 praedica-

1134 1741 1269 1749 ...ιο
1276 1736 2150 1748 MM

2209 1731 3307 1742 W—

1320 1851 1473 1909 ³⁵⁵
1557 1846 2313 1943 TESTIMONIA
2376 1844 2961 1941 VETEBUM

1513 2030 1601 2091 De
1654 2027 1829 2111 signo
1880 2025 2076 2089 crucis
2131 2024 2575 2107 Hierosolymis
2610 2024 2765 2086 viso.

633 2218 829 2298 (Vide
879 2220 1059 2279 initio
1118 2218 1465 2282 testimonia
1493 2219 1843 2291 Sozomem’,
1887 2217 2302 2359 Theoghlalnif,
2332 2215 2624 2287 Cedrem',
2678 2215 3013 2278 Michaelis
3048 2217 3281 2295 Glycz,
3306 2215 3656 2298 Nicephori

2086 2318 2119 2359 a
2184 2319 2234 2359 ιδ
2268 2317 2311 2359 ι.

2086 2317 2311 2361 αιιιδιι.

429 2626 504 2698 (1)
535 2626 895 2694 Hieronymus
912 2624 969 2677 in
991 2625 1307 2679 continuato
1337 2624 1555 2678 Eusebii
1576 2623 1883 2695 Chronico,
1909 2588 2320 2750 adChanntungsi;
2340 2624 2647 2679 Constantii
2670 2623 3043 2694 imperatoris,
3060 2622 3399 2694 Olympiadis
3443 2624 3544 2678 283
3594 2641 3746 2681 anno
3776 2641 3856 2695 ιιι,

2043 2712 2117 2750 ris
2147 2714 2167 2750 ι
2307 2734 2321 2750 .

2043 2712 2167 2751 1'18”
2197 2712 2263 2749 ὁὶ)
2281 2712 2321 2750 Ι.

612 2819 793 2893 Syrias
824 2818 1059 2891 populis
1094 2819 1286 2875 crucis
1319 2819 1577 2895 signum.
1600 2825 1667 2895 et
1695 2819 2477 2895 maximoconspicientium
2511 2824 2756 2895 terrore.
2780 2820 2844 2875 in
2869 2819 3146 2876 orientali
3177 2820 3352 2894 plaga
3376 2822 3666 2895 apparuit.

1496 2892 1904 2963 Philostorgius
1952 2893 2043 2947 lib.
2100 2908 2163 2947 ιιι
2214 2892 2361 2946 Hict.
2409 2891 2578 2959 eccl.,
2611 2909 2658 2947 c.
2691 2895 2781 2948 27.

508 3019 580 3074 Et
633 3017 1017 3072 Constantius
1075 3015 1319 3087 quidem
1376 3018 1681 3074 victoriam
1738 3019 1809 3073 de
1841 3019 2150 3090 tyranno}

2271 3014 2332 3070 Ὁ
2383 3015 2480 3087 μὲν
2535 3016 2627 3069 οὖν
2683 3015 3060 3077 Κωνστάντιος
3115 3013 3382 3092 ἐγκρατὴς
3439 3018 3528 3070 τοῦ
3576 3014 3841 3089 τυράννου

438 3107 814 3180 [Magnentio]
850 3106 1207 3177 reportavit:
1241 3123 1373 3162 cum
1424 3112 1561 3162 ante
1610 3108 1842 3179 signum
1890 3107 2084 3162 crucis

2209 3100 2422 3177 γίνεται·
2457 3102 2722 3158 κάνταῦθα
2749 3104 2848 3159 τοῦ
2906 3103 3138 3176 σημείου
3193 3108 3291 3160 τοῦ
3349 3108 3576 3180 σταυροῦ
3621 3102 3709 3159 ἐπὶ
3746 3104 3853 3177 μὲ-

438 3197 562 3251 illic
593 3212 828 3266 quoque
856 3197 1043 3250 visum
1078 3201 1237 3250 esset
1267 3196 1339 3249 ad
1374 3195 1791 3268 longissimum
1832 3195 2087 3267 spatium

2209 3191 2386 3264 γιστὸν
2443 3212 2503 3247 τε
2553 3194 2920 3269 προφανέντος
2953 3240 2970 3268 ,
3053 3194 3144 3248 καὶ
3227 3192 3853 3264 καταπληκτικωτάταις

438 3293 805 3358 protensum,
842 3290 900 3339 et
929 3285 1202 3340 diurnam
1237 3285 1431 3341 lucem
1482 3286 1984 3357 splendidissimis
2015 3285 2088 3341 ad

2209 3278 2419 3354 κῗγλαις
2453 3282 2961 3358 ὑπεραστράψαντος
2991 3283 3053 3338 τὸ
3084 3289 3184 3353 τῆς
3243 3280 3455 3357 ἡμέρας
3505 3288 3638 3359 φῶς.
3669 3287 3850 3358 *Ὠφθη

439 3381 741 3445 stuporem
775 3391 960 3445 usque
1000 3375 1181 3430 radiis
1233 3375 1579 3447 longissime
1629 3391 1937 3448 superans.
1970 3376 2089 3445 Ap-

2209 3366 2259 3424 δὲ
2291 3368 2379 3424 ἐπὶ
2411 3374 2517 3425 τῶν
2550 3370 2956 3444 Ἱεποσολύμων
2990 3372 3113 3449 περὶ
3143 3373 3243 3441 τήν
3292 3372 3481 3447 τρίτην
3538 3373 3685 3450 ὥραν
3746 3376 3854 3447 μά-

436 3463 637 3535 paruit
666 3469 862 3518 autem
924 3463 1349 3534 Hierosolymis
1400 3463 1557 3518 circa
1604 3463 1811 3519 horam
1853 3464 2088 3518 tertiam

2209 3458 2360 3514 λιστα
2389 3460 2488 3531 τῇς
2525 3459 2757 3534 ἡμέρας,
2814 3461 3008 3536 ἑορτῆς
3056 3468 3157 3531 τῆς
3215 3460 3521 3538 λεγομένης
3574 3468 3849 3533 Πεντηκο-

440 3554 567 3625 ejus
599 3553 715 3607 diei
746 3570 876 3624 quae
918 3552 1137 3608 dicitur
1181 3555 1561 3609 Pentecostes
1616 3553 1853 3609 festum.
1903 3555 2085 3609 Porro

2209 3554 2329 3618 πῆς
2373 3547 2744 3624 ἐνισταμένης.
2808 3552 2868 3608 Ὀ
2927 3547 2985 3606 δὲ
3043 3551 3343 3628 θεόγραφος
3396 3551 3566 3615 τύπος
3622 3552 3851 3621 ἐκεῖνος,

437 3644 550 3698 hoc
581 3644 813 3717 signum
844 3643 1124 3699 divinitus
1176 3643 1402 3713 pictum
1462 3660 1495 3698 a
1549 3643 1824 3698 Calvariaa
1885 3648 2087 3698 monte

2209 3638 2304 3693 Ξιπὸ
2361 3643 2459 3694 τοῦ
2519 3637 2820 3715 λεγομένου
2875 3640 3131 3716 Κρανίου,
3194 3640 3361 3717 μέχρι
3440 3640 3532 3697 καί
3586 3646 3685 3697 τοῦ
3739 3649 3848 3698 τῶν

436 3750 625 3807 usque
656 3735 726 3788 ad
755 3739 1018 3788 montem
1044 3734 1339 3789 Olivarum
1382 3733 1718 3806 pertingere
1754 3733 2083 3803 videbatur,

2209 3725 2430 3783 Ελαιῶν
2467 3724 2630 3803 ὅρους
2658 3725 2863 3800 διήκων
2894 3730 3125 3801 ἑωρᾶτο,
3167 3728 3347 3804 ἴριδος
3402 3730 3672 3808 μεγάλης,
3732 3754 3854 3788 στε-

435 3841 651 3897 magna
682 3822 829 3878 iride
861 3824 1050 3878 instar
1079 3838 1313 3877 corona:
1348 3821 1495 3876 illud
1529 3822 1791 3893 undique
1822 3821 2085 3878 ambien-

2209 3816 2365 3892 ράνου
2416 3818 2642 3891 τρόπον,
2730 3819 3071 3895 πανταχόθεν
3154 3821 3313 3876 αὐτὸν
3372 3821 3849 3898 περιελιττοῦσης.

434 3917 514 3968 te.
552 3916 620 3967 Et
650 3913 755 3967 iris
795 3912 1034 3984 quidem
1093 3910 1307 3964 Christi
1343 3910 1609 3965 crucifixi
1669 3916 1729 3966 et
1775 3912 1838 3966 in
1869 3911 2082 3967 ccelum

2214 3901 2432 3974 Εδήλου
2467 3903 2525 3961 δὲ
2554 3904 2656 3981 ἄρα
2683 3909 2717 3976 ἡ
2756 3907 2850 3980 μὲν
2880 3910 2989 3978 ἶρις
3016 3909 3114 3974 τὴν
3141 3913 3240 3964 τοῦ
3298 3912 3704 3985 σταυριυθὲντος
3757 3915 3849 3969 καὶ

436 4004 723 4075 assumpti
757 4001 1136 4057 clementiam
1155 4000 1542 4073 designabat:
1576 4018 1796 4058 corona
1811 4003 2082 4057 veroim-

2209 3991 2597 4071 ἱναληφθὲντος
2628 3995 2929 4068 εὐμένειαν,
2964 3996 2992 4051 ὁ
3041 3993 3099 4051 δὲ
3127 3998 3386 4074 στέφανος
3450 4000 3549 4077 τήν
3583 4006 3685 4055 τοῦ
3747 4004 3848 4077 βα-

437 4095 727 4166 peratoris
759 4091 1084 4147 victoriam.
1110 4091 1290 4144 Porro
1319 4090 1697 4161 splendidum
1720 4091 1959 4147 istudac
1984 4109 2082 4145 ve-

2209 4085 2390 4150 ιι).ἑως
2415 4084 2598 4155 νίκην.
2631 4086 2705 4141 Τὸ
2736 4083 2792 4140 δὲ
2825 4083 3160 4164 σελασφόρον
3194 4085 3363 4142 ἐκεῖνο
3402 4089 3491 4143 καὶ
3549 4084 3846 4163 σεϐάσμιον

437 4184 771 4238 nerandum
802 4183 1035 4253 signum
1066 4196 1141 4234 ne
1167 4179 1423 4234 militum
1448 4181 1686 4251 quidem
1707 4180 1909 4236 oculos
1937 4182 2081 4236 effu-

2209 4179 2367 4249 δέαμα
2393 4174 2520 4231 οὐδὲ
2574 4180 2690 4238 τοῖς
2749 4174 2838 4230 ἐπὶ
2891 4180 2990 4230 τοῦ
3049 4174 3416 4251 στρατοπέδου
3473 4180 3697 4243 ἀθέατον
3752 4182 3845 4250 ἦν’

436 4274 554 4347 git;
590 4272 693 4328 sed
734 4271 806 4326 ab
858 4278 1110 4339 utroque
1158 4269 1418 4323 exercitu
1468 4269 1626 4325 clare
1674 4276 2079 4342 conspectum,

2209 4263 2317 4320 ἱλλ’
2348 4262 2628 4335 ἐπιδήλως
2650 4264 2955 4339 ὁρώμενον,
3018 4266 3353 4341 Μαγνὲντιον
3417 4268 3512 4341 μὶν
3571 4271 3660 4324 καὶ
3721 4269 3850 4332 τοὺς

436 4363 833 4436 Magnentium
868 4359 1109 4432 quidem
1163 4363 1223 4412 et
1275 4374 1376 4414 eos
1408 4359 1509 4430 qui
1541 4376 1575 4416 a
1620 4360 1889 4432 partibus
1920 4361 2082 4416 illius
2115 4396 2150 4462 C

2209 4353 2292 4410 τὸν
2324 4354 2493 4427 αὐτῷ,
2530 4353 2622 4409 ate
2673 4358 2780 4408 τῶν
2840 4351 3118 4426 δαιμόνων
3180 4356 3435 4431 θερατεῖᾳ
3491 4377 3851 4433 προσαπαχει-

2251 4446 2261 4462 Ι
2475 4443 2489 4462 9
2587 4443 2600 4459 9
2677 4445 2689 4462 Ι
2924 4441 2969 4462 δ’
3213 4446 3223 4461 ο
3481 4453 3513 4462 ι.
3687 4452 3699 4462 ρ

436 4454 691 4518 stabant,
724 4456 927 4523 utpote
974 4448 1311 4503 daemonum
1368 4449 1552 4504 cultui
1603 4449 1871 4505 addictos
1907 4467 2086 4522 supra
2115 4437 2150 4462 ν

2209 4446 2414 4519 μένους,
2446 4443 2524 4506 εἷς
2576 4443 2867 4519 ἀμήχανον
2920 4441 3043 4508 δὲος
3102 4446 3419 4518 κατέστησε·
3480 4452 3853 4505 Κωνστάντιον

434 4543 673 4598 modum
710 4540 958 4595 terruit:
1009 4537 1355 4593 Constantio
1402 4555 1537 4594 vero
1590 4544 1649 4593 et
1695 4539 1768 4593 iis
1818 4540 1919 4611 qui
1951 4555 2085 4595 cum

2209 4534 2255 4591 δὲ
2285 4534 2534 4598 καὶτοὺς
2583 4534 2707 4610 περὶ
2765 4535 2929 4591 αὐτὸν
2987 4536 3063 4599 εἷς
3119 4536 3315 4614 θάρσος
3373 4536 3594 4616 ἄμαχον
3625 4541 3851 4613 ἀνεκτή-

456 4633 536 4688 ilo
570 4638 760 4699 erant,
798 4630 1078 4684 invictam
1110 4628 1430 4699 quamdam
1464 4627 1741 4683 fiduciam
1773 4628 1957 4686 dedit.
2198 4646 2346 4681 cz-co.

1632 4728 1883 4785 Socrates
1915 4727 2010 4784 lib.
2045 4745 2086 4783 ιι
2118 4728 2263 4782 Hist.
2298 4725 2467 4793 eccl.,
2501 4743 2547 4781 c.
2580 4728 2668 4780 28.

509 4833 616 4898 Qui
650 4827 898 4902 [Gallus]
934 4829 1076 4885 dum
1110 4826 1488 4884 Antiochiam
1521 4826 1954 4900 ingrederetur,
2010 4827 2087 4882 si-

442 4938 621 4994 gnum
656 4919 970 4975 Salvatoris
992 4919 1054 4973 in
1077 4918 1313 4975 Oriente
1342 4917 1634 4989 apparuit.
1688 4919 1828 4972 Nam
1860 4916 2089 4972 colum-

443 5029 521 5067 na
551 5008 824 5082 quaedam
870 5009 1123 5081 efﬁgiem
1182 5006 1376 5063 crucis
1423 5023 1636 5080 gerens
1685 5006 1745 5061 in
1796 5006 1940 5063 caelo
1971 5006 2095 5062 visa

447 5102 769 5157 maximum
804 5103 1109 5170 stuporem
1141 5096 1547 5169 spectantibus
1579 5096 1849 5155 incussit.

913 5199 1144 5263 Idatius,
1176 5198 1235 5251 in
1265 5195 1451 5251 Fastis
1481 5195 1919 5263 consularibus,
1953 5211 2068 5251 aera
2097 5195 2220 5250 389.
2262 5197 2391 5251 Post
2418 5195 2761 5250 consulatum
2800 5194 2985 5266 Sergii
3012 5202 3065 5251 et
3106 5197 3382 5266 Nigriani.

519 5300 618 5356 His
649 5297 993 5352 consulibus
1010 5295 1236 5350 bellum
1255 5295 1920 5366 MagnentiifuitMorsa,
1939 5296 2097 5351 dieiv
2207 5294 2327 5349 tius
2353 5294 2548 5350 Caesar
2575 5294 2863 5361 Id.Mart.;
2889 5296 3241 5367 etapparuit
3269 5295 3330 5350 in
3362 5295 3599 5353 Oriente
3618 5298 3845 5371 signum

446 5392 573 5450 Kal.
603 5386 806 5445 Octob.
836 5402 849 5451 ;
897 5389 957 5440 et
1005 5400 1072 5439 eo
1129 5400 1286 5439 anno
1349 5383 1655 5456 depositus
1697 5386 1970 5442 Vetranio
2001 5403 2096 5442 νιιι
2207 5383 2524 5440 Salvatoris
2555 5382 2649 5439 die
2683 5401 2762 5438 ιιι.
2796 5383 2923 5440 Kal.
2957 5384 3149 5455 Febr.,
3178 5384 3325 5441 luna
3354 5386 3442 5440 28.

447 5481 573 5538 Kol.
598 5481 862 5543 Januar.,
885 5471 1181 5528 etlevatus
1205 5476 1314 5540 est,
1336 5472 1419 5544 (id
1437 5479 1527 5529 est
1548 5473 1792 5547 Gallus,)
1814 5476 2095 5532 Constan-

2274 4822 2375 4880 Καὶ
2408 4822 2720 4885 ἐπιστάντος
2754 4823 2921 4878 αὐτοῦ
2949 4827 3018 4898 τῇ
3051 4825 3407 4901 Ἀντιοχέων,
3453 4832 3515 4883 τὸ
3570 4832 3666 4882 τοῦ
3727 4834 3851 4882 Σω-

2198 4914 2367 4988 τῆρος
2399 4917 2627 4984 σημεῖον
2658 4910 2781 4985 περὶ
2810 4912 2909 4981 τήν
2945 4913 3245 4981 Ἀνατολὴν
3280 4914 3469 4992 ἐφάνη.
3508 4916 3718 4981 Στύλος
3744 4917 3848 4990 γὰρ

2202 5001 2559 5080 στανροειδής
2591 5003 2644 5059 ἐν
2687 5008 2766 5077 τῷ
2824 5003 3037 5079 οὐρανῷ
3097 5004 3302 5085 ὀγθεὶς,
3368 5007 3623 5083 μέγιστον
3671 5009 3849 5081 θαῦμα

2199 5098 2316 5156 τοῖς
2352 5092 2551 5168 ὁρῶσιν
2583 5092 2807 5170 ἐγένετο.

516 5630 593 5699 (γι)
628 5627 786 5683 Hanc
816 5617 1165 5699 pericopenﬂ
1188 5617 1477 5699 Josephus
1523 5618 1784 5699 Scaliger
1816 5621 1893 5699 in
1925 5623 2091 5680 nullo

1133 5640 1165 5700 ε,
1188 5626 1477 5700 Josephus
1523 5626 1784 5700 Scaliger
1816 5626 1893 5700 in
1925 5626 2091 5680 nullo
2205 5627 2388 5700 miani
2422 5627 2678 5685 Chronici
2707 5627 2967 5684 editione
2999 5626 3399 5700 praetermisit.
3435 5627 3578 5684 Vide
3635 5628 3844 5687 Prmlo-

449 5688 664 5774 scripto
699 5688 929 5755 exstare
964 5688 1194 5757 asserit,
1222 5688 1561 5760 idcircoque
1593 5690 1653 5746 in
1677 5688 1784 5748 sua
1816 5693 2095 5767 Hierony-

2205 5699 2413 5770 quium
2453 5704 2745 5771 nostrum,
2780 5715 2838 5756 n.
2877 5704 2962 5755 11.
