4134 6268
361 391 517 452 1177

1495 385 1773 449 CRUClS
1818 385 2393 451 HlEROSOLYMIS
2438 390 2645 451 VISO.

3627 383 3782 448 1178

363 525 730 584 Chronicum
763 522 1229 582 Alexandrinum
1262 523 1335 580 ad
1363 539 1495 580 ann.
1530 525 1655 590 351,
1687 522 1884 578 mundi
1913 525 2072 590 5859,
2097 524 2408 581 Constantii
2452 527 2803 596 imperatoris
2847 526 2932 593 14,
2965 525 3091 582 Ind.
3124 527 3180 594 9,
3206 523 3401 596 Sergio
3431 527 3480 578 et
3511 524 3783 593 Nigriano

1615 629 1750 669 coss.
1785 614 2095 684 Olympiaci.
2153 615 2278 681 282,
2315 632 2376 686 ρ.
2410 617 2534 670 292.

435 706 505 762 Τὸ
537 709 764 777 σημεῖον
829 706 926 758 τοῦ
958 707 1192 772 σταυροῦ
1227 707 1326 757 τοῦ
1377 705 1609 776 Χριστοῦ
1641 696 1795 778 ὤφθη
1831 699 1881 756 ἐν
1915 702 2019 756 ἰε-

2207 705 2448 776 Signum
2479 705 2671 760 crucis
2691 705 2907 759 Christi
2932 704 3137 760 eadem
3162 707 3510 776 tempestate
3540 703 3613 773 (l)
3646 703 3784 758 Hie-

358 793 703 872 ροσολύμοις
753 791 889 847 κατὰ
942 795 1132 846 τοῦτον
1212 792 1300 846 τὸν
1363 791 1585 866 χρόνον·
1648 789 1763 864 ὣρα
1818 791 1887 860 ἦν
1948 791 2022 854 ὡς

350 885 519 959 τρίτη
588 883 666 955 (ἐν
724 883 906 954 ἡμέρᾳ
957 884 1350 954 Ιιεντηκοστῇ),
1420 876 1739 954 φωτοειδὲς,
1793 879 2021 952 τεταμέ-

352 993 446 1028 νον
499 969 713 1032 Νώναις
762 967 961 1032 Μαΐαις
1020 968 1073 1024 ἐν
1129 973 1208 1042 τῷ
1268 967 1504 1043 οὐρανῷ,
1565 968 1670 1023 ἀπὸ
1727 971 1824 1022 τοῦ
1864 963 2024 1044 ὅρους

353 1066 470 1116 τῶν
504 1059 741 1116 Ἐλαιῶν
787 1055 894 1120 ἕως
931 1062 1028 1113 τοῦ
1062 1057 1327 1134 Γολγοθᾶ,
1361 1057 1413 1112 ἐν
1445 1057 1492 1130 ᾧ
1521 1051 1674 1130 τόπῳ
1705 1056 2015 1132 ἐσταυρώθη

356 1151 388 1206 ὁ
425 1149 643 1225 Κύριος·
692 1148 829 1202 κατὰ
877 1144 1196 1214 Ἀνατολᾶις,
1249 1145 1369 1200 ὅθεν
1419 1147 1700 1222 ἀνελήφθη
1741 1145 1767 1199 ὁ
1802 1143 2018 1219 Κ¹5ριος⁹

352 1237 556 1311 κύκλῳ
586 1241 683 1292 τοῦ
735 1235 990 1314 φανέντες
1039 1233 1228 1308 τιμίου
1272 1238 1527 1310 σταυροῦ,
1583 1233 1834 1312 στέφανος
1882 1234 2020 1304 ὡςή

359 1331 474 1406 ἶρις
504 1327 568 1382 τὸ
600 1324 744 1388 εἶδος
775 1324 940 1402 ἔχων,
969 1327 1069 1382 Καὶ
1093 1329 1161 1399 τῇ
1185 1325 1324 1397 αὐτῇ
1357 1324 1474 1398 ὥρᾳ
1505 1321 1659 1400 ὣφθη
1693 1323 1744 1377 ἐν
1775 1323 2025 1394 Ηανωνίᾳ

357 1417 720 1489 Κωνσταντὶῳ
748 1420 827 1487 τῷ
857 1413 1156 1490 Αὐγούστῳ
1203 1415 1293 1468 καὶ
1343 1419 1424 1486 τῷ
1470 1413 1562 1468 σὺν
1613 1414 1762 1484 αὐτῷ
1811 1416 2023 1486 στρατῷ

353 1504 476 1563 ὄντι
508 1505 559 1561 ἐν
617 1510 697 1577 τῷ
752 1505 887 1560 κατὰ
944 1505 1271 1579 Μαγνέντιον
1329 1501 1586 1576 πολέμῳ.
1647 1501 1744 1557 Καὶ
1792 1500 2025 1578 ἀρξαμέ-

355 1621 457 1655 νου
486 1599 867 1656 Κωνσταντίου
917 1591 1334 1670 συμϐάλλοντος
1382 1595 1529 1662 αὐτῷ
1577 1595 1702 1671 περὶ
1729 1595 1827 1663 τήν
1864 1594 2028 1669 λεγο-

371 1690 541 1764 μένην
575 1688 832 1763 Μούρσαν
892 1685 1078 1756 πόλιν,
1133 1685 1388 1756 ἡττηθεὶς
1444 1686 1472 1740 ὁ
1529 1683 1856 1762 Μαγνέντιος
1899 1680 2026 1760 ἔτι).

369 1799 466 1857 γεν
498 1777 574 1841 εἲς
603 1776 842 1832 Γαλλίαν
879 1777 995 1850 μετ’
1027 1774 1256 1851 ὀλίγων.

2132 794 2449 866 rosolymis
2506 793 2566 850 in
2626 795 2770 850 caelo
2827 794 3103 866 apparuit
3157 794 3264 849 sub
3310 794 3514 848 horam
3551 793 3783 847 tertiam

2131 884 2310 939 Nonis
2342 884 2495 952 Maii,
2545 885 2675 956 ipso
2716 887 3096 940 Pentecostes
3139 884 3256 952 die,
3304 882 3782 951 luminisinstar,

2133 979 2479 1045 protensum
2511 991 2545 1029 a
2575 980 2776 1030 monte
2828 975 3124 1030 Olivarum
3155 989 3343 1044 usque
3375 973 3448 1028 ad
3479 972 3782 1044 Golgotha,

2136 1080 2252 1134 quo
2286 1063 2346 1118 in
2376 1063 2505 1118 loco
2536 1065 2854 1120 cruciﬁxus
2884 1069 2974 1120 est
3014 1063 3316 1130 Christus;
3351 1077 3551 1117 versus
3577 1061 3783 1117 Orien-

2131 1155 2251 1205 tem
2280 1152 2436 1206 unde
2467 1159 2808 1225 assumptus
2864 1157 2953 1208 est
3005 1152 3328 1208 Dominus:
3362 1167 3584 1207 corona
3614 1154 3786 1205 caete-

2130 1256 2265 1295 rum
2317 1240 2486 1296 iridis
2535 1242 2794 1314 speciem
2843 1242 3216 1313 praeferente,
3268 1240 3588 1312 pretiosam
3621 1239 3785 1294 illam

2133 1348 2264 1402 qum
2323 1333 2596 1404 apparuit
2653 1349 2890 1388 crucem
2971 1332 3293 1388 ambiente.
3352 1330 3507 1386 858
3566 1329 3788 1385 Eadem

2133 1419 2279 1474 hora
2310 1421 2653 1476 Constantio
2685 1424 2946 1494 Augusto
2977 1422 3036 1476 in
3069 1420 3398 1488 Pannonia,
3431 1423 3492 1473 et
3519 1419 3620 1491 qui
3652 1436 3785 1474 cum

2135 1526 2202 1565 eo
2235 1515 2362 1565 erat
2391 1511 2671 1566 exercitui
2704 1511 2825 1566 visa
2857 1516 2947 1565 est
2992 1510 3054 1564 in
3088 1509 3246 1564 bello
3278 1514 3484 1564 contra
3513 1510 3789 1581 Magnen-

2135 1598 2305 1653 tium.
2334 1599 2597 1670 Cumque
2624 1599 2896 1671 ccepisset
2926 1599 3306 1654 Constantius
3337 1613 3471 1652 cum
3512 1595 3616 1651 illo
3647 1613 3792 1652 con-

2137 1686 2340 1760 ﬂigere
2369 1688 2442 1744 ad
2477 1688 2683 1744 urbem
2719 1690 2997 1757 Mursam,
3026 1686 3394 1760 Magnentius
3440 1685 3625 1740 victus
3655 1701 3790 1740 cum

2135 1777 2342 1850 paucis
2376 1777 2436 1833 in
2470 1777 2720 1833 Galliam
2754 1777 2890 1851 fuga
2917 1777 3118 1833 evasit.

485 1884 570 1939 Ea:
600 1882 740 1937 libro
772 1898 812 1937 ιι
841 1879 1234 1936 Historiarum
1263 1879 1358 1935 sub
1388 1879 1608 1934 nomine
1637 1878 1806 1934 Pauli
1835 1877 2232 1950 Aquitcgiensis
2273 1879 2514 1950 diaconi,
2546 1881 2803 1935 monachi
2834 1879 3160 1949 Casinensis,
3196 1877 3318 1935 Bib.
3358 1877 3469 1932 PP.
3507 1875 3680 1946 Lugd.

1802 1974 1932 2024 tom.
1972 1970 2119 2038 XIII,
2142 1986 2208 2040 p.
2240 1972 2364 2025 253.

453 2063 574 2128 Quo
627 2060 817 2130 [Gallo
875 2059 1128 2131 Cmsare]
1187 2059 1261 2115 ad
1323 2058 1691 2115 Antiochiam
1735 2058 2030 2126 veniente,

379 2151 536 2208 circa
565 2153 865 2208 Orientem
891 2150 1124 2223 signum
1148 2150 1424 2222 apparuit
1447 2149 1508 2205 in
1529 2149 1674 2206 caelo
1697 2149 1790 2204 die
1818 2151 2032 2205 Pente-

376 2248 586 2300 costes.
617 2241 908 2298 Columna
927 2257 1187 2312 namque
1213 2240 1322 2295 sub
1348 2240 1544 2312 specie
1574 2239 1766 2296 crucis
1794 2239 1854 2294 in
1886 2238 2032 2295 coelo

2143 2059 2266 2116 visa
2295 2065 2403 2121 est.
2433 2060 2692 2133 speciem
2725 2058 2972 2116 luminis
3001 2058 3228 2116 habens
3258 2063 3564 2115 extensam
3595 2073 3630 2113 a
3660 2055 3798 2112 Gol-

2142 2150 2321 2222 gotha
2349 2167 2538 2221 usque
2582 2151 2656 2205 ad
2705 2156 2970 2207 montem
3021 2149 3364 2206 Olivarum:
3414 2148 3526 2204 hoc
3555 2151 3614 2202 et
3641 2147 3798 2202 Con-

2145 2239 2398 2294 stantius
2431 2239 2630 2296 Gallus
2659 2239 2823 2296 vidit.

1049 2341 1192 2396 Acta
1220 2341 1400 2396 sancti
1426 2339 1654 2396 Artemii
1702 2337 1968 2410 martyris
2020 2339 2172 2410 apud
2207 2339 2432 2394 Surium
2462 2339 2550 2394 die
2577 2342 2648 2394 2O
2678 2340 2941 2407 Octobris,
2975 2356 3030 2394 η.
3064 2341 3116 2395 5.

365 2451 492 2516 Quo
550 2447 796 2520 quidem
874 2452 1139 2520 tempore
1200 2449 1358 2513 (cum
1435 2451 1802 2519 expugnatus
1877 2449 2035 2501 esset
2062 2447 2109 2512 B
2140 2443 2257 2498 diei
2290 2444 2520 2512 horam,
2555 2462 2689 2501 cum
2723 2451 2882 2501 esset
2902 2446 3028 2502 dies
3049 2445 3234 2502 festus
3266 2441 3368 2516 qui
3399 2441 3615 2498 dicitur
3644 2448 3799 2502 Pen-

366 2539 720 2608 Maxentius)
753 2539 985 2610 signum
1017 2537 1210 2592 crucis
1261 2536 1588 2592 maximum
1641 2535 1893 2592 miriﬁce
1925 2551 2030 2607 ap-

373 2645 613 2702 parens,
637 2628 784 2684 adeo
813 2633 875 2682 ut
902 2626 1237 2682 admirabili
1261 2626 1577 2699 splendore
1609 2630 1918 2698 superaret
1938 2625 2033 2681 lu-

375 2734 506 2774 cem
568 2717 682 2772 diei
740 2717 930 2771 visum
989 2720 1079 2771 est
1135 2715 1559 2787 Hierosolymis
1607 2715 1764 2770 circa
1792 2715 2029 2770 tertiam

2139 2538 2384 2599 tecoste,
2442 2535 2785 2608 pertingens
2838 2552 2873 2591 a
2929 2535 3061 2592 loco
3121 2534 3223 2607 qui
3277 2531 3490 2589 dicitur
3519 2535 3796 2592 Calvariae

2141 2639 2330 2696 usque
2361 2624 2437 2680 ad
2459 2630 2724 2681 montem
2747 2625 2978 2685 Oliveti.

1309 2815 1570 2884 Typicum
1590 2815 1772 2868 sancti
1799 2814 1954 2870 Saba:
1975 2830 2112 2884 pag.
2146 2815 2239 2884 40,
2284 2815 2358 2870 ad
2380 2831 2609 2872 mensem
2639 2817 2868 2871 Maium.

445 2922 546 2986 Ei:
577 2923 672 2984 τὰς
707 2923 768 2992 ζ’,
802 2924 836 2992 ἡ
869 2920 1170 2994 ἀνάμνησις
1218 2924 1314 2976 τοῦ
1367 2919 1418 2975 ἐν
1475 2924 1554 2991 τῷ
1599 2919 1813 2995 οὐρανῷ
1842 2921 2036 2997 φανέν-

365 3034 468 3076 τος
496 3013 731 3084 σημείου
757 3015 988 3086 σταυροῦ
1046 3009 1096 3065 ἐν
1157 3013 1226 3083 τῇ
1285 3008 1444 3065 πόλει
1493 3007 1877 3085 Ἰερουσαλὴμ,
1909 3008 2032 3084 περὶ

369 3101 516 3176 ὥρα.
577 3103 627 3176 γ’
681 3107 781 3170 τῆς
831 3098 1066 3172 ἡμέρας,
1123 3097 1210 3154 ἐπὶ
1285 3098 1688 3154 Κωνσταντίνου
1743 3101 1820 3172 )Ι.
1881 3105 2032 3154 Κων-

372 3191 649 3260 σταντίου)
685 3187 982 3265 βασιλέως,
1033 3188 1139 3244 ἀπὸ
1189 3193 1286 3244 τοῦ
1333 3189 1488 3264 ἁγίου
1534 3187 1769 3262 Κρανίου
1820 3187 2032 3244 ἐκτετα-

378 3289 546 3356 μένου
579 3279 648 3336 δι’
679 3281 918 3355 ἀστέρων
951 3277 1054 3342 ἕως
1100 3283 1196 3334 τοῦ
1244 3280 1400 3355 ἁγίου
1449 3276 1610 3355 ὅρους
1641 3283 1749 3334 τῶν
1776 3278 2030 3337 Ἐλαιῶν.

2216 2924 2318 2979 Die
2350 2925 2621 2996 septima,
2654 2924 2942 2980 memoria
2963 2925 3113 2997 signi
3134 2923 3345 2988 crucis,
3370 2923 3528 2996 quod
3550 2924 3610 2980 in
3641 2923 3786 2980 urbe

2140 3015 2467 3070 Jerusalem
2525 3015 2586 3070 in
2643 3015 2791 3072 cmlo
2849 3021 3233 3086 conspectum
3273 3020 3363 3070 est
3391 3015 3548 3071 circa
3581 3015 3788 3070 horam

2141 3103 2376 3158 tertiam
2403 3103 2521 3159 diei
2554 3103 2663 3159 sub
2691 3103 3077 3159 Constantino
3118 3103 3252 3176 (leg.
3285 3103 3650 3172 Constantio)
3682 3103 3792 3159 im-

2141 3199 2412 3265 peratore
2437 3211 2450 3261 ;
2485 3193 2556 3249 ab
2589 3199 2795 3249 sancta
2825 3193 3088 3249 Calvaria
3117 3198 3463 3265 protensum
3502 3209 3610 3267 per
3634 3198 3793 3250 astra

2141 3298 2330 3353 usque
2362 3282 2436 3338 ad
2463 3290 2735 3339 sanctum
2761 3289 3026 3339 montem
3058 3282 3377 3340 Olivarum.

1514 3384 1780 3436 Nemeum
1827 3383 2080 3439 Graecum
2132 3382 2206 3438 ad
2249 3383 2394 3438 diem
2424 3386 2456 3438 7
2485 3385 2644 3440 Maii.

449 3488 592 3558 Μηνὶ
624 3492 706 3560 τῷ
737 3486 882 3560 αὐτῷ
913 3488 975 3557 ζ’,
1029 3488 1222 3561 μνήμη
1279 3490 1377 3542 τοῦ
1429 3485 1481 3542 ἐν
1531 3485 1743 3561 οὐρανῷ
1783 3485 2035 3564 φανέντος

2219 3489 2439 3546 Eodem
2471 3507 2677 3546 mense
2709 3490 2964 3563 septima
3012 3490 3129 3557 die,
3160 3492 3452 3548 memoria
3483 3491 3633 3565 signi
3666 3509 3801 3564 pre-

373 3579 609 3652 σημείου
638 3581 735 3632 τοῦ
781 3577 972 3650 τιμίου
1023 3577 1279 3648 σταυροῦ,
1337 3575 1454 3648 ὥρᾳ
1482 3575 1638 3651 τρίτῃ
1673 3583 1772 3644 τῆς
1801 3574 2032 3650 ἡμέρας,

374 3669 463 3725 ἐπὶ
530 3666 902 3722 Κωνσταντίυυ
965 3663 1236 3742 βασιλέως
1296 3665 1415 3719 υἱοῦ
1475 3664 1884 3720 Κωνσταντίνου
1938 3670 2036 3721 τοῦ

380 3756 651 3833 μεγάλου.
712 3755 809 3811 Καὶ
873 3759 982 3810 τῶν
1061 3753 1228 3829 ἁγίων
1296 3751 1582 3828 μαρτύρων
1633 3752 1889 3809 Ἀκακίου
1947 3747 2036 3810 καὶ

375 3846 682 3924 Κοδρᾶτου.

2145 3577 2313 3634 tiosae
2345 3579 2560 3648 crucis,
2594 3581 2751 3652 quod
2783 3581 2843 3636 in
2901 3581 3048 3637 cmlo
3106 3583 3300 3638 visum
3332 3588 3422 3638 est
3452 3583 3624 3638 tertia
3654 3583 3803 3638 hora

2147 3669 2267 3724 diei
2298 3669 2406 3724 sub
2435 3669 2793 3741 imperatore
2824 3671 3167 3727 Constantio
3200 3672 3569 3728 Constantini
3600 3672 3799 3745 magni

2148 3758 2293 3814 fllio.
2320 3760 2392 3814 Et
2421 3765 2761 3816 sanctorum
2815 3766 3142 3835 martyrum
3187 3761 3385 3817 Acacii
3413 3767 3470 3816 et
3498 3761 3798 3827 Quadrati.

1095 3947 1288 4001 Totum
1318 3947 1563 4015 ofﬁcium
1593 3944 1787 4000 deinde
1839 3945 1905 3999 de
1955 3959 2113 4000 cruce
2146 3947 2549 4018 praescribitur,
2585 3947 2787 4004 dehinc
2815 3948 3041 4005 additur
3062 3964 3083 4006 :

447 4058 540 4125 Τῷ
571 4052 717 4125 αὐτῷ
777 4052 909 4124 μηνὶ
970 4056 1030 4121 ζ’,
1088 4051 1187 4119 τήν
1244 4049 1544 4123 ἁνᾶμνησιν
1573 4051 1904 4126 ἑορτάζομεν
1937 4054 2032 4106 τοῦ

376 4144 428 4199 ἐν
463 4143 677 4216 οὐρανῷ
709 4144 968 4212 φανέντος
1026 4139 1260 4212 σημείου
1315 4145 1568 4214 σταυροῦ,
1629 4138 1716 4195 ἐπὶ
1760 4146 2033 4195 Κωνσταν-

375 4235 493 4288 τίου
529 4229 798 4305 βασιλέως
856 4230 979 4284 υἱοῦ
1032 4233 1129 4283 τοῦ
1186 4228 1432 4304 μεγάλου
1482 4228 1912 4300 Κωνσταντίνου,
1943 4227 2033 4284 καὶ

378 4319 656 4395 Κυρίλλου
689 4318 1130 4395 ἀρχιεπισκόπου
1159 4314 1586 4392 Ἱεροσολύμων.

523 4446 770 4514 Σταυροῦ
802 4442 1069 4514 παγέντος
1100 4439 1338 4514 ἡγιάσθη
1371 4447 1437 4514 γέ
1473 4438 1665 4514 πᾴλαι,

522 4515 627 4572 Καὶ
659 4509 748 4567 νῦν
779 4509 1036 4592 φανέντος
1064 4509 1297 4588 ἡγιάσθη
1327 4509 1416 4565 καὶ
1446 4509 1642 4574 πόλος,

453 4643 538 4696 Ἐν
597 4645 716 4700 ταῖς
774 4641 1007 4713 ἡμέραις
1073 4644 1174 4706 τῆς
1230 4637 1386 4712 ἁγίας
1441 4642 1842 4706 Πεντηκοστῆς,
1905 4646 2037 4711 μηνὶ

379 4729 566 4804 Μαΐῳ,
600 4723 831 4801 ἕϐδόμῃ,
883 4727 1000 4798 ὥρᾳ
1056 4728 1214 4802 τρίτῃ
1269 4733 1371 4795 τῆς
1437 4725 1662 4797 ἡμέρας,
1695 4724 1861 4796 ἐφάνη
1895 4729 1924 4782 ὁ
1951 4727 2036 4782 τί-

2213 4054 2435 4110 Eodem
2467 4072 2671 4112 mense
2702 4055 2798 4112 die
2841 4057 3114 4130 septima,
3149 4055 3500 4113 memoriam
3531 4055 3797 4113 celebra-

2144 4159 2278 4198 mus
2309 4144 2500 4200 crucis
2531 4145 2680 4218 signi
2714 4145 2873 4217 quod
2915 4147 2976 4202 in
3025 4147 3172 4204 coelo
3201 4145 3472 4218 apparuit
3503 4145 3612 4200 sub
3643 4147 3798 4202 Con-

2145 4233 2363 4288 stantio
2399 4233 2755 4305 imperatore
2786 4235 2910 4290 filio
2941 4236 3316 4292 Constantini
3347 4235 3565 4308 magni,
3599 4240 3658 4290 et
3686 4236 3797 4307 Cy-

2145 4321 2280 4376 rillo
2313 4321 2854 4395 Hierosolymorum
2896 4325 3364 4398 archiepiscopo.

2289 4447 2521 4520 Sacrata
2551 4449 2830 4518 quondam
2859 4457 2937 4505 est
2968 4457 3133 4506 terra.
3164 4451 3346 4520 deﬁxa
3380 4465 3574 4520 cruce;

2289 4519 2442 4573 Nunc
2470 4521 2587 4575 visa
2615 4522 2763 4586 ccelo,
2787 4526 3120 4578 consecravit
3148 4530 3198 4578 et
3220 4519 3433 4594 polum.

2217 4643 2283 4698 In
2315 4641 2526 4700 diebus
2553 4651 2770 4701 sanctae
2819 4649 3219 4712 Pentecostes.
3262 4665 3467 4705 mense
3499 4648 3669 4718 Maio,
3701 4665 3797 4704 se-

2147 4732 2334 4804 ptima
2361 4733 2478 4801 die,
2512 4734 2658 4790 hora
2683 4735 2801 4790 diei
2825 4738 3018 4805 tertia,
3041 4738 3315 4810 apparuit
3343 4739 3605 4810 pretiosa
3633 4743 3693 4792 et
3721 4737 3796 4792 vi-

386 4841 510 4894 μιος
567 4816 658 4872 καὶ
721 4816 992 4886 ζωοποιὸς
1074 4817 1322 4891 σταυρὸς,
1402 4813 1668 4876 συνεστὼς
1727 4814 1786 4869 ἐκ
1841 4817 2040 4888 φωτὸς,

2151 4821 2320 4877 viﬂca
2341 4839 2484 4879 crux
2507 4840 2574 4879 ex
2599 4824 2731 4880 luco
2755 4828 3102 4897 composita,
3126 4828 3496 4899 inspectante
3519 4827 3796 4882 universo

381 4911 617 4985 ὁρῶντος
706 4906 904 4966 παντὸς
980 4907 1076 4959 τοῦ
1164 4904 1322 4972 λαοῦ,
1407 4903 1652 4978 ὑπεράνω
1728 4908 1824 4958 τοῦ
1885 4905 2040 4981 ἁγίου

382 4997 632 5072 Γολγοθᾶ
688 4994 1040 5067 έκτεταμένος
1102 4994 1267 5068 μέχρι
1322 4997 1420 5048 τοῦ
1477 4994 1640 5069 ἁγίου
1717 4989 1878 5066 ὅρους
1933 4998 2042 5048 τῶν

383 5082 640 5145 Ἐλαιῶν.
692 5086 884 5146 ’Όστις
936 5087 1003 5157 τῇ
1061 5089 1160 5151 τῆς
1223 5083 1589 5157 μαρμαρυγῆς
1661 5079 2036 5160 λαμπρότη-τι

378 5179 475 5240 τας
541 5175 776 5246 ἡλιακὰς
836 5173 1054 5233 ἀκτῖνας
1111 5170 1397 5246 ἐκάλυψεν.
1457 5172 1616 5228 *Ὀθεν
1677 5177 1820 5228 πᾶσα
1849 5171 2043 5244 ἡλικία

380 5269 514 5323 νέων
573 5285 633 5320 τε
688 5263 779 5319 καὶ
839 5261 1132 5338 γερόντων,
1197 5261 1288 5314 σὺν
1336 5259 1553 5330 νηπίοις
1609 5260 1700 5315 καὶ
1743 5260 2042 5333 Θηλαζουσι

381 5359 480 5427 τὴν
521 5352 814 5424 ἐκκλησίαν
876 5346 1166 5407 κατέλαϐε·
1225 5350 1314 5405 καὶ
1373 5350 1425 5405 έν
1481 5352 1703 5427 ἀμέτρῳ
1755 5357 1920 5430 χαρᾷ,
1953 5361 2043 5415 καὶ

387 5448 565 5519 Θερμῇ
623 5441 901 5512 κατανύξει
978 5438 1133 5510 δόξαν
1215 5440 1303 5494 καὶ
1391 5439 1737 5516 εὐχαριστίαν
1795 5447 1876 5516 τῷ
1928 5448 2044 5516 Θεῷ

388 5539 701 5611 ἀνέπεμψαν
729 5535 816 5590 ἐπὶ
848 5538 925 5606 τῷ
953 5530 1244 5608 παραδόξῳ
1271 5533 1449 5605 τούτῳ
1479 5534 1729 5608 θεάματι.

2151 4911 2393 4984 pOpulo,
2423 4929 2602 4984 super
2653 4921 2922 4969 sanctum
2956 4915 3300 4988 Golgotham
3333 4933 3522 4989 usque
3552 4917 3627 4972 ad
3659 4933 3798 4973 san-

2149 5006 2308 5056 ctum
2328 5000 2622 5056 Olivarum
2645 5009 2909 5058 montem
2933 5007 3338 5071 extensaQuaa
3361 5006 3585 5062 solares
3601 5006 3800 5062 radios

2150 5089 2428 5146 micantis
2449 5091 2785 5163 splendoris
2808 5092 3076 5149 ubertate
3101 5095 3381 5151 contexit.
3407 5095 3571 5152 Unde
3603 5096 3799 5153 omnis

2151 5186 2293 5234 aetas
2323 5197 2457 5236 cum
2482 5181 2769 5252 juvenum
2802 5189 2926 5238 tum
2957 5202 3188 5252 senum,
3221 5203 3355 5243 cum
3389 5187 3716 5243 infantibus
3747 5192 3805 5242 et

2150 5269 2510 5326 lactentibus
2552 5271 2864 5329 ecclesiam
2904 5276 3230 5347 occupavit,
3259 5283 3440 5350 atque
3483 5276 3804 5333 immodico

2151 5358 2361 5431 gaudio
2410 5365 2470 5415 et
2510 5360 2732 5418 fervida
2787 5365 3266 5436 compunctione,
3304 5367 3555 5440 gloriam
3586 5373 3645 5423 et
3673 5382 3805 5437 gra-

2153 5448 2368 5504 tiarum
2408 5450 2704 5507 actionem
2751 5460 2994 5526 propter
3039 5455 3321 5513 inusitam
3375 5457 3526 5513 illud
3572 5462 3800 5529 specta-

2154 5536 2354 5592 culum
2387 5538 2504 5594 Deo
2534 5540 2889 5598 retulerunt.

459 5721 538 5794 (l)
569 5725 704 5779 Post
730 5715 1136 5776 renuntiatum
1168 5715 1464 5773 Caasarem
1500 5719 1560 5773 et
1588 5717 1824 5791 imperii
1857 5722 2196 5778 consortem
2228 5718 2460 5778 Gallum
2492 5721 2821 5782 Constantii
2851 5727 3185 5800 patruelem
3229 5727 3376 5784 Idib.
3408 5725 3620 5784 Martii.
