4134 6268
357 434 516 502 1179
1413 433 1474 492 S.
1525 432 1837 494 CYRILLI
1882 431 1989 492 illi

2131 431 2293 495 SOL.
2344 436 2700 498 ARCHIEP.
3546 527 3548 529 >
3611 437 3759 500 1180

1539 839 2126 965 FRAGM
2142 843 2353 966 EN
2366 843 2588 970 ΤΛ

899 1091 1524 1154 DEPERDITORUM
1570 1091 1632 1153 S.
1681 1093 1998 1159 CYRILLI
2069 1095 2808 1161 HIEROSOLYMITANI
2849 1096 3214 1160 OPERUM.

1622 1467 1771 1525 ³⁵⁷
1878 1467 2484 1563 MONITUM.

433 1737 487 1798 Ῑ.
519 1735 668 1795 Tria
700 1737 1054 1811 fragmenta
1083 1751 1224 1812 quae
1257 1731 1357 1792 hic
1389 1732 1633 1804 damus,
1668 1752 1742 1793 ex
1778 1733 2050 1795 bomiliis
2081 1734 2144 1795 in
2175 1734 2438 1796 Joannis
2467 1733 2880 1812 Evangelium
2913 1733 3144 1815 Cyrillo
3189 1735 3760 1814 Hierosolymitano

355 1815 628 1884 tributis,
665 1815 743 1874 ab
775 1815 1049 1891 antiquis
1081 1823 1141 1872 et
1171 1815 1556 1888 gravissimis
1589 1816 1953 1875 auctoribus
1983 1824 2352 1876 conservata
2384 1823 2548 1875 sunt.
2581 1817 2801 1882 Priora
2834 1817 2958 1875 duo
2991 1835 3064 1875 ex
3098 1815 3355 1875 homilia
3389 1816 3451 1874 in
3486 1817 3759 1877 miracu-

352 1897 481 1957 lum
515 1913 698 1975 aquee
728 1896 789 1955 in
823 1897 1031 1954 vivum
1064 1913 1402 1962 conversa,
1439 1913 1578 1972 quae
1611 1895 1855 1956 duabus
1887 1898 2127 1956 laciniis
2159 1902 2470 1973 constant,
2505 1900 2695 1956 citata
2729 1897 3075 1973 rrperimus
3107 1895 3185 1955 ab
3208 1904 3463 1956 auctore
3494 1897 3755 1971 inedito,

351 1978 461 2055 qui
487 1984 809 2038 Summam
847 1977 1009 2047 fidei,
1046 1994 1150 2034 seu
1185 1977 1496 2051 Excerpta
1528 1994 1597 2033 ex
1627 1976 1886 2036 diversis
1917 1979 2147 2036 sanctis
2188 1977 2557 2036 Pntribusct
2581 1978 2859 2036 conciliis
2883 1978 3157 2055 collegit.
3186 1976 3386 2054 Hujus
3408 1978 3616 2055 operis
3646 1981 3759 2037 ha—

353 2059 537 2118 betur
567 2056 891 2135 exemplar
921 2057 980 2115 in
1015 2056 1228 2116 codice
1258 2056 1660 2116 bibliothecas
1692 2058 1878 2132 regiae
1908 2057 2091 2128 2951,
2126 2059 2232 2135 qui
2266 2076 2432 2116 anno
2467 2057 2606 2117 l29l
2669 2058 3084 2134 transcriptus
3140 2064 3233 2115 est
3262 2077 3336 2116 ex
3378 2059 3503 2117 alio
3545 2060 3758 2120 codice

353 2157 519 2199 anno
552 2139 668 2198 759
700 2139 968 2213 scripto:
1007 2137 1320 2196 habentur
1341 2143 1548 2196 autem
1585 2139 1723 2197 loca
1753 2156 1824 2197 ex
1859 2139 2091 2216 Cyrillo
2122 2140 2314 2198 citata
2373 2139 2522 2196 tolio
2568 2137 2700 2198 126.
2740 2139 2967 2197 Eadem
3018 2139 3142 2197 duo
3199 2138 3336 2198 loca
3383 2139 3660 2200 citantur
3692 2142 3752 2200 in

350 2219 619 2279 concilio
644 2217 1045 2278 Lateranensi
1075 2217 1190 2276 sub
1226 2217 1490 2286 Martino
1513 2220 1562 2283 Ι.
1597 2222 1743 2276 ann.
1779 2218 1920 2290 649,
1952 2227 2073 2279 act.
2110 2221 2178 2296 5.
2200 2238 2343 2295 pag.
2375 2217 2512 2280 305.
2546 2221 2664 2280 Sed
2701 2219 2871 2296 prius
2931 2219 3356 2278 testimonium
3391 2220 3449 2278 in
3487 2222 3752 2282 concilio

353 2299 761 2362 Lateranensi
793 2300 1186 2358 decurtatum
1221 2304 1335 2367 est,
1368 2311 1430 2356 et
1457 2298 1686 2357 desinit
1714 2299 1775 2358 in
1820 2300 2020 2359 verbis
2044 2294 2228 2364 ἐπειδή
2260 2294 2385 2371 γάρ,
2421 2307 2568 2368 etc.,
2619 2294 2953 2359 exclusive.
2987 2317 3129 2377 quae
3163 2317 3328 2359 nunc
3379 2301 3647 2378 primum
3681 2321 3754 2362 ex

354 2380 619 2443 codicib.
657 2379 860 2458 Regiis
893 2379 1090 2438 lucem
1117 2378 1448 2456 aspiciunt.
1486 2380 1838 2438 Secundum
1875 2387 2082 2439 autem
2137 2387 2437 2458 praeterea
2468 2381 2697 2440 citatur
2727 2398 2762 2438 a
2793 2387 3010 2439 sancto
3070 2380 3336 2438 Maximo
3396 2381 3454 2439 in
3487 2383 3754 2458 epistola

321 2474 324 2475 ⁷
355 2463 431 2520 ad
466 2459 855 2533 Stephanum
890 2462 1226 2519 Dorensem
1264 2464 1460 2518 ltoma
1485 2459 1692 2530 missa,
1728 2467 1874 2519 tom.
1910 2461 1986 2525 ll.
2025 2479 2170 2538 pag.
2206 2462 2304 2520 88.
2363 2461 2641 2520 'lertium
2698 2461 3116 2536 fragmentum
3151 2460 3211 2518 in
3245 2461 3437 2520 verba
3492 2463 3756 2522 Joannis

353 2559 476 2603 xw.
512 2541 614 2612 28,
662 2539 819 2623 l’ado
848 2540 930 2623 ad
956 2539 1200 2623 Po_tre_m
1233 2558 1445 2608 meum,
1481 2541 1746 2623 refertur
1775 2559 1810 2600 a
1844 2541 2103 2623 Leontio
2134 2541 2477 2623 Byzantino
2499 2541 2560 2600 in
2589 2558 2776 2619 opere
2805 2541 3042 2623 inedito
3073 2540 3402 2623 Adversum
3434 2541 3758 2623 Monophy-

351 2623 519 2695 sitas,
559 2622 724 2697 quod
759 2622 924 2697 apud
959 2639 1022 2679 se
1044 2620 1235 2680 habet
1266 2627 1326 2678 et
1357 2637 1470 2696 pro
1503 2637 1614 2680 sua
1639 2620 2029 2681 humanitate
2059 2621 2364 2700 singulari
2391 2639 2630 2682 mecum
2673 2621 3164 2682 communicavit
3202 2620 3757 2684 doctissimus'Do-

353 2703 708 2762 minicanus
739 2702 806 2760 P.
845 2700 1101 2759 Michael
1140 2702 1216 2759 Le
1239 2700 1459 2771 Ouien.

433 2783 508 2843 Il.
542 2785 779 2844 Horum
807 2782 1300 2859 tragmentorum
1333 2780 1652 2840 veritatem
1677 2781 1885 2840 statim
1927 2787 2281 2860 suspectam
2336 2781 2491 2841 mihi
2535 2781 2678 2842 fecit
2723 2781 2990 2858 duplicis
3019 2781 3083 2840 in
3124 2779 3372 2842 Christo
3420 2789 3665 2844 natura:
3696 2790 3757 2844 et

350 2862 732 2942 operationis
767 2869 890 2921 tam
924 2861 1158 2926 diserta
1187 2862 1724 2931 commemoratio,
1761 2869 1826 2921 ut
1858 2863 2422 2942 post-Eutychiana
2453 2868 2740 2940 tempora
2770 2864 2968 2940 magis
2998 2879 3188 2940 quam
3220 2863 3512 2922 saeculum
3556 2883 3750 2940 quar-

348 2941 481 3003 tum
515 2962 735 3020 sapere
767 2943 1076 3002 videntur.
1126 2942 1342 3003 Verum
1377 2942 1747 3020 gravissima
1777 2951 1870 3003 est
1916 2943 2161 3002 concilii
2198 2944 2657 3013 Lateranensis,
2691 2943 2892 3002 sancti
2921 2942 3208 3013 Maximi,
3241 2950 3302 3002 et
3347 2941 3603 3002 alterius
3638 2962 3746 3002 an-

347 3025 506 3101 tiqui
539 3024 860 3102 scriptoris
891 3024 1254 3095 auctoritas,
1292 3023 1496 3098 major
1523 3024 1708 3083 etiam
1743 3023 2008 3089 Leontii.
2045 3025 2223 3102 cujus
2251 3029 2469 3083 notum
2490 3023 2550 3083 in
2584 3023 2980 3083 dicernendis
3011 3024 3173 3083 veris
3203 3029 3555 3082 sanctorum
3588 3025 3744 3084 doc-

346 3110 552 3164 torum
586 3104 882 3183 operibus
910 3121 1173 3164 acumen
1206 3121 1278 3163 ac
1318 3102 1648 3182 judicium.
1704 3105 1784 3164 Ut
1830 3104 2114 3165 omittam
2165 3123 2288 3163 non
2333 3103 2433 3163 hic
2490 3104 2592 3180 agi
2621 3103 2698 3162 de
2733 3103 2987 3164 laudato
3018 3105 3099 3163 ab
3129 3103 3434 3163 haereticis
3461 3103 3524 3162 in
3557 3123 3741 3164 suum

349 3203 629 3246 errorum
664 3184 1082 3264 patrocinium
1115 3201 1345 3262 opere;
1380 3185 1587 3260 quoin
1621 3200 1849 3260 genere
1879 3191 2008 3244 tam
2043 3185 2256 3244 multa
2303 3190 2448 3244 sunt
2494 3183 2936 3244 haereticorum
2987 3185 3258 3253 fraudes,
3294 3203 3434 3244 cum
3469 3183 3550 3243 ab
3582 3185 3745 3259 aliis,

348 3271 480 3325 tum
515 3266 593 3324 ab
623 3267 760 3342 ipso
791 3265 1048 3327 Leontio
1080 3264 1521 3342 deprehensae;
1559 3266 1662 3324 sed
1697 3265 1773 3323 de
1804 3283 1991 3339 opere
2038 3265 2117 3325 ab
2164 3265 2446 3326 conciliis
2476 3272 2537 3324 et
2567 3265 2930 3324 auctoribus
2958 3264 3284 3324 catholicis
3314 3265 3545 3325 citato:
3585 3285 3747 3343 quo-

345 3365 485 3405 rum
517 3358 681 3406 certe
713 3355 780 3403 ut
811 3347 1038 3423 potior.
1089 3353 1150 3404 et
1200 3345 1578 3405 mullatenus
1625 3344 1705 3403 ad
1753 3345 1848 3404 sui
1895 3346 2412 3405 sustentationem
2465 3345 2700 3405 fraudis
2746 3346 3033 3421 indigens
3089 3363 3297 3415 causa,
3333 3346 3421 3404 ita
3451 3354 3511 3404 et.
3545 3346 3747 3423 major

345 3425 537 3485 ﬁdes:
577 3444 938 3503 quanquam
973 3426 1095 3490 illis
1125 3425 1308 3484 etiam
1346 3425 1725 3502 quandoque
1757 3443 1867 3503 per
1912 3426 2101 3486 falsas
2149 3426 2586 3504 inscriptiones
2643 3427 2854 3485 fucum
2889 3427 3122 3485 factum
3155 3444 3287 3485 esse
3320 3445 3441 3486 non
3493 3426 3746 3503 ignora-

345 3525 508 3566 mus.
537 3507 610 3565 At
644 3506 840 3565 multo
875 3509 1053 3585 plura
1084 3506 1230 3565 olim
1263 3525 1450 3582 quam
1491 3524 1657 3564 nunc
1711 3505 2038 3578 habemus,
2089 3507 2304 3585 (Iyrilli
2356 3507 2551 3566 nostri
2596 3525 2787 3582 opera
2825 3505 3291 3567 Catholicorum
3335 3507 3398 3565 in
3452 3508 3739 3567 manibus

342 3586 531 3646 fuisse
563 3588 824 3646 suadere
857 3593 1060 3663 potest
1087 3587 1418 3663 Nicephori
1443 3585 1679 3646 Callisti
1711 3587 2070 3654 auctoritas,
2105 3587 2216 3664 qui
2245 3587 2352 3646 lib.
2386 3605 2469 3662 IX,
2505 3604 2642 3664 cap.
2677 3587 2753 3648 46
2784 3588 3017 3663 scripta
3046 3586 3181 3660 ejus
3211 3586 3326 3645 sub
3363 3587 3739 3666 (.‘yrz'llz’nno-

344 3687 479 3727 rum
511 3668 762 3726 nomine
789 3669 906 3744 legi
938 3668 1333 3727 consuevisse
1363 3673 1648 3726 testatur.
1677 3667 1931 3744 Alioqui
1961 3667 2250 3727 novimus
2278 3668 2577 3746 Cyrillum
2614 3668 2841 3726 multas
2882 3667 2943 3726 in
2994 3668 3240 3726 diversa
3270 3667 3737 3743 Scripturarum

321 3748 483 3808 .loca
518 3747 806 3830 homilias
837 3750 1089 3830 dixisse,
1115 3748 1249 3825 jam
1282 3755 1415 3807 tum
1448 3765 1590 3807 cum
1616 3748 1941 3826 presbyter
1970 3754 2127 3810 esset
2157 3765 2171 3807 :
2205 3746 2385 3826 cujus
2418 3751 2717 3826 temporis
2756 3748 2945 3807 etiam
2999 3747 3062 3806 in
3095 3746 3512 3828 Paralytz‘cum
3543 3749 3625 3808 ad
3645 3749 3766 3830 pis-

347 3830 539 3890 cinam
571 3829 916 3889 orationem
956 3829 1280 3889 habemus.

425 3909 534 3970 IIl.
569 3913 781 3988 Neque
818 3929 1003 3986 porro
1033 3910 1265 3988 diserta
1297 3909 1561 3967 duarum
1597 3913 1964 3968 naturarum
1998 3914 2061 3968 et
2089 3907 2524 3984 operationum
2558 3908 3017 3968 asseveratione
3050 3909 3388 3978 deterreor,
3425 3910 3765 3987 quominus

344 3989 480 4051 haec
514 3986 863 4070 fragmenta
893 3986 1146 4070 Cyrillor
1182 3996 1396 4070 nostro
1445 3988 1810 4070 ascribam,
1839 3991 1994 4048 Nam
2023 3994 2084 4048 et
2110 3989 2428 4070 Christum
2479 3989 2792 4070 duplicem
2844 3988 3014 4058 dicit,
3051 3997 3113 4070 et
3144 3986 3474 4070 utriusque
3523 4001 3763 4051 natura

342 4068 633 4150 pr0prias
663 4071 1063 4147 operationes
1092 4069 1496 4129 diserti-sime
1519 4068 1864 4150 distinguit,
1893 4076 2024 4150 cat.
2062 4069 2158 4136 12,
2196 4087 2369 4127 num.
2407 4070 2460 4142 l,
2499 4075 2560 4128 et
2592 4069 2762 4128 hom.
2799 4070 2859 4128 in
2886 4069 3117 4142 paral.,
3148 4088 3320 4128 num.
3355 4068 3413 4128 6.
3450 4072 3619 4130 Duos
3652 4090 3761 4149 pa-

350 4159 473 4210 tres
503 4151 724 4211 Christi
759 4151 1100 4212 secundum
1135 4151 1411 4208 diversas
1442 4149 1691 4209 deitatis
1722 4157 1784 4208 et
1809 4149 2012 4208 carnis
2035 4157 2292 4208 naturas
2319 4153 2752 4225 agnoscendOs
2782 4150 3021 4218 deﬁnit,
3055 4158 3180 4210 cat.
3241 4157 3341 4220 lt,
3370 4169 3433 4208 n.
3487 4152 3544 4220 5,
3580 4171 3762 4210 eum-

345 4250 467 4309 que
498 4233 604 4309 qui
636 4233 698 4292 in
732 4232 1098 4291 Bethlehem
1133 4237 1318 4289 natus
1349 4236 1462 4303 est,
1491 4229 1569 4288 ab
1599 4248 1673 4290 eo
1705 4231 1812 4306 qui
1844 4231 1924 4290 ab
1952 4237 2190 4290 alterno
2223 4249 2298 4290 ex
2337 4233 2515 4289 Patre
2544 4231 2791 4308 genitus
2817 4237 2929 4300 eet,
2964 4230 3053 4290 ita
3096 4237 3348 4309 separat
3376 4230 3527 4288 ibid.
3563 4251 3624 4292 u.
3659 4231 3758 4304 20,

343 4319 414 4372 ut
443 4313 846 4372 excusatione
877 4313 1161 4389 indigeat
1207 4310 1410 4370 minus
1457 4317 1753 4370 accurata
1787 4310 2042 4370 locutio.
2077 4312 2144 4370 ln
2179 4310 2275 4369 his
2324 4329 2542 4370 revera
2599 4310 2752 4371 locis
2803 4318 3168 4370 naturarum
3229 4319 3292 4372 et
3323 4313 3757 4388 operationum

347 4394 726 4470 mentionem
763 4393 910 4453 facit
945 4392 1225 4451 nullam:
1260 4391 1368 4451 sed
1404 4391 1620 4468 quanti
1647 4398 1760 4462 est,
1795 4409 1933 4450 cum
1966 4409 2093 4450 rem
2130 4391 2437 4467 agnoscis,
2473 4391 2549 4450 de
2598 4391 2851 4451 nomine
2891 4392 3177 4451 confiteri
3205 4392 3234 4450 Τ
3284 4391 3533 4468 Alioqui
3559 4393 3688 4470 jam
3725 4411 3759 4451 a

345 4469 557 4552 Cyrilli
592 4474 978 4550 temporibus
1008 4472 1325 4532 celebrata
1357 4478 1491 4531 erat
1543 4473 1881 4531 multorum
1936 4479 2182 4543 patrum
2225 4471 2549 4531 sententiis
2597 4472 2864 4550 duplicis
2916 4478 3157 4532 natura
3207 4469 3572 4549 usurpatio.
3611 4475 3756 4532 Fre-

342 4573 539 4633 quens
570 4555 878 4630 rep‘eritur
908 4574 1029 4613 non
1059 4552 1260 4612 solum
1295 4553 1461 4628 apud
1497 4553 1864 4626 Gregorium
1914 4553 2396 4621 Nazianzenum,
2424 4554 2796 4630 Nysscnum,
2849 4562 3132 4611 sanctum
3164 4552 3506 4633 Ephroem;
3553 4552 3655 4611 sed
3699 4559 3758 4612 et

341 4635 512 4714 apud
543 4636 897 4712 Origenem,
934 4643 995 4694 et
1023 4633 1482 4694 Tertullianum
1521 4635 1718 4692 multo
1750 4633 2156 4714 antiquiores.
2188 4633 2450 4714 Propter
2485 4633 2797 4714 Arianam
2857 4632 3350 4714 controversiam
3389 4639 3756 4714 naturarum

340 4712 760 4794 proprietates
791 4717 1147 4776 accuratius
1178 4713 1475 4789 distingui
1505 4731 1768 4790 caepere,
1800 4713 1886 4794 ita
1922 4720 1988 4772 ut
2015 4712 2450 4794 Theodoretus
2481 4713 2611 4791 ipse
2640 4715 2820 4789 epist.
2846 4712 2946 4774 82.
2986 4716 3199 4772 Patres
3234 4713 3469 4772 Nicaani
3511 4715 3758 4774 concilii

344 4793 631 4875 tempora
661 4796 1028 4857 subsecutos
1058 4796 1118 4853 in
1155 4795 1273 4854 hac
1299 4794 1698 4853 distinctione
1731 4793 1982 4852 modum
2033 4793 2375 4875 aliquando
2435 4795 2719 4853 nonnihil
2763 4812 3046 4875 egressos
3093 4811 3226 4852 esse
3275 4794 3576 4875 fateatur.
3610 4799 3761 4855 Post

343 4873 590 4937 enatam
625 4877 1008 4955 Apollinaris
1040 4875 1324 4935 haeresim
1361 4875 1558 4933 multo
1589 4875 1776 4955 etiam
1813 4876 2171 4955 magiseam
2203 4874 2680 4955 distinctionem
2715 4874 2924 4950 urgeri
2972 4891 3223 4955 neCesse
3264 4873 3380 4932 fuit
3415 4891 3426 4955 ;
3464 4882 3656 4952 atque
3679 4876 3756 4936 ab

345 4977 417 5018 co
451 4954 733 5034 tempore
764 4959 1031 5017 duarum
1068 4964 1432 5015 naturarum
1465 4954 1917 5014 confessionem
1953 4954 2295 5014 solemnius
2327 4955 2786 5028 frequentatam
2847 4954 3213 5034 reperimus.
3261 4955 3352 5034 Ea
3403 4954 3759 5033 fragmenta

342 5045 637 5118 putamus
670 5039 1071 5098 homiliarum
1107 5036 1401 5118 extremis
1433 5035 1823 5118 temporibus
1854 5055 1892 5094 a
1920 5035 2182 5118 Cyritlo,
2209 5034 2306 5095 vel
2357 5041 2497 5118 post
2535 5035 2768 5118 concil.
2984 5035 3079 5118 vel
3130 5033 3320 5118 paulo
3367 5041 3512 5095 ante.
3553 5037 3754 5118 dicta-

341 5115 504 5178 rum.
541 5120 807 5196 Cyrillus
839 5138 984 5178 ann.
1021 5117 1136 5179 380
1168 5136 1309 5176 cum
1341 5116 1802 5195 Apollinaristis
1833 5134 1960 5175 rem
1996 5115 2237 5186 habuit,
2272 5115 2382 5192 qui
2412 5115 2750 5175 Ecclesiam
2801 5115 3431 5196 Hierosolymitanam
3480 5116 3756 5191 graviter

340 5195 666 5268 vexavere,
703 5206 892 5274 atque
921 5199 982 5258 in
1016 5199 1221 5274 ipsum
1253 5216 1389 5256 eam
1451 5197 1918 5257 accusationem
1969 5197 2378 5265 intentavere,
2415 5197 2596 5274 quasi
2643 5196 2835 5254 alium
2868 5201 2930 5254 et
2959 5195 3148 5255 alium
3205 5195 3416 5255 Jesum
3476 5197 3752 5258 doceret.

342 5281 517 5350 Quod
553 5279 959 5355 intelligimus
989 5296 1064 5338 ex
1093 5278 1393 5355 Gregorio
1418 5280 1719 5355 Nysseno,
1754 5279 1934 5357 epist.
1971 5277 2047 5337 ad
2081 5275 2493 5347 Eustathiam,
2528 5296 2589 5355 p.
2620 5275 2758 5337 660.
2793 5277 2970 5336 Certe
2996 5275 3457 5357 Apollinaristaa
3489 5277 3758 5356 duplicis

340 5366 581 5420 natura
614 5359 1074 5419 distinctionem
1109 5359 1497 5436 iniquissime
1521 5367 1673 5424 858
1708 5355 2012 5430 ferebant,
2049 5363 2111 5416 et
2139 5375 2213 5418 ea
2242 5357 2522 5417 omnium
2556 5357 2634 5417 ab
2691 5357 2842 5430 ipsis
2870 5357 2931 5416 in
2991 5355 3369 5416 catholicam
3409 5355 3754 5418 Ecclesiam

337 5441 788 5501 intentatarum
822 5438 1297 5499 accusationum
1331 5440 1836 5500 fundamentum.
1868 5440 1940 5501 γ.
1976 5441 2121 5499 Naz.
2151 5444 2311 5499 orat.
2345 5455 2446 5512 LII,
2483 5456 2628 5518 pag.
2663 5436 2778 5497 746
2809 5440 2879 5498 Β.
2916 5437 3093 5499 Nihil
3121 5436 3336 5516 itaque
3367 5445 3459 5497 est
3479 5455 3594 5498 cur
3619 5439 3753 5501 hac

338 5522 694 5601 fragmenta
724 5519 956 5600 Cyrillo
978 5528 1193 5580 nostro
1224 5519 1828 5600 alienajudicemus.
