4128 6268
419 343 577 406 1183
1457 343 1858 405 APPENDIX
1904 342 2016 403 AD

2222 345 2332 404 ΗΑ
2376 345 2440 404 S.
2488 342 2826 405 CYBILLI.
3679 342 3847 404 1184

545 697 1215 864 ΟΡΕΒΑ
1303 697 1468 862 S.
1569 698 2175 864 CYBIL

2042 697 2420 864 LLO
2508 697 3672 877 SUPPOSITA.

1492 1125 1769 1183 INCERTI
1809 1128 1939 1185 SUB
1977 1128 2145 1186 EJUS
2184 1128 2461 1184 NOMINE

1108 1282 1643 1376 HOMILIA
1741 1283 1902 1376 DE
2004 1283 2567 1379 OCCUBSU
2654 1285 3138 1381 DOMINI.

1648 1643 1800 1702 ³⁵³
1877 1643 2598 1740 ADMONITIO.

502 1873 555 1933 Ι.
589 1873 826 1932 Auctor
883 1869 1071 1948 hujus
1128 1869 1450 1942 orationis,
1511 1869 1741 1952 Christi
1770 1870 1832 1930 in
1881 1870 2122 1948 templo
2152 1871 2533 1952 ’prsssentati
2589 1872 2980 1951 mysterium,
3040 1873 3206 1951 quod
3241 1872 3662 1952 Hypapantem
3694 1876 3829 1935 sive

426 1952 742 2014 Oet-ursum
771 1951 1031 2029 antiquo
1057 1969 1238 2032 more
1269 1953 1484 2010 dicunt
1513 1951 1731 2023 Graeci,
1766 1969 1887 2012 non
1923 1953 2148 2011 festum
2181 1951 2640 2012 Puriﬁcationis
2664 1953 3098 2031 appellamus;
3133 1961 3195 2013 et
3217 1954 3544 2032 Symeonis
3575 1956 3648 2013 de
3680 1957 3821 2031 ipso

422 2034 634 2108 verba,
675 2033 1006 2109 magniﬁca
1036 2031 1262 2090 Christi
1291 2032 1612 2113 dignitatis
1643 2031 2188 2092 commendatione
2219 2040 2471 2092 enarrat
2502 2032 2702 2112 (num.
2740 2034 2820 2113 l).
2856 2035 3094 2095 Caelum
3128 2041 3189 2094 et
3222 2031 3450 2094 terram
3489 2035 3565 2094 ad
3598 2055 3827 2096 conso-

423 2114 646 2174 cianda
678 2113 909 2190 gaudia
932 2121 994 2173 et
1025 2113 1433 2172 celebrandas
1463 2112 1690 2172 Christi
1725 2113 1941 2173 laudes
1972 2113 2195 2172 invitat
2224 2113 2425 2192 (num.
2461 2113 2545 2193 2).
2578 2112 3216 2191 Hiero¥oljrmitanum
3255 2115 3557 2192 populum
3605 2126 3662 2176 et
3698 2117 3832 2175 uni-

421 2214 634 2256 versos
667 2195 972 2263 hortatur,
1013 2199 1080 2251 ut
1112 2194 1374 2252 Domino
1398 2193 1458 2252 in
1494 2195 1798 2273 templum
1834 2193 2106 2253 venienti
2136 2194 2323 2269 digne
2353 2203 2710 2254 occurrant.
2746 2195 2972 2254 Christi
3021 2196 3392 2270 dignitatem
3427 2215 3568 2255 cum
3604 2197 3825 2256 humili

420 2277 485 2337 in
517 2295 641 2353 quo
669 2284 931 2354 apparet
967 2275 1181 2333 habitu
1216 2291 1622 2349 componens,
1660 2275 1950 2334 eumdem
1983 2293 2114 2334 esse
2147 2274 2588 2355 dicit(num.74
2619 2283 2680 2334 et
2710 2277 2772 2355 5)
2804 2285 2864 2335 et
2898 2278 3254 2352 pontiﬁcem
3288 2285 3349 2335 et
3381 2277 3722 2346 victimam,
3760 2285 3832 2337 et

423 2359 725 2435 templum
759 2363 820 2415 et
851 2374 1048 2431 aram,
1084 2364 1143 2414 et
1173 2355 1543 2414 sacrificium
1575 2361 1636 2415 et
1672 2359 1861 2415 Deum
1901 2357 2002 2416 cui
2049 2356 2426 2415 sacriﬁcium
2458 2354 2740 2416 offertur.
2779 2357 2936 2416 Tum
2989 2358 3175 2416 verba
3210 2358 3631 2435 Evangelistae
3665 2359 3824 2417 refe-

422 2457 587 2515 rens,
621 2456 695 2496 ea
724 2436 1084 2496 summatim
1119 2436 1600 2514 exponit(num.
1631 2436 1735 2515 6);
1770 2439 1874 2496 sed
1911 2437 2218 2496 Adamum
2251 2437 2313 2494 in
2348 2437 2681 2515 Symeonis
2716 2455 2981 2514 persona
3021 2437 3249 2497 Christi
3278 2438 3499 2497 laudes
3531 2441 3662 2498 fuse
3694 2439 3826 2499 dis-

421 2524 730 2578 serentem
759 2518 1031 2576 inducit:
1071 2534 1196 2592 qua
1226 2517 1287 2574 in
1319 2517 1605 2576 oratione
1638 2525 1937 2576 aeternam
1972 2517 2156 2577 Verbi
2187 2517 2680 2594 generationem,
2719 2520 2935 2578 mundi
2977 2520 3322 2588 conditum,
3379 2519 3824 2579 demissionem

421 2599 652 2660 Christi
682 2599 740 2656 in
775 2597 1227 2664 incarnatione,
1267 2597 1629 2678 prophetias
1659 2596 2172 2678 ejusnativitatis
2205 2599 2765 2674 praenuntiatrices,
2808 2597 3126 2677 praecipua
3158 2599 3624 2675 ejusincarnati
3659 2619 3827 2678 mys-

425 2681 605 2750 teria,
642 2686 702 2738 et
731 2679 972 2737 fructus
1000 2677 1450 2737 incarnationis
1485 2676 1846 2755 perstringit
1875 2679 2076 2755 (num.
2113 2679 2254 2756 15);
2289 2679 2612 2756 brevique,
2646 2684 2724 2738 ad
2766 2676 3037 2757 prazsens
3084 2680 3307 2739 festum
3345 2676 3827 2740 accommodata

425 2760 864 2822 exhortatione
893 2758 1240 2817 orationem
1275 2759 1610 2818 concludit.
1649 2757 1857 2838 Stylus
1887 2767 1978 2818 est
2007 2760 2297 2818 affectate
2326 2759 2713 2832 elaboratus,
2771 2759 3096 2820 sententiis
3157 2761 3465 2831 sublimis,
3499 2762 3826 2821 antithesi-

426 2842 542 2902 bus
575 2845 698 2901 fere
729 2841 1042 2899 continuis
1071 2838 1421 2904 distinctus.
1466 2858 1538 2900 ac
1571 2845 1738 2898 totus
1789 2841 2253 2916 Scripturarum
2302 2839 2697 2914 testimoniis,
2753 2844 2852 2903 vel
2883 2843 2963 2902 ad
2995 2840 3213 2901 eadem
3244 2842 3658 2903 allusiouibus
3689 2861 3822 2903 res~

429 2941 686 3002 persus;
722 2929 783 2981 et
804 2922 994 2996 digna
1025 2919 1316 2978 omnibus
1349 2920 1549 3002 modis
1579 2938 1719 2998 quas
1753 2919 1999 2990 legatur
2026 2921 2251 3002 oratio.

512 3006 590 3064 Il.
624 3004 804 3063 Edita
838 2994 1106 3080 primum
1142 3007 1233 3059 est
1277 3001 1552 3062 Coloniae
1601 2994 1776 3060 anno
1809 3002 1985 3074 1568,
2020 3001 2189 3074 apud
2223 3000 2503 3060 haaredes
2559 2994 2952 3080 Birkmauni,
3010 3002 3342 3062 Laurentio
3372 3002 3583 3063 Sifano
3615 3001 3807 3061 inter-

429 3091 626 3162 prete,
661 3087 763 3145 sed
802 3078 933 3143 tota
965 3100 1120 3161 pene
1152 3082 1392 3140 mendis
1448 3083 1699 3143 faedata.
1737 3083 1884 3142 inde
1917 3085 1974 3140 in
2038 3083 2490 3142 Bibliothecam
2531 3085 2782 3143 Patrum
2816 3078 3354 3143 Granio-Latinam
3387 3083 3634 3142 Parisiis
3665 3101 3812 3141 ann.

430 3167 580 3225 1624
609 3184 924 3230 excusam,
963 3173 1114 3224 tom.
1150 3164 1227 3232 ll,
1265 3182 1322 3239 p.
1375 3163 1514 3235 8M,
1551 3162 1858 3222 translata
1887 3169 1980 3222 est
2013 3179 2026 3222 :
2059 3182 2248 3240 quam
2302 3171 2520 3238 postea
2567 3170 2882 3222 Pontanus
2921 3163 3138 3236 edidit,
3179 3165 3481 3224 referente
3512 3163 3822 3224 Combeﬁ-

423 3247 514 3306 sio
542 3263 556 3304 :
589 3246 694 3304 sed
735 3245 996 3304 Pontani
1050 3243 1384 3302 editionem
1419 3243 1523 3301 diu
1579 3244 1996 3318 conquisitam
2060 3243 2212 3302 mihi
2271 3244 2480 3302 videre
2512 3263 2634 3302 non
2698 3241 2889 3302 licuit.
2923 3245 3205 3304 'l‘andem
3241 3244 3652 3304 Combeﬁsius
3683 3263 3818 3304 eam

423 3344 564 3386 cum
599 3326 796 3384 tribus
831 3345 999 3394 mss.,
1036 3323 1246 3399 Regiis
1277 3324 1545 3394 duobus,
1582 3329 1644 3383 et
1675 3323 2046 3383 Mazarinaeo
2080 3342 2206 3383 uno
2233 3323 2526 3384 collatam
2561 3325 2638 3382 de
2673 3343 2834 3383 novo
2865 3323 3080 3385 edidit.
3117 3332 3179 3384 et
3208 3323 3661 3402 interpretatus
3693 3333 3814 3397 est;

421 3406 870 3482 Auctuariique
900 3406 992 3463 sui
1025 3405 1429 3464 Bibtiothecze
1454 3408 1712 3464 Patrum
1742 3406 2248 3482 tom.l.pag.621,
2270 3423 2417 3474 ann,
2439 3403 2928 3478 l648,inseruit;
2961 3405 3320 3482 iterumque
3354 3405 3493 3482 ejus
3527 3407 3818 3466 Latinam

423 3487 770 3545 versionem
806 3487 864 3544 in
898 3486 1353 3545 Bibliothecam
1394 3485 1928 3544 concionatoriam
1991 3486 2332 3555 transtulit,
2367 3484 2444 3542 ad
2497 3485 2661 3544 diem
2695 3485 3034 3544 secundam
3070 3485 3420 3554 Februarii,
3457 3505 3599 3563 quas
3631 3487 3817 3546 etiam

427 3567 488 3627 in
525 3567 924 3644 Lugdunensi
983 3572 1340 3625 sanctorum
1394 3567 1648 3624 Patrum
1711 3566 2126 3633 Bibliotheca.
2174 3566 2311 3625 aliis
2355 3565 2566 3641 Cyrilli
2610 3567 2802 3624 nostri
2836 3564 3146 3640 Operibus
3177 3565 3518 3643 conjuncta
3575 3568 3814 3627 visitur.

426 3649 600 3709 Hanc
631 3649 717 3708 ita
751 3655 816 3707 ut
845 3648 1125 3707 ediderat
1155 3646 1586 3716 Combeﬁsius,
1620 3645 1898 3706 Thomas
1930 3646 2229 3705 Millesius
2285 3646 2346 3704 in
2381 3665 2494 3705 sua
2523 3647 2738 3725 Cyrilli
2797 3646 3348 3724 Hierosolymitani
3379 3650 3652 3726 Operum
3687 3648 3821 3708 edi-

424 3731 595 3789 tione
626 3730 962 3790 t)xnniensi
995 3727 1488 3805 repraesentavit,
1521 3727 1963 3787 Combeﬁsium
2001 3727 2157 3786 nihil
2189 3726 2454 3786 aliorum
2490 3726 2832 3803 diligentia
2868 3728 3174 3801 reliquum
3231 3727 3448 3788 fecisse
3481 3729 3814 3806 praefatus;

423 3816 666 3870 tantum
706 3811 1028 3870 Bodleiani
1059 3809 1290 3869 codicis
1322 3807 1402 3866 ad
1436 3809 1776 3886 marginem
1813 3807 2144 3868 varietates
2165 3809 2510 3880 adnotavit,
2544 3825 2618 3868 ac
2638 3807 2997 3868 Combeﬁsii
3019 3808 3512 3870 admonitionem
3547 3817 3608 3870 et
3638 3816 3819 3870 notas

423 3898 548 3953 tres
581 3892 977 3952 brevissimas
1009 3888 1422 3965 transcripsit.

504 3975 610 4034 ΠΙ.
646 3976 769 4033 Nos
799 3993 936 4032 eam
969 3971 1048 4031 ad
1081 3969 1385 4030 editiones
1419 3969 1868 4046 praecedentes,
1901 3969 2274 4046 codicesque
2305 3986 2453 4027 mss.
2488 3968 2833 4046 permultos
2866 3969 3092 4028 iterum
3126 3968 3447 4041 collatam,
3493 3975 3556 4030 et
3581 3970 3823 4047 aliquot

423 4053 577 4114 locis
635 4057 1024 4131 castigatam,
1077 4069 1228 4131 cum
1267 4049 1546 4131 versione
1579 4051 1957 4118 IIombeﬁsii,
1992 4051 2228 4128 paucis,
2265 4056 2332 4108 ut
2364 4049 2535 4108 locus
2569 4049 2952 4125 postulabat,
2989 4050 3266 4125 mutatis,
3291 4050 3354 4109 in
3401 4051 3520 4111 hac
3549 4052 3823 4112 editione

423 4135 641 4194 lectori
675 4129 883 4194 denuo
913 4130 1255 4193 offerimus.
1288 4129 1620 4190 Codicibus
1652 4132 1929 4209 quinque
1962 4150 2106 4190 mss.
2143 4131 2238 4189 usi
2269 4148 2506 4189 sumus.
2542 4131 2709 4189 Duos
2730 4131 3156 4206 suppeditavit
3179 4132 3372 4207 Regia
3403 4132 3820 4192 Bibliotheca.

429 4217 677 4275 Primus
707 4223 800 4276 est
831 4214 1347 4275 membranaceus
1377 4217 1631 4270 notatus
1663 4215 1839 4282 1832,
1877 4219 2059 4273 antea
2091 4211 2268 4282 2394,
2303 4229 2486 4288 quem
2523 4229 2587 4270 se
2618 4211 3024 4270 Combeﬁsius
3055 4211 3394 4271 contulisse
3441 4214 3690 4289 adjecta
3721 4231 3826 4272 co-

423 4297 544 4356 dici
567 4297 1095 4374 superscriptione
1127 4291 1389 4350 notavit.
1432 4292 1634 4351 Habet
1668 4293 1854 4374 ihanc
1886 4294 2211 4374 homiliam
2271 4310 2332 4369 p.
2369 4290 2856 4374 2l9;rscriptum
2909 4291 3198 4367 judicant
3231 4292 3413 4374 periti
3447 4311 3532 4352 x11
3586 4296 3680 4353 vel
3713 4310 3820 4354 xm

425 4373 676 4438 saeculo.
711 4373 1280 4437 Alter’chartaceus
1319 4379 1411 4430 est
1441 4394 1500 4431 n.
1537 4373 1710 4436 1959,
1750 4381 1933 4434 antea
1965 4373 2104 4442 275,
2139 4379 2414 4438 notatus.
2450 4373 2628 4444 cuius
2658 4373 2968 4447 scriptura
2999 4389 3076 4433 xv
3106 4373 3317 4431 smculi
3349 4374 3529 4433 initia
3562 4394 3685 4433 non
3717 4393 3821 4433 su-

427 4469 639 4534 perat:
676 4458 946 4519 habetur
976 4459 1035 4516 in
1070 4473 1144 4514 eo
1178 4459 1390 4535 nostra
1445 4454 1580 4514 hazc
1612 4454 1867 4514 bomilia
1925 4475 2067 4535 pag.
2106 4456 2240 4522 198,
2304 4453 2480 4535 inter
2500 4456 2695 4535 multa
2726 4454 2849 4514 alia
2909 4455 3266 4535 Graecorum
3299 4457 3558 4514 Patrum
3593 4460 3819 4529 Opera.

427 4533 694 4607 Tertius,
725 4559 850 4617 quo
885 4539 977 4598 usi
1006 4552 1241 4596 sumus.
1289 4533 1444 4592 liber
1502 4553 1615 4595 ms.
1650 4537 1827 4595 nobis
1859 4553 1891 4595 e
1927 4533 2303 4617 itiolbertina
2336 4533 2717 4617 bibliotheca
2772 4533 3274 4617 communicatus
3305 4541 3418 4605 est,
3453 4541 3586 4617 not.
3621 4538 3775 4596 4704
3805 4553 3820 4605 ;

428 4614 798 4681 chartaceus
829 4628 941 4690 est,
977 4619 1244 4690 scriptus
1274 4630 1382 4672 xm
1415 4617 1623 4674 saculi
1662 4617 1780 4675 ﬁne
1816 4617 1908 4676 vel
1942 4633 2049 4677 xw
2077 4615 2276 4679 initio.
2320 4614 2500 4691 cujus
2551 4634 2693 4692 pag.
2726 4614 2826 4682 74.
2861 4621 3074 4674 nostra
3109 4614 3242 4674 haac
3299 4616 3657 4676 continetur
3685 4635 3821 4675 ora-

426 4703 536 4778 tiq.
573 4702 843 4773 Quartus
872 4697 1289 4778 Coislinianus
1313 4701 1412 4778 est
1443 4715 1503 4778 n_.
1537 4698 1674 4778 274,
1710 4697 1771 4756 ἱη
1805 4697 2024 4756 charta
2056 4695 2429 4778 nitidissima
2453 4702 2642 4773 pau'o
2673 4703 3100 4778 antecantum
3133 4714 3332 4778 annos
3363 4697 3820 4778 Christianissi-

427 4775 511 4842 mi
546 4783 707 4860 regis
737 4783 938 4862 gratia
971 4775 1812 4862 elegantissimedeseriptus
1842 4796 1916 4836 ex
1955 4779 2078 4837 alio
2111 4777 2610 4862 codiceAquiuxtv
2655 4775 2863 4862 saeculi
2895 4777 3091 4862 initio
3122 4777 3392 4862 scriptus
3420 4786 3555 4836 erat
3582 4777 3819 4862 :_habct

424 4855 706 4924 nostram
741 4855 930 4924 'hauc
987 4859 1310 4923 homiliam
1375 4855 1482 4914 fol.
1519 4861 1655 4929 214.
1692 4859 1954 4930 Quintus
2012 4858 2288 4927 tandem,
2321 4855 2736 4917 Coislinianus
2767 4856 2928 4917 alter
2984 4858 3122 4927 304,
3159 4857 3373 4916 saeculi
3412 4876 3540 4925 xxv,
3576 4858 3822 4917 charta-

424 4963 608 5015 ceus;
648 4946 808 5005 hanc
837 4945 1186 5007 orationem
1222 4937 1460 4997 habens
1486 4937 1594 5000 fol.
1635 4939 1733 5000 95.
1769 4939 1874 4999 His
1904 4937 2287 5018 adjumentis
2317 4937 2411 4996 usi
2443 4944 2671 5008 errata,
2709 4943 2776 4998 ut
2825 4937 3224 5010 videbantur,
3290 4956 3412 4998 non
3447 4957 3651 5018 pauca
3681 4957 3818 5000 cor-

427 5043 726 5086 TClelJS.

511 5107 610 5165 ιν.
647 5110 730 5165 De
761 5105 950 5181 hujus
982 5106 1286 5167 orationis
1316 5111 1574 5167 auctore
1601 5120 1726 5161 non
1762 5099 2025 5160 minima
2055 5097 2394 5158 difﬁcultas
2423 5104 2537 5157 est.
2570 5099 2638 5157 In
2679 5097 2985 5181 omnibus
3023 5098 3406 5181 editionibus
3436 5104 3498 5158 et
3547 5118 3694 5159 mss.
3725 5118 3827 5181 co-

427 5189 669 5250 dicibus
701 5179 864 5245 miro
889 5205 1187 5247 consensu
1223 5189 1453 5267 Cyrillo
1480 5181 2050 5267 Hierosolymitano
2073 5181 2393 5267 tribuitur.
2430 5181 2602 5267 Unus
2633 5187 2728 5267 est
2756 5179 3192 5267 hiasarinaaus,
3227 5179 3299 5267 in
3323 5199 3449 5267 quo
3480 5182 3595 5267 su‘b
3627 5180 3822 5267 eril-

426 5272 467 5331 li
500 5268 904 5331 Alexandrini
938 5269 1192 5327 nomine
1223 5259 1537 5343 descripta
1567 5265 1945 5323 continetur.
1981 5261 2128 5331 Sed,
2164 5267 2231 5320 ut
2260 5260 2527 5343 advertit.
2557 5259 2991 5343 Comlieﬁsius,
3027 5261 3206 5320 facile
3240 5259 3495 5343 librario
3538 5261 3828 5343 festinan-

426 5353 474 5412 ti
505 5367 830 5410 nccurrere
865 5349 1066 5424 potuit
1096 5350 1361 5426 Cyrillus
1392 5339 1848 5426 Alexandrinus
1897 5362 2011 5426 pro
2056 5339 2653 5426 Hierosolymitano.
2689 5341 2863 5426 Alter
2902 5341 3087 5400 etiam
3140 5341 3338 5400 codex
3367 5342 3826 5426 Ottobonianus

429 5440 596 5495 360
628 5430 789 5489 hanc
824 5421 1156 5488 homiliam
1179 5431 1454 5488 continet
1483 5428 1598 5488 sub
1627 5425 1842 5504 Cyrilli
1875 5422 2278 5504 Alexandrini
2312 5422 2602 5504 nomine;
2637 5421 2743 5480 sed
2777 5439 3020 5481 erasum
3057 5427 3150 5504 est
3181 5439 3409 5480 nomen
3450 5421 3823 5483 Alexandri-

424 5515 492 5574 m'
524 5513 716 5573 minio
747 5510 1070 5586 scriptum.
1107 5516 1167 5568 et
1196 5510 1601 5569 substitutum
1635 5502 2212 5586 Hierosolymitani,
2247 5502 2465 5586 eodem
2500 5508 2856 5586 atramento
2904 5509 2966 5586 et
2996 5503 3228 5586 eadem,
3268 5521 3454 5586 manu
3489 5522 3613 5580 qua
3644 5521 3825 5586 cons-

426 5597 628 5674 cripta
657 5599 749 5654 est
779 5582 1002 5652 oratiu.
1038 5582 2026 5674 DositheusHierosolymitanus,_
2045 5583 2406 5674 patriarcha
2434 5583 2550 5674 sub
2585 5583 2997 5674 praecedentis
3019 5582 3230 5674 saeculi
3264 5583 3495 5674 ﬁnem.
3520 5583 3822 5674 orationis

427 5663 617 5758 hujus
647 5677 1074 5756 fragmentum
1107 5670 1224 5733 sub
1254 5671 1510 5733 nomine
1539 5663 1754 5748 Cyrilli
1785 5666 1980 5728 nostri
2011 5663 2444 5726 indubitanter
2473 5663 2714 5740 laudat,
2749 5664 3092 5727 Enchiridii
3122 5663 3216 5725 sui
3247 5682 3396 5744 pag.
3431 5665 3529 5726 5t.
3563 5664 3821 5726 Combe-
