4134 6268
341 377 497 439 1197

1217 369 1535 432 ΙΝΟΕΙὶΤΙ
1577 364 1917 427 HOMILIA
1958 363 2040 424 IN
2082 360 2511 428 OCGURSUM
2551 365 2851 429 DOMINI.

3582 370 3740 435 1198

416 509 472 565 1'.
506 505 681 568 Οὗτός
710 503 879 574 ἐστιν,
909 505 959 575 6,
992 502 1051 559 ἐκ
1109 504 1186 577 μὴ
1237 496 1408 557 ὄντων
1466 499 1542 563 είς
1574 499 1638 554 τὸ
1670 497 1827 568 εἶναι,
1859 497 1988 552 Θεὸς

2175 498 2242 554 Χ.
2277 498 2381 554 Hic
2403 505 2493 555 est
2520 505 2670 558 Deus
2696 501 2953 557 Verbum
2982 500 3050 571 ⁸³,
3092 503 3194 574 qui
3234 502 3412 560 verbo
3445 504 3572 560 solo
3620 523 3754 563 om-

341 596 520 674 Λόγος
577 595 727 671 λόγῳ
786 595 937 669 μόνῳ
991 594 1061 649 τὰ
1116 595 1288 649 πάντα
1346 592 1773 664 συστησάμενος*
1835 586 1993 648 οὗτός

347 686 493 742 ἐστιν
551 686 580 740 6
639 685 912 759 ἑωσφόρος
946 725 962 755 ,
1026 682 1133 758 πρὸ
1190 681 1468 759 ἐωσφόρου
1523 679 1620 742 τὰς
1671 676 1995 750 ἀσωμάτους

341 771 723 847 διακοσμησας
755 771 1011 846 δυνάμεις
1038 775 1148 827 τῶν
1205 769 1497 847 οὐρανίων,
1556 768 1859 840 ἀσωμάτων
1895 766 1993 839 (1),

341 862 592 940 ἀοράτων
654 860 1068 938 στρατευμάτων
1132 860 1219 915 καὶ
1270 859 1597 935 ταγμάτων·
1641 854 1798 918 οὗτός
1851 854 1992 909 ἐστιν

344 953 377 1008 6
426 951 656 1013 τανύσας
712 951 802 1006 τὸν
863 949 1088 1027 οὐρανὸν
1150 947 1338 1022 μόνος,
1387 948 1479 1003 καὶ
1534 948 1846 1021 περιπατῶν
1905 942 1994 997 ἐπὶ

342 1040 624 1111 θαλάσσης
683 1040 758 1102 ὡς
812 1039 901 1095 ἐπὶ
958 1036 1210 1111 ἐδάφους·
1278 1037 1435 1098 οὗτός
1494 1034 1632 1091 ἐστιν
1694 1035 1722 1089 6
1776 1031 1991 1107 ὁμίχλῃ

336 1127 732 1207 σπαργανώσας
761 1130 863 1198 τὴν
908 1124 1159 1183 ἄϐυσσον·
1215 1126 1373 1189 οὗτός
1424 1125 1564 1179 ἐστιν
1618 1124 1646 1178 6
1695 1123 1995 1198 στερεώσας

332 1220 439 1288 τήν
471 1221 572 1293 γῆν
605 1216 693 1272 ἐπὶ
723 1221 831 1272 τῶν
867 1213 1096 1272 ὑδάτων·
1142 1213 1299 1277 οὗτός
1336 1215 1476 1270 ἐστιν
1510 1214 1538 1268 6
1569 1213 1783 1287 ψάμμῳ
1830 1230 1994 1285 περι·-

331 1308 584 1384 τειχίσας
610 1308 712 1377 τὴν
759 1303 1027 1361 θάλασσαν
1058 1304 1214 1367 οὗτός
1246 1303 1387 1359 ἐστιν
1422 1304 1451 1358 6
1492 1300 1738 1378 διορίσας
1782 1299 1846 1354 τὸ
1878 1303 1992 1377 φῶς

334 1397 445 1453 ἀπὸ
499 1400 599 1452 τοῦ
657 1395 905 1458 σκότους·
968 1394 1126 1458 οὗτός
1176 1394 1317 1449 ἐστιν
1351 1394 1379 1448 ὁ
1419 1393 1517 1461 τήν
1566 1389 1836 1459 κυκλικὴν
1882 1391 1992 1443 τῶν

336 1486 576 1562 ἀστέρων
627 1484 884 1556 συντάξας
947 1481 1331 1557 διακόσμησιν·
1380 1482 1539 1543 οὗτός
1596 1478 1739 1534 ἐστιν
1792 1479 1819 1532 ὁ
1860 1497 1993 1531 παν-

335 1597 425 1647 τα,
454 1577 550 1631 τὸν
580 1576 861 1652 ὁρώμενον
892 1578 966 1649 (2)
998 1575 1083 1629 καὶ
1137 1572 1456 1646 νοούμενον,
1508 1569 1717 1643 κόσμον
1750 1567 1803 1623 ἐν
1835 1566 1996 1645 σοφίᾳ

340 1666 768 1740 συστησάμενος·
820 1663 979 1729 οὗτός
1033 1664 1198 1734 ἐστιν,
1231 1665 1259 1718 6
1294 1661 1479 1739 χερσὶν
1540 1659 1994 1735 ἀχειροπκάστοις

339 1754 401 1811 ἐκ
441 1754 630 1828 πηλοῦ
689 1753 995 1817 διαπλάσας
1051 1754 1141 1809 καὶ
1202 1752 1497 1830 μορφώσας
1551 1750 1644 1805 τὸν
1679 1746 1991 1823 ἄνθρωπον·

341 1845 527 1915 οὗτός,
572 1844 714 1900 ἐστιν
742 1846 771 1899 6
800 1845 919 1899 κατ’
950 1842 1131 1899 εῗκόνα
1188 1845 1326 1897 Θεοῦ
1370 1840 1785 1914 δημιουργήσας
1819 1838 1992 1908 ἡμᾶς,

339 1935 432 1990 καὶ
461 1938 554 1989 νῦν
605 1934 765 1998 αὐτὸς
807 1936 921 1989 κατ’
982 1931 1165 1988 εἷ’κόνα
1217 1933 1317 2001 τήν
1377 1929 1647 2003 ἡμετέραν
1702 1922 1993 2002 γενόμενος

345 2026 647 2101 ἄνθρωπος.
694 2026 1042 2101 Ἄνθρωπος,
1102 2019 1249 2078 ἀλλὰ
1308 2022 1418 2094 μὴν
1474 2018 1565 2075 καὶ
1596 2019 1725 2081 Θεὸς
1755 2017 1783 2071 6
1814 2015 1993 2079 αὐτός’

350 2113 635 2188 ἅνθρωπος
685 2114 747 2169 τὸ
797 2114 1101 2189 ὁρώμενον,
1150 2108 1282 2172 ὅλος
1342 2110 1418 2172 ὡς
1473 2108 1622 2181 κάγὼ
1671 2104 1833 2168 αὐτός
1865 2102 2000 2177 μετά

353 2208 464 2258 τῶν
496 2202 641 2277 ἐμῶν
685 2204 780 2258 ἳνα
840 2223 906 2276 με
962 2198 1256 2277 καθαρίσας
1317 2199 1484 2272 σώσῃ·
1545 2197 1699 2264 Θεὸς,
1749 2193 1811 2248 τὸ
1841 2190 1999 2246 νοού·

347 2313 535 2366 μενον,
590 2293 801 2356 τὲλειος
850 2290 909 2347 ἐκ
963 2289 1179 2345 τελείου
1231 2291 1309 2362 (3)
1378 2285 1591 2361 Πατρὸς
1647 2284 1745 2353 τήν
1810 2281 1996 2337 οὐσίαν

354 2380 526 2458 ἔχων.
558 2382 659 2446 "Oc
698 2380 751 2436 ἐν
812 2382 996 2456 μορφῇ
1053 2381 1187 2434 Θεοῦ
1253 2376 1515 2450 ὑπάρχων
1567 2370 1860 2446 δεσποτικῇ
1910 2373 2003 2425 νῦν

349 2472 451 2540 τὴν
486 2469 627 2545 ἐμὴν
656 2470 873 2548 μορφὴν
920 2462 1082 2524 ἔλαϐε
1137 2466 1236 2532 τὴν
1297 2462 1580 2534 δουλικήν·
1636 2462 1705 2517 ού
1761 2461 2000 2533 μειώσας

347 2566 452 2631 τῆς
481 2560 739 2631 θεότητος
781 2558 844 2613 τὸ
890 2556 1126 2630 ἀξίωμα,
1155 2553 1283 2611 ἀλλ’
1315 2552 1537 2630 ἁγιάσας
1592 2558 1693 2622 τῆς
1726 2550 1867 2624 ἐμῆς
1896 2548 1997 2626 φύ-

353 2670 492 2714 σεως
518 2650 581 2705 τὸ
611 2647 855 2728 φύραμα·
889 2644 1000 2704 ἄνω
1060 2645 1212 2714 ὅλος,
1268 2642 1357 2698 καὶ
1415 2641 1562 2697 κάτω
1620 2639 1748 2702 ὅλος
1780 2638 1808 2693 6
1839 2638 1998 2701 αὐτὸς

350 2736 774 2814 γνωριζόμενος·
834 2733 945 2791 ἅνω
1016 2732 1298 2810 γεννηθεὶς
1352 2730 1647 2807 ἀχρόνως,
1704 2729 1794 2785 καὶ
1852 2731 1998 2785 κάτω

352 2826 630 2903 ἀσπόρως·
661 2830 771 2881 τῶν
804 2826 913 2881 ἅνω
959 2823 1196 2894 ποιητὴς
1240 2822 1315 2884 ὡς
1364 2821 1492 2884 Θεὸς
1546 2822 1644 2893 (4),
1704 2820 1790 2875 καὶ
1849 2817 1998 2874 κάτω

343 2918 478 2989 ποίη
488 2938 565 2993 μα
595 2919 671 2980 ὡς
700 2918 1008 2992 ἅνθρωπος.

2103 586 2204 641 nia
2235 603 2303 642 ex
2333 605 2455 644 non
2490 590 2828 647 extantibus
2858 596 2925 646 ut
2952 598 3155 647 essent
3181 592 3354 649 fecit:
3389 594 3486 649 hic
3529 600 3619 651 est
3647 597 3744 652 lu-

2102 675 2249 730 cifer
2264 674 2445 750 5’,qui
2474 686 2612 735 ante
2642 680 2954 735 luciferum
2978 682 3384 754 incorporales
3414 684 3744 742 caelestium

2101 765 2629 838 incorporeorum,
2684 769 3191 842 invisibiliumque
3249 773 3616 829 exercituum
3680 781 3737 831 et

2102 856 2380 912 ordinum
2411 865 2734 931 potestates
2766 860 3071 931 distinxit;
3103 862 3199 917 hic
3231 869 3321 918 est
3349 864 3452 935 qui
3482 865 3751 922 extendit

2101 948 2316 1003 caelum
2348 950 2531 1019 solus,
2565 967 2631 1007 ac
2658 969 2837 1024 supra
2866 970 3028 1010 mare
3055 954 3322 1011 ambulat
3366 955 3527 1011 velut
3566 974 3746 1029 supra

2106 1037 2299 1091 solum
2320 1037 2403 1105 ⁷ος
2440 1039 2531 1094 hic
2564 1049 2652 1095 est
2682 1042 2783 1112 qui
2823 1040 3103 1115 abyssum
3130 1044 3287 1098 nube
3331 1044 3530 1101 fasciaa
3558 1045 3751 1102 instar

2103 1126 2408 1183 obvolvit'“
2428 1129 2550 1184 :hic
2568 1131 2770 1201 estqui
2785 1131 3039 1187 firmavit
3060 1137 3277 1188 terram
3297 1150 3476 1206 super
3495 1151 3680 1207 aquas
3699 1135 3749 1174 τί

2102 1216 2319 1287 quique
2351 1234 2531 1272 arena
2589 1223 2869 1290 tanquam
2925 1237 3098 1276 muro
3140 1238 3304 1278 mare
3334 1223 3747 1282 circumvalla-

2099 1304 2239 1359 vit"8
2264 1326 2278 1372 ;
2298 1306 2392 1361 hic
2410 1312 2500 1361 est
2515 1307 2616 1378 qui
2634 1307 2833 1362 divisit
2862 1308 3057 1364 lucem
3093 1326 3127 1364 a
3148 1310 3410 1367 tenebris
3430 1311 3499 1379 7‘,
3524 1314 3746 1385 quique

2100 1394 2493 1450 orbiculatum
2540 1397 2802 1452 siderum
2856 1405 3275 1455 ornamentum
3312 1401 3458 1456 cualo
3490 1402 3746 1461 colloca-

2103 1483 2221 1549 vit;
2252 1483 2347 1539 hic
2378 1489 2467 1539 est
2498 1485 2599 1556 qui
2632 1487 2974 1541 universum
2996 1503 3131 1542 cum
3162 1488 3741 1558 visibilem,tumin-

2103 1573 2477 1646 telligibilem
2493 1575 2783 1631 mundum
2798 1577 2859 1633 in
2874 1578 3165 1649 sapientia
3180 1580 3522 1649 constituit;
3548 1582 3645 1638 hic
3658 1588 3749 1639 est

2101 1664 2201 1734 qui
2242 1665 2518 1721 manibus
2574 1683 2696 1721 non
2754 1666 3111 1723 manufactis
3169 1669 3473 1725 hominem
3525 1687 3595 1726 ex
3623 1671 3750 1727 luto

2104 1752 2276 1807 ﬁnxit
2304 1759 2363 1807 et
2418 1753 2969 1823 informavit7‘;hic
3026 1759 3116 1810 est
3153 1756 3254 1827 qui
3304 1756 3379 1811 ad
3430 1757 3751 1830 imaginem

2106 1841 2205 1896 Dei
2239 1857 2347 1896 nos
2371 1842 2675 1910 condidit;
2710 1860 2986 1914 nuncque
3019 1844 3145 1915 ipse
3176 1844 3251 1899 ad
3280 1845 3601 1919 imaginem
3640 1863 3751 1902 no-

2106 1940 2288 1989 stram
2337 1935 2528 1990 factus
2577 1941 2668 1990 est
2698 1937 2923 1991 homo:
2984 1937 3185 2005 homo,
3244 1938 3512 2009 inquam,
3541 1957 3747 1997 verum

2108 2021 2264 2078 idem
2297 2024 2476 2078 etiam
2501 2025 2676 2080 Deus.
2710 2029 2915 2091 Homo,
2939 2030 3227 2096 quantum
3253 2025 3327 2081 ad
3357 2027 3418 2082 id
3443 2028 3602 2099 quod
3622 2046 3752 2084 cer-

2110 2113 2309 2168 nitur:
2346 2119 2501 2168 totus
2528 2114 2720 2185 qualis
2753 2119 2811 2169 et
2838 2130 2942 2186 ego
2974 2114 3100 2186 ipse
3134 2131 3267 2169 cum
3317 2115 3389 2169 iis
3442 2134 3573 2188 qum
3618 2135 3754 2175 mea

2112 2207 2290 2268 sunt,
2342 2207 2409 2257 ut
2463 2219 2558 2258 me
2609 2203 2939 2258 emundans
2997 2203 3150 2258 866
3206 2203 3432 2259 salvum
3487 2205 3748 2262 efﬁciat:

2110 2291 2286 2357 Deus,
2312 2295 2600 2361 quantum
2632 2290 2705 2345 ad
2727 2290 2787 2345 id
2817 2290 2975 2362 quod
3007 2291 3133 2345 sola
3179 2292 3533 2364 cogitatione
3577 2293 3754 2349 intel-

2109 2378 2215 2452 ligi
2262 2384 2476 2451 potest,
2535 2380 2832 2451 perfectus
2881 2396 2951 2435 ex
2994 2379 3256 2451 perfecto
3317 2382 3489 2437 Patre
3548 2398 3755 2438 essen-

2110 2468 2255 2523 tiam
2285 2467 2530 2523 habens.
2565 2470 2673 2533 Qui
2704 2485 2841 2524 cum
2880 2469 2943 2523 in
2999 2468 3174 2523 herili
3228 2469 3332 2524 Dei
3358 2469 3550 2526 forma
3578 2477 3755 2542 esset,

2110 2576 2270 2615 nunc
2303 2560 2576 2616 servilem
2607 2576 2803 2615 meam
2828 2559 3082 2615 formam
3140 2561 3465 2632 assumpsit
3491 2561 3537 2596 ⁷⁸
3569 2579 3585 2628 ;
3631 2578 3755 2619 non

2110 2649 2433 2705 divinitatis
2464 2649 2813 2723 dignitatem
2873 2648 3237 2718 diminuens,
3272 2649 3376 2705 sed
3433 2666 3581 2706 mem
3638 2667 3755 2707 na-

2108 2744 2256 2794 turae
2287 2755 2547 2795 massam
2581 2738 2999 2803 sanctiﬁcans;
3032 2738 3132 2809 qui
3185 2738 3248 2793 in
3311 2740 3544 2811 superis
3574 2744 3751 2809 totus,

2109 2830 2386 2903 idemque
2421 2836 2576 2886 totus
2598 2831 2659 2885 in
2689 2831 2783 2885 his
2813 2829 3019 2885 inferis
3047 2829 3194 2885 locis
3214 2831 3594 2903 agnoscitur:
3623 2849 3752 2887 sur-

2108 2936 2239 2974 sum
2273 2924 2448 2974 natus
2481 2920 2608 2974 sine
2640 2925 2928 2990 tempore,
2960 2934 3028 2973 ac
3044 2917 3322 2973 deorsum
3352 2918 3579 2990 absque
3598 2919 3752 2974 virili

344 3015 479 3067 satu
512 3026 526 3065 :
561 3024 911 3082 superorum
928 3006 1137 3073 factor,
1158 3004 1243 3060 uti
1267 3005 1419 3059 Deus
1447 3018 1460 3057 :
1494 3007 1554 3057 et
1581 3002 1644 3057 in
1675 3001 1883 3057 inferis
1911 3003 2075 3062 hisce
2096 3007 2364 3079 partibus
2389 3013 2678 3075 creatura,
2712 3012 2777 3062 ut
2803 3008 3001 3062 homo.

420 3096 532 3154 IA‘.
593 3094 891 3152 ’Λκούσατε
970 3096 1136 3148 ταῦτα
1167 3138 1182 3165 ,
1240 3091 1415 3146 πάντα
1458 3090 1528 3144 τὰ
1574 3088 1722 3159 ἔθνη·

348 3184 580 3261 Ἰσραὴλ
778 3182 980 3258 Κύριος
1014 3183 1042 3237 6
1074 3182 1204 3246 Θεός
1255 3201 1372 3251 σου,
1420 3178 1576 3241 οὗτός
1636 3176 1777 3233 ἐστιν
1809 3178 1868 3233 ’ὸν
1899 3178 2005 3255 ἐγὼ

353 3274 384 3329 6
414 3274 507 3336 σὸς
532 3272 711 3350 ἱερεὺς
761 3271 990 3345 Συμεὼν
1049 3269 1103 3325 ἒν
1161 3269 1424 3346 ἀγκάλαις
1482 3267 1757 3344 βαστάζων
1797 3268 2005 3345 μεγάλῃ

351 3362 611 3437 κηρύττω
639 3366 707 3437 τῇ
738 3364 916 3438 φωνῇ,
947 3366 1026 3435 τῷ
1077 3359 1198 3433 λαῷ
1255 3359 1307 3415 ἐν
1359 3362 1438 3431 τῷ
1483 3360 1592 3429 ναῷ
1636 3353 2004 3433 διαμαρτυρό-

360 3477 542 3530 μενον.
577 3455 670 3510 Διὸ
694 3452 1022 3529 προσέχετε,
1064 3450 1199 3507 λαός
1246 3465 1378 3524 μου,
1429 3450 1521 3504 τὸν
1573 3448 1741 3524 λόγον
1774 3450 1999 3523 μου

353 3545 579 3602 κλίνατε
627 3545 691 3600 τὸ
722 3541 814 3606 οὖς
847 3543 999 3617 ὑμῶν
1059 3544 1135 3605 εἱς
1191 3543 1259 3596 τά
1316 3540 1534 3617 ῥήματα
1579 3542 1677 3594 τοῦ
1733 3536 2004 3611 στόματός

359 3651 490 3710 μου.
518 3637 696 3693 Τοῦτο
725 3634 789 3689 τὸ
820 3629 1036 3687 παιδίον
1079 3630 1212 3698 ἐστὶ,
1243 3630 1365 3706 περὶ
1398 3629 1460 3683 0'5
1505 3628 1706 3688 ’Iaa’izc
1752 3628 2002 3702 προεκή-

355 3725 499 3801 ρυξε,
558 3722 758 3798 λὲγων,
815 3720 922 3790 ὅτι,
982 3717 1203 3775 Παιδίον
1253 3718 1512 3795 ἐγεννήθη
1544 3715 1705 3790 ἤμῖν,
1745 3716 1862 3777 υἱὸς
1911 3720 2007 3773 καὶ

353 3812 517 3885 ἐδόθη
550 3815 708 3886 ἡμῖν·
748 3811 840 3867 καὶ
891 3809 1139 3866 καλεῖται
1194 3809 1258 3863 τὸ
1311 3802 1485 3881 ὅνομα
1537 3805 1701 3861 αὐτοῦ
1761 3804 2005 3881 μεγάλης

358 3903 569 3980 βουλῆς
631 3907 746 3975 (τῆς
801 3903 898 3955 τοῦ
955 3898 1187 3972 Ηατρὸς)
1234 3899 1308 3970 (7)
1350 3892 1608 3971 ἄγγελος·
1670 3894 2002 3966 θαυμαστός,

424 4028 474 4066 ⁸⁸
511 4031 680 4087 Joan.
741 4045 780 4098 1,
815 4031 864 4081 1.
941 4026 1012 4098 ⁶ξη
1050 4024 1157 4098 lob
1223 4038 1454 4098 xxxvm,
1507 4024 1573 4098 fi.

359 4118 598 4168 xxxvm,
634 4103 719 4168 10,
766 4094 868 4154 ⁷11.
969 4094 1018 4131 ⁷⁴
1057 4097 1201 4152 Gen.
1253 4112 1293 4163 ι,
1327 4097 1380 4163 5,

358 4190 570 4241 Lxxvn,
603 4175 656 4229 l.

361 4299 637 4359 informis
667 4296 825 4353 vocis
849 4293 1226 4370 τατροφώτου,
1259 4291 1523 4370 φρομ),
1571 4296 1631 4346 et
1658 4290 2013 4370 Coisl.__sub-

364 4371 687 4443 stituimus,
718 4363 1249 4443 προφώτὸυίῳωω
1288 4363 1541 4443 librarii,
1574 4363 2009 4443 compendiosa)

359 4449 515 4501 notae
545 4434 681 4512 πρό,
707 4434 853 4496 νῶθ’
885 4434 1107 4512 πατρός
1134 4436 1379 4512 assueti,
1413 4434 1907 4512 deformaverunt.
1940 4435 2008 4488 In

362 4513 550 4586 Coisl._
573 4506 628 4579 2,
661 4506 755 4586 est
781 4506 1076 4586 προφώτου
1107 4524 1243 4563 cum
1273 4506 1652 4586 abbreviante
1677 4511 1838 4586 nota.
1973 4575 1983 4586 .

431 4581 1029 4656 (1))ΔσωμάτωνςΕει,
1068 4597 1216 4656 vox,_
1250 4584 1491 4656 propter
1533 4581 2011 4656 superius‘posi-

361 4647 839 4727 tam'a’wwpirouq
872 4647 1129 4727 δυνάμεις
1163 4647 1337 4723 plane
1362 4647 1741 4717 redundans,
1786 4647 1957 4703 abest
1983 4663 2017 4702 a

364 4728 533 4783 codd.
569 4725 735 4783 Golb.
769 4732 827 4781 et
858 4725 1020 4781 Bodl.

433 4803 509 4870 (2)
538 4797 639 4850 Τὸν
665 4797 968 4870 ὁρώμενον,
1022 4799 1134 4850 etc.
1196 4791 1397 4859 Coisl.,
1437 4791 1545 4843 τῶν
1576 4788 1893 4864 ὁρωμένων,
1923 4786 2014 4841 καὶ

369 4873 477 4924 τῶν
510 4873 847 4941 νοουμένων,

437 4941 518 5013 (3)
548 4931 907 5013 Ἐκ’τελείὸυ.
940 4941 1199 5010 Ρτεοροε.
1227 4932 1287 4990 ἐκ
1307 4933 1497 5007 adjeci
1529 4949 1599 4988 ex
1629 4931 1798 4988 codd.
1831 4931 2018 5001 Colb.,

372 5012 535 5069 Bedl.
574 5017 635 5067 et
662 5012 848 5069 Silan.

439 5086 519 5173 (4)
545 5082 636 5143 Ὠς
692 5082 873 5173 Θεὸς.)
898 5083 1057 5173 Ηωοι
1090 5078 1355 5173 vei-beast
1383 5092 1520 5173 mox
1569 5074 2019 5173 equiseque’lntia:

367 5145 783 5233 ῥςξᾷνθρωπος,
842 5154 1061 5233 desunt
1110 5150 1173 5204 in
1221 5148 1506 5233 Sifap.‘et
1534 5146 1706 5233 codd.
1754 5145 1932 5233 ‘Bodl.
1966 5151 2026 5233 et

368 5216 825 5298 Colbfquorum
873 5229 1210 5297 postremus
1267 5219 1446 5275 habet
1498 5217 1561 5271 τὸ
1618 5216 1696 5283 δέ,
1754 5217 1883 5272 loco
1933 5216 2024 5269 καί

370 5304 509 5354 ante
540 5302 707 5351 κάτω.

438 5369 548 5457 (⁵).
572 5366 824 5457 aeau-
850 5437 861 5455 .
883 5358 1567 5457 CoLb-z-_.T¥A“P°°algia
1583 5356 2025 5457 βοεξκἷῆθὲβέ

1343 5428 1619 5504 κηρύττω,
1680 5431 1879 5496 habet,
1908 5428 1968 5483 ’ὸν
1997 5428 2025 5483 6

370 5504 602 5584 Συμεὼν
745 5504 1016 5584 κηρύττει.
1055 5504 1129 5584 ,ιι
1158 5504 1529 5584 praeferenda
1557 5504 1733 5584 lectio
1766 5508 2024 5584 recepta,

368 5585 431 5640 in
454 5572 576 5655 qua
609 5572 870 5657 Symeon
905 5572 1223 5657 continuat
1254 5575 1584 5657 orationem
1608 5576 1743 5657 janr
1763 5592 1797 5657 a
1827 5572 2025 5657 me_di'o

372 5641 626 5728 numero
651 5641 1051 5728 "praecedenti
1107 5649 1447 5728 inchoatam
1499 5641 1842 5728 hislverbis,
1874 5641 2029 5728 οὗτός

371 5432 555 5515 ἐγὼ’ό
581 5432 675 5502 σὸς
734 5432 907 5515 ἱέρεὸς
969 5432 1196 5515 Συμεὼν
1232 5432 1292 5515 ξ.τ

1649 4020 1695 4056 ⁸ο
1722 4020 1938 4089 Jobix,
1992 4023 2046 4076 8.
2122 4018 2166 4055 ⁷¹
2232 4018 2337 4074 Job
2400 4034 2635 4081 xxxvm,
2704 4020 2756 4072 9.

1507 4092 1555 4127 ⁷⁵
1613 4094 1753 4148 Gen.
1825 4109 1888 4163 ιι,
1942 4096 2019 4147 7.·
2096 4089 2146 4126 ⁷⁸
2198 4089 2455 4161 Philipp.
2488 4105 2552 4159 ιι,
2611 4092 2664 4156 6,
2723 4092 2775 4145 7.

1812 3088 1996 3162 ἄκουε,
2034 3099 2075 3166 ρ
2182 3096 2274 3152 XI.
2320 3096 2528 3151 Audite
2578 3096 2715 3161 haec,
2770 3111 2950 3150 omnes
2986 3095 3275 3166 gentes":
3331 3095 3492 3164 audi,
3520 3094 3751 3153 Israel:

2114 3186 2399 3241 Dominus
2430 3186 2583 3240 Deus
2605 3190 2763 3254 tuus,
2805 3184 2903 3239 hic
2932 3189 3023 3240 est
3052 3200 3231 3256 quem
3259 3188 3397 3239 tuus
3426 3200 3531 3258 ego
3561 3202 3757 3241 sacer-

2113 3274 2220 3330 dos
2245 3275 2498 3346 Symeon
2520 3275 2583 3329 in
2613 3273 2773 3329 ulnis
2808 3279 3067 3345 gestans,
3098 3272 3388 3345 populum
3419 3274 3481 3328 in
3533 3275 3756 3346 templo

2114 3369 2473 3430 contestans,
2507 3378 2723 3435 magna
2746 3378 2890 3417 voce
2919 3361 3199 3433 praedico.
3245 3360 3471 3417 Idcirco
3512 3365 3756 3435 attende,

2105 3454 2313 3523 popula
2339 3467 2507 3519 meus,
2538 3467 2838 3507 sermonem
2868 3467 3043 3506 meum
3081 3468 3094 3505 :
3128 3450 3394 3506 inclinate
3444 3469 3632 3508 aurem
3662 3470 3757 3509 ve-

2108 3548 2279 3597 stram
2308 3544 2370 3596 in
2397 3542 2563 3595 verba
2591 3542 2702 3595 oris
2729 3542 2837 3594 mei
2862 3537 2929 3594 7".
2964 3538 3197 3611 Hicille
3224 3555 3375 3610 puer
3403 3545 3512 3608 est,
3535 3540 3609 3597 de
3638 3559 3756 3614 quo

2109 3630 2291 3685 Isaias
2320 3629 2735 3700 praanuntiavit
2765 3627 3008 3683 dicens:
3042 3629 3187 3681 Puer
3230 3634 3396 3682 natus
3442 3635 3521 3683 est
3576 3633 3753 3701 nobis,

2108 3718 2257 3789 ﬁlius
2286 3724 2339 3771 et
2367 3718 2529 3772 datus
2549 3723 2624 3771 est
2654 3716 2810 3771 nobis
2835 3732 2848 3769 :
2879 3721 2932 3770 et
2982 3721 3211 3770 vocatur
3235 3732 3432 3771 nomen
3482 3718 3600 3786 ejus
3629 3735 3750 3773 ma-

2109 3808 2206 3877 gni
2236 3804 2453 3861 consilii
2481 3805 2695 3876 (Patris
2726 3803 3000 3858 videlicet
3048 3803 3305 3874 consilii)
3351 3805 3614 3873 angelus;
3646 3807 3745 3860 ad-

2107 3893 2403 3961 mirabilis,
2440 3892 2815 3960 consiliarius,
2862 3893 2999 3947 Deus
3026 3893 3213 3961 fortis,
3237 3897 3567 3962 potestatem
3596 3909 3760 3949 exer-

2832 4015 2883 4051 ⁷²
2946 4016 3101 4072 Psal.
3171 4032 3375 4082 cxxxv,
3429 4018 3480 4071 6.
3557 4016 3606 4053 ⁷³
3656 4016 3760 4072 Job

2877 4089 2920 4123 ⁷⁷
2950 4087 3106 4144 Psal.
3153 4104 3344 4155 xum,
3376 4090 3428 4144 2.
3533 4086 3581 4122 ⁷⁸
3606 4089 3761 4144 Psal.

2121 4287 2488 4351 emendator,
2522 4300 2597 4341 ne
2629 4284 2905 4357 Symeoni
2956 4283 3084 4357 seni
3144 4283 3457 4357 sacerdotii
3516 4284 3771 4357 dignitas

2118 4359 2501 4437 tribueretur.
2535 4355 2696 4437 lI_anc
2718 4374 2853 4437 vero
2872 4355 3199 4437 multorum
3215 4355 3563 4437 opinionem
3583 4355 3770 4437 fuisse

2119 4431 2286 4487 testis
2313 4436 2402 4485 est
2422 4428 2667 4483 Photius
2689 4428 2790 4499 qui
2814 4428 2875 4482 in
2898 4426 3307 4499 Amphilochis
3332 4428 3768 4499 quastionibus

2122 4445 2286 4487 testis
2313 4445 2402 4485 εει
2422 4445 2667 4483 νοοιιιιε
2689 4445 2790 4499 qui
2814 4445 2875 4482 1n
2898 4445 3004 4482 Am
3056 4445 3307 4481 nuocms
3376 4445 3768 4483 umsuonlnus

2122 4520 2293 4572 mss.,
2320 4505 2525 4572 quaest.
2546 4502 2685 4572 .186,
2710 4516 2842 4572 eam
2860 4445 3079 4572 refellit
3107 4497 3272 4552 aiens
3299 4445 3460 4572 ξῖδῦκ
3486 4497 3553 4566 ἦν
3596 4498 3773 4571 ἱερεὺς

2121 4566 2372 4644 Συμεὼν,
2399 4570 2507 4624 τὼν
2542 4566 2600 4623 δὲ
2646 4566 2835 4644 ξερέων
2864 4572 2985 4631 ταῖς
3015 4569 3226 4642 ἀρεταῖς
3260 4567 3445 4644 πολλὰ
3476 4566 3765 4644 προεῖχεν·

2118 4642 2240 4703 Non
2298 4650 2417 4698 erat
2473 4642 2723 4698 sacerdos
2798 4643 3052 4710 Symeon.
3128 4643 3344 4696 tametsi
3399 4642 3771 4697 sacerdotibus

2119 4720 2391 4772 virtutum
2448 4715 2642 4768 merito
2695 4714 2870 4768 multo
2914 4712 3303 4783 praecelleret.
3356 4712 3603 4768 Proclus
3660 4713 3770 4767 ΟΡ.

2122 4792 2269 4844 orat.
2300 4802 2353 4840 ιν
2381 4787 2458 4840 im
2480 4788 2608 4841 Nat.
2643 4786 2795 4839 Dom.
2856 4782 3116 4838 Gombef.
3178 4786 3343 4839 Auct.
3378 4787 3422 4850 Ι,
3481 4799 3612 4855 pag.
3646 4784 3772 4851 337,

2120 4867 2492 4931 Symeonem
2510 4855 2886 4931 sacerdotum
2916 4870 3167 4931 nurnero
3198 4854 3497 4931 accenset,
3516 4854 3658 4931 dum
3679 4855 3775 4925 ju-

2122 4925 2225 4986 bet
2252 4934 2319 4984 ut
2350 4927 2633 4982 mulieres
2672 4927 2958 4982 Martham
2989 4927 3262 4988 oll‘erant,
3296 4925 3482 4981 viduae
3517 4928 3775 4993 Annam,

2125 5000 2359 5056 steriles
2388 4997 2767 5071 Elizabetam,
2814 4999 3070 5071 virgines
3128 4996 3391 5071 Mariam,
3438 4996 3779 5071 sacerdotes

2125 5073 2479 5144 Symeouem
2508 5067 2604 5144 :01
2654 5067 2938 5144 ἱερεῖςᾲτὸῖδ
2974 5070 3259 5144 ξυμεῶνα.
3311 5069 3438 5144 Non
3470 5068 3780 5144 absimilis

2126 5138 2216 5198 est
2237 5144 2363 5197 haec
2386 5138 2636 5195 homilia
2658 5138 2809 5213 stylo
2827 5138 3156 5195 Proclianis
3176 5156 3191 5204 ;
3211 5138 3784 5213 pseudo-Damasce-

2125 5231 2239 5269 nus
2273 5227 2510 5284 quoque
2541 5218 2688 5284 orat.
2718 5211 2761 5284 ii
2790 5213 3240 5284 in_Annunti_at.,
3283 5216 3426 5266 tom.
3461 5211 3530 5267 ll.
3563 5229 3622 5284 p.
3655 5212 3782 5280 837,

2126 5287 2210 5342 ait
2234 5302 2246 5339 :
2274 5280 2335 5339 Ὀ
2364 5280 2712 5353 πόλιᾼοφανὴς
2745 5280 2920 5353 ἱερεὺς
2954 5281 3209 5353 Συμεών.

2303 5336 2438 5438 -Τὸχ
2472 5336 2679 5438 λόγον’
2701 5336 2851 5438 μού,
2893 5336 3104 5438 Regius
3126 5336 3361 5438 ἓῇἰτοῖς
3382 5422 3396 5438 ι
3419 5350 3615 5438 λόγοις
3650 5372 3781 5425 μου.

2129 5421 2332 5497 Coisl.,
2361 5428 2442 5494 τῷ
2472 5421 2627 5497 λόγῳ
2661 5421 2786 5495 μου.
2811 5426 2949 5497 Reg.
2976 5421 3005 5479 Ῑ
3037 5431 3097 5480 et
3123 5424 3311 5493 Colb.,
3343 5422 3435 5478 τὸν
3468 5421 3660 5497 νόμονί
3681 5443 3787 5494 μου

2127 5502 2235 5588 τῷν
2269 5495 2478 5622 λὲόγων,
2511 5495 2684 5565 legem
2739 5495 2919 5551 meam
2962 5497 3271 5553 verborum.
3306 5498 3411 5552 Est
3440 5497 3503 5552 in
3536 5495 3788 5568 psalmo,

2131 5590 2220 5622 τον
2254 5591 2280 5621 ν
2324 5587 2423 5622 μον
2462 5586 2590 5622 μου.

2131 5570 2220 5625 τὸν
2254 5570 2423 5625 νόμον
2462 5586 2590 5625 μου.

2205 5591 2220 5622 ι
2254 5587 2423 5638 νομον
2462 5587 2590 5638 μου.

2205 5643 2279 5713 (7)
2308 5645 2416 5708 Τῆς
2447 5641 2546 5693 τοῦ
2610 5635 2841 5713 Πατρός.
2897 5639 2979 5713 Ea
3007 5638 3207 5703 verba,
3262 5637 3579 5713 Scriptura
3632 5636 3793 5713 voci-

369 5706 952 5797 ῑσὲἱῐξὲὶεῖὸὲἑεέέά
968 5722 1170 5780 forsan
1200 5719 1385 5776 voluit
1428 5718 1520 5775 vel
1577 5706 1878 5786 librarius,
1933 5716 2029 5773 vel
2134 5706 2695 5771 bus'commentarii
2719 5706 2841 5768 vice
2868 5710 2941 5767 ab
2963 5715 3206 5768 auctore
3227 5706 3468 5777 attexta,
3498 5706 3795 5765 desuntin
