4128 6268
379 322 536 382 1205
1714 329 2009 392 ΒΡΠΗΙΙἘ

2168 328 2470 391 18ΤΟΙΛΕ
3640 323 3795 383 1206

384 505 3794 553 mem

1850 689 2332 783 SPUBIz‘E

1101 916 1164 974 S.
1199 917 1516 978 (ZYRILLI
1549 919 2272 979 HIEItOSOLYMlTANl
2306 920 2414 978 AD
2442 917 2731 978 JULIUM
2767 915 3060 985 PAPAM,

1478 1109 1575 1161 ET
1591 1108 1772 1162 JULII
1810 1107 1910 1161 AD
1947 1106 2312 1163 CYRILLUM
2346 1107 2686 1160 LITTERE.

1619 1485 1772 1540 ³⁸⁸
1824 1485 2554 1579 ADMONITIO.

458 1717 502 1775 Ι.
537 1716 608 1775 1η
641 1714 740 1774 his
771 1715 1050 1793 epistalis
1083 1716 1401 1778 inducitur
1431 1717 1698 1796 Cyrillus
1728 1717 2355 1796 Hierosolymitanus,
2390 1718 2506 1788 vel,
2547 1718 2888 1777 secundum
2922 1717 3090 1777 aliud
3125 1715 3466 1793 exemplar,
3511 1719 3779 1780 Juvena-

377 1795 454 1855 lis
485 1796 620 1873 ejus
648 1814 1077 1876 successorum
1114 1818 1295 1871 unus,
1331 1795 1560 1875 rogans
1591 1818 1627 1857 a
1655 1799 1820 1858 Julio
1867 1795 2167 1876 Romano,
2207 1807 2274 1858 ut
2320 1800 2381 1857 in
2415 1798 2882 1857 commentariis
2917 1799 3305 1866 Judaeorum,
3343 1799 3600 1857 Romam
3636 1819 3749 1876 pos

377 1875 952 1954 Hierosolymorum
1009 1880 1318 1938 excidium
1354 1881 1720 1957 deportatis,
1755 1880 1829 1939 de
1863 1898 2009 1938 vero
2064 1875 2289 1938 natalis
2321 1879 2545 1938 Christi
2595 1879 2693 1937 die
2724 1879 3037 1957 inquirat:
3075 1896 3214 1936 cum
3249 1877 3413 1936 enim
3447 1875 3780 1940 hunc’Hie-

374 1957 822 2034 rosolymitana
862 1958 1133 2018 Ecclesia
1164 1959 1262 2018 die
1293 1960 1576 2019 Januarii
1609 1967 1806 2031 sexta,
1839 1980 1960 2020 una
1994 1978 2132 2018 cum
2170 1960 2464 2037 baptismi
2514 1960 2738 2018 Christi
2774 1962 2930 2018 festo
2988 1958 3351 2027 celebraret,
3391 1960 3658 2020 maxime
3691 1960 3778 2019 in-

373 2037 775 2118 commodum
812 2037 1107 2115 episcopo
1141 2050 1298 2110 erat,
1333 2041 1551 2099 eadem
1612 2040 1710 2100 die
1744 2042 1820 2098 ad
1880 2039 2248 2099 Bcthlebem
2283 2046 2344 2099 et
2376 2040 2454 2098 ad
2512 2042 2851 2099 Jordanem
2899 2056 3250 2118 occurri-re,
3287 2047 3348 2097 ut
3384 2046 3650 2118 utraque
3680 2050 3780 2101 sot

375 2118 664 2176 lemnitas
693 2117 754 2176 in
791 2119 1059 2196 prepriis
1092 2138 1306 2179 eorum
1347 2120 1786 2197 mysteriorum
1844 2121 1993 2178 locis
2026 2127 2468 2196 perageretur;
2505 2119 2916 2196 quamobrem
2978 2117 3274 2178 lectiones
3305 2117 3632 2191 sacras,iet
3663 2139 3775 2181 caa-

376 2203 510 2277 tera
539 2197 700 2256 sacri
734 2206 1076 2258 conventus
1107 2201 1312 2260 officia
1345 2201 1706 2260 detruncari
1739 2208 1799 2260 et
1831 2200 2097 2260 breviari
2130 2219 2379 2259 necesse
2411 2207 2565 2259 erat.
2604 2200 3016 2277 Respondisse
3048 2217 3195 2258 vero
3226 2199 3452 2258 dicitur
3480 2200 3680 2260 Julius
3711 2221 3775 2262 se

367 2275 428 2336 in
467 2279 743 2355 prastatis
776 2283 1243 2360 commentariis
1277 2281 1765 2358 deprehendisse
1809 2281 2124 2340 Christum
2175 2280 2251 2339 25
2286 2281 2640 2340 Decembris
2697 2275 2912 2340 natum
2946 2298 3118 2353 esse;
3154 2280 3564 2357 quamobrem
3597 2300 3774 2360 sepa-

370 2360 602 2417 randas
645 2376 776 2418 esse
807 2359 1171 2420 festivitates
1203 2381 1276 2421 ex
1309 2381 1516 2421 errore
1553 2361 1712 2420 male
1743 2360 2134 2439 conjunctas.

446 2440 520 2498 ll.
557 2439 762 2519 Hujus
795 2440 938 2498 facti
972 2440 1123 2500 fides
1169 2462 1245 2502 ex
1279 2442 1518 2519 duplici
1553 2448 1961 2500 monumento
1993 2440 2338 2518 dependet:
2381 2443 2437 2499 l°
2468 2459 2543 2499 ex
2576 2440 2952 2500 auctoritate
2978 2439 3242 2500 Joannis
3274 2439 3507 2499 Niczeni
3537 2441 3770 2516 episco-

369 2517 433 2595 pi
463 2519 553 2597 (in
583 2518 810 2579 saeculo
845 2519 1086 2579 decimo
1118 2523 1211 2580 vel
1248 2517 1578 2582 undecimo
1620 2523 1953 2581 inchoante
1987 2517 2188 2599 vixit),
2241 2520 2348 2598 qui
2401 2520 2621 2580 harum
2658 2521 3003 2580 litterarum
3039 2521 3100 2580 in
3136 2520 3451 2599 epitomen
3484 2521 3768 2580 redacta-

370 2615 508 2656 rum
548 2599 924 2681 mentionem
959 2601 1125 2669 facit,
1163 2603 1220 2661 in
1256 2604 1521 2681 epistola
1552 2602 1629 2662 ad
1663 2598 2329 2681 Zachariumimajoris
2359 2601 2672 2681 Armeniae
2706 2601 3109 2672 catholicum,
3146 2601 3214 2659 (le
3259 2598 3499 2681 Christi
3542 2601 3766 2681 nativi-

374 2686 509 2748 ταῖς,
545 2679 713 2738 edita
749 2698 784 2737 a
815 2682 1184 2742 Combetisio
1249 2679 1399 2742 tom.
1435 2685 1486 2744 II
1534 2681 1867 2745 Aucluarz'z'
1922 2680 2294 2742 Bibliotheca;
2355 2682 2601 2741 Patrum
2636 2680 3100 2752 Graeco-Latini,
3162 2699 3306 2759 pag.
3342 2679 3482 2751 302,
3519 2699 3591 2740 ex
3625 2680 3765 2740 cod.

369 2759 565 2835 Regio
624 2759 772 2818 olim
833 2759 966 2834 696,
1025 2781 1187 2822 nunc
1218 2764 1376 2822 2428
1430 2771 1668 2833 notato,
1706 2763 1853 2821 folio
1921 2767 2067 2833 M9;
2102 2762 2169 2820 2°
2201 2763 2417 2822 eadem
2453 2781 2550 2822 res
2608 2763 2963 2822 continetur
2993 2761 3055 2820 in
3107 2761 3406 2839 anonymi
3438 2760 3767 2836 cujusdam

365 2839 619 2917 scripto,
657 2839 754 2898 cui
789 2839 1006 2899 titulus
1039 2840 1642 2918 ’Avayxaia_3wjynotc,
1678 2841 1995 2902 Necessarll

2135 2848 2365 2911 :rratio,
2399 2843 2675 2918 ejusdem
2712 2843 2940 2901 codicis
2977 2843 3083 2900 fol.
3131 2841 3284 2901 12οε
3327 2840 3495 2916 quod
3528 2840 3765 2900 editum

362 2924 456 3000 est
486 2915 522 2978 a
555 2920 863 2979 Cotelerio
898 2921 957 2978 in
995 2917 1156 3000 notis
1187 2916 1264 2974 ad
1301 2915 1774 3000 Coasti'tiapost”
1809 2923 1918 2981 lib.
1954 2941 2018 2998 γ,
2051 2940 2188 3000 cap.
2230 2927 2322 2983 13.
2360 2915 2653 2981 Nonnihil
2688 2922 2849 2980 inter
2880 2922 3100 2980 ambos
3130 2915 3420 2980 auctores
3450 2921 3768 2980 disconve-

361 2998 490 3070 nit;
528 3000 636 3059 sed
666 3001 820 3059 illud
885 2997 1424 3080 ρι’ξρείρυβηίιυρά
1486 2997 1771 3060 Nicaenus
1803 2997 2145 3080 Cyrillum,—
2187 3020 2541 3079 anonymus
2599 3002 2965 3061 Juvenalcm
3000 3002 3077 3060 ad
3135 3000 3369 3060 Julium
3406 3000 3765 3076 pontificem

363 3080 680 3158 scripsis=e
713 3076 951 3140 dicunt.
989 3076 1110 3159 Sed
1143 3077 1403 3159 ridicula
1439 3083 1738 3159 anonymi
1777 3076 2210 3152 halluciuatio,
2246 3076 2612 3142 Juvenalem
2647 3083 2726 3158 qd
2759 3081 3020 3153 Julium,
3056 3087 3302 3140 centum
3347 3098 3544 3159 prope
3573 3099 3770 3141 annos

365 3167 508 3219 ante
540 3161 930 3231 defunctum,
967 3158 1284 3233 scripsisse
1343 3158 1776 3235 supponentis.
1824 3163 2038 3222 Nihilo
2097 3163 2318 3222 melior
2347 3163 2772 3237 cbronologus
2804 3165 3078 3221 Joannes
3137 3158 3594 3238 Nicaenus,iqui
3643 3180 3767 3222 non

362 3239 663 3317 Cyrillum
699 3247 1006 3310 nostrum,
1042 3239 1147 3297 sed
1180 3238 1446 3320 alterum
1477 3243 1914 3317 cognominem
1940 3243 2074 3320 ejus
2105 3261 2523 3302 successorem
2557 3242 2725 3302 Julio
2771 3243 3091 3320 scripsisse
3143 3241 3350 3300 refert.
3386 3241 3644 3318 Legitur
3675 3260 3764 3301 re-

363 3340 504 3383 vere
537 3321 703 3399 apud
727 3317 1430 3399 Epiphanium,haares.
1468 3336 1621 3392 LXVI,
1657 3343 1828 3382 num.
1867 3317 1987 3395 28,—
2017 3323 2313 3399 Cyrillum
2349 3323 2615 3382 alterum
2650 3341 2686 3381 a
2735 3317 2950 3382 nostro
3000 3322 3336 3391 diversum,
3374 3317 3581 3380 sedem
3616 3322 3760 3381 Hie-

361 3398 876 3481 rosolymitanam
911 3398 1306 3481 temporibus
1327 3399 1626 3480 Valentis,
1657 3422 1797 3463 cum
1832 3398 2420 3474 noster’exsularet,
2471 3421 2831 3480 occupasse.
2865 3404 3118 3473 Verum,
3167 3401 3406 3462 etiarnsi
3456 3403 3615 3462 duos
3645 3404 3762 3480 Cy-

363 3479 544 3544 rillos
561 3483 859 3559 distingui
891 3485 1230 3562 oporteret,
1265 3479 1314 3537 si
1345 3481 1482 3558 quis
1513 3500 1730 3542 eorum
1764 3485 1838 3544 ad
1874 3484 2108 3544 Julium
2133 3485 2406 3562 scripsit,
2440 3485 2601 3542 alius
2632 3479 2858 3561 praeter
2888 3489 3166 3542 nostrum
3203 3502 3332 3542 esse
3365 3500 3486 3541 non
3525 3479 3756 3561 potuit;

366 3564 544 3640 cujus
574 3563 974 3639 episcopatus
1005 3561 1351 3642 initiaicum
1388 3563 1716 3636 postremis
1746 3564 1894 3623 Julii
1945 3565 2347 3642 pontiﬁcatus
2403 3564 2582 3622 annis
2629 3571 3031 3624 concurrunt.
3082 3563 3188 3623 Ille
3220 3569 3430 3623 autem
3461 3564 3620 3623 alter
3649 3565 3758 3638 Cy~

365 3645 542 3704 rillus
573 3644 742 3702 Julio
778 3661 1030 3720 prorsus
1061 3641 1330 3722 scribere
1365 3659 1485 3699 non
1530 3643 1755 3719 potuit,
1799 3641 1956 3702 cum,
1991 3644 2191 3706 Julius
2223 3663 2369 3703 ann.
2420 3644 2536 3703 352
2567 3644 2898 3704 defunctus
2928 3645 3027 3714 sit,
3063 3649 3272 3702 noster
3314 3650 3522 3703 autem
3557 3643 3755 3722 Cyril-

365 3726 464 3784 lus
495 3742 662 3783 anno
697 3721 1071 3801 praecedenti
1107 3721 1444 3802 episcopus
1474 3722 1693 3794 factus,
1729 3724 1974 3783 nonnisi
2008 3731 2142 3802 post
2178 3743 2376 3784 annos
2416 3743 2520 3783 sex
2554 3724 2696 3783 sede
2728 3725 3096 3784 deturbatus
3126 3724 3520 3784 invasoribus
3550 3721 3754 3784 loreum

364 3806 598 3874 fecerit,
629 3810 700 3862 ut
731 3805 1014 3862 omittam
1052 3801 1350 3877 Cyrillum
1393 3801 1684 3871 alterum,
1720 3804 1770 3862 si
1803 3805 1942 3881 quis
1975 3801 2106 3873 fait,
2160 3804 2539 3864 Arianorum
2574 3806 2891 3875 societate,
2927 3805 3281 3882 Epiphanio
3335 3810 3512 3875 teste,
3549 3821 3760 3863 macu-

365 3886 583 3954 latum,
625 3884 858 3942 nullam
893 3901 1031 3942 cum
1072 3881 1371 3942 Romanis
1404 3883 1804 3958 pontificibus
1837 3885 2200 3944 societatem
2235 3885 2525 3945 habuisse
2555 3886 2772 3945 videri.
2805 3881 3086 3946 Alterum
3112 3885 3332 3944 omitto
3353 3883 3588 3943 Nicaani
3621 3902 3760 3962 pec-

362 3972 595 4037 catum,
631 3965 798 4042 quod
834 3963 1231 4043 librariorum
1267 3962 1426 4020 forte
1458 3970 1734 4022 erratum
1772 3965 1869 4034 sit,
1906 3966 2074 4042 quod
2108 3965 2408 4042 Cyrillum
2445 3966 2716 4042 priorem
2744 3965 3152 4026 Constantino
3183 3963 3504 4043 scripsisse
3533 3965 3752 4036 refert;

360 4046 597 4106 indicat
627 4045 794 4104 enim
827 4043 1156 4121 epistolam
1190 4042 1266 4100 de
1300 4043 1502 4102 crucis
1533 4045 1926 4122 apparitione
1958 4045 2036 4104 ad
2069 4047 2498 4106 Constantium
2533 4047 2769 4106 datam.

441 4128 544 4187 lIl.
579 4128 726 4186 Haec
760 4126 1103 4203 primorum
1137 4122 1325 4204 hujus
1358 4122 1635 4184 historias
1665 4131 1994 4185 auctorum
2026 4127 2464 4200 contradictio,
2501 4134 2562 4186 et
2592 4127 2923 4186 manifesta
2953 4125 3180 4204 quibus
3218 4130 3514 4184 tenentur
3545 4142 3758 4204 pecca-

361 4213 446 4275 ta,
483 4206 669 4266 ﬁdem
703 4202 838 4283 ejus
868 4204 1125 4286 omnino
1152 4202 1557 4286 labefactant.
1593 4206 1907 4286 Quaeritur
1937 4212 2168 4279 tamen,
2207 4227 2354 4268 num
2390 4207 2524 4266 haec
2552 4227 2804 4286 prorsus
2832 4208 2895 4266 in
2927 4202 3305 4266 Graecanicis
3335 4202 3563 4266 fabulis
3594 4223 3758 4264 com-

361 4288 664 4365 putanda,
700 4282 778 4346 an
812 4285 939 4345 veri
972 4283 1207 4365 aliquid
1226 4282 1404 4365 insit,
1445 4285 1861 4346 recentiorum
1897 4289 2252 4347 Graecorum
2289 4282 2783 4347 anachrnnismis
2833 4293 2892 4346 et
2925 4287 3249 4346 nominum
3301 4286 3755 4346 mutationibus

363 4363 726 4446 corruptum
749 4368 778 4425 ?
807 4371 895 4426 A3
928 4371 1057 4425 tota
1093 4363 1341 4446 quidem
1393 4383 1463 4422 ea
1499 4365 1574 4424 de
1625 4385 1688 4425 re
1723 4386 1861 4426 mea
1912 4367 2068 4427 ratio
2100 4368 2161 4426 in
2213 4367 2310 4427 his
2342 4368 2645 4427 consistit.
2677 4370 2928 4428 Certum
2983 4367 3230 4426 videtur
3259 4367 3560 4445 Cyrillum
3592 4385 3752 4446 nun-

361 4443 656 4524 quam—ea
688 4448 764 4508 de
797 4447 1143 4523 quaestione
1171 4443 1405 4504 Julium
1454 4448 1861 4519 consuluisse,
1901 4466 2010 4506 nec
2058 4447 2615 4525 Theophamorum
2649 4467 2720 4508 ac
2757 4447 3083 4506 Luminum
3139 4443 3502 4507 festivitates
3531 4445 3754 4506 diebus

362 4529 746 4589 distraxisse.
781 4531 937 4588 Nam
970 4533 1191 4586 auctor
1249 4525 1484 4606 Latinae
1515 4527 1793 4587 homiliae
1850 4527 1919 4587 de
1951 4524 2282 4587 Nativz'tate
2309 4528 2560 4589 Domini
2583 4530 2661 4588 ad
2721 4547 2860 4606 cap.
2896 4545 2942 4588 ιι
2974 4531 3183 4598 Lucae,
3220 4547 3360 4606 quas
3419 4529 3481 4587 in
3515 4526 3755 4587 Latinis

360 4609 560 4687 sancti
588 4608 1014 4687 Cbrysostomi
1047 4604 1425 4667 editionibus
1454 4607 1786 4683 reperitur,
1821 4607 1977 4668 festa
2006 4608 2142 4667 haec
2173 4609 2360 4668 ambo
2391 4609 2778 4687 sejungenda
2802 4604 3120 4686 pugnans,
3154 4604 3371 4685 objicit
3393 4608 3511 4668 sibi
3541 4608 3758 4667 Orien-

362 4686 581 4746 talium
615 4686 853 4759 eorum,
890 4688 1055 4765 apud
1089 4704 1247 4764 quos
1280 4687 1572 4763 mysteria
1603 4694 1852 4762 peracta
1883 4694 2083 4760 erant,
2121 4689 2556 4749 auctoritatem
2591 4686 2663 4749 ac
2691 4689 3118 4749 traditionem.
3165 4689 3277 4747 lllo
3326 4707 3475 4765 ergo
3507 4693 3753 4764 tempo-

364 4785 451 4834 re,
482 4786 705 4846 nempe
739 4769 966 4828 saeculo
1000 4773 1244 4847 quarto,
1280 4766 1376 4825 vel
1430 4768 1630 4843 quinti
1671 4769 1883 4838 initiis,
1938 4770 2507 4847 Hierosolymitana
2565 4770 2838 4829 Ecclesia
2870 4769 3265 4829 Nativitatem
3329 4768 3556 4827 Christi
3588 4767 3688 4826 die
3719 4767 3756 4824 6

360 4848 643 4907 Januarii
673 4849 1069 4918 celebrabat;
1107 4846 1282 4923 cujus
1313 4848 1752 4908 auctoritatem
1790 4868 2040 4926 prorsus
2071 4846 2510 4926 negligendam
2540 4850 2860 4910 contendit
2907 4848 3198 4908 laudatus
3246 4855 3486 4908 auctor.
3521 4850 3753 4907 Praete-

363 4946 469 4987 rea
501 4929 763 4988 Basilius
795 4928 1205 5008 Seleuciensis
1251 4926 1312 5008 in
1346 4927 1708 4989 laudatione
1740 4931 1816 4988 de
1863 4935 2080 4988 sancto
2129 4931 2472 5008 Stephano,
2508 4950 2647 5008 quae
2669 4930 2926 4990 seorsim
2977 4930 3056 4988 ab
3088 4928 3224 5003 ejus
3254 4930 3558 5007 Operibus
3587 4928 3758 4988 edita

363 5015 456 5067 est
487 5027 523 5066 a
552 5008 924 5069 Combeﬁsio
954 5007 1015 5065 in
1051 5005 1425 5086 Bibliotheca
1455 5011 1919 5078 concz'nnalorz'a,
1950 5005 2314 5070 Juvenalem
2345 5005 2631 5080 laudans,
2667 5011 2753 5070 ait
2784 5028 2924 5069 eum
2951 5009 3274 5086 gloriosum
3303 5005 3376 5070 ac
3429 5010 3755 5070 salutarem

362 5087 614 5149 Domini
647 5096 808 5149 310
841 5087 1121 5146 Natalem
1154 5084 1448 5167 celebrare
1479 5089 1752 5167 caspisse;
1787 5091 1954 5167 quod
1987 5091 2268 5165 intelligo
2299 5092 2376 5150 de
2406 5098 2694 5165 separata
2725 5111 2760 5150 a
2793 5084 2964 5149 festo
3004 5091 3307 5166 Baptismi
3365 5092 3601 5150 Natalis
3634 5093 3754 5150 fes-

360 5169 626 5230 tivitate.
660 5168 872 5229 Potuit
900 5167 1015 5250 iste
1047 5185 1118 5250 ea
1151 5166 1226 5224 de
1256 5166 1670 5250 reflomanos
1701 5166 2064 5229 consulere:
2102 5178 2209 5228 aut
2240 5173 2396 5229 forte
2429 5190 2502 5230 ex
2534 5173 2863 5230 occasione
2897 5173 3245 5229 novationis
3300 5171 3508 5250 hujus,
3544 5172 3687 5231 ficta
3719 5191 3756 5231 a

359 5251 587 5310 Graecis
617 5251 732 5311 sub
765 5247 1019 5328 nomine
1050 5245 1186 5328 ejus
1217 5246 1294 5328 ad
1324 5247 1559 5328 Julium
1592 5250 1877 5325 epistola,
1913 5268 2053 5326 quas
2085 5253 2162 5308 ah
2194 5251 2499 5328 imperitis
2520 5255 2707 5310 etiam
2745 5251 2977 5328 Cyrillo
3013 5251 3244 5310 tributa
3274 5252 3372 5311 sit.

443 5332 541 5391 ιν.
575 5333 637 5391 Si
669 5331 746 5390 ad
783 5349 878 5388 res
909 5328 972 5386 in
1009 5327 1102 5386 his
1134 5325 1414 5402 epistolis
1437 5335 1770 5409 contentas
1803 5325 2162 5390 veniamus:
2198 5325 2366 5408 quod
2399 5332 2476 5391 de
2505 5333 2738 5392 avectis
2773 5325 3054 5408 Romam,
3086 5332 3295 5409 ibique
3345 5332 3750 5406 conservatis,

358 5412 768 5471 Judaicarum
804 5426 1007 5468 rerum
1037 5407 1508 5467 commentariis
1537 5409 1786 5474 dicitur,
1819 5410 1952 5469 sola
1993 5407 2232 5470 earum,
2258 5411 2606 5473 litterarum
2639 5413 3010 5473 auctoritate
3039 5407 3293 5473 difficile
3345 5413 3530 5472 fidem
3581 5413 3754 5471 inve-

362 5491 516 5572 niat.
553 5493 714 5553 Illud
745 5507 997 5570 quoque
1025 5485 1281 5572 Josephi
1332 5506 1516 5566 opus,
1551 5508 1674 5566 quo
1711 5489 2056 5572 AZachariaa
2086 5490 2265 5561 visio,
2327 5493 2621 5572 factaque
2652 5493 2707 5554 ei
2737 5493 2816 5554 ab
2873 5493 3103 5571 angelo
3136 5495 3360 5554 futura
3394 5492 3586 5570 prolis
3620 5509 3758 5572 pro-

362 5571 572 5654 missio
604 5567 1024 5654 contineatur,
1083 5567 1298 5654 ﬁctum
1359 5587 1613 5648 prorsus
1668 5569 1863 5654 videri
1899 5578 2142 5654 potest;
2204 5589 2344 5632 cum
2387 5574 2449 5634 in
2506 5567 3202 5654 Antiqmlalum'libris,
3235 5567 3464 5654 quibus
3493 5567 3757 5654 Joannis

357 5651 655 5736 Baptista:
683 5652 983 5716 sanctitas
1015 5647 1343 5726 magniﬁce
1368 5647 1874 5730 commendatur,
1899 5647 2062 5712 'uihil
2091 5653 2401 5733 Josephus
2432 5655 2507 5716 de
2540 5647 2848 5735 promissa
2877 5674 2988 5735 per
3020 5647 3318 5716 visionem
3350 5653 3485 5729 ejus
3529 5649 3756 5707 nativi-
