  <div class='ocr_page' id='page_1' title='image "/cluster/home/n/w/nwhite01/storage/ocr_20150623/33/mdp.39015078384412/611.png"; bbox 0 0 4134 6268; ppageno 0'>
   <div class='ocr_carea' id='block_1_1' title="bbox 297 358 1978 429">
    <p class='ocr_par' dir='ltr' id='par_1_1' title="bbox 297 364 1978 429">
     <span class='ocr_line' id='line_1_1' title="bbox 297 364 1978 429; baseline -0.001 -3"><span class='ocrx_word' id='word_1_1' title='bbox 297 367 451 427; x_wconf 75' lang='grc'><strong>1207</strong></span> <span class='ocrx_word' id='word_1_2' title='bbox 1325 364 1721 429; x_wconf 83' lang='lat' dir='ltr'><strong>APPENDIX</strong></span> <span class='ocrx_word' id='word_1_3' title='bbox 1769 366 1872 426; x_wconf 85' lang='lat' dir='ltr'><strong>AD</strong></span> <span class='ocrx_word' id='word_1_4' title='bbox 1913 367 1978 426; x_wconf 82' lang='lat' dir='ltr'><strong>Ol</strong></span> 
     </span>
    </p>
   </div>
   <div class='ocr_carea' id='block_1_2' title="bbox 2089 358 3709 429">
    <p class='ocr_par' dir='ltr' id='par_1_2' title="bbox 2089 358 3709 422">
     <span class='ocr_line' id='line_1_2' title="bbox 2089 358 3709 422; baseline -0.002 0"><span class='ocrx_word' id='word_1_5' title='bbox 2089 363 2171 422; x_wconf 63' lang='grc' dir='ltr'><strong>ΗΑ</strong></span> <span class='ocrx_word' id='word_1_6' title='bbox 2217 364 2253 421; x_wconf 77' lang='lat' dir='ltr'>S</span> <span class='ocrx_word' id='word_1_7' title='bbox 2269 406 2282 420; x_wconf 93' lang='lat'><strong>.</strong></span> <span class='ocrx_word' id='word_1_8' title='bbox 2328 361 2663 422; x_wconf 80' lang='lat' dir='ltr'><strong>CYRILLI.</strong></span> <span class='ocrx_word' id='word_1_9' title='bbox 3545 358 3709 419; x_wconf 75' lang='grc'><strong>1208</strong></span> 
     </span>
    </p>
   </div>
   <div class='ocr_carea' id='block_1_3' title="bbox 298 489 3699 584">
    <p class='ocr_par' dir='ltr' id='par_1_3' title="bbox 298 489 3699 584">
     <span class='ocr_line' id='line_1_3' title="bbox 298 489 3699 584; baseline -0.002 -26"><span class='ocrx_word' id='word_1_10' title='bbox 298 501 430 558; x_wconf 84' lang='lat' dir='ltr'><strong>tate</strong></span> <span class='ocrx_word' id='word_1_11' title='bbox 457 495 875 584; x_wconf 58' lang='lat' dir='ltr'><strong>dicat._1}lias,</strong></span> <span class='ocrx_word' id='word_1_12' title='bbox 909 514 985 558; x_wconf 87' lang='lat' dir='ltr'><strong>ea</strong></span> <span class='ocrx_word' id='word_1_13' title='bbox 1007 497 1075 584; x_wconf 79' lang='lat' dir='ltr'><strong>in</strong></span> <span class='ocrx_word' id='word_1_14' title='bbox 1106 499 1264 584; x_wconf 69' lang='lat' dir='ltr'><strong>festo</strong></span> <span class='ocrx_word' id='word_1_15' title='bbox 1298 499 1681 584; x_wconf 66' lang='lat' dir='ltr'><strong>Expiationis</strong></span> <span class='ocrx_word' id='word_1_16' title='bbox 1712 497 2025 584; x_wconf 78' lang='lat' dir='ltr'><strong>apparitio</strong></span> <span class='ocrx_word' id='word_1_17' title='bbox 2053 495 2376 584; x_wconf 75' lang='lat' dir='ltr'><strong>supponit,</strong></span> <span class='ocrx_word' id='word_1_18' title='bbox 2411 495 2487 584; x_wconf 43' lang='lat' dir='ltr'><strong>il-</strong></span> <span class='ocrx_word' id='word_1_19' title='bbox 2505 492 2676 584; x_wconf 85' lang='lat' dir='ltr'><strong>quod</strong></span> <span class='ocrx_word' id='word_1_20' title='bbox 2704 492 2934 584; x_wconf 69' lang='lat' dir='ltr'><strong>falsum</strong></span> <span class='ocrx_word' id='word_1_21' title='bbox 2966 495 3082 584; x_wconf 70' lang='lat' dir='ltr'><strong>est,</strong></span> <span class='ocrx_word' id='word_1_22' title='bbox 3124 489 3498 584; x_wconf 44' lang='lat' dir='ltr'><strong>gacbariam</strong></span> <span class='ocrx_word' id='word_1_23' title='bbox 3516 508 3699 584; x_wconf 65' lang='lat' dir='ltr'><strong>surn-</strong></span> 
     </span>
    </p>
   </div>
   <div class='ocr_carea' id='block_1_4' title="bbox 296 572 3694 664">
    <p class='ocr_par' dir='ltr' id='par_1_4' title="bbox 296 572 3694 664">
     <span class='ocr_line' id='line_1_4' title="bbox 296 572 3694 664; baseline -0.002 -26"><span class='ocrx_word' id='word_1_24' title='bbox 296 578 888 664; x_wconf 33' lang='lat' dir='ltr'><strong>mum-pontificem,</strong></span> <span class='ocrx_word' id='word_1_25' title='bbox 924 578 1025 639; x_wconf 90' lang='lat' dir='ltr'><strong>cui</strong></span> <span class='ocrx_word' id='word_1_26' title='bbox 1055 579 1172 664; x_wconf 85' lang='lat' dir='ltr'><strong>soli</strong></span> <span class='ocrx_word' id='word_1_27' title='bbox 1203 572 1432 664; x_wconf 66' lang='lat' dir='ltr'><strong>licebat</strong></span> <span class='ocrx_word' id='word_1_28' title='bbox 1459 580 1521 639; x_wconf 93' lang='lat' dir='ltr'><strong>in</strong></span> <span class='ocrx_word' id='word_1_29' title='bbox 1541 572 1912 664; x_wconf 66' lang='lat' dir='ltr'><strong>interiorem</strong></span> <span class='ocrx_word' id='word_1_30' title='bbox 1946 572 2438 664; x_wconf 68' lang='lat' dir='ltr'><strong>templipartem</strong></span> <span class='ocrx_word' id='word_1_31' title='bbox 2472 574 2638 664; x_wconf 72' lang='lat' dir='ltr'><strong>intra</strong></span> <span class='ocrx_word' id='word_1_32' title='bbox 2667 573 2877 664; x_wconf 71' lang='lat' dir='ltr'><strong>velum</strong></span> <span class='ocrx_word' id='word_1_33' title='bbox 2911 592 2987 634; x_wconf 89' lang='lat' dir='ltr'><strong>ea</strong></span> <span class='ocrx_word' id='word_1_34' title='bbox 3034 572 3370 664; x_wconf 76' lang='lat' dir='ltr'><strong>festivitate</strong></span> <span class='ocrx_word' id='word_1_35' title='bbox 3417 572 3694 664; x_wconf 76' lang='lat' dir='ltr'><strong>ingredi,</strong></span> 
     </span>
    </p>
   </div>
   <div class='ocr_carea' id='block_1_5' title="bbox 294 652 3700 738">
    <p class='ocr_par' dir='ltr' id='par_1_5' title="bbox 294 652 3700 738">
     <span class='ocr_line' id='line_1_5' title="bbox 294 652 3700 738; baseline -0.002 -19"><span class='ocrx_word' id='word_1_36' title='bbox 294 652 625 719; x_wconf 71' lang='lat' dir='ltr'><strong>exstitisse.</strong></span> <span class='ocrx_word' id='word_1_37' title='bbox 659 660 809 730; x_wconf 76' lang='lat' dir='ltr'><strong>Quae</strong></span> <span class='ocrx_word' id='word_1_38' title='bbox 839 661 1170 734; x_wconf 80' lang='lat' dir='ltr'><strong>sententia,</strong></span> <span class='ocrx_word' id='word_1_39' title='bbox 1206 660 1503 738; x_wconf 88' lang='lat' dir='ltr'><strong>quoniam</strong></span> <span class='ocrx_word' id='word_1_40' title='bbox 1537 661 1599 718; x_wconf 92' lang='lat' dir='ltr'><strong>in</strong></span> <span class='ocrx_word' id='word_1_41' title='bbox 1632 658 1837 719; x_wconf 80' lang='lat' dir='ltr'><strong>verbis</strong></span> <span class='ocrx_word' id='word_1_42' title='bbox 1867 652 2280 738; x_wconf 47' lang='lat' dir='ltr'><strong>sancti—Lucae</strong></span> <span class='ocrx_word' id='word_1_43' title='bbox 2316 655 2688 738; x_wconf 85' lang='lat' dir='ltr'><strong>nonnullum</strong></span> <span class='ocrx_word' id='word_1_44' title='bbox 2725 654 3205 738; x_wconf 77' lang='lat' dir='ltr'><strong>fundamentum</strong></span> <span class='ocrx_word' id='word_1_45' title='bbox 3257 652 3490 713; x_wconf 88' lang='lat' dir='ltr'><strong>habere</strong></span> <span class='ocrx_word' id='word_1_46' title='bbox 3521 652 3700 738; x_wconf 83' lang='lat' dir='ltr'><strong>vide-</strong></span> 
     </span>
    </p>
   </div>
   <div class='ocr_carea' id='block_1_6' title="bbox 298 733 3701 819">
    <p class='ocr_par' dir='ltr' id='par_1_6' title="bbox 298 733 3701 819">
     <span class='ocr_line' id='line_1_6' title="bbox 298 733 3701 819; baseline -0.002 -20"><span class='ocrx_word' id='word_1_47' title='bbox 298 745 423 813; x_wconf 88' lang='lat' dir='ltr'><strong>tur,</strong></span> <span class='ocrx_word' id='word_1_48' title='bbox 456 741 875 819; x_wconf 87' lang='lat' dir='ltr'><strong>quorumdam</strong></span> <span class='ocrx_word' id='word_1_49' title='bbox 909 759 1124 801; x_wconf 85' lang='lat' dir='ltr'><strong>revera</strong></span> <span class='ocrx_word' id='word_1_50' title='bbox 1153 733 1408 801; x_wconf 79' lang='lat' dir='ltr'><strong>Patrum</strong></span> <span class='ocrx_word' id='word_1_51' title='bbox 1442 739 1797 800; x_wconf 87' lang='lat' dir='ltr'><strong>testimonio</strong></span> <span class='ocrx_word' id='word_1_52' title='bbox 1830 738 2005 808; x_wconf 79' lang='lat' dir='ltr'><strong>fulta,</strong></span> <span class='ocrx_word' id='word_1_53' title='bbox 2041 736 2400 797; x_wconf 85' lang='lat' dir='ltr'><strong>cerlissimis</strong></span> <span class='ocrx_word' id='word_1_54' title='bbox 2430 742 2640 819; x_wconf 74' lang='lat' dir='ltr'><strong>tamen</strong></span> <span class='ocrx_word' id='word_1_55' title='bbox 2675 735 3106 819; x_wconf 78' lang='lat' dir='ltr'><strong>monumentis</strong></span> <span class='ocrx_word' id='word_1_56' title='bbox 3126 733 3283 819; x_wconf 74' lang='lat' dir='ltr'><strong>falsa</strong></span> <span class='ocrx_word' id='word_1_57' title='bbox 3312 733 3701 819; x_wconf 84' lang='lat' dir='ltr'><strong>comproba-</strong></span> 
     </span>
    </p>
   </div>
   <div class='ocr_carea' id='block_1_7' title="bbox 297 814 3706 899">
    <p class='ocr_par' dir='ltr' id='par_1_7' title="bbox 297 814 3706 899">
     <span class='ocr_line' id='line_1_7' title="bbox 297 814 3706 899; baseline -0.001 -20"><span class='ocrx_word' id='word_1_58' title='bbox 297 826 443 880; x_wconf 88' lang='lat' dir='ltr'><strong>tur:</strong></span> <span class='ocrx_word' id='word_1_59' title='bbox 474 814 640 899; x_wconf 76' lang='lat' dir='ltr'><strong>enim</strong></span> <span class='ocrx_word' id='word_1_60' title='bbox 673 838 789 881; x_wconf 83' lang='lat' dir='ltr'><strong>nec</strong></span> <span class='ocrx_word' id='word_1_61' title='bbox 819 821 1156 882; x_wconf 83' lang='lat' dir='ltr'><strong>Zacharias</strong></span> <span class='ocrx_word' id='word_1_62' title='bbox 1188 825 1394 882; x_wconf 84' lang='lat' dir='ltr'><strong>velum</strong></span> <span class='ocrx_word' id='word_1_63' title='bbox 1430 827 1909 899; x_wconf 79' lang='lat' dir='ltr'><strong>praetergressus</strong></span> <span class='ocrx_word' id='word_1_64' title='bbox 1939 825 2054 887; x_wconf 87' lang='lat' dir='ltr'><strong>est.</strong></span> <span class='ocrx_word' id='word_1_65' title='bbox 2088 818 2346 899; x_wconf 83' lang='lat' dir='ltr'><strong>adolens</strong></span> <span class='ocrx_word' id='word_1_66' title='bbox 2376 817 2454 877; x_wconf 89' lang='lat' dir='ltr'><strong>ad</strong></span> <span class='ocrx_word' id='word_1_67' title='bbox 2487 817 2686 899; x_wconf 79' lang='lat' dir='ltr'><strong>altare</strong></span> <span class='ocrx_word' id='word_1_68' title='bbox 2708 814 3142 899; x_wconf 82' lang='lat' dir='ltr'><strong>thymiamatis</strong></span> <span class='ocrx_word' id='word_1_69' title='bbox 3162 814 3320 899; x_wconf 81' lang='lat' dir='ltr'><strong>citra</strong></span> <span class='ocrx_word' id='word_1_70' title='bbox 3349 814 3556 899; x_wconf 81' lang='lat' dir='ltr'><strong>velum</strong></span> <span class='ocrx_word' id='word_1_71' title='bbox 3593 831 3706 892; x_wconf 89' lang='lat' dir='ltr'><strong>po—</strong></span> 
     </span>
    </p>
   </div>
   <div class='ocr_carea' id='block_1_8' title="bbox 299 894 3705 980">
    <p class='ocr_par' dir='ltr' id='par_1_8' title="bbox 299 894 3705 980">
     <span class='ocr_line' id='line_1_8' title="bbox 299 894 3705 980; baseline -0.002 -20"><span class='ocrx_word' id='word_1_72' title='bbox 299 900 492 961; x_wconf 82' lang='lat' dir='ltr'><strong>situm</strong></span> <span class='ocrx_word' id='word_1_73' title='bbox 523 898 593 963; x_wconf 78' lang='grc'><strong>’⁸.</strong></span> <span class='ocrx_word' id='word_1_74' title='bbox 623 902 733 963; x_wconf 65' lang='lat' dir='ltr'><strong>Hae</strong></span> <span class='ocrx_word' id='word_1_75' title='bbox 765 919 917 979; x_wconf 83' lang='lat' dir='ltr'><strong>ergo</strong></span> <span class='ocrx_word' id='word_1_76' title='bbox 946 903 1170 962; x_wconf 81' lang='lat' dir='ltr'><strong>litterae</strong></span> <span class='ocrx_word' id='word_1_77' title='bbox 1195 894 1452 963; x_wconf 82' lang='lat' dir='ltr'><strong>omnino</strong></span> <span class='ocrx_word' id='word_1_78' title='bbox 1482 894 1697 980; x_wconf 74' lang='lat' dir='ltr'><strong>Cyrilli</strong></span> <span class='ocrx_word' id='word_1_79' title='bbox 1725 900 1976 961; x_wconf 82' lang='lat' dir='ltr'><strong>nomine</strong></span> <span class='ocrx_word' id='word_1_80' title='bbox 2006 897 2389 978; x_wconf 72' lang='lat' dir='ltr'><strong>suppositae;</strong></span> <span class='ocrx_word' id='word_1_81' title='bbox 2424 897 2534 958; x_wconf 88' lang='lat' dir='ltr'><strong>sed</strong></span> <span class='ocrx_word' id='word_1_82' title='bbox 2564 897 2643 958; x_wconf 87' lang='lat' dir='ltr'><strong>ab</strong></span> <span class='ocrx_word' id='word_1_83' title='bbox 2672 894 2793 957; x_wconf 86' lang='lat' dir='ltr'><strong>hac</strong></span> <span class='ocrx_word' id='word_1_84' title='bbox 2819 896 3166 977; x_wconf 86' lang='lat' dir='ltr'><strong>appendice</strong></span> <span class='ocrx_word' id='word_1_85' title='bbox 3200 894 3705 956; x_wconf 82' lang='lat' dir='ltr'><strong>existimavimus</strong></span> 
     </span>
    </p>
   </div>
   <div class='ocr_carea' id='block_1_9' title="bbox 317 980 1191 1062">
    <p class='ocr_par' dir='ltr' id='par_1_9' title="bbox 317 980 1191 1062">
     <span class='ocr_line' id='line_1_9' title="bbox 317 980 1191 1062; baseline 0 -20"><span class='ocrx_word' id='word_1_86' title='bbox 317 999 424 1043; x_wconf 89' lang='lat' dir='ltr'><strong>eas</strong></span> <span class='ocrx_word' id='word_1_87' title='bbox 452 980 702 1042; x_wconf 81' lang='lat' dir='ltr'><strong>excludi</strong></span> <span class='ocrx_word' id='word_1_88' title='bbox 730 1000 854 1043; x_wconf 90' lang='lat' dir='ltr'><strong>non</strong></span> <span class='ocrx_word' id='word_1_89' title='bbox 881 988 1191 1062; x_wconf 83' lang='lat' dir='ltr'><strong>Oportere.</strong></span> 
     </span>
    </p>
   </div>
   <div class='ocr_carea' id='block_1_10' title="bbox 374 1103 1978 1180">
    <p class='ocr_par' dir='ltr' id='par_1_10' title="bbox 374 1103 1978 1180">
     <span class='ocr_line' id='line_1_10' title="bbox 374 1103 1978 1180; baseline -0.002 -17"><span class='ocrx_word' id='word_1_90' title='bbox 374 1106 420 1141; x_wconf 82' lang='grc'>¹⁸</span> <span class='ocrx_word' id='word_1_91' title='bbox 451 1107 621 1163; x_wconf 83' lang='lat' dir='ltr'>Hebr.</span> <span class='ocrx_word' id='word_1_92' title='bbox 657 1124 734 1179; x_wconf 69' lang='grc' dir='ltr'><strong>ιχ,</strong></span> <span class='ocrx_word' id='word_1_93' title='bbox 764 1108 820 1180; x_wconf 88' lang='lat'><strong>6,</strong></span> <span class='ocrx_word' id='word_1_94' title='bbox 849 1108 924 1178; x_wconf 87' lang='lat'><strong>7;</strong></span> <span class='ocrx_word' id='word_1_95' title='bbox 958 1108 1135 1165; x_wconf 79' lang='lat' dir='ltr'><strong>Exod.</strong></span> <span class='ocrx_word' id='word_1_96' title='bbox 1165 1125 1257 1177; x_wconf 79' lang='lat' dir='ltr'><strong>XL,</strong></span> <span class='ocrx_word' id='word_1_97' title='bbox 1293 1107 1500 1169; x_wconf 80' lang='lat'><strong>19-26;</strong></span> <span class='ocrx_word' id='word_1_98' title='bbox 1534 1106 1610 1162; x_wconf 90' lang='lat' dir='ltr'><strong>III</strong></span> <span class='ocrx_word' id='word_1_99' title='bbox 1642 1106 1780 1178; x_wconf 81' lang='lat' dir='ltr'><strong>Reg.</strong></span> <span class='ocrx_word' id='word_1_100' title='bbox 1812 1121 1889 1172; x_wconf 90' lang='grc' dir='ltr'>νι,</span> <span class='ocrx_word' id='word_1_101' title='bbox 1926 1103 1978 1160; x_wconf 68' lang='grc' dir='ltr'>ις</span> 
     </span>
    </p>
   </div>
   <div class='ocr_carea' id='block_1_11' title="bbox 2089 1103 2535 1180">
    <p class='ocr_par' dir='ltr' id='par_1_11' title="bbox 2089 1104 2535 1174">
     <span class='ocr_line' id='line_1_11' title="bbox 2089 1104 2535 1174; baseline 0.002 -15"><span class='ocrx_word' id='word_1_102' title='bbox 2089 1120 2157 1174; x_wconf 73' lang='lat' dir='ltr'><strong>&#39;u,</strong></span> <span class='ocrx_word' id='word_1_103' title='bbox 2191 1104 2298 1173; x_wconf 70' lang='lat'><strong>48;</strong></span> <span class='ocrx_word' id='word_1_104' title='bbox 2329 1120 2450 1160; x_wconf 87' lang='lat' dir='ltr'><strong>vm.</strong></span> <span class='ocrx_word' id='word_1_105' title='bbox 2483 1104 2535 1160; x_wconf 85' lang='lat'>6.</span> 
     </span>
    </p>
   </div>
   <div class='ocr_carea' id='block_1_12' title="bbox 817 1355 3183 1452">
    <p class='ocr_par' dir='ltr' id='par_1_12' title="bbox 817 1355 3183 1452">
     <span class='ocr_line' id='line_1_12' title="bbox 817 1355 3183 1452; baseline -0.001 -23"><span class='ocrx_word' id='word_1_106' title='bbox 817 1360 1370 1452; x_wconf 89' lang='lat' dir='ltr'><strong>Suppositarum</strong></span> <span class='ocrx_word' id='word_1_107' title='bbox 1403 1365 1466 1428; x_wconf 92' lang='lat' dir='ltr'><strong>S.</strong></span> <span class='ocrx_word' id='word_1_108' title='bbox 1506 1357 1749 1449; x_wconf 80' lang='lat' dir='ltr'><strong>Cyrilli</strong></span> <span class='ocrx_word' id='word_1_109' title='bbox 1789 1355 2452 1446; x_wconf 80' lang='lat' dir='ltr'><strong>Hierosolymitani,</strong></span> <span class='ocrx_word' id='word_1_110' title='bbox 2497 1360 2567 1426; x_wconf 86' lang='lat' dir='ltr'><strong>et</strong></span> <span class='ocrx_word' id='word_1_111' title='bbox 2593 1358 2765 1426; x_wconf 90' lang='lat' dir='ltr'><strong>Julii</strong></span> <span class='ocrx_word' id='word_1_112' title='bbox 2818 1358 3183 1448; x_wconf 82' lang='lat' dir='ltr'><strong>pontificis</strong></span> 
     </span>
    </p>
   </div>
   <div class='ocr_carea' id='block_1_13' title="bbox 1580 1499 2441 1584">
    <p class='ocr_par' dir='ltr' id='par_1_13' title="bbox 1580 1499 2441 1584">
     <span class='ocr_line' id='line_1_13' title="bbox 1580 1499 2441 1584; baseline -0.003 -20"><span class='ocrx_word' id='word_1_113' title='bbox 1580 1501 2004 1584; x_wconf 76' lang='lat' dir='ltr'><strong>Epistolarum</strong></span> <span class='ocrx_word' id='word_1_114' title='bbox 2033 1499 2441 1582; x_wconf 75' lang='lat' dir='ltr'><strong>compendium</strong></span> 
     </span>
    </p>
   </div>
   <div class='ocr_carea' id='block_1_14' title="bbox 312 1632 3722 1709">
    <p class='ocr_par' dir='ltr' id='par_1_14' title="bbox 312 1632 3722 1709">
     <span class='ocr_line' id='line_1_14' title="bbox 312 1632 3722 1709; baseline -0.001 -16"><span class='ocrx_word' id='word_1_115' title='bbox 312 1637 392 1692; x_wconf 82' lang='lat' dir='ltr'><strong>Ex</strong></span> <span class='ocrx_word' id='word_1_116' title='bbox 420 1636 644 1693; x_wconf 84' lang='lat' dir='ltr'><strong>Joanne</strong></span> <span class='ocrx_word' id='word_1_117' title='bbox 673 1635 926 1705; x_wconf 63' lang='lat' dir='ltr'><strong>Nicaeae,</strong></span> <span class='ocrx_word' id='word_1_118' title='bbox 961 1636 1020 1692; x_wconf 87' lang='lat' dir='ltr'><strong>in</strong></span> <span class='ocrx_word' id='word_1_119' title='bbox 1054 1635 1302 1709; x_wconf 87' lang='lat' dir='ltr'><strong>epistola</strong></span> <span class='ocrx_word' id='word_1_120' title='bbox 1332 1636 1400 1691; x_wconf 91' lang='lat' dir='ltr'><strong>ad</strong></span> <span class='ocrx_word' id='word_1_121' title='bbox 1434 1634 1788 1709; x_wconf 26' lang='lat' dir='ltr'><strong>Zachariam‘</strong></span> <span class='ocrx_word' id='word_1_122' title='bbox 1804 1633 2039 1709; x_wconf 75' lang='lat' dir='ltr'><strong>majoris</strong></span> <span class='ocrx_word' id='word_1_123' title='bbox 2068 1634 2356 1709; x_wconf 50' lang='lat' dir='ltr'><strong>Armentis</strong></span> <span class='ocrx_word' id='word_1_124' title='bbox 2385 1632 2766 1709; x_wconf 73' lang='lat' dir='ltr'><strong>catholicum,</strong></span> <span class='ocrx_word' id='word_1_125' title='bbox 2789 1635 2946 1691; x_wconf 87' lang='lat' dir='ltr'><strong>edita</strong></span> <span class='ocrx_word' id='word_1_126' title='bbox 2977 1635 3048 1690; x_wconf 89' lang='lat' dir='ltr'><strong>ab</strong></span> <span class='ocrx_word' id='word_1_127' title='bbox 3078 1634 3422 1690; x_wconf 80' lang='lat' dir='ltr'><strong>Combeﬁsio</strong></span> <span class='ocrx_word' id='word_1_128' title='bbox 3456 1635 3722 1691; x_wconf 76' lang='lat' dir='ltr'><strong>Auctarii</strong></span> 
     </span>
    </p>
   </div>
   <div class='ocr_carea' id='block_1_15' title="bbox 1434 1704 2595 1794">
    <p class='ocr_par' dir='ltr' id='par_1_15' title="bbox 1434 1704 2595 1794">
     <span class='ocr_line' id='line_1_15' title="bbox 1434 1704 2595 1794; baseline -0.002 -32"><span class='ocrx_word' id='word_1_129' title='bbox 1434 1708 1576 1763; x_wconf 79' lang='lat' dir='ltr'><strong>Bibl.</strong></span> <span class='ocrx_word' id='word_1_130' title='bbox 1604 1708 1714 1762; x_wconf 87' lang='lat' dir='ltr'><strong>PP.</strong></span> <span class='ocrx_word' id='word_1_131' title='bbox 1750 1704 2072 1762; x_wconf 65' lang='lat' dir='ltr'><strong>Graeco-Lat.</strong></span> <span class='ocrx_word' id='word_1_132' title='bbox 2099 1710 2242 1760; x_wconf 89' lang='lat' dir='ltr'><strong>tom.</strong></span> <span class='ocrx_word' id='word_1_133' title='bbox 2278 1704 2349 1794; x_wconf 85' lang='lat' dir='ltr'><strong>ll,</strong></span> <span class='ocrx_word' id='word_1_134' title='bbox 2380 1720 2438 1777; x_wconf 92' lang='lat' dir='ltr'><strong>p.</strong></span> <span class='ocrx_word' id='word_1_135' title='bbox 2471 1705 2595 1761; x_wconf 83' lang='lat'><strong>302.</strong></span> 
     </span>
    </p>
   </div>
   <div class='ocr_carea' id='block_1_16' title="bbox 391 1994 1978 2074">
    <p class='ocr_par' dir='ltr' id='par_1_16' title="bbox 391 1995 1964 2073">
     <span class='ocr_line' id='line_1_16' title="bbox 391 1995 1964 2073; baseline -0.004 -17"><span class='ocrx_word' id='word_1_136' title='bbox 391 1999 638 2073; x_wconf 84' lang='lat' dir='ltr'><strong>Scripsit</strong></span> <span class='ocrx_word' id='word_1_137' title='bbox 660 1999 982 2072; x_wconf 83' lang='lat' dir='ltr'><strong>aliquando</strong></span> <span class='ocrx_word' id='word_1_138' title='bbox 1002 1998 1254 2072; x_wconf 88' lang='lat' dir='ltr'><strong>Cyrillus</strong></span> <span class='ocrx_word' id='word_1_139' title='bbox 1268 2000 1410 2068; x_wconf 90' lang='lat' dir='ltr'><strong>[non</strong></span> <span class='ocrx_word' id='word_1_140' title='bbox 1432 1997 1635 2072; x_wconf 90' lang='lat' dir='ltr'><strong>is],qui</strong></span> <span class='ocrx_word' id='word_1_141' title='bbox 1654 1995 1964 2069; x_wconf 85' lang='lat' dir='ltr'><strong>epistolam</strong></span> 
     </span>
    </p>
   </div>
   <div class='ocr_carea' id='block_1_17' title="bbox 2089 1994 3723 2074">
    <p class='ocr_par' dir='ltr' id='par_1_17' title="bbox 2148 1994 3723 2074">
     <span class='ocr_line' id='line_1_17' title="bbox 2148 1994 3723 2074; baseline 0.001 -23"><span class='ocrx_word' id='word_1_142' title='bbox 2148 1994 2386 2070; x_wconf 72' lang='grc' dir='ltr'>Ἔγραψὲ</span> <span class='ocrx_word' id='word_1_143' title='bbox 2414 2016 2546 2050; x_wconf 87' lang='grc' dir='ltr'>ποτε</span> <span class='ocrx_word' id='word_1_144' title='bbox 2599 1995 2894 2072; x_wconf 71' lang='grc' dir='ltr'>Κύριλλοε,</span> <span class='ocrx_word' id='word_1_145' title='bbox 2927 1997 2955 2052; x_wconf 98' lang='lat'><strong>6</strong></span> <span class='ocrx_word' id='word_1_146' title='bbox 3010 1999 3220 2074; x_wconf 80' lang='grc' dir='ltr'>γράψας</span> <span class='ocrx_word' id='word_1_147' title='bbox 3253 1999 3331 2073; x_wconf 85' lang='grc'><strong>(1)</strong></span> <span class='ocrx_word' id='word_1_148' title='bbox 3366 2000 3465 2069; x_wconf 74' lang='grc' dir='ltr'>τήν</span> <span class='ocrx_word' id='word_1_149' title='bbox 3498 1998 3723 2054; x_wconf 82' lang='grc' dir='ltr'>ἐπιστο-</span> 
     </span>
    </p>
   </div>
   <div class='ocr_carea' id='block_1_18' title="bbox 320 2085 1961 2162">
    <p class='ocr_par' dir='ltr' id='par_1_18' title="bbox 320 2085 1961 2162">
     <span class='ocr_line' id='line_1_18' title="bbox 320 2085 1961 2162; baseline -0.004 -16"><span class='ocrx_word' id='word_1_150' title='bbox 320 2090 396 2146; x_wconf 91' lang='lat' dir='ltr'><strong>ad</strong></span> <span class='ocrx_word' id='word_1_151' title='bbox 433 2090 883 2146; x_wconf 89' lang='lat' dir='ltr'><strong>Constantinum</strong></span> <span class='ocrx_word' id='word_1_152' title='bbox 911 2089 1045 2162; x_wconf 81' lang='lat' dir='ltr'><strong>[leg.</strong></span> <span class='ocrx_word' id='word_1_153' title='bbox 1080 2089 1553 2156; x_wconf 87' lang='lat' dir='ltr'><strong>Constantinum]</strong></span> <span class='ocrx_word' id='word_1_154' title='bbox 1587 2087 1750 2142; x_wconf 83' lang='lat' dir='ltr'><strong>dedit</strong></span> <span class='ocrx_word' id='word_1_155' title='bbox 1778 2086 1880 2142; x_wconf 90' lang='lat' dir='ltr'><strong>sed</strong></span> <span class='ocrx_word' id='word_1_156' title='bbox 1911 2085 1961 2139; x_wconf 93' lang='lat' dir='ltr'><strong>is</strong></span> 
     </span>
    </p>
   </div>
   <div class='ocr_carea' id='block_1_19' title="bbox 320 2175 1962 2251">
    <p class='ocr_par' dir='ltr' id='par_1_19' title="bbox 320 2175 1962 2251">
     <span class='ocr_line' id='line_1_19' title="bbox 320 2175 1962 2251; baseline -0.004 -16"><span class='ocrx_word' id='word_1_157' title='bbox 320 2179 422 2251; x_wconf 88' lang='lat' dir='ltr'><strong>qui</strong></span> <span class='ocrx_word' id='word_1_158' title='bbox 451 2184 585 2250; x_wconf 88' lang='lat' dir='ltr'><strong>post</strong></span> <span class='ocrx_word' id='word_1_159' title='bbox 614 2179 806 2251; x_wconf 88' lang='lat' dir='ltr'><strong>ipsum</strong></span> <span class='ocrx_word' id='word_1_160' title='bbox 840 2181 899 2234; x_wconf 89' lang='lat' dir='ltr'><strong>in</strong></span> <span class='ocrx_word' id='word_1_161' title='bbox 957 2178 1087 2249; x_wconf 85' lang='lat' dir='ltr'><strong>ejus</strong></span> <span class='ocrx_word' id='word_1_162' title='bbox 1120 2178 1259 2233; x_wconf 90' lang='lat' dir='ltr'><strong>sede</strong></span> <span class='ocrx_word' id='word_1_163' title='bbox 1292 2178 1595 2248; x_wconf 85' lang='lat' dir='ltr'><strong>successit,</strong></span> <span class='ocrx_word' id='word_1_164' title='bbox 1624 2176 1698 2233; x_wconf 91' lang='lat' dir='ltr'><strong>ad</strong></span> <span class='ocrx_word' id='word_1_165' title='bbox 1743 2175 1962 2232; x_wconf 83' lang='lat' dir='ltr'><strong>Julium</strong></span> 
     </span>
    </p>
   </div>
   <div class='ocr_carea' id='block_1_20' title="bbox 323 2265 1966 2341">
    <p class='ocr_par' dir='ltr' id='par_1_20' title="bbox 323 2265 1966 2341">
     <span class='ocr_line' id='line_1_20' title="bbox 323 2265 1966 2341; baseline -0.004 -16"><span class='ocrx_word' id='word_1_166' title='bbox 323 2271 657 2325; x_wconf 83' lang='lat' dir='ltr'><strong>Romanum</strong></span> <span class='ocrx_word' id='word_1_167' title='bbox 687 2269 1034 2341; x_wconf 87' lang='lat' dir='ltr'><strong>episcopum</strong></span> <span class='ocrx_word' id='word_1_168' title='bbox 1059 2269 1119 2323; x_wconf 90' lang='lat' dir='ltr'><strong>in</strong></span> <span class='ocrx_word' id='word_1_169' title='bbox 1135 2269 1259 2324; x_wconf 64' lang='lat' dir='ltr'><strong>haec</strong></span> <span class='ocrx_word' id='word_1_170' title='bbox 1275 2268 1478 2324; x_wconf 89' lang='lat' dir='ltr'><strong>verba:</strong></span> <span class='ocrx_word' id='word_1_171' title='bbox 1500 2287 1521 2316; x_wconf 83' lang='grc' dir='ltr'><strong>ι</strong></span> <span class='ocrx_word' id='word_1_172' title='bbox 1542 2269 1781 2341; x_wconf 80' lang='lat' dir='ltr'><strong>Magnus</strong></span> <span class='ocrx_word' id='word_1_173' title='bbox 1800 2265 1966 2322; x_wconf 88' lang='lat' dir='ltr'><strong>labor</strong></span> 
     </span>
    </p>
   </div>
   <div class='ocr_carea' id='block_1_21' title="bbox 323 2356 1966 2431">
    <p class='ocr_par' dir='ltr' id='par_1_21' title="bbox 323 2356 1966 2431">
     <span class='ocr_line' id='line_1_21' title="bbox 323 2356 1966 2431; baseline -0.002 -16"><span class='ocrx_word' id='word_1_174' title='bbox 323 2375 428 2415; x_wconf 88' lang='lat' dir='ltr'><strong>«ac</strong></span> <span class='ocrx_word' id='word_1_175' title='bbox 449 2358 827 2431; x_wconf 89' lang='lat' dir='ltr'><strong>dispendium</strong></span> <span class='ocrx_word' id='word_1_176' title='bbox 851 2358 1081 2429; x_wconf 81' lang='lat' dir='ltr'><strong>magnis</strong></span> <span class='ocrx_word' id='word_1_177' title='bbox 1095 2374 1161 2413; x_wconf 88' lang='lat' dir='ltr'><strong>ac</strong></span> <span class='ocrx_word' id='word_1_178' title='bbox 1174 2356 1966 2413; x_wconf 83' lang='lat' dir='ltr'><strong>solemnibusfestivitatibus</strong></span> 
     </span>
    </p>
   </div>
   <div class='ocr_carea' id='block_1_22' title="bbox 322 2446 1966 2520">
    <p class='ocr_par' dir='ltr' id='par_1_22' title="bbox 322 2446 1966 2520">
     <span class='ocr_line' id='line_1_22' title="bbox 322 2446 1966 2520; baseline 0.001 -21"><span class='ocrx_word' id='word_1_179' title='bbox 322 2447 834 2520; x_wconf 81' lang='lat' dir='ltr'><strong>«contingit,quod</strong></span> <span class='ocrx_word' id='word_1_180' title='bbox 852 2446 1079 2502; x_wconf 77' lang='lat' dir='ltr'><strong>unaolie</strong></span> <span class='ocrx_word' id='word_1_181' title='bbox 1098 2446 1643 2503; x_wconf 88' lang='lat' dir='ltr'><strong>celebrantur.Nam</strong></span> <span class='ocrx_word' id='word_1_182' title='bbox 1658 2446 1966 2501; x_wconf 87' lang='lat' dir='ltr'><strong>ambarum</strong></span> 
     </span>
    </p>
   </div>
   <div class='ocr_carea' id='block_1_23' title="bbox 321 2534 1969 2608">
    <p class='ocr_par' dir='ltr' id='par_1_23' title="bbox 321 2534 1969 2608">
     <span class='ocr_line' id='line_1_23' title="bbox 321 2534 1969 2608; baseline 0.001 -19"><span class='ocrx_word' id='word_1_183' title='bbox 321 2561 348 2589; x_wconf 86' lang='lat'>«</span> <span class='ocrx_word' id='word_1_184' title='bbox 383 2536 1072 2592; x_wconf 86' lang='lat' dir='ltr'><strong>festivitatumlectiones</strong></span> <span class='ocrx_word' id='word_1_185' title='bbox 1105 2541 1163 2592; x_wconf 92' lang='lat' dir='ltr'><strong>et</strong></span> <span class='ocrx_word' id='word_1_186' title='bbox 1193 2537 1334 2592; x_wconf 88' lang='lat' dir='ltr'><strong>ordo</strong></span> <span class='ocrx_word' id='word_1_187' title='bbox 1368 2536 1593 2608; x_wconf 80' lang='lat' dir='ltr'><strong>[ofﬁcii]</strong></span> <span class='ocrx_word' id='word_1_188' title='bbox 1624 2534 1969 2608; x_wconf 87' lang='lat' dir='ltr'><strong>imperfecta</strong></span> 
     </span>
    </p>
   </div>
   <div class='ocr_carea' id='block_1_24' title="bbox 327 2624 1965 2697">
    <p class='ocr_par' dir='ltr' id='par_1_24' title="bbox 327 2624 1965 2697">
     <span class='ocr_line' id='line_1_24' title="bbox 327 2624 1965 2697; baseline -0.001 -18"><span class='ocrx_word' id='word_1_189' title='bbox 327 2648 356 2679; x_wconf 85' lang='lat'><strong>«</strong></span> <span class='ocrx_word' id='word_1_190' title='bbox 387 2629 728 2694; x_wconf 90' lang='lat' dir='ltr'><strong>manent,eo</strong></span> <span class='ocrx_word' id='word_1_191' title='bbox 762 2624 921 2696; x_wconf 89' lang='lat' dir='ltr'><strong>quod</strong></span> <span class='ocrx_word' id='word_1_192' title='bbox 943 2626 1217 2681; x_wconf 87' lang='lat' dir='ltr'><strong>nativitas</strong></span> <span class='ocrx_word' id='word_1_193' title='bbox 1237 2631 1293 2681; x_wconf 92' lang='lat' dir='ltr'><strong>et</strong></span> <span class='ocrx_word' id='word_1_194' title='bbox 1311 2626 1606 2697; x_wconf 82' lang='lat' dir='ltr'><strong>baptisma</strong></span> <span class='ocrx_word' id='word_1_195' title='bbox 1627 2626 1841 2680; x_wconf 85' lang='lat' dir='ltr'><strong>Christi</strong></span> <span class='ocrx_word' id='word_1_196' title='bbox 1864 2625 1965 2696; x_wconf 91' lang='lat' dir='ltr'><strong>[si-</strong></span> 
     </span>
    </p>
   </div>
   <div class='ocr_carea' id='block_1_25' title="bbox 325 2713 1968 2786">
    <p class='ocr_par' dir='ltr' id='par_1_25' title="bbox 325 2713 1968 2786">
     <span class='ocr_line' id='line_1_25' title="bbox 325 2713 1968 2786; baseline 0.002 -20"><span class='ocrx_word' id='word_1_197' title='bbox 325 2736 355 2767; x_wconf 86' lang='grc'><strong>‹‹</strong></span> <span class='ocrx_word' id='word_1_198' title='bbox 375 2713 523 2786; x_wconf 90' lang='lat' dir='ltr'><strong>mul]</strong></span> <span class='ocrx_word' id='word_1_199' title='bbox 542 2713 827 2769; x_wconf 90' lang='lat' dir='ltr'><strong>celebrari</strong></span> <span class='ocrx_word' id='word_1_200' title='bbox 852 2715 1467 2785; x_wconf 84' lang='lat' dir='ltr'><strong>nequeant.Quoniam</strong></span> <span class='ocrx_word' id='word_1_201' title='bbox 1490 2715 1688 2786; x_wconf 86' lang='lat' dir='ltr'><strong>itaque</strong></span> <span class='ocrx_word' id='word_1_202' title='bbox 1704 2731 1822 2769; x_wconf 92' lang='lat' dir='ltr'><strong>non</strong></span> <span class='ocrx_word' id='word_1_203' title='bbox 1836 2731 1968 2786; x_wconf 88' lang='lat' dir='ltr'><strong>pos-</strong></span> 
     </span>
    </p>
   </div>
   <div class='ocr_carea' id='block_1_26' title="bbox 329 2803 1971 2876">
    <p class='ocr_par' dir='ltr' id='par_1_26' title="bbox 329 2803 1971 2876">
     <span class='ocr_line' id='line_1_26' title="bbox 329 2803 1971 2876; baseline 0 -17"><span class='ocrx_word' id='word_1_204' title='bbox 329 2824 356 2859; x_wconf 73' lang='grc' dir='ltr'><strong>α</strong></span> <span class='ocrx_word' id='word_1_205' title='bbox 381 2820 585 2860; x_wconf 89' lang='lat' dir='ltr'><strong>sumus</strong></span> <span class='ocrx_word' id='word_1_206' title='bbox 611 2804 675 2858; x_wconf 92' lang='lat' dir='ltr'><strong>in</strong></span> <span class='ocrx_word' id='word_1_207' title='bbox 696 2819 817 2859; x_wconf 90' lang='lat' dir='ltr'><strong>una</strong></span> <span class='ocrx_word' id='word_1_208' title='bbox 847 2803 941 2859; x_wconf 91' lang='lat' dir='ltr'><strong>die</strong></span> <span class='ocrx_word' id='word_1_209' title='bbox 965 2804 1049 2876; x_wconf 92' lang='lat' dir='ltr'><strong>[in</strong></span> <span class='ocrx_word' id='word_1_210' title='bbox 1074 2804 1592 2876; x_wconf 81' lang='lat' dir='ltr'><strong>Bethlehem,ctjin</strong></span> <span class='ocrx_word' id='word_1_211' title='bbox 1615 2804 1809 2858; x_wconf 88' lang='lat' dir='ltr'><strong>locum</strong></span> <span class='ocrx_word' id='word_1_212' title='bbox 1825 2803 1971 2875; x_wconf 89' lang='lat' dir='ltr'><strong>bap-</strong></span> 
     </span>
    </p>
   </div>
   <div class='ocr_carea' id='block_1_27' title="bbox 327 2892 1970 2960">
    <p class='ocr_par' dir='ltr' id='par_1_27' title="bbox 327 2892 1970 2960">
     <span class='ocr_line' id='line_1_27' title="bbox 327 2892 1970 2960; baseline 0.001 -15"><span class='ocrx_word' id='word_1_213' title='bbox 327 2916 355 2945; x_wconf 86' lang='lat'>«</span> <span class='ocrx_word' id='word_1_214' title='bbox 381 2892 635 2949; x_wconf 88' lang='lat' dir='ltr'><strong>tismatis</strong></span> <span class='ocrx_word' id='word_1_215' title='bbox 657 2897 1134 2960; x_wconf 76' lang='lat' dir='ltr'><strong>occurrere(nam</strong></span> <span class='ocrx_word' id='word_1_216' title='bbox 1150 2893 1491 2948; x_wconf 91' lang='lat' dir='ltr'><strong>Bethlehem</strong></span> <span class='ocrx_word' id='word_1_217' title='bbox 1508 2894 1692 2949; x_wconf 90' lang='lat' dir='ltr'><strong>tribus</strong></span> <span class='ocrx_word' id='word_1_218' title='bbox 1704 2893 1970 2948; x_wconf 90' lang='lat' dir='ltr'><strong>millibus</strong></span> 
     </span>
    </p>
   </div>
   <div class='ocr_carea' id='block_1_28' title="bbox 327 2982 1973 3051">
    <p class='ocr_par' dir='ltr' id='par_1_28' title="bbox 327 2982 1973 3051">
     <span class='ocr_line' id='line_1_28' title="bbox 327 2982 1973 3051; baseline 0.001 -16"><span class='ocrx_word' id='word_1_219' title='bbox 327 3004 356 3035; x_wconf 80' lang='grc' dir='ltr'><strong>α</strong></span> <span class='ocrx_word' id='word_1_220' title='bbox 380 2982 455 3038; x_wconf 88' lang='lat' dir='ltr'><strong>ad</strong></span> <span class='ocrx_word' id='word_1_221' title='bbox 477 2982 785 3039; x_wconf 86' lang='lat' dir='ltr'><strong>meridiem</strong></span> <span class='ocrx_word' id='word_1_222' title='bbox 844 2982 916 3037; x_wconf 88' lang='lat' dir='ltr'><strong>ab</strong></span> <span class='ocrx_word' id='word_1_223' title='bbox 967 2983 1336 3038; x_wconf 86' lang='lat' dir='ltr'><strong>Hierusalem</strong></span> <span class='ocrx_word' id='word_1_224' title='bbox 1359 2982 1556 3051; x_wconf 86' lang='lat' dir='ltr'><strong>distat,</strong></span> <span class='ocrx_word' id='word_1_225' title='bbox 1607 2989 1666 3038; x_wconf 92' lang='lat' dir='ltr'><strong>et</strong></span> <span class='ocrx_word' id='word_1_226' title='bbox 1701 2983 1973 3039; x_wconf 87' lang='lat' dir='ltr'><strong>Jordanis</strong></span> 
     </span>
    </p>
   </div>
   <div class='ocr_carea' id='block_1_29' title="bbox 329 3071 1973 3144">
    <p class='ocr_par' dir='ltr' id='par_1_29' title="bbox 329 3071 1973 3144">
     <span class='ocr_line' id='line_1_29' title="bbox 329 3071 1973 3144; baseline 0.002 -22"><span class='ocrx_word' id='word_1_227' title='bbox 329 3093 359 3122; x_wconf 86' lang='lat'><strong>«</strong></span> <span class='ocrx_word' id='word_1_228' title='bbox 392 3071 733 3143; x_wconf 86' lang='lat' dir='ltr'><strong>quindecim</strong></span> <span class='ocrx_word' id='word_1_229' title='bbox 756 3071 1023 3126; x_wconf 88' lang='lat' dir='ltr'><strong>millibus</strong></span> <span class='ocrx_word' id='word_1_230' title='bbox 1036 3071 1110 3126; x_wconf 89' lang='lat' dir='ltr'><strong>ad</strong></span> <span class='ocrx_word' id='word_1_231' title='bbox 1123 3071 1669 3144; x_wconf 87' lang='lat' dir='ltr'><strong>orientem),jubeat</strong></span> <span class='ocrx_word' id='word_1_232' title='bbox 1689 3073 1973 3129; x_wconf 87' lang='lat' dir='ltr'><strong>sanctitas</strong></span> 
     </span>
    </p>
   </div>
   <div class='ocr_carea' id='block_1_30' title="bbox 328 3160 1972 3234">
    <p class='ocr_par' dir='ltr' id='par_1_30' title="bbox 328 3160 1972 3234">
     <span class='ocr_line' id='line_1_30' title="bbox 328 3160 1972 3234; baseline 0.002 -22"><span class='ocrx_word' id='word_1_233' title='bbox 328 3165 479 3217; x_wconf 85' lang='lat' dir='ltr'><strong>«tua</strong></span> <span class='ocrx_word' id='word_1_234' title='bbox 498 3161 698 3216; x_wconf 90' lang='lat' dir='ltr'><strong>omnia</strong></span> <span class='ocrx_word' id='word_1_235' title='bbox 741 3160 1080 3216; x_wconf 84' lang='lat' dir='ltr'><strong>Judaeorum</strong></span> <span class='ocrx_word' id='word_1_236' title='bbox 1135 3161 1563 3217; x_wconf 87' lang='lat' dir='ltr'><strong>commentaria</strong></span> <span class='ocrx_word' id='word_1_237' title='bbox 1610 3160 1972 3234; x_wconf 78' lang='lat' dir='ltr'><strong>investigari,</strong></span> 
     </span>
    </p>
   </div>
   <div class='ocr_carea' id='block_1_31' title="bbox 330 3248 1976 3322">
    <p class='ocr_par' dir='ltr' id='par_1_31' title="bbox 330 3248 1976 3322">
     <span class='ocr_line' id='line_1_31' title="bbox 330 3248 1976 3322; baseline 0.002 -21"><span class='ocrx_word' id='word_1_238' title='bbox 330 3272 360 3301; x_wconf 90' lang='lat'><strong>«</strong></span> <span class='ocrx_word' id='word_1_239' title='bbox 387 3266 516 3321; x_wconf 72' lang='lat' dir='ltr'><strong>quae</strong></span> <span class='ocrx_word' id='word_1_240' title='bbox 547 3248 847 3321; x_wconf 66' lang='lat' dir='ltr'><strong>praedatus</strong></span> <span class='ocrx_word' id='word_1_241' title='bbox 861 3250 1055 3305; x_wconf 64' lang='lat' dir='ltr'><strong>Caesar</strong></span> <span class='ocrx_word' id='word_1_242' title='bbox 1083 3250 1245 3305; x_wconf 90' lang='lat' dir='ltr'><strong>Titus</strong></span> <span class='ocrx_word' id='word_1_243' title='bbox 1277 3252 1523 3305; x_wconf 83' lang='lat' dir='ltr'><strong>Romam</strong></span> <span class='ocrx_word' id='word_1_244' title='bbox 1553 3250 1976 3322; x_wconf 85' lang='lat' dir='ltr'><strong>Hierosolymis</strong></span> 
     </span>
    </p>
   </div>
   <div class='ocr_carea' id='block_1_32' title="bbox 331 3336 1975 3411">
    <p class='ocr_par' dir='ltr' id='par_1_32' title="bbox 331 3336 1975 3411">
     <span class='ocr_line' id='line_1_32' title="bbox 331 3336 1975 3411; baseline 0.004 -24"><span class='ocrx_word' id='word_1_245' title='bbox 331 3359 360 3387; x_wconf 82' lang='lat'><strong>«</strong></span> <span class='ocrx_word' id='word_1_246' title='bbox 393 3336 643 3392; x_wconf 86' lang='lat' dir='ltr'><strong>advexit.</strong></span> <span class='ocrx_word' id='word_1_247' title='bbox 679 3337 965 3392; x_wconf 89' lang='lat' dir='ltr'><strong>Fortassis</strong></span> <span class='ocrx_word' id='word_1_248' title='bbox 992 3343 1152 3394; x_wconf 89' lang='lat' dir='ltr'><strong>certo</strong></span> <span class='ocrx_word' id='word_1_249' title='bbox 1184 3339 1446 3411; x_wconf 86' lang='lat' dir='ltr'><strong>reperies</strong></span> <span class='ocrx_word' id='word_1_250' title='bbox 1466 3339 1622 3394; x_wconf 89' lang='lat' dir='ltr'><strong>diem</strong></span> <span class='ocrx_word' id='word_1_251' title='bbox 1651 3339 1975 3394; x_wconf 88' lang='lat' dir='ltr'><strong>nativitatis</strong></span> 
     </span>
    </p>
   </div>
   <div class='ocr_carea' id='block_1_33' title="bbox 339 3424 1126 3485">
    <p class='ocr_par' dir='ltr' id='par_1_33' title="bbox 339 3424 1126 3485">
     <span class='ocr_line' id='line_1_33' title="bbox 339 3424 1126 3485; baseline 0.003 -9"><span class='ocrx_word' id='word_1_252' title='bbox 339 3447 361 3476; x_wconf 74' lang='grc' dir='ltr'>ι</span> <span class='ocrx_word' id='word_1_253' title='bbox 390 3424 604 3481; x_wconf 87' lang='lat' dir='ltr'><strong>Christi</strong></span> <span class='ocrx_word' id='word_1_254' title='bbox 637 3430 697 3480; x_wconf 91' lang='lat' dir='ltr'><strong>et</strong></span> <span class='ocrx_word' id='word_1_255' title='bbox 720 3426 823 3481; x_wconf 92' lang='lat' dir='ltr'><strong>Dei</strong></span> <span class='ocrx_word' id='word_1_256' title='bbox 855 3427 1063 3485; x_wconf 91' lang='lat' dir='ltr'><strong>nostri.</strong></span> <span class='ocrx_word' id='word_1_257' title='bbox 1098 3449 1126 3478; x_wconf 82' lang='lat'><strong>»</strong></span> 
     </span>
    </p>
   </div>
   <div class='ocr_carea' id='block_1_34' title="bbox 405 3604 1977 3681">
    <p class='ocr_par' dir='ltr' id='par_1_34' title="bbox 405 3604 1977 3681">
     <span class='ocr_line' id='line_1_34' title="bbox 405 3604 1977 3681; baseline 0.003 -20"><span class='ocrx_word' id='word_1_258' title='bbox 405 3606 565 3662; x_wconf 90' lang='lat' dir='ltr'><strong>Tunc</strong></span> <span class='ocrx_word' id='word_1_259' title='bbox 591 3604 779 3662; x_wconf 83' lang='lat' dir='ltr'><strong>Julius</strong></span> <span class='ocrx_word' id='word_1_260' title='bbox 817 3609 1117 3665; x_wconf 83' lang='lat' dir='ltr'><strong>Romanus</strong></span> <span class='ocrx_word' id='word_1_261' title='bbox 1148 3609 1409 3665; x_wconf 89' lang='lat' dir='ltr'><strong>studiose</strong></span> <span class='ocrx_word' id='word_1_262' title='bbox 1439 3609 1511 3665; x_wconf 89' lang='lat' dir='ltr'><strong>de</strong></span> <span class='ocrx_word' id='word_1_263' title='bbox 1544 3610 1653 3665; x_wconf 91' lang='lat' dir='ltr'><strong>hac</strong></span> <span class='ocrx_word' id='word_1_264' title='bbox 1676 3610 1977 3681; x_wconf 71' lang='lat' dir='ltr'><strong>rogatione</strong></span> 
     </span>
    </p>
   </div>
   <div class='ocr_carea' id='block_1_35' title="bbox 339 3697 1977 3773">
    <p class='ocr_par' dir='ltr' id='par_1_35' title="bbox 339 3697 1977 3773">
     <span class='ocr_line' id='line_1_35' title="bbox 339 3697 1977 3773; baseline 0.002 -20"><span class='ocrx_word' id='word_1_265' title='bbox 339 3697 628 3768; x_wconf 74' lang='lat' dir='ltr'><strong>quaasivit.</strong></span> <span class='ocrx_word' id='word_1_266' title='bbox 661 3698 923 3769; x_wconf 89' lang='lat' dir='ltr'><strong>Cumque</strong></span> <span class='ocrx_word' id='word_1_267' title='bbox 950 3700 1150 3755; x_wconf 87' lang='lat' dir='ltr'><strong>omnia</strong></span> <span class='ocrx_word' id='word_1_268' title='bbox 1178 3700 1515 3756; x_wconf 72' lang='lat' dir='ltr'><strong>Judaaorum</strong></span> <span class='ocrx_word' id='word_1_269' title='bbox 1557 3701 1797 3772; x_wconf 89' lang='lat' dir='ltr'><strong>scripta,</strong></span> <span class='ocrx_word' id='word_1_270' title='bbox 1848 3719 1977 3773; x_wconf 64' lang='lat' dir='ltr'><strong>quae</strong></span> 
     </span>
    </p>
   </div>
   <div class='ocr_carea' id='block_1_36' title="bbox 334 3789 1976 3864">
    <p class='ocr_par' dir='ltr' id='par_1_36' title="bbox 334 3789 1976 3864">
     <span class='ocr_line' id='line_1_36' title="bbox 334 3789 1976 3864; baseline 0.002 -22"><span class='ocrx_word' id='word_1_271' title='bbox 334 3792 506 3858; x_wconf 88' lang='lat' dir='ltr'><strong>capta</strong></span> <span class='ocrx_word' id='word_1_272' title='bbox 535 3791 593 3842; x_wconf 87' lang='lat' dir='ltr'><strong>et</strong></span> <span class='ocrx_word' id='word_1_273' title='bbox 648 3790 895 3844; x_wconf 85' lang='lat' dir='ltr'><strong>Romam</strong></span> <span class='ocrx_word' id='word_1_274' title='bbox 945 3789 1254 3861; x_wconf 87' lang='lat' dir='ltr'><strong>deportata</strong></span> <span class='ocrx_word' id='word_1_275' title='bbox 1304 3790 1562 3857; x_wconf 79' lang='lat' dir='ltr'><strong>fuerant,</strong></span> <span class='ocrx_word' id='word_1_276' title='bbox 1622 3790 1976 3864; x_wconf 79' lang='lat' dir='ltr'><strong>collegisset,</strong></span> 
     </span>
    </p>
   </div>
   <div class='ocr_carea' id='block_1_37' title="bbox 333 3877 1981 3952">
    <p class='ocr_par' dir='ltr' id='par_1_37' title="bbox 333 3877 1981 3952">
     <span class='ocr_line' id='line_1_37' title="bbox 333 3877 1981 3952; baseline 0.002 -19"><span class='ocrx_word' id='word_1_277' title='bbox 333 3877 633 3950; x_wconf 87' lang='lat' dir='ltr'><strong>quoddam</strong></span> <span class='ocrx_word' id='word_1_278' title='bbox 665 3879 905 3950; x_wconf 76' lang='lat' dir='ltr'><strong>Iosephi</strong></span> <span class='ocrx_word' id='word_1_279' title='bbox 942 3884 1275 3952; x_wconf 88' lang='lat' dir='ltr'><strong>temporum</strong></span> <span class='ocrx_word' id='word_1_280' title='bbox 1304 3881 1570 3936; x_wconf 86' lang='lat' dir='ltr'><strong>historici</strong></span> <span class='ocrx_word' id='word_1_281' title='bbox 1613 3887 1981 3937; x_wconf 87' lang='lat' dir='ltr'><strong>commenta-</strong></span> 
     </span>
    </p>
   </div>
   <div class='ocr_carea' id='block_1_38' title="bbox 330 3968 1980 4044">
    <p class='ocr_par' dir='ltr' id='par_1_38' title="bbox 330 3968 1980 4044">
     <span class='ocr_line' id='line_1_38' title="bbox 330 3968 1980 4044; baseline 0.002 -21"><span class='ocrx_word' id='word_1_282' title='bbox 330 3969 488 4024; x_wconf 90' lang='lat' dir='ltr'><strong>rium</strong></span> <span class='ocrx_word' id='word_1_283' title='bbox 519 3968 913 4040; x_wconf 89' lang='lat' dir='ltr'><strong>deprehendit</strong></span> <span class='ocrx_word' id='word_1_284' title='bbox 942 3970 1014 4025; x_wconf 91' lang='lat' dir='ltr'><strong>ab</strong></span> <span class='ocrx_word' id='word_1_285' title='bbox 1074 3970 1202 4042; x_wconf 91' lang='lat' dir='ltr'><strong>ipso</strong></span> <span class='ocrx_word' id='word_1_286' title='bbox 1260 3972 1698 4043; x_wconf 89' lang='lat' dir='ltr'><strong>conscriptum:</strong></span> <span class='ocrx_word' id='word_1_287' title='bbox 1759 3973 1821 4027; x_wconf 92' lang='lat' dir='ltr'><strong>in</strong></span> <span class='ocrx_word' id='word_1_288' title='bbox 1863 3990 1980 4044; x_wconf 90' lang='lat' dir='ltr'><strong>quo</strong></span> 
     </span>
    </p>
   </div>
   <div class='ocr_carea' id='block_1_39' title="bbox 332 4057 1978 4133">
    <p class='ocr_par' dir='ltr' id='par_1_39' title="bbox 332 4057 1978 4133">
     <span class='ocr_line' id='line_1_39' title="bbox 332 4057 1978 4133; baseline 0.002 -21"><span class='ocrx_word' id='word_1_289' title='bbox 332 4057 847 4128; x_wconf 87' lang='lat' dir='ltr'><strong>habebatur,quod</strong></span> <span class='ocrx_word' id='word_1_290' title='bbox 876 4075 1082 4114; x_wconf 89' lang='lat' dir='ltr'><strong>mense</strong></span> <span class='ocrx_word' id='word_1_291' title='bbox 1114 4060 1388 4131; x_wconf 90' lang='lat' dir='ltr'><strong>septimo,</strong></span> <span class='ocrx_word' id='word_1_292' title='bbox 1413 4061 1473 4115; x_wconf 90' lang='lat' dir='ltr'><strong>in</strong></span> <span class='ocrx_word' id='word_1_293' title='bbox 1504 4061 1653 4115; x_wconf 87' lang='lat' dir='ltr'><strong>festo</strong></span> <span class='ocrx_word' id='word_1_294' title='bbox 1687 4062 1978 4133; x_wconf 87' lang='lat' dir='ltr'><strong>Scenope-</strong></span> 
     </span>
    </p>
   </div>
   <div class='ocr_carea' id='block_1_40' title="bbox 334 4146 1980 4222">
    <p class='ocr_par' dir='ltr' id='par_1_40' title="bbox 334 4146 1980 4222">
     <span class='ocr_line' id='line_1_40' title="bbox 334 4146 1980 4222; baseline 0.002 -21"><span class='ocrx_word' id='word_1_295' title='bbox 334 4147 444 4220; x_wconf 70' lang='lat' dir='ltr'><strong>giaa</strong></span> <span class='ocrx_word' id='word_1_296' title='bbox 492 4146 625 4218; x_wconf 89' lang='lat' dir='ltr'><strong>[seu</strong></span> <span class='ocrx_word' id='word_1_297' title='bbox 680 4147 1263 4220; x_wconf 89' lang='lat' dir='ltr'><strong>Tabernaculorum].</strong></span> <span class='ocrx_word' id='word_1_298' title='bbox 1307 4149 1673 4222; x_wconf 87' lang='lat' dir='ltr'><strong>Expiationis</strong></span> <span class='ocrx_word' id='word_1_299' title='bbox 1713 4150 1833 4218; x_wconf 89' lang='lat' dir='ltr'><strong>die,</strong></span> <span class='ocrx_word' id='word_1_300' title='bbox 1878 4151 1980 4205; x_wconf 87' lang='lat' dir='ltr'><strong>Dei</strong></span> 
     </span>
    </p>
   </div>
   <div class='ocr_carea' id='block_1_41' title="bbox 335 4237 1980 4311">
    <p class='ocr_par' dir='ltr' id='par_1_41' title="bbox 335 4237 1980 4311">
     <span class='ocr_line' id='line_1_41' title="bbox 335 4237 1980 4311; baseline 0.002 -19"><span class='ocrx_word' id='word_1_301' title='bbox 335 4237 580 4311; x_wconf 81' lang='lat' dir='ltr'><strong>angelus</strong></span> <span class='ocrx_word' id='word_1_302' title='bbox 611 4238 1304 4311; x_wconf 88' lang='lat' dir='ltr'><strong>apparuit,sacerdosque</strong></span> <span class='ocrx_word' id='word_1_303' title='bbox 1328 4245 1527 4296; x_wconf 90' lang='lat' dir='ltr'><strong>mutus</strong></span> <span class='ocrx_word' id='word_1_304' title='bbox 1556 4240 1980 4307; x_wconf 86' lang='lat' dir='ltr'><strong>redditus,sine</strong></span> 
     </span>
    </p>
   </div>
   <div class='ocr_carea' id='block_1_42' title="bbox 335 4328 1985 4403">
    <p class='ocr_par' dir='ltr' id='par_1_42' title="bbox 335 4328 1985 4403">
     <span class='ocr_line' id='line_1_42' title="bbox 335 4328 1985 4403; baseline 0.001 -20"><span class='ocrx_word' id='word_1_305' title='bbox 335 4343 475 4383; x_wconf 87' lang='lat' dir='ltr'><strong>voce</strong></span> <span class='ocrx_word' id='word_1_306' title='bbox 503 4328 725 4384; x_wconf 87' lang='lat' dir='ltr'><strong>mansit</strong></span> <span class='ocrx_word' id='word_1_307' title='bbox 753 4328 828 4383; x_wconf 90' lang='lat' dir='ltr'><strong>ad</strong></span> <span class='ocrx_word' id='word_1_308' title='bbox 854 4328 1004 4383; x_wconf 91' lang='lat' dir='ltr'><strong>illud</strong></span> <span class='ocrx_word' id='word_1_309' title='bbox 1031 4345 1219 4400; x_wconf 91' lang='lat' dir='ltr'><strong>usque</strong></span> <span class='ocrx_word' id='word_1_310' title='bbox 1259 4334 1511 4403; x_wconf 84' lang='lat' dir='ltr'><strong>tempus,</strong></span> <span class='ocrx_word' id='word_1_311' title='bbox 1577 4348 1692 4403; x_wconf 90' lang='lat' dir='ltr'><strong>quo</strong></span> <span class='ocrx_word' id='word_1_312' title='bbox 1724 4330 1985 4387; x_wconf 86' lang='lat' dir='ltr'><strong>Elisabet</strong></span> 
     </span>
    </p>
   </div>
   <div class='ocr_carea' id='block_1_43' title="bbox 333 4416 1348 4491">
    <p class='ocr_par' dir='ltr' id='par_1_43' title="bbox 333 4416 1348 4491">
     <span class='ocr_line' id='line_1_43' title="bbox 333 4416 1348 4491; baseline 0.003 -20"><span class='ocrx_word' id='word_1_313' title='bbox 333 4432 481 4473; x_wconf 84' lang='lat' dir='ltr'><strong>uxor</strong></span> <span class='ocrx_word' id='word_1_314' title='bbox 510 4416 640 4489; x_wconf 86' lang='lat' dir='ltr'><strong>ejus</strong></span> <span class='ocrx_word' id='word_1_315' title='bbox 662 4417 724 4472; x_wconf 91' lang='lat' dir='ltr'><strong>in</strong></span> <span class='ocrx_word' id='word_1_316' title='bbox 756 4423 1065 4474; x_wconf 87' lang='lat' dir='ltr'><strong>senectute</strong></span> <span class='ocrx_word' id='word_1_317' title='bbox 1096 4420 1348 4491; x_wconf 87' lang='lat' dir='ltr'><strong>peperit.</strong></span> 
     </span>
    </p>
   </div>
   <div class='ocr_carea' id='block_1_44' title="bbox 2071 2081 3726 2162">
    <p class='ocr_par' dir='ltr' id='par_1_44' title="bbox 2071 2081 3726 2162">
     <span class='ocr_line' id='line_1_44' title="bbox 2071 2081 3726 2162; baseline 0.004 -25"><span class='ocrx_word' id='word_1_318' title='bbox 2071 2081 2174 2151; x_wconf 72' lang='grc' dir='ltr'>λὴν</span> <span class='ocrx_word' id='word_1_319' title='bbox 2200 2082 2589 2156; x_wconf 82' lang='grc' dir='ltr'>Κωνσταντίνῳ</span> <span class='ocrx_word' id='word_1_320' title='bbox 2621 2088 2722 2159; x_wconf 83' lang='lat'><strong>(2),</strong></span> <span class='ocrx_word' id='word_1_321' title='bbox 2754 2084 2880 2141; x_wconf 67' lang='grc' dir='ltr'>ἄλλ’</span> <span class='ocrx_word' id='word_1_322' title='bbox 2909 2087 2937 2142; x_wconf 91' lang='lat'><strong>6</strong></span> <span class='ocrx_word' id='word_1_323' title='bbox 2985 2088 3103 2160; x_wconf 83' lang='grc' dir='ltr'>μετ’</span> <span class='ocrx_word' id='word_1_324' title='bbox 3151 2087 3353 2143; x_wconf 82' lang='grc' dir='ltr'>ἐκεῖνον</span> <span class='ocrx_word' id='word_1_325' title='bbox 3407 2084 3726 2162; x_wconf 75' lang='grc' dir='ltr'>διαδεξάμε-</span> 
     </span>
    </p>
   </div>
   <div class='ocr_carea' id='block_1_45' title="bbox 2070 2171 3725 2251">
    <p class='ocr_par' dir='ltr' id='par_1_45' title="bbox 2070 2171 3725 2251">
     <span class='ocr_line' id='line_1_45' title="bbox 2070 2171 3725 2251; baseline 0.004 -25"><span class='ocrx_word' id='word_1_326' title='bbox 2070 2192 2157 2234; x_wconf 79' lang='grc' dir='ltr'>νος</span> <span class='ocrx_word' id='word_1_327' title='bbox 2188 2171 2280 2227; x_wconf 80' lang='grc' dir='ltr'><strong>τὸν</strong></span> <span class='ocrx_word' id='word_1_328' title='bbox 2313 2171 2501 2243; x_wconf 81' lang='grc' dir='ltr'>θρόνον</span> <span class='ocrx_word' id='word_1_329' title='bbox 2535 2172 2720 2245; x_wconf 78' lang='grc' dir='ltr'>αὐτοῦ,</span> <span class='ocrx_word' id='word_1_330' title='bbox 2754 2174 2892 2251; x_wconf 84' lang='grc' dir='ltr'>πρὸς</span> <span class='ocrx_word' id='word_1_331' title='bbox 2924 2174 3156 2232; x_wconf 70' lang='grc' dir='ltr'>Ἰούλιον</span> <span class='ocrx_word' id='word_1_332' title='bbox 3209 2178 3308 2246; x_wconf 73' lang='grc' dir='ltr'><strong>τῆς</strong></span> <span class='ocrx_word' id='word_1_333' title='bbox 3336 2176 3559 2250; x_wconf 83' lang='grc' dir='ltr'>Ῥώμης</span> <span class='ocrx_word' id='word_1_334' title='bbox 3595 2176 3725 2233; x_wconf 76' lang='grc' dir='ltr'>ἐπί-</span> 
     </span>
    </p>
   </div>
   <div class='ocr_carea' id='block_1_46' title="bbox 2074 2259 3726 2341">
    <p class='ocr_par' dir='ltr' id='par_1_46' title="bbox 2074 2259 3726 2341">
     <span class='ocr_line' id='line_1_46' title="bbox 2074 2259 3726 2341; baseline 0.003 -25"><span class='ocrx_word' id='word_1_335' title='bbox 2074 2281 2297 2331; x_wconf 81' lang='grc' dir='ltr'>σκοπον,</span> <span class='ocrx_word' id='word_1_336' title='bbox 2328 2259 2528 2337; x_wconf 77' lang='grc' dir='ltr'>ἔγραψε</span> <span class='ocrx_word' id='word_1_337' title='bbox 2554 2261 2755 2339; x_wconf 73' lang='grc' dir='ltr'>λέγων,</span> <span class='ocrx_word' id='word_1_338' title='bbox 2786 2264 2870 2319; x_wconf 76' lang='grc' dir='ltr'><strong>ὅτι</strong></span> <span class='ocrx_word' id='word_1_339' title='bbox 2929 2265 3110 2339; x_wconf 75' lang='grc' dir='ltr'>Μέγας</span> <span class='ocrx_word' id='word_1_340' title='bbox 3167 2266 3333 2328; x_wconf 87' lang='grc' dir='ltr'><strong>τόπος</strong></span> <span class='ocrx_word' id='word_1_341' title='bbox 3386 2266 3474 2321; x_wconf 83' lang='grc' dir='ltr'><strong>καὶ</strong></span> <span class='ocrx_word' id='word_1_342' title='bbox 3532 2268 3726 2341; x_wconf 75' lang='grc' dir='ltr'>στέρη-</span> 
     </span>
    </p>
   </div>
   <div class='ocr_carea' id='block_1_47' title="bbox 2072 2350 3722 2432">
    <p class='ocr_par' dir='ltr' id='par_1_47' title="bbox 2072 2350 3722 2432">
     <span class='ocr_line' id='line_1_47' title="bbox 2072 2350 3722 2432; baseline 0.004 -28"><span class='ocrx_word' id='word_1_343' title='bbox 2072 2371 2153 2413; x_wconf 90' lang='grc' dir='ltr'><strong>σις</strong></span> <span class='ocrx_word' id='word_1_344' title='bbox 2197 2350 2401 2425; x_wconf 88' lang='grc' dir='ltr'>γίνεται</span> <span class='ocrx_word' id='word_1_345' title='bbox 2463 2351 2538 2414; x_wconf 84' lang='grc' dir='ltr'><strong>εἷς</strong></span> <span class='ocrx_word' id='word_1_346' title='bbox 2602 2353 2699 2416; x_wconf 80' lang='grc' dir='ltr'>τὰς</span> <span class='ocrx_word' id='word_1_347' title='bbox 2760 2351 2998 2429; x_wconf 75' lang='grc' dir='ltr'><strong>μεγάλας</strong></span> <span class='ocrx_word' id='word_1_348' title='bbox 3053 2354 3142 2410; x_wconf 78' lang='grc' dir='ltr'>καὶ</span> <span class='ocrx_word' id='word_1_349' title='bbox 3192 2353 3448 2432; x_wconf 78' lang='grc' dir='ltr'>λαμπρὰς</span> <span class='ocrx_word' id='word_1_350' title='bbox 3501 2355 3722 2432; x_wconf 70' lang='grc' dir='ltr'>ἑορτὰς,</span> 
     </span>
    </p>
   </div>
   <div class='ocr_carea' id='block_1_48' title="bbox 2073 2436 3722 2520">
    <p class='ocr_par' dir='ltr' id='par_1_48' title="bbox 2073 2436 3722 2520">
     <span class='ocr_line' id='line_1_48' title="bbox 2073 2436 3722 2520; baseline 0.004 -25"><span class='ocrx_word' id='word_1_351' title='bbox 2073 2436 2156 2495; x_wconf 77' lang='grc' dir='ltr'>ὅτι</span> <span class='ocrx_word' id='word_1_352' title='bbox 2209 2440 2492 2497; x_wconf 80' lang='grc' dir='ltr'>τελοῦνται</span> <span class='ocrx_word' id='word_1_353' title='bbox 2552 2440 2604 2497; x_wconf 79' lang='grc' dir='ltr'><strong>ἐν</strong></span> <span class='ocrx_word' id='word_1_354' title='bbox 2662 2446 2762 2516; x_wconf 80' lang='grc' dir='ltr'>μιᾷ</span> <span class='ocrx_word' id='word_1_355' title='bbox 2817 2442 3019 2516; x_wconf 70' lang='grc' dir='ltr'>ἡμέρᾳ,</span> <span class='ocrx_word' id='word_1_356' title='bbox 3077 2444 3167 2500; x_wconf 82' lang='grc' dir='ltr'>καὶ</span> <span class='ocrx_word' id='word_1_357' title='bbox 3233 2446 3302 2501; x_wconf 75' lang='grc' dir='ltr'>τὰ</span> <span class='ocrx_word' id='word_1_358' title='bbox 3354 2446 3722 2520; x_wconf 84' lang='grc' dir='ltr'>ἀναγνώσμα-</span> 
     </span>
    </p>
   </div>
   <div class='ocr_carea' id='block_1_49' title="bbox 2071 2528 3716 2608">
    <p class='ocr_par' dir='ltr' id='par_1_49' title="bbox 2071 2528 3716 2608">
     <span class='ocr_line' id='line_1_49' title="bbox 2071 2528 3716 2608; baseline 0.005 -25"><span class='ocrx_word' id='word_1_359' title='bbox 2071 2549 2156 2597; x_wconf 91' lang='grc' dir='ltr'>τα,</span> <span class='ocrx_word' id='word_1_360' title='bbox 2232 2532 2319 2584; x_wconf 81' lang='grc' dir='ltr'><strong>καὶ</strong></span> <span class='ocrx_word' id='word_1_361' title='bbox 2380 2532 2414 2600; x_wconf 80' lang='grc' dir='ltr'>ἡ</span> <span class='ocrx_word' id='word_1_362' title='bbox 2502 2528 2801 2596; x_wconf 82' lang='grc' dir='ltr'>ἀκολουθία</span> <span class='ocrx_word' id='word_1_363' title='bbox 2883 2532 3251 2606; x_wconf 79' lang='grc' dir='ltr'>ἁπομένουσιν</span> <span class='ocrx_word' id='word_1_364' title='bbox 3306 2533 3548 2608; x_wconf 82' lang='grc' dir='ltr'><strong>ἡμιτελῆ</strong></span> <span class='ocrx_word' id='word_1_365' title='bbox 3606 2541 3716 2591; x_wconf 74' lang='grc' dir='ltr'>τῶν</span> 
     </span>
    </p>
   </div>
   <div class='ocr_carea' id='block_1_50' title="bbox 2075 2616 3718 2699">
    <p class='ocr_par' dir='ltr' id='par_1_50' title="bbox 2075 2616 3718 2699">
     <span class='ocr_line' id='line_1_50' title="bbox 2075 2616 3718 2699; baseline 0.004 -26"><span class='ocrx_word' id='word_1_366' title='bbox 2075 2616 2171 2673; x_wconf 77' lang='grc' dir='ltr'>δύο</span> <span class='ocrx_word' id='word_1_367' title='bbox 2229 2620 2453 2692; x_wconf 72' lang='grc' dir='ltr'>ἑορτῶν,</span> <span class='ocrx_word' id='word_1_368' title='bbox 2515 2617 2605 2675; x_wconf 78' lang='grc' dir='ltr'><strong>διὰ</strong></span> <span class='ocrx_word' id='word_1_369' title='bbox 2657 2622 2720 2677; x_wconf 82' lang='grc' dir='ltr'>τὸ</span> <span class='ocrx_word' id='word_1_370' title='bbox 2799 2623 2875 2694; x_wconf 78' lang='grc' dir='ltr'>μή</span> <span class='ocrx_word' id='word_1_371' title='bbox 2955 2619 3209 2687; x_wconf 70' lang='grc' dir='ltr'>δύνασθαι</span> <span class='ocrx_word' id='word_1_372' title='bbox 3285 2624 3384 2690; x_wconf 81' lang='grc' dir='ltr'><strong>τὴν</strong></span> <span class='ocrx_word' id='word_1_373' title='bbox 3463 2624 3718 2699; x_wconf 79' lang='grc' dir='ltr'>γέννήσιν</span> 
     </span>
    </p>
   </div>
   <div class='ocr_carea' id='block_1_51' title="bbox 2074 2708 3719 2787">
    <p class='ocr_par' dir='ltr' id='par_1_51' title="bbox 2074 2708 3719 2787">
     <span class='ocr_line' id='line_1_51' title="bbox 2074 2708 3719 2787; baseline 0.004 -25"><span class='ocrx_word' id='word_1_374' title='bbox 2074 2709 2163 2763; x_wconf 79' lang='grc' dir='ltr'><strong>καὶ</strong></span> <span class='ocrx_word' id='word_1_375' title='bbox 2242 2709 2304 2763; x_wconf 87' lang='grc' dir='ltr'>τὸ</span> <span class='ocrx_word' id='word_1_376' title='bbox 2385 2708 2663 2785; x_wconf 76' lang='grc' dir='ltr'><strong>βάπτισμα</strong></span> <span class='ocrx_word' id='word_1_377' title='bbox 2746 2709 3019 2767; x_wconf 65' lang='grc' dir='ltr'>ἐκτελέσαι</span> <span class='ocrx_word' id='word_1_378' title='bbox 3076 2716 3172 2767; x_wconf 79' lang='grc' dir='ltr'>τοῦ</span> <span class='ocrx_word' id='word_1_379' title='bbox 3231 2713 3449 2787; x_wconf 83' lang='grc' dir='ltr'>Κυρίου.</span> <span class='ocrx_word' id='word_1_380' title='bbox 3499 2714 3590 2776; x_wconf 76' lang='grc' dir='ltr'>Ὠς</span> <span class='ocrx_word' id='word_1_381' title='bbox 3650 2711 3719 2783; x_wconf 80' lang='grc' dir='ltr'><strong>δὴ</strong></span> 
     </span>
    </p>
   </div>
   <div class='ocr_carea' id='block_1_52' title="bbox 2079 2795 3720 2876">
    <p class='ocr_par' dir='ltr' id='par_1_52' title="bbox 2079 2795 3720 2876">
     <span class='ocr_line' id='line_1_52' title="bbox 2079 2795 3720 2876; baseline 0.003 -23"><span class='ocrx_word' id='word_1_382' title='bbox 2079 2798 2143 2853; x_wconf 78' lang='grc' dir='ltr'>οὗ</span> <span class='ocrx_word' id='word_1_383' title='bbox 2177 2795 2449 2872; x_wconf 68' lang='grc' dir='ltr'>δυνάμεθα</span> <span class='ocrx_word' id='word_1_384' title='bbox 2502 2798 2552 2854; x_wconf 82' lang='grc' dir='ltr'><strong>ἐν</strong></span> <span class='ocrx_word' id='word_1_385' title='bbox 2618 2803 2716 2872; x_wconf 78' lang='grc' dir='ltr'>μιᾷ</span> <span class='ocrx_word' id='word_1_386' title='bbox 2762 2800 2947 2875; x_wconf 70' lang='grc' dir='ltr'>ἡμέρᾳ</span> <span class='ocrx_word' id='word_1_387' title='bbox 3004 2803 3302 2872; x_wconf 73' lang='grc' dir='ltr'>ἂπαντῆσαι</span> <span class='ocrx_word' id='word_1_388' title='bbox 3499 2801 3574 2865; x_wconf 79' lang='grc' dir='ltr'>εἷς</span> <span class='ocrx_word' id='word_1_389' title='bbox 3625 2803 3720 2858; x_wconf 84' lang='grc' dir='ltr'><strong>τό·</strong></span> 
     </span>
    </p>
   </div>
   <div class='ocr_carea' id='block_1_53' title="bbox 2077 2888 3723 2967">
    <p class='ocr_par' dir='ltr' id='par_1_53' title="bbox 2077 2888 3723 2967">
     <span class='ocr_line' id='line_1_53' title="bbox 2077 2888 3723 2967; baseline 0.004 -26"><span class='ocrx_word' id='word_1_390' title='bbox 2077 2908 2179 2942; x_wconf 82' lang='grc' dir='ltr'>πον</span> <span class='ocrx_word' id='word_1_391' title='bbox 2237 2891 2334 2941; x_wconf 72' lang='grc' dir='ltr'><strong>τοῦ</strong></span> <span class='ocrx_word' id='word_1_392' title='bbox 2395 2888 2768 2962; x_wconf 69' lang='grc' dir='ltr'><strong>βαπτίσματος</strong></span> <span class='ocrx_word' id='word_1_393' title='bbox 2854 2888 2990 2963; x_wconf 84' lang='grc' dir='ltr'>(ἐπεὶ</span> <span class='ocrx_word' id='word_1_394' title='bbox 3068 2893 3102 2960; x_wconf 82' lang='grc' dir='ltr'>ἡ</span> <span class='ocrx_word' id='word_1_395' title='bbox 3162 2889 3416 2964; x_wconf 73' lang='grc' dir='ltr'>Βηθλεὲμ</span> <span class='ocrx_word' id='word_1_396' title='bbox 3463 2892 3589 2967; x_wconf 83' lang='grc' dir='ltr'>τρία</span> <span class='ocrx_word' id='word_1_397' title='bbox 3645 2895 3723 2966; x_wconf 69' lang='grc'>(4)</span> 
     </span>
    </p>
   </div>
   <div class='ocr_carea' id='block_1_54' title="bbox 2083 2975 3723 3055">
    <p class='ocr_par' dir='ltr' id='par_1_54' title="bbox 2083 2975 3723 3055">
     <span class='ocr_line' id='line_1_54' title="bbox 2083 2975 3723 3055; baseline 0.003 -25"><span class='ocrx_word' id='word_1_398' title='bbox 2083 2975 2243 3049; x_wconf 80' lang='grc' dir='ltr'>μίλια</span> <span class='ocrx_word' id='word_1_399' title='bbox 2292 2976 2488 3053; x_wconf 74' lang='grc' dir='ltr'>ἀπέχει</span> <span class='ocrx_word' id='word_1_400' title='bbox 2543 2978 2649 3033; x_wconf 83' lang='grc' dir='ltr'><strong>ἀπὸ</strong></span> <span class='ocrx_word' id='word_1_401' title='bbox 2704 2978 3068 3055; x_wconf 75' lang='grc' dir='ltr'>Ἰερουσαλήμ</span> <span class='ocrx_word' id='word_1_402' title='bbox 3116 2980 3251 3035; x_wconf 85' lang='grc' dir='ltr'>κατᾶ</span> <span class='ocrx_word' id='word_1_403' title='bbox 3304 2980 3483 3052; x_wconf 80' lang='grc' dir='ltr'><strong>νότον,</strong></span> <span class='ocrx_word' id='word_1_404' title='bbox 3547 2981 3632 3037; x_wconf 80' lang='grc' dir='ltr'><strong>καὶ</strong></span> <span class='ocrx_word' id='word_1_405' title='bbox 3694 2982 3723 3035; x_wconf 90' lang='lat'><strong>6</strong></span> 
     </span>
    </p>
   </div>
   <div class='ocr_carea' id='block_1_55' title="bbox 2084 3065 3729 3146">
    <p class='ocr_par' dir='ltr' id='par_1_55' title="bbox 2084 3065 3729 3146">
     <span class='ocr_line' id='line_1_55' title="bbox 2084 3065 3729 3146; baseline 0.002 -22"><span class='ocrx_word' id='word_1_406' title='bbox 2084 3065 2362 3143; x_wconf 77' lang='grc' dir='ltr'>Ἰορδάνης</span> <span class='ocrx_word' id='word_1_407' title='bbox 2452 3074 2508 3123; x_wconf 71' lang='grc' dir='ltr'>ιε’</span> <span class='ocrx_word' id='word_1_408' title='bbox 2579 3067 2739 3141; x_wconf 86' lang='grc' dir='ltr'>μίλια</span> <span class='ocrx_word' id='word_1_409' title='bbox 2975 3069 3168 3146; x_wconf 74' lang='grc' dir='ltr'>ἀπέχει</span> <span class='ocrx_word' id='word_1_410' title='bbox 3227 3071 3365 3126; x_wconf 73' lang='grc' dir='ltr'>κατὰ</span> <span class='ocrx_word' id='word_1_411' title='bbox 3416 3068 3729 3145; x_wconf 75' lang='grc' dir='ltr'>ἆνατολᾶς),</span> 
     </span>
    </p>
   </div>
   <div class='ocr_carea' id='block_1_56' title="bbox 2081 3156 3730 3234">
    <p class='ocr_par' dir='ltr' id='par_1_56' title="bbox 2081 3156 3730 3234">
     <span class='ocr_line' id='line_1_56' title="bbox 2081 3156 3730 3234; baseline 0.004 -23"><span class='ocrx_word' id='word_1_412' title='bbox 2081 3156 2431 3232; x_wconf 75' lang='grc' dir='ltr'>προσταξάτω</span> <span class='ocrx_word' id='word_1_413' title='bbox 2533 3157 2624 3212; x_wconf 80' lang='grc' dir='ltr'>οὗν</span> <span class='ocrx_word' id='word_1_414' title='bbox 2723 3159 2758 3228; x_wconf 82' lang='grc' dir='ltr'>ἡ</span> <span class='ocrx_word' id='word_1_415' title='bbox 2864 3158 3140 3234; x_wconf 71' lang='grc' dir='ltr'>ἁγιωσύνῃ</span> <span class='ocrx_word' id='word_1_416' title='bbox 3266 3180 3361 3215; x_wconf 87' lang='grc' dir='ltr'><strong>σου</strong></span> <span class='ocrx_word' id='word_1_417' title='bbox 3443 3159 3730 3232; x_wconf 73' lang='grc' dir='ltr'>ἐρευνῆσαι</span> 
     </span>
    </p>
   </div>
   <div class='ocr_carea' id='block_1_57' title="bbox 2081 3246 3734 3324">
    <p class='ocr_par' dir='ltr' id='par_1_57' title="bbox 2081 3246 3734 3324">
     <span class='ocr_line' id='line_1_57' title="bbox 2081 3246 3734 3324; baseline 0.004 -23"><span class='ocrx_word' id='word_1_418' title='bbox 2081 3248 2253 3301; x_wconf 78' lang='grc' dir='ltr'>πάντα</span> <span class='ocrx_word' id='word_1_419' title='bbox 2335 3246 2402 3301; x_wconf 77' lang='grc' dir='ltr'>τὰ</span> <span class='ocrx_word' id='word_1_420' title='bbox 2484 3246 2882 3324; x_wconf 69' lang='grc' dir='ltr'>συγγράμματα</span> <span class='ocrx_word' id='word_1_421' title='bbox 2963 3253 3072 3303; x_wconf 81' lang='grc' dir='ltr'>τῶν</span> <span class='ocrx_word' id='word_1_422' title='bbox 3157 3246 3488 3320; x_wconf 81' lang='grc' dir='ltr'>Ἰουδαίων,</span> <span class='ocrx_word' id='word_1_423' title='bbox 3575 3250 3734 3307; x_wconf 70' lang='grc' dir='ltr'>ἅτινα</span> 
     </span>
    </p>
   </div>
   <div class='ocr_carea' id='block_1_58' title="bbox 2014 3334 3735 3432">
    <p class='ocr_par' dir='ltr' id='par_1_58' title="bbox 2014 3334 3735 3432">
     <span class='ocr_line' id='line_1_58' title="bbox 2014 3334 3735 3432; baseline 0.004 -41"><span class='ocrx_word' id='word_1_424' title='bbox 2014 3334 2380 3432; x_wconf 76' lang='grc' dir='ltr'>Βσκυλεύσας</span> <span class='ocrx_word' id='word_1_425' title='bbox 2437 3337 2465 3391; x_wconf 93' lang='lat'><strong>6</strong></span> <span class='ocrx_word' id='word_1_426' title='bbox 2527 3339 2733 3409; x_wconf 79' lang='grc' dir='ltr'>Καῖσαρ</span> <span class='ocrx_word' id='word_1_427' title='bbox 2815 3337 2980 3400; x_wconf 88' lang='grc' dir='ltr'>Τίτος</span> <span class='ocrx_word' id='word_1_428' title='bbox 3039 3339 3315 3413; x_wconf 72' lang='grc' dir='ltr'>ἀπήγαγεν</span> <span class='ocrx_word' id='word_1_429' title='bbox 3374 3338 3481 3394; x_wconf 79' lang='grc' dir='ltr'><strong>ἀπὸ</strong></span> <span class='ocrx_word' id='word_1_430' title='bbox 3531 3344 3735 3418; x_wconf 78' lang='grc' dir='ltr'>Ἰερου-</span> 
     </span>
    </p>
   </div>
   <div class='ocr_carea' id='block_1_59' title="bbox 2089 3424 3732 3509">
    <p class='ocr_par' dir='ltr' id='par_1_59' title="bbox 2089 3424 3732 3509">
     <span class='ocr_line' id='line_1_59' title="bbox 2089 3424 3732 3509; baseline 0.005 -29"><span class='ocrx_word' id='word_1_431' title='bbox 2089 3424 2280 3499; x_wconf 78' lang='grc' dir='ltr'>σαλὴμ</span> <span class='ocrx_word' id='word_1_432' title='bbox 2306 3425 2381 3488; x_wconf 83' lang='grc' dir='ltr'>εἰς</span> <span class='ocrx_word' id='word_1_433' title='bbox 2411 3427 2656 3499; x_wconf 80' lang='grc' dir='ltr'>Ῥώμην.</span> <span class='ocrx_word' id='word_1_434' title='bbox 2697 3428 2854 3488; x_wconf 84' lang='grc' dir='ltr'><strong>Ἴσως</strong></span> <span class='ocrx_word' id='word_1_435' title='bbox 2884 3427 3062 3502; x_wconf 76' lang='grc' dir='ltr'>εὕροις</span> <span class='ocrx_word' id='word_1_436' title='bbox 3095 3424 3329 3504; x_wconf 76' lang='grc' dir='ltr'>βεϐαίως</span> <span class='ocrx_word' id='word_1_437' title='bbox 3386 3431 3485 3500; x_wconf 71' lang='grc' dir='ltr'><strong>τὴν</strong></span> <span class='ocrx_word' id='word_1_438' title='bbox 3518 3432 3732 3509; x_wconf 70' lang='grc' dir='ltr'>ἡμέραν</span> 
     </span>
    </p>
   </div>
   <div class='ocr_carea' id='block_1_60' title="bbox 2087 3518 3407 3595">
    <p class='ocr_par' dir='ltr' id='par_1_60' title="bbox 2087 3518 3407 3595">
     <span class='ocr_line' id='line_1_60' title="bbox 2087 3518 3407 3595; baseline 0.005 -23"><span class='ocrx_word' id='word_1_439' title='bbox 2087 3524 2189 3587; x_wconf 80' lang='grc' dir='ltr'><strong>τῆς</strong></span> <span class='ocrx_word' id='word_1_440' title='bbox 2219 3519 2525 3592; x_wconf 71' lang='grc' dir='ltr'>γεννήσεως</span> <span class='ocrx_word' id='word_1_441' title='bbox 2555 3521 2657 3571; x_wconf 79' lang='grc' dir='ltr'>τοῦ</span> <span class='ocrx_word' id='word_1_442' title='bbox 2683 3518 2922 3592; x_wconf 78' lang='grc' dir='ltr'>Χριστοῦ</span> <span class='ocrx_word' id='word_1_443' title='bbox 2951 3519 3042 3574; x_wconf 85' lang='grc' dir='ltr'><strong>καὶ</strong></span> <span class='ocrx_word' id='word_1_444' title='bbox 3075 3525 3207 3576; x_wconf 82' lang='grc' dir='ltr'>Θεοῦ</span> <span class='ocrx_word' id='word_1_445' title='bbox 3224 3524 3407 3595; x_wconf 80' lang='grc' dir='ltr'>ἡμῶν.</span> 
     </span>
    </p>
   </div>
   <div class='ocr_carea' id='block_1_61' title="bbox 2158 3606 3739 3689">
    <p class='ocr_par' dir='ltr' id='par_1_61' title="bbox 2158 3606 3739 3689">
     <span class='ocr_line' id='line_1_61' title="bbox 2158 3606 3739 3689; baseline 0.003 -26"><span class='ocrx_word' id='word_1_446' title='bbox 2158 3608 2294 3663; x_wconf 79' lang='grc' dir='ltr'>Τότε</span> <span class='ocrx_word' id='word_1_447' title='bbox 2323 3606 2557 3670; x_wconf 66' lang='grc' dir='ltr'>Ἰούλιος</span> <span class='ocrx_word' id='word_1_448' title='bbox 2591 3608 2617 3662; x_wconf 96' lang='lat'><strong>6</strong></span> <span class='ocrx_word' id='word_1_449' title='bbox 2647 3607 2865 3680; x_wconf 87' lang='grc' dir='ltr'>Ῥώμης</span> <span class='ocrx_word' id='word_1_450' title='bbox 2899 3608 3175 3683; x_wconf 80' lang='grc' dir='ltr'>ἐπιμελῶς</span> <span class='ocrx_word' id='word_1_451' title='bbox 3222 3609 3399 3682; x_wconf 71' lang='grc' dir='ltr'>ἐζήτει</span> <span class='ocrx_word' id='word_1_452' title='bbox 3460 3612 3583 3689; x_wconf 79' lang='grc' dir='ltr'>περὶ</span> <span class='ocrx_word' id='word_1_453' title='bbox 3631 3613 3739 3683; x_wconf 73' lang='grc' dir='ltr'><strong>τῆς</strong></span> 
     </span>
    </p>
   </div>
   <div class='ocr_carea' id='block_1_62' title="bbox 2087 3696 3739 3777">
    <p class='ocr_par' dir='ltr' id='par_1_62' title="bbox 2087 3696 3739 3777">
     <span class='ocr_line' id='line_1_62' title="bbox 2087 3696 3739 3777; baseline 0.002 -26"><span class='ocrx_word' id='word_1_454' title='bbox 2087 3696 2352 3768; x_wconf 69' lang='grc' dir='ltr'>αἶ’τήσεως</span> <span class='ocrx_word' id='word_1_455' title='bbox 2407 3697 2634 3768; x_wconf 67' lang='grc' dir='ltr'>ταύτης·</span> <span class='ocrx_word' id='word_1_456' title='bbox 2703 3696 2790 3751; x_wconf 81' lang='grc' dir='ltr'><strong>καὶ</strong></span> <span class='ocrx_word' id='word_1_457' title='bbox 2850 3701 3155 3776; x_wconf 84' lang='grc' dir='ltr'>συναγαγὼν</span> <span class='ocrx_word' id='word_1_458' title='bbox 3216 3704 3387 3756; x_wconf 78' lang='grc' dir='ltr'>πάντα</span> <span class='ocrx_word' id='word_1_459' title='bbox 3432 3703 3498 3757; x_wconf 72' lang='grc' dir='ltr'>τὰ</span> <span class='ocrx_word' id='word_1_460' title='bbox 3549 3703 3739 3777; x_wconf 76' lang='grc' dir='ltr'>γράμ-</span> 
     </span>
    </p>
   </div>
   <div class='ocr_carea' id='block_1_63' title="bbox 2091 3783 3740 3866">
    <p class='ocr_par' dir='ltr' id='par_1_63' title="bbox 2091 3783 3740 3866">
     <span class='ocr_line' id='line_1_63' title="bbox 2091 3783 3740 3866; baseline 0.002 -25"><span class='ocrx_word' id='word_1_461' title='bbox 2091 3808 2233 3861; x_wconf 82' lang='grc' dir='ltr'>ματα</span> <span class='ocrx_word' id='word_1_462' title='bbox 2261 3790 2367 3842; x_wconf 80' lang='grc' dir='ltr'><strong>τῶν</strong></span> <span class='ocrx_word' id='word_1_463' title='bbox 2402 3783 2703 3857; x_wconf 78' lang='grc' dir='ltr'>Ἰουδαίων,</span> <span class='ocrx_word' id='word_1_464' title='bbox 2731 3786 2799 3842; x_wconf 74' lang='grc' dir='ltr'>τὰ</span> <span class='ocrx_word' id='word_1_465' title='bbox 2848 3786 3362 3863; x_wconf 69' lang='grc' dir='ltr'>αἰχμαλωτισθέντα</span> <span class='ocrx_word' id='word_1_466' title='bbox 3417 3796 3504 3847; x_wconf 73' lang='grc' dir='ltr'>καὶ</span> <span class='ocrx_word' id='word_1_467' title='bbox 3534 3790 3740 3866; x_wconf 70' lang='grc' dir='ltr'><strong>ἀχθὲν-</strong></span> 
     </span>
    </p>
   </div>
   <div class='ocr_carea' id='block_1_64' title="bbox 2086 3875 3741 3952">
    <p class='ocr_par' dir='ltr' id='par_1_64' title="bbox 2086 3875 3741 3952">
     <span class='ocr_line' id='line_1_64' title="bbox 2086 3875 3741 3952; baseline 0.004 -22"><span class='ocrx_word' id='word_1_468' title='bbox 2086 3896 2152 3930; x_wconf 90' lang='grc' dir='ltr'><strong>τα</strong></span> <span class='ocrx_word' id='word_1_469' title='bbox 2181 3875 2256 3931; x_wconf 80' lang='grc' dir='ltr'>εἷς</span> <span class='ocrx_word' id='word_1_470' title='bbox 2287 3875 2537 3948; x_wconf 82' lang='grc' dir='ltr'>Ῥώμην,</span> <span class='ocrx_word' id='word_1_471' title='bbox 2589 3876 2709 3950; x_wconf 70' lang='grc' dir='ltr'>εὗρε</span> <span class='ocrx_word' id='word_1_472' title='bbox 2763 3876 3095 3952; x_wconf 70' lang='grc' dir='ltr'>σύγγραμμά</span> <span class='ocrx_word' id='word_1_473' title='bbox 3150 3900 3201 3935; x_wconf 89' lang='grc' dir='ltr'><strong>τι</strong></span> <span class='ocrx_word' id='word_1_474' title='bbox 3263 3882 3575 3951; x_wconf 71' lang='grc' dir='ltr'>Ἰωσήππου</span> <span class='ocrx_word' id='word_1_475' title='bbox 3631 3886 3741 3936; x_wconf 78' lang='grc' dir='ltr'>τοῦ</span> 
     </span>
    </p>
   </div>
   <div class='ocr_carea' id='block_1_65' title="bbox 2088 3965 3741 4043">
    <p class='ocr_par' dir='ltr' id='par_1_65' title="bbox 2088 3965 3741 4043">
     <span class='ocr_line' id='line_1_65' title="bbox 2088 3965 3741 4043; baseline 0.002 -22"><span class='ocrx_word' id='word_1_476' title='bbox 2088 3966 2496 4042; x_wconf 78' lang='grc' dir='ltr'>χρονογράφου,</span> <span class='ocrx_word' id='word_1_477' title='bbox 2554 3965 2856 4041; x_wconf 71' lang='grc' dir='ltr'>συγγραφὲν</span> <span class='ocrx_word' id='word_1_478' title='bbox 2916 3968 3041 4042; x_wconf 83' lang='grc' dir='ltr'>παρ’</span> <span class='ocrx_word' id='word_1_479' title='bbox 3102 3967 3286 4024; x_wconf 77' lang='grc' dir='ltr'>αὐτοῦ·</span> <span class='ocrx_word' id='word_1_480' title='bbox 3338 3969 3421 4025; x_wconf 79' lang='grc' dir='ltr'>ὅτι</span> <span class='ocrx_word' id='word_1_481' title='bbox 3490 3969 3541 4025; x_wconf 83' lang='grc' dir='ltr'>ἐν</span> <span class='ocrx_word' id='word_1_482' title='bbox 3607 3970 3741 4043; x_wconf 72' lang='grc' dir='ltr'>μηνὶ</span> 
     </span>
    </p>
   </div>
   <div class='ocr_carea' id='block_1_66' title="bbox 2086 4053 3743 4135">
    <p class='ocr_par' dir='ltr' id='par_1_66' title="bbox 2086 4053 3743 4135">
     <span class='ocr_line' id='line_1_66' title="bbox 2086 4053 3743 4135; baseline 0.005 -28"><span class='ocrx_word' id='word_1_483' title='bbox 2086 4058 2167 4126; x_wconf 77' lang='grc' dir='ltr'>τῷ</span> <span class='ocrx_word' id='word_1_484' title='bbox 2198 4060 2236 4122; x_wconf 73' lang='grc' dir='ltr'><strong>ζ’</strong></span> <span class='ocrx_word' id='word_1_485' title='bbox 2266 4053 2318 4109; x_wconf 79' lang='grc' dir='ltr'><strong>ἐν</strong></span> <span class='ocrx_word' id='word_1_486' title='bbox 2347 4058 2414 4128; x_wconf 77' lang='grc' dir='ltr'>τῇ</span> <span class='ocrx_word' id='word_1_487' title='bbox 2448 4055 2609 4128; x_wconf 67' lang='grc' dir='ltr'>ἑορτῇ</span> <span class='ocrx_word' id='word_1_488' title='bbox 2638 4062 2740 4123; x_wconf 82' lang='grc' dir='ltr'>τῆς</span> <span class='ocrx_word' id='word_1_489' title='bbox 2773 4057 3214 4132; x_wconf 81' lang='grc' dir='ltr'>Σκηνοπηγείας,</span> <span class='ocrx_word' id='word_1_490' title='bbox 3266 4059 3343 4123; x_wconf 68' lang='grc' dir='ltr'>εἷς</span> <span class='ocrx_word' id='word_1_491' title='bbox 3396 4060 3495 4128; x_wconf 72' lang='grc' dir='ltr'>τὴν</span> <span class='ocrx_word' id='word_1_492' title='bbox 3526 4058 3743 4135; x_wconf 79' lang='grc' dir='ltr'>ἡμὲραν</span> 
     </span>
    </p>
   </div>
   <div class='ocr_carea' id='block_1_67' title="bbox 2086 4142 3741 4219">
    <p class='ocr_par' dir='ltr' id='par_1_67' title="bbox 2086 4142 3741 4219">
     <span class='ocr_line' id='line_1_67' title="bbox 2086 4142 3741 4219; baseline 0.005 -23"><span class='ocrx_word' id='word_1_493' title='bbox 2086 4147 2184 4197; x_wconf 78' lang='grc' dir='ltr'>τοῦ</span> <span class='ocrx_word' id='word_1_494' title='bbox 2214 4142 2475 4216; x_wconf 74' lang='grc' dir='ltr'>ἱλασμοῦ,</span> <span class='ocrx_word' id='word_1_495' title='bbox 2509 4142 2665 4219; x_wconf 75' lang='grc' dir='ltr'>ὤφθη</span> <span class='ocrx_word' id='word_1_496' title='bbox 2698 4144 2726 4198; x_wconf 88' lang='lat'><strong>6</strong></span> <span class='ocrx_word' id='word_1_497' title='bbox 2755 4144 2990 4219; x_wconf 70' lang='grc' dir='ltr'>ἅγγελος</span> <span class='ocrx_word' id='word_1_498' title='bbox 3016 4151 3114 4201; x_wconf 82' lang='grc' dir='ltr'>τοῦ</span> <span class='ocrx_word' id='word_1_499' title='bbox 3171 4152 3325 4215; x_wconf 82' lang='grc' dir='ltr'>Θεοῦ,</span> <span class='ocrx_word' id='word_1_500' title='bbox 3383 4148 3475 4203; x_wconf 82' lang='grc' dir='ltr'>καὶ</span> <span class='ocrx_word' id='word_1_501' title='bbox 3527 4170 3741 4215; x_wconf 78' lang='grc' dir='ltr'>κώφω-</span> 
     </span>
    </p>
   </div>
   <div class='ocr_carea' id='block_1_68' title="bbox 2092 4230 3739 4313">
    <p class='ocr_par' dir='ltr' id='par_1_68' title="bbox 2092 4230 3739 4313">
     <span class='ocr_line' id='line_1_68' title="bbox 2092 4230 3739 4313; baseline 0.005 -26"><span class='ocrx_word' id='word_1_502' title='bbox 2092 4235 2202 4299; x_wconf 75' lang='grc' dir='ltr'>οεῖς</span> <span class='ocrx_word' id='word_1_503' title='bbox 2232 4234 2260 4288; x_wconf 88' lang='lat'><strong>6</strong></span> <span class='ocrx_word' id='word_1_504' title='bbox 2286 4232 2460 4308; x_wconf 70' lang='grc' dir='ltr'>ἱερεὺς</span> <span class='ocrx_word' id='word_1_505' title='bbox 2494 4230 2759 4308; x_wconf 71' lang='grc' dir='ltr'>διέμεινεν</span> <span class='ocrx_word' id='word_1_506' title='bbox 2790 4232 3017 4308; x_wconf 79' lang='grc' dir='ltr'>ἃλαλος,</span> <span class='ocrx_word' id='word_1_507' title='bbox 3053 4233 3157 4300; x_wconf 70' lang='grc' dir='ltr'>’ἕως</span> <span class='ocrx_word' id='word_1_508' title='bbox 3191 4238 3252 4293; x_wconf 76' lang='grc' dir='ltr'>οὗ</span> <span class='ocrx_word' id='word_1_509' title='bbox 3301 4234 3474 4294; x_wconf 76' lang='grc' dir='ltr'>ἔτεκεν</span> <span class='ocrx_word' id='word_1_510' title='bbox 3532 4240 3567 4310; x_wconf 80' lang='grc' dir='ltr'>ἡ</span> <span class='ocrx_word' id='word_1_511' title='bbox 3600 4242 3739 4313; x_wconf 84' lang='grc' dir='ltr'><strong>γυνή</strong></span> 
     </span>
    </p>
   </div>
   <div class='ocr_carea' id='block_1_69' title="bbox 2091 4316 3162 4400">
    <p class='ocr_par' dir='ltr' id='par_1_69' title="bbox 2091 4316 3162 4400">
     <span class='ocr_line' id='line_1_69' title="bbox 2091 4316 3162 4400; baseline 0 -23"><span class='ocrx_word' id='word_1_512' title='bbox 2091 4321 2255 4378; x_wconf 74' lang='grc' dir='ltr'>αὐτοῦ</span> <span class='ocrx_word' id='word_1_513' title='bbox 2288 4316 2574 4378; x_wconf 73' lang='grc' dir='ltr'>Ἐλισάὸετ</span> <span class='ocrx_word' id='word_1_514' title='bbox 2604 4320 2657 4377; x_wconf 70' lang='grc' dir='ltr'><strong>ἐι</strong></span> <span class='ocrx_word' id='word_1_515' title='bbox 2688 4324 2830 4399; x_wconf 72' lang='grc' dir='ltr'>γήρῃ</span> <span class='ocrx_word' id='word_1_516' title='bbox 2862 4325 2923 4397; x_wconf 89' lang='lat'><strong>[1.</strong></span> <span class='ocrx_word' id='word_1_517' title='bbox 2963 4323 3162 4400; x_wconf 73' lang='grc' dir='ltr'>γήρει],</span> 
     </span>
    </p>
   </div>
   <div class='ocr_carea' id='block_1_70' title="bbox 419 4541 3739 4624">
    <p class='ocr_par' dir='ltr' id='par_1_70' title="bbox 419 4541 3739 4624">
     <span class='ocr_line' id='line_1_70' title="bbox 419 4541 3739 4624; baseline 0.002 -20"><span class='ocrx_word' id='word_1_518' title='bbox 419 4550 575 4605; x_wconf 69' lang='grc'><strong>871</strong></span> <span class='ocrx_word' id='word_1_519' title='bbox 617 4546 772 4604; x_wconf 89' lang='lat' dir='ltr'><strong>Eam</strong></span> <span class='ocrx_word' id='word_1_520' title='bbox 805 4544 1133 4623; x_wconf 86' lang='lat' dir='ltr'><strong>epistolam</strong></span> <span class='ocrx_word' id='word_1_521' title='bbox 1167 4562 1291 4606; x_wconf 91' lang='lat' dir='ltr'><strong>non</strong></span> <span class='ocrx_word' id='word_1_522' title='bbox 1326 4545 1580 4624; x_wconf 75' lang='lat' dir='ltr'><strong>Cyrillo,</strong></span> <span class='ocrx_word' id='word_1_523' title='bbox 1629 4547 1736 4607; x_wconf 93' lang='lat' dir='ltr'><strong>sed</strong></span> <span class='ocrx_word' id='word_1_524' title='bbox 1785 4544 2073 4608; x_wconf 90' lang='lat' dir='ltr'><strong>Juvenali</strong></span> <span class='ocrx_word' id='word_1_525' title='bbox 2109 4545 2325 4607; x_wconf 88' lang='lat' dir='ltr'><strong>tribuit</strong></span> <span class='ocrx_word' id='word_1_526' title='bbox 2355 4549 2574 4607; x_wconf 87' lang='lat' dir='ltr'><strong>auctor</strong></span> <span class='ocrx_word' id='word_1_527' title='bbox 2618 4543 2832 4624; x_wconf 85' lang='lat' dir='ltr'><strong>scripti</strong></span> <span class='ocrx_word' id='word_1_528' title='bbox 2862 4543 2926 4604; x_wconf 91' lang='lat' dir='ltr'><strong>in</strong></span> <span class='ocrx_word' id='word_1_529' title='bbox 2958 4541 3118 4605; x_wconf 90' lang='lat' dir='ltr'><strong>Bibl.</strong></span> <span class='ocrx_word' id='word_1_530' title='bbox 3175 4546 3331 4623; x_wconf 81' lang='lat' dir='ltr'><strong>Reg.</strong></span> <span class='ocrx_word' id='word_1_531' title='bbox 3365 4546 3519 4607; x_wconf 91' lang='lat' dir='ltr'><strong>Cod.</strong></span> <span class='ocrx_word' id='word_1_532' title='bbox 3554 4547 3739 4622; x_wconf 67' lang='lat'><strong>2428,</strong></span> 
     </span>
    </p>
   </div>
   <div class='ocr_carea' id='block_1_71' title="bbox 335 4621 1978 4706">
    <p class='ocr_par' dir='ltr' id='par_1_71' title="bbox 335 4621 1978 4706">
     <span class='ocr_line' id='line_1_71' title="bbox 335 4621 1978 4706; baseline 0.001 -20"><span class='ocrx_word' id='word_1_533' title='bbox 335 4624 445 4706; x_wconf 80' lang='lat' dir='ltr'><strong>fol.</strong></span> <span class='ocrx_word' id='word_1_534' title='bbox 483 4624 620 4698; x_wconf 88' lang='lat'><strong>120,</strong></span> <span class='ocrx_word' id='word_1_535' title='bbox 680 4624 780 4685; x_wconf 90' lang='lat' dir='ltr'><strong>cui</strong></span> <span class='ocrx_word' id='word_1_536' title='bbox 808 4621 1024 4687; x_wconf 81' lang='lat' dir='ltr'><strong>titulus</strong></span> <span class='ocrx_word' id='word_1_537' title='bbox 1053 4644 1067 4685; x_wconf 89' lang='lat'><strong>:</strong></span> <span class='ocrx_word' id='word_1_538' title='bbox 1100 4621 1398 4698; x_wconf 76' lang='grc' dir='ltr'>Ἀναγκαίᾶ</span> <span class='ocrx_word' id='word_1_539' title='bbox 1429 4621 1703 4699; x_wconf 74' lang='grc' dir='ltr'>διήγησις,</span> <span class='ocrx_word' id='word_1_540' title='bbox 1760 4626 1978 4689; x_wconf 58' lang='grc' dir='ltr'><strong>Νθσρεςη</strong></span> 
     </span>
    </p>
   </div>
   <div class='ocr_carea' id='block_1_72' title="bbox 2089 4621 3744 4706">
    <p class='ocr_par' dir='ltr' id='par_1_72' title="bbox 2089 4621 3744 4706">
     <span class='ocr_line' id='line_1_72' title="bbox 2089 4621 3744 4706; baseline 0.002 -19"><span class='ocrx_word' id='word_1_541' title='bbox 2089 4647 2120 4688; x_wconf 83' lang='grc' dir='ltr'><strong>α</strong></span> <span class='ocrx_word' id='word_1_542' title='bbox 2150 4628 2450 4686; x_wconf 73' lang='lat' dir='ltr'><strong>nan-alio.</strong></span> <span class='ocrx_word' id='word_1_543' title='bbox 2489 4621 2759 4706; x_wconf 69' lang='lat' dir='ltr'><strong>Editum</strong></span> <span class='ocrx_word' id='word_1_544' title='bbox 2793 4631 2886 4685; x_wconf 91' lang='lat' dir='ltr'><strong>est</strong></span> <span class='ocrx_word' id='word_1_545' title='bbox 2943 4644 2979 4706; x_wconf 70' lang='grc' dir='ltr'><strong>ιι</strong></span> <span class='ocrx_word' id='word_1_546' title='bbox 3006 4621 3314 4686; x_wconf 81' lang='lat' dir='ltr'><strong>Cotelerio</strong></span> <span class='ocrx_word' id='word_1_547' title='bbox 3367 4627 3432 4687; x_wconf 89' lang='lat' dir='ltr'><strong>in</strong></span> <span class='ocrx_word' id='word_1_548' title='bbox 3462 4628 3631 4706; x_wconf 77' lang='lat' dir='ltr'><strong>notis</strong></span> <span class='ocrx_word' id='word_1_549' title='bbox 3660 4621 3744 4691; x_wconf 88' lang='lat' dir='ltr'><strong>ad</strong></span> 
     </span>
    </p>
   </div>
   <div class='ocr_carea' id='block_1_73' title="bbox 342 4704 3053 4787">
    <p class='ocr_par' dir='ltr' id='par_1_73' title="bbox 342 4704 3053 4787">
     <span class='ocr_line' id='line_1_73' title="bbox 342 4704 3053 4787; baseline -0.001 -19"><span class='ocrx_word' id='word_1_550' title='bbox 342 4705 597 4768; x_wconf 76' lang='lat' dir='ltr'><strong>Comm.</strong></span> <span class='ocrx_word' id='word_1_551' title='bbox 629 4713 818 4786; x_wconf 75' lang='lat' dir='ltr'><strong>apost.</strong></span> <span class='ocrx_word' id='word_1_552' title='bbox 842 4706 953 4768; x_wconf 88' lang='lat' dir='ltr'><strong>lib.</strong></span> <span class='ocrx_word' id='word_1_553' title='bbox 984 4725 1045 4782; x_wconf 91' lang='lat' dir='ltr'><strong>v,</strong></span> <span class='ocrx_word' id='word_1_554' title='bbox 1080 4724 1223 4787; x_wconf 85' lang='lat' dir='ltr'><strong>cap.</strong></span> <span class='ocrx_word' id='word_1_555' title='bbox 1255 4709 1350 4781; x_wconf 86' lang='grc'><strong>13,</strong></span> <span class='ocrx_word' id='word_1_556' title='bbox 1387 4725 1448 4786; x_wconf 91' lang='lat' dir='ltr'><strong>p.</strong></span> <span class='ocrx_word' id='word_1_557' title='bbox 1481 4706 1620 4780; x_wconf 77' lang='lat'><strong>234,</strong></span> <span class='ocrx_word' id='word_1_558' title='bbox 1656 4726 1733 4768; x_wconf 88' lang='lat' dir='ltr'><strong>ex</strong></span> <span class='ocrx_word' id='word_1_559' title='bbox 1763 4709 1902 4769; x_wconf 91' lang='lat' dir='ltr'><strong>cod.</strong></span> <span class='ocrx_word' id='word_1_560' title='bbox 1938 4707 2096 4769; x_wconf 89' lang='lat' dir='ltr'><strong>Bibl.</strong></span> <span class='ocrx_word' id='word_1_561' title='bbox 2131 4712 2288 4786; x_wconf 84' lang='lat' dir='ltr'><strong>Reg.</strong></span> <span class='ocrx_word' id='word_1_562' title='bbox 2326 4713 2473 4767; x_wconf 84' lang='lat' dir='ltr'><strong>tunc</strong></span> <span class='ocrx_word' id='word_1_563' title='bbox 2505 4705 2644 4778; x_wconf 87' lang='lat'>696,</span> <span class='ocrx_word' id='word_1_564' title='bbox 2678 4723 2844 4766; x_wconf 90' lang='lat' dir='ltr'><strong>nunc</strong></span> <span class='ocrx_word' id='word_1_565' title='bbox 2874 4704 3053 4765; x_wconf 75' lang='lat'><strong>2428.</strong></span> 
     </span>
    </p>
   </div>
   <div class='ocr_carea' id='block_1_74' title="bbox 413 4831 2061 4905">
    <p class='ocr_par' dir='ltr' id='par_1_74' title="bbox 413 4831 2061 4905">
     <span class='ocr_line' id='line_1_74' title="bbox 413 4831 2061 4905; baseline 0.001 -17"><span class='ocrx_word' id='word_1_566' title='bbox 413 4831 659 4904; x_wconf 91' lang='lat' dir='ltr'><strong>Scripsit</strong></span> <span class='ocrx_word' id='word_1_567' title='bbox 687 4837 887 4890; x_wconf 85' lang='lat' dir='ltr'><strong>autem</strong></span> <span class='ocrx_word' id='word_1_568' title='bbox 909 4832 1247 4905; x_wconf 89' lang='lat' dir='ltr'><strong>patriarcha</strong></span> <span class='ocrx_word' id='word_1_569' title='bbox 1285 4832 1858 4905; x_wconf 87' lang='lat' dir='ltr'><strong>Hierosolymitanus</strong></span> <span class='ocrx_word' id='word_1_570' title='bbox 1886 4834 1981 4890; x_wconf 86' lang='lat' dir='ltr'><strong>Ju-</strong></span> <span class='ocrx_word' id='word_1_571' title='bbox 2017 4834 2061 4902; x_wconf 85' lang='lat' dir='ltr'>C</span> 
     </span>
    </p>
   </div>
   <div class='ocr_carea' id='block_1_75' title="bbox 337 4921 1983 4993">
    <p class='ocr_par' dir='ltr' id='par_1_75' title="bbox 337 4921 1983 4993">
     <span class='ocr_line' id='line_1_75' title="bbox 337 4921 1983 4993; baseline 0.001 -17"><span class='ocrx_word' id='word_1_572' title='bbox 337 4921 565 4977; x_wconf 87' lang='lat' dir='ltr'><strong>venalis</strong></span> <span class='ocrx_word' id='word_1_573' title='bbox 576 4922 649 4977; x_wconf 85' lang='lat' dir='ltr'><strong>ad</strong></span> <span class='ocrx_word' id='word_1_574' title='bbox 679 4922 1078 4993; x_wconf 86' lang='lat' dir='ltr'><strong>patriarcham</strong></span> <span class='ocrx_word' id='word_1_575' title='bbox 1101 4925 1436 4979; x_wconf 84' lang='lat' dir='ltr'><strong>Romanum</strong></span> <span class='ocrx_word' id='word_1_576' title='bbox 1464 4923 1684 4979; x_wconf 86' lang='lat' dir='ltr'><strong>Julium</strong></span> <span class='ocrx_word' id='word_1_577' title='bbox 1706 4940 1775 4979; x_wconf 90' lang='lat' dir='ltr'><strong>ea</strong></span> <span class='ocrx_word' id='word_1_578' title='bbox 1796 4923 1867 4979; x_wconf 92' lang='lat' dir='ltr'><strong>de</strong></span> <span class='ocrx_word' id='word_1_579' title='bbox 1889 4940 1983 4979; x_wconf 88' lang='lat' dir='ltr'><strong>re:</strong></span> 
     </span>
    </p>
   </div>
   <div class='ocr_carea' id='block_1_76' title="bbox 344 5010 1988 5083">
    <p class='ocr_par' dir='ltr' id='par_1_76' title="bbox 344 5010 1988 5083">
     <span class='ocr_line' id='line_1_76' title="bbox 344 5010 1988 5083; baseline 0.005 -22"><span class='ocrx_word' id='word_1_580' title='bbox 344 5031 371 5061; x_wconf 83' lang='lat'>«</span> <span class='ocrx_word' id='word_1_581' title='bbox 392 5010 525 5067; x_wconf 87' lang='lat' dir='ltr'><strong>Non</strong></span> <span class='ocrx_word' id='word_1_582' title='bbox 537 5027 781 5083; x_wconf 88' lang='lat' dir='ltr'><strong>possum</strong></span> <span class='ocrx_word' id='word_1_583' title='bbox 800 5028 920 5068; x_wconf 89' lang='lat' dir='ltr'><strong>una</strong></span> <span class='ocrx_word' id='word_1_584' title='bbox 939 5011 1035 5068; x_wconf 88' lang='lat' dir='ltr'><strong>die</strong></span> <span class='ocrx_word' id='word_1_585' title='bbox 1056 5012 1325 5068; x_wconf 86' lang='lat' dir='ltr'><strong>conferre</strong></span> <span class='ocrx_word' id='word_1_586' title='bbox 1348 5028 1442 5067; x_wconf 91' lang='lat' dir='ltr'><strong>me</strong></span> <span class='ocrx_word' id='word_1_587' title='bbox 1461 5011 1535 5068; x_wconf 90' lang='lat' dir='ltr'><strong>ad</strong></span> <span class='ocrx_word' id='word_1_588' title='bbox 1552 5012 1898 5069; x_wconf 88' lang='lat' dir='ltr'><strong>Bethlehem</strong></span> <span class='ocrx_word' id='word_1_589' title='bbox 1929 5018 1988 5069; x_wconf 92' lang='lat' dir='ltr'><strong>et</strong></span> 
     </span>
    </p>
   </div>
   <div class='ocr_carea' id='block_1_77' title="bbox 343 5099 1983 5160">
    <p class='ocr_par' dir='ltr' id='par_1_77' title="bbox 343 5099 1983 5160">
     <span class='ocr_line' id='line_1_77' title="bbox 343 5099 1983 5160; baseline 0.004 -8"><span class='ocrx_word' id='word_1_590' title='bbox 343 5122 371 5150; x_wconf 88' lang='grc'><strong>‹‹</strong></span> <span class='ocrx_word' id='word_1_591' title='bbox 398 5099 472 5155; x_wconf 91' lang='lat' dir='ltr'><strong>ad</strong></span> <span class='ocrx_word' id='word_1_592' title='bbox 500 5101 834 5160; x_wconf 80' lang='lat' dir='ltr'><strong>Iordanem.</strong></span> <span class='ocrx_word' id='word_1_593' title='bbox 867 5104 1100 5159; x_wconf 89' lang='lat' dir='ltr'><strong>Etenim</strong></span> <span class='ocrx_word' id='word_1_594' title='bbox 1163 5102 1438 5158; x_wconf 83' lang='lat' dir='ltr'><strong>Jordanis</strong></span> <span class='ocrx_word' id='word_1_595' title='bbox 1496 5102 1679 5159; x_wconf 88' lang='lat' dir='ltr'><strong>distat</strong></span> <span class='ocrx_word' id='word_1_596' title='bbox 1707 5103 1778 5158; x_wconf 88' lang='lat' dir='ltr'><strong>ab</strong></span> <span class='ocrx_word' id='word_1_597' title='bbox 1840 5103 1983 5159; x_wconf 90' lang='lat' dir='ltr'><strong>urbe</strong></span> 
     </span>
    </p>
   </div>
   <div class='ocr_carea' id='block_1_78' title="bbox 410 5269 1674 5346">
    <p class='ocr_par' dir='ltr' id='par_1_78' title="bbox 410 5269 1674 5346">
     <span class='ocr_line' id='line_1_78' title="bbox 410 5269 1674 5346; baseline 0 -22"><span class='ocrx_word' id='word_1_598' title='bbox 522 5269 915 5346; x_wconf 65' lang='lat' dir='ltr'><strong>pombeﬂsius</strong></span> <span class='ocrx_word' id='word_1_599' title='bbox 944 5272 1056 5346; x_wconf 80' lang='lat' dir='ltr'><strong>legi</strong></span> <span class='ocrx_word' id='word_1_600' title='bbox 1090 5272 1227 5346; x_wconf 74' lang='lat' dir='ltr'><strong>vult,</strong></span> <span class='ocrx_word' id='word_1_601' title='bbox 1252 5269 1361 5346; x_wconf 76' lang='grc' dir='ltr'>οὐχ</span> <span class='ocrx_word' id='word_1_602' title='bbox 1390 5271 1417 5325; x_wconf 85' lang='grc' dir='ltr'><strong>ὁ</strong></span> <span class='ocrx_word' id='word_1_603' title='bbox 1445 5271 1674 5345; x_wconf 70' lang='grc' dir='ltr'>γρᾶψας.</span> 
     </span>
    </p>
   </div>
   <div class='ocr_carea' id='block_1_79' title="bbox 413 5335 1979 5421">
    <p class='ocr_par' dir='ltr' id='par_1_79' title="bbox 413 5335 1979 5421">
     <span class='ocr_line' id='line_1_79' title="bbox 413 5335 1979 5421; baseline 0.004 -28"><span class='ocrx_word' id='word_1_604' title='bbox 515 5341 881 5421; x_wconf 67' lang='lat' dir='ltr'><strong>_chendum,</strong></span> <span class='ocrx_word' id='word_1_605' title='bbox 915 5335 1658 5421; x_wconf 39' lang='lat' dir='ltr'><strong>KwieuvtitpL&#39;C‘ons&#39;t&#39;an&#39;tio.</strong></span> <span class='ocrx_word' id='word_1_606' title='bbox 1695 5347 1839 5421; x_wconf 81' lang='lat' dir='ltr'><strong>Nam</strong></span> <span class='ocrx_word' id='word_1_607' title='bbox 1891 5345 1979 5399; x_wconf 88' lang='lat' dir='ltr'><strong>in-</strong></span> 
     </span>
    </p>
   </div>
   <div class='ocr_carea' id='block_1_80' title="bbox 344 5410 1983 5488">
    <p class='ocr_par' dir='ltr' id='par_1_80' title="bbox 344 5410 1983 5488">
     <span class='ocr_line' id='line_1_80' title="bbox 344 5410 1983 5488; baseline 0.004 -22"><span class='ocrx_word' id='word_1_608' title='bbox 344 5410 559 5488; x_wconf 70' lang='lat' dir='ltr'><strong>telligit</strong></span> <span class='ocrx_word' id='word_1_609' title='bbox 588 5410 715 5488; x_wconf 82' lang='lat' dir='ltr'><strong>sine</strong></span> <span class='ocrx_word' id='word_1_610' title='bbox 744 5413 922 5469; x_wconf 88' lang='lat' dir='ltr'><strong>dubio</strong></span> <span class='ocrx_word' id='word_1_611' title='bbox 954 5410 1266 5488; x_wconf 85' lang='lat' dir='ltr'><strong>epistolam</strong></span> <span class='ocrx_word' id='word_1_612' title='bbox 1280 5410 1567 5488; x_wconf 15' lang='lat' dir='ltr'><strong>Vdecrucis</strong></span> <span class='ocrx_word' id='word_1_613' title='bbox 1589 5417 1983 5488; x_wconf 87' lang='lat' dir='ltr'><strong>apparitione.</strong></span> 
     </span>
    </p>
   </div>
   <div class='ocr_carea' id='block_1_81' title="bbox 419 5483 1987 5561">
    <p class='ocr_par' dir='ltr' id='par_1_81' title="bbox 419 5483 1987 5561">
     <span class='ocr_line' id='line_1_81' title="bbox 419 5483 1987 5561; baseline 0.004 -24"><span class='ocrx_word' id='word_1_614' title='bbox 529 5483 745 5561; x_wconf 64' lang='lat' dir='ltr'><strong>Su_ppl_e</strong></span> <span class='ocrx_word' id='word_1_615' title='bbox 772 5500 840 5561; x_wconf 59' lang='grc' dir='ltr'>εξ</span> <span class='ocrx_word' id='word_1_616' title='bbox 870 5483 1415 5561; x_wconf 45' lang='grc' dir='ltr'>ξοισίρῐο-Ἀναγκαία</span> <span class='ocrx_word' id='word_1_617' title='bbox 1444 5483 1642 5561; x_wconf 53' lang='grc' dir='ltr'>διήγη-</span> <span class='ocrx_word' id='word_1_618' title='bbox 1667 5483 1987 5561; x_wconf 14' lang='grc' dir='ltr'>’θῐοηίὶιωο</span> 
     </span>
    </p>
   </div>
   <div class='ocr_carea' id='block_1_82' title="bbox 342 5551 1987 5685">
    <p class='ocr_par' dir='ltr' id='par_1_82' title="bbox 342 5551 1987 5685">
     <span class='ocr_line' id='line_1_82' title="bbox 342 5551 1987 5634; baseline 0.002 -25"><span class='ocrx_word' id='word_1_619' title='bbox 342 5551 538 5621; x_wconf 75' lang='lat' dir='ltr'><strong>verba,</strong></span> <span class='ocrx_word' id='word_1_620' title='bbox 564 5551 668 5615; x_wconf 50' lang='grc' dir='ltr'><strong>εἷς</strong></span> <span class='ocrx_word' id='word_1_621' title='bbox 695 5551 966 5627; x_wconf 65' lang='grc' dir='ltr'>Βηθλεέμ,</span> <span class='ocrx_word' id='word_1_622' title='bbox 990 5551 1115 5612; x_wconf 64' lang='grc' dir='ltr'>’νει</span> <span class='ocrx_word' id='word_1_623' title='bbox 1162 5558 1238 5620; x_wconf 70' lang='grc' dir='ltr'>εἷς</span> <span class='ocrx_word' id='word_1_624' title='bbox 1267 5551 1462 5613; x_wconf 77' lang='grc' dir='ltr'><strong>¹τόπον</strong></span> <span class='ocrx_word' id='word_1_625' title='bbox 1680 5551 1987 5634; x_wconf 77' lang='grc' dir='ltr'>γεννήσεως</span> 
     </span>
     <span class='ocr_line' id='line_1_83' title="bbox 342 5624 711 5685; baseline -0.011 0"><span class='ocrx_word' id='word_1_626' title='bbox 342 5627 581 5685; x_wconf 79' lang='grc' dir='ltr'>Χριστοῦ</span> <span class='ocrx_word' id='word_1_627' title='bbox 601 5624 711 5682; x_wconf 79' lang='grc' dir='ltr'>καί.</span> 
     </span>
    </p>
   </div>
   <div class='ocr_carea' id='block_1_83' title="bbox 434 5645 711 5682">
    <p class='ocr_par' dir='ltr' id='par_1_83' title="bbox 434 5645 711 5682">
     <span class='ocr_line' id='line_1_84' title="bbox 434 5645 711 5682; baseline 0 -1"><span class='ocrx_word' id='word_1_628' title='bbox 434 5646 581 5682; x_wconf 86' lang='grc' dir='ltr'>ιστου</span> <span class='ocrx_word' id='word_1_629' title='bbox 601 5645 711 5682; x_wconf 80' lang='grc' dir='ltr'>και.</span> 
     </span>
    </p>
   </div>
   <div class='ocr_carea' id='block_1_84' title="bbox 394 5644 1982 5778">
    <p class='ocr_par' dir='ltr' id='par_1_84' title="bbox 394 5644 1982 5778">
     <span class='ocr_line' id='line_1_85' title="bbox 394 5644 1982 5778; baseline 0.001 -22"><span class='ocrx_word' id='word_1_630' title='bbox 601 5644 826 5759; x_wconf 42' lang='lat' dir='ltr'><strong>litteris</strong></span> <span class='ocrx_word' id='word_1_631' title='bbox 857 5699 1069 5757; x_wconf 89' lang='lat' dir='ltr'><strong>iisdem</strong></span> <span class='ocrx_word' id='word_1_632' title='bbox 1100 5699 1208 5757; x_wconf 86' lang='lat' dir='ltr'><strong>sub</strong></span> <span class='ocrx_word' id='word_1_633' title='bbox 1228 5701 1472 5758; x_wconf 91' lang='lat' dir='ltr'><strong>nomine</strong></span> <span class='ocrx_word' id='word_1_634' title='bbox 1500 5701 1982 5775; x_wconf 87' lang='lat' dir='ltr'><strong>Juvenalisponi-</strong></span> 
     </span>
    </p>
   </div>
   <div class='ocr_carea' id='block_1_85' title="bbox 2162 4826 3745 4909">
    <p class='ocr_par' dir='ltr' id='par_1_85' title="bbox 2162 4826 3745 4909">
     <span class='ocr_line' id='line_1_86' title="bbox 2162 4826 3745 4909; baseline 0.002 -22"><span class='ocrx_word' id='word_1_635' title='bbox 2162 4829 2405 4906; x_wconf 81' lang='grc' dir='ltr'>Ἔγραψε</span> <span class='ocrx_word' id='word_1_636' title='bbox 2436 4827 2493 4886; x_wconf 70' lang='grc' dir='ltr'><strong>δὲ</strong></span> <span class='ocrx_word' id='word_1_637' title='bbox 2523 4832 2551 4885; x_wconf 87' lang='grc' dir='ltr'>ὁ</span> <span class='ocrx_word' id='word_1_638' title='bbox 2608 4830 2957 4909; x_wconf 78' lang='grc' dir='ltr'>πατριάρχης</span> <span class='ocrx_word' id='word_1_639' title='bbox 3010 4829 3409 4908; x_wconf 78' lang='grc' dir='ltr'>Ἰεροσολύμων</span> <span class='ocrx_word' id='word_1_640' title='bbox 3471 4835 3499 4888; x_wconf 88' lang='grc' dir='ltr'><strong>ὁ</strong></span> <span class='ocrx_word' id='word_1_641' title='bbox 3533 4826 3745 4892; x_wconf 75' lang='grc' dir='ltr'>Ἰουϐε-</span> 
     </span>
    </p>
   </div>
   <div class='ocr_carea' id='block_1_86' title="bbox 2094 4918 3746 5000">
    <p class='ocr_par' dir='ltr' id='par_1_86' title="bbox 2094 4918 3746 5000">
     <span class='ocr_line' id='line_1_87' title="bbox 2094 4918 3746 5000; baseline 0.003 -25"><span class='ocrx_word' id='word_1_642' title='bbox 2094 4918 2286 4983; x_wconf 76' lang='grc' dir='ltr'>νάλιος</span> <span class='ocrx_word' id='word_1_643' title='bbox 2314 4922 2392 4992; x_wconf 81' lang='grc' dir='ltr'>τῷ</span> <span class='ocrx_word' id='word_1_644' title='bbox 2423 4921 2738 4997; x_wconf 75' lang='grc' dir='ltr'>πατριάρχῃ</span> <span class='ocrx_word' id='word_1_645' title='bbox 2759 4924 2835 4996; x_wconf 88' lang='grc'><strong>(6)</strong></span> <span class='ocrx_word' id='word_1_646' title='bbox 2883 4921 3102 4996; x_wconf 81' lang='grc' dir='ltr'>Ῥώμης</span> <span class='ocrx_word' id='word_1_647' title='bbox 3161 4921 3380 4996; x_wconf 80' lang='grc' dir='ltr'>Ἰουλίῳ</span> <span class='ocrx_word' id='word_1_648' title='bbox 3435 4925 3559 5000; x_wconf 86' lang='grc' dir='ltr'>περί</span> <span class='ocrx_word' id='word_1_649' title='bbox 3614 4924 3746 4980; x_wconf 82' lang='grc' dir='ltr'>τού-</span> 
     </span>
    </p>
   </div>
   <div class='ocr_carea' id='block_1_87' title="bbox 2092 5007 3744 5088">
    <p class='ocr_par' dir='ltr' id='par_1_87' title="bbox 2092 5007 3744 5088">
     <span class='ocr_line' id='line_1_88' title="bbox 2092 5007 3744 5088; baseline 0.001 -22"><span class='ocrx_word' id='word_1_650' title='bbox 2092 5032 2211 5080; x_wconf 86' lang='grc' dir='ltr'>του,</span> <span class='ocrx_word' id='word_1_651' title='bbox 2261 5009 2343 5066; x_wconf 79' lang='grc' dir='ltr'>ὅτι</span> <span class='ocrx_word' id='word_1_652' title='bbox 2394 5010 2472 5069; x_wconf 79' lang='grc' dir='ltr'><strong>Οὐ</strong></span> <span class='ocrx_word' id='word_1_653' title='bbox 2528 5007 2760 5084; x_wconf 78' lang='grc' dir='ltr'>δύναμαι</span> <span class='ocrx_word' id='word_1_654' title='bbox 2811 5009 2863 5066; x_wconf 80' lang='grc' dir='ltr'><strong>ἐν</strong></span> <span class='ocrx_word' id='word_1_655' title='bbox 2917 5016 3016 5086; x_wconf 82' lang='grc' dir='ltr'>μιᾷ</span> <span class='ocrx_word' id='word_1_656' title='bbox 3070 5009 3255 5088; x_wconf 63' lang='grc' dir='ltr'>ἡμέρᾳ</span> <span class='ocrx_word' id='word_1_657' title='bbox 3311 5013 3610 5080; x_wconf 69' lang='grc' dir='ltr'>ἀπαντῆσαι</span> <span class='ocrx_word' id='word_1_658' title='bbox 3663 5014 3744 5078; x_wconf 83' lang='grc' dir='ltr'>εἷς</span> 
     </span>
    </p>
   </div>
   <div class='ocr_carea' id='block_1_88' title="bbox 2093 5098 3748 5180">
    <p class='ocr_par' dir='ltr' id='par_1_88' title="bbox 2093 5098 3748 5180">
     <span class='ocr_line' id='line_1_89' title="bbox 2093 5098 3748 5180; baseline 0.002 -23"><span class='ocrx_word' id='word_1_659' title='bbox 2093 5099 2371 5174; x_wconf 73' lang='grc' dir='ltr'>Βηθλεὲμ,</span> <span class='ocrx_word' id='word_1_660' title='bbox 2400 5098 2489 5155; x_wconf 81' lang='grc' dir='ltr'><strong>καὶ</strong></span> <span class='ocrx_word' id='word_1_661' title='bbox 2522 5098 2598 5162; x_wconf 74' lang='grc' dir='ltr'><strong>εἰς</strong></span> <span class='ocrx_word' id='word_1_662' title='bbox 2652 5101 2745 5155; x_wconf 88' lang='grc' dir='ltr'><strong>τὸν</strong></span> <span class='ocrx_word' id='word_1_663' title='bbox 2798 5103 2875 5176; x_wconf 80' lang='grc'>(7)</span> <span class='ocrx_word' id='word_1_664' title='bbox 2927 5099 3226 5175; x_wconf 79' lang='grc' dir='ltr'>Ἰορδάνην.</span> <span class='ocrx_word' id='word_1_665' title='bbox 3289 5101 3386 5158; x_wconf 85' lang='grc' dir='ltr'>Καὶ</span> <span class='ocrx_word' id='word_1_666' title='bbox 3440 5104 3544 5180; x_wconf 73' lang='grc' dir='ltr'>γὰρ</span> <span class='ocrx_word' id='word_1_667' title='bbox 3603 5105 3748 5180; x_wconf 82' lang='grc' dir='ltr'>Ἰορ-</span> 
     </span>
    </p>
   </div>
   <div class='ocr_carea' id='block_1_89' title="bbox 2094 5271 3746 5356">
    <p class='ocr_par' dir='ltr' id='par_1_89' title="bbox 2094 5271 3746 5356">
     <span class='ocr_line' id='line_1_90' title="bbox 2094 5271 3746 5356; baseline 0.002 -29"><span class='ocrx_word' id='word_1_668' title='bbox 2094 5278 2207 5356; x_wconf 79' lang='lat' dir='ltr'><strong>tur,</strong></span> <span class='ocrx_word' id='word_1_669' title='bbox 2241 5272 2335 5339; x_wconf 75' lang='grc' dir='ltr'>κε’,</span> <span class='ocrx_word' id='word_1_670' title='bbox 2366 5272 2570 5344; x_wconf 74' lang='lat' dir='ltr'><strong>viginti</strong></span> <span class='ocrx_word' id='word_1_671' title='bbox 2599 5275 2863 5345; x_wconf 82' lang='lat' dir='ltr'><strong>quinque,</strong></span> <span class='ocrx_word' id='word_1_672' title='bbox 2891 5273 3066 5347; x_wconf 77' lang='lat' dir='ltr'><strong>longe</strong></span> <span class='ocrx_word' id='word_1_673' title='bbox 3124 5271 3338 5329; x_wconf 89' lang='lat' dir='ltr'><strong>melius</strong></span> <span class='ocrx_word' id='word_1_674' title='bbox 3395 5273 3598 5331; x_wconf 86' lang='lat' dir='ltr'><strong>habita</strong></span> <span class='ocrx_word' id='word_1_675' title='bbox 3637 5291 3746 5331; x_wconf 85' lang='lat' dir='ltr'><strong>ra-</strong></span> 
     </span>
    </p>
   </div>
   <div class='ocr_carea' id='block_1_90' title="bbox 2096 5351 2725 5401">
    <p class='ocr_par' dir='ltr' id='par_1_90' title="bbox 2096 5351 2725 5401">
     <span class='ocr_line' id='line_1_91' title="bbox 2096 5351 2725 5401; baseline 0.002 -1"><span class='ocrx_word' id='word_1_676' title='bbox 2096 5351 2256 5400; x_wconf 83' lang='lat' dir='ltr'><strong>tione</strong></span> <span class='ocrx_word' id='word_1_677' title='bbox 2288 5361 2725 5401; x_wconf 87' lang='lat' dir='ltr'><strong>mensurarum.</strong></span> 
     </span>
    </p>
   </div>
   <div class='ocr_carea' id='block_1_91' title="bbox 2128 5413 3745 5501">
    <p class='ocr_par' dir='ltr' id='par_1_91' title="bbox 2128 5413 3745 5501">
     <span class='ocr_line' id='line_1_92' title="bbox 2128 5413 3745 5501; baseline -0.005 -29"><span class='ocrx_word' id='word_1_678' title='bbox 2128 5418 2241 5501; x_wconf 55' lang='lat'>”(5)</span> <span class='ocrx_word' id='word_1_679' title='bbox 2269 5418 2335 5471; x_wconf 89' lang='lat' dir='ltr'><strong>In</strong></span> <span class='ocrx_word' id='word_1_680' title='bbox 2376 5417 2589 5473; x_wconf 90' lang='lat' dir='ltr'><strong>litteris</strong></span> <span class='ocrx_word' id='word_1_681' title='bbox 2617 5417 2911 5474; x_wconf 76' lang='lat' dir='ltr'><strong>Iuvenalis</strong></span> <span class='ocrx_word' id='word_1_682' title='bbox 2942 5417 3180 5489; x_wconf 90' lang='lat' dir='ltr'><strong>dicitur,</strong></span> <span class='ocrx_word' id='word_1_683' title='bbox 3215 5415 3372 5490; x_wconf 82' lang='grc' dir='ltr'>μίλια</span> <span class='ocrx_word' id='word_1_684' title='bbox 3390 5413 3465 5489; x_wconf 72' lang='grc' dir='ltr'><strong>ἓξ,</strong></span> <span class='ocrx_word' id='word_1_685' title='bbox 3494 5435 3592 5476; x_wconf 74' lang='lat' dir='ltr'><strong>sea:</strong></span> <span class='ocrx_word' id='word_1_686' title='bbox 3610 5420 3745 5476; x_wconf 75' lang='lat' dir='ltr'><strong>mil.</strong></span> 
     </span>
    </p>
   </div>
   <div class='ocr_carea' id='block_1_92' title="bbox 2096 5489 2679 5633">
    <p class='ocr_par' dir='ltr' id='par_1_92' title="bbox 2096 5489 2679 5633">
     <span class='ocr_line' id='line_1_93' title="bbox 2096 5489 2256 5545; baseline 0 -2"><span class='ocrx_word' id='word_1_687' title='bbox 2096 5489 2256 5545; x_wconf 81' lang='lat' dir='ltr'><strong>libus.</strong></span> 
     </span>
     <span class='ocr_line' id='line_1_94' title="bbox 2166 5560 2679 5633; baseline 0.002 -18"><span class='ocrx_word' id='word_1_688' title='bbox 2166 5561 2244 5633; x_wconf 87' lang='lat'><strong>(6)</strong></span> <span class='ocrx_word' id='word_1_689' title='bbox 2266 5561 2476 5633; x_wconf 87' lang='lat' dir='ltr'><strong>Cotel.,</strong></span> <span class='ocrx_word' id='word_1_690' title='bbox 2506 5560 2679 5633; x_wconf 79' lang='grc' dir='ltr'>πάπα.</span> 
     </span>
    </p>
   </div>
   <div class='ocr_carea' id='block_1_93' title="bbox 2166 5632 2774 5706">
    <p class='ocr_par' dir='ltr' id='par_1_93' title="bbox 2166 5632 2774 5706">
     <span class='ocr_line' id='line_1_95' title="bbox 2166 5632 2774 5706; baseline 0.003 -20"><span class='ocrx_word' id='word_1_691' title='bbox 2166 5632 2243 5706; x_wconf 83' lang='grc'><strong>(7)</strong></span> <span class='ocrx_word' id='word_1_692' title='bbox 2275 5633 2450 5689; x_wconf 88' lang='lat' dir='ltr'><strong>Deest</strong></span> <span class='ocrx_word' id='word_1_693' title='bbox 2475 5632 2567 5687; x_wconf 82' lang='grc' dir='ltr'>τόν</span> <span class='ocrx_word' id='word_1_694' title='bbox 2592 5634 2774 5691; x_wconf 90' lang='lat' dir='ltr'><strong>Cotel.</strong></span> 
     </span>
    </p>
   </div>
  </div>
