4134 6268
348 371 507 431 1217

1453 361 1783 427 JOANNIS
1828 360 2192 424 GRODECII
2234 362 2674 426 PREFATIO.

3602 373 3760 434 1218

346 505 447 560 nis
471 519 651 575 quam
676 502 936 574 spiritus,
961 501 1095 573 plus
1115 499 1234 555 fuci
1259 514 1438 570 quam
1459 497 1583 575 veri
1606 497 1880 575 candoris
1902 497 1999 575 ha-
2029 503 2080 565 Α
2111 514 2351 575 recurre
2380 499 2454 553 ad
2484 499 2742 575 primum
2764 501 3200 575 Scripturarum
3232 503 3471 562 librum.
3498 505 3609 561 Sex
3632 506 3764 563 die-

344 569 732 632 bere'solent'.
756 576 892 639 Quae
914 569 1048 628 vero
1070 588 1140 627 ex
1173 569 1437 642 tempore
1469 569 1827 642 adiproximi
1857 569 2000 642 aedi-

346 648 696 704 ﬁcationem
714 646 775 700 in
791 645 962 700 verbo
979 645 1081 699 Dei
1094 641 1519 699 instruetiones
1541 641 1793 709 ﬁunt,ab
1816 641 2004 712 ipsius

348 718 744 790 inspiratione
800 717 1294 790 proﬁciscuntur,
1338 713 1445 790 qui
1495 713 1680 790 dixit:
1740 715 1861 790 Non
1911 728 2003 767 vos

353 784 485 847 esti-3
506 792 604 861 qui
644 784 970 861 loquimini:
1015 788 1109 861 sed
1146 788 1383 861 Spiritus
1411 787 1590 861 Patris
1610 786 1785 861 rastri
1816 784 2005 861 loque-

351 870 449 917 tur
480 856 538 915 aa
564 856 809 926 vobis“;
867 865 947 923 et,
971 859 1146 915 Nolite
1196 860 1440 926 cogitare
1487 856 1625 926 quid
1656 857 2001 926 loquamini:

342 934 441 988 sed
469 935 529 986 in
560 932 663 986 illa
692 932 828 986 hora
875 931 1100 985 dabitur
1131 930 1281 985 vobis
1323 926 1467 998 quod
1499 926 1807 998 loquamini
1837 926 1901 980 2⁸.
1936 928 2005 981 Et

344 1006 461 1060 hoc
490 1018 756 1086 persaepe
787 1019 898 1056 usu
925 1002 1128 1057 venire
1150 1000 1435 1067 videmus,
1458 1004 1525 1086 ut
1546 999 1755 1086 Optimi
1775 999 2001 1086 quique

344 1069 824 1141 concionatores,
841 1090 975 1129 cum
997 1089 1118 1127 non
1141 1088 1417 1144 perverso
1436 1070 1635 1144 aliquo
1657 1069 1875 1144 studio,
1898 1069 2003 1144 sed

341 1148 467 1204 zelo
502 1148 605 1202 Dei
639 1140 959 1211 ducuntur,
993 1140 1229 1216 quando
1277 1143 1351 1198 ad
1391 1140 1677 1214 populum
1708 1140 1885 1216 verba
1911 1141 2003 1195 fa-

344 1220 533 1291 ciunt,
561 1218 734 1291 longe
756 1213 1525 1291 commodiusplerumque
1557 1230 1736 1284 quam
1767 1213 2005 1291 fuerant

346 1284 640 1357 meditati,
670 1284 855 1344 animi
877 1304 1054 1343 sensa
1078 1284 1593 1356 sui—eloquuntur;
1627 1284 2001 1355 quandoqui-

349 1363 487 1418 dem
522 1378 643 1417 non
667 1361 795 1433 jam
826 1376 952 1433 suo,
987 1360 1090 1415 sed
1134 1359 1355 1430 Spiritu
1387 1357 1487 1411 Dei
1517 1362 1791 1428 aguntur,
1825 1361 1885 1410 et
1914 1357 2000 1433 to-

352 1438 623 1506 quuntur
653 1426 946 1506 sineullo
964 1426 1239 1506 respectu
1277 1426 1671 1506 personarum
1702 1426 2003 1506 magnalia

348 1499 473 1573 Dei,
509 1504 965 1577 proutSpiritus
1010 1499 1119 1577 dat
1168 1499 1368 1577 eloqui
1399 1499 1520 1555 illis
1566 1500 1858 1577 2fiatque
1889 1500 2000 1577 hoc

347 1570 528 1632 etiam
556 1570 775 1648 Cyrillo
807 1574 1145 1648 contigisse,
1179 1570 1314 1648 cum
1338 1570 1796 1648 hascetdivinas
1824 1571 1997 1624 insti-

344 1642 619 1704 tutiones
640 1646 702 1701 in
732 1646 1012 1701 cathedra
1042 1645 1221 1717 Moysi
1253 1644 1467 1699 sedens
1499 1642 1767 1717 dictaret,
1804 1648 1864 1696 et
1893 1658 1996 1712 po-

342 1720 485 1793 pulo
521 1718 782 1793 traderet
828 1714 1383 1793 Hierosolymitano,
1424 1714 1645 1793 certius
1670 1720 1785 1793 est,
1819 1729 1998 1784 quam

343 1785 410 1846 ut
439 1791 698 1846 dubitari
746 1790 952 1860 possit.
1017 1785 1329 1843 Cernimus
1386 1786 1638 1860 enim_in
1670 1785 1782 1860 his,
1816 1801 1997 1860 quam

343 1863 560 1938 plenus
577 1866 705 1938 erat
721 1856 936 1938 divinis
952 1860 1411 1938 eloquiis,q_uam
1432 1857 1706 1938 copiosus
1727 1856 1788 1938 in
1808 1857 1998 1938 proie-
2028 1872 2075 1938 Β

344 1928 551 1989 rendis
581 1933 919 2004 Scripturis,
953 1928 1131 2004 quam
1180 1928 1487 1985 animosus
1511 1928 1999 2004 _in_confuttan‘dis

346 2006 661 2067 haereticis,
684 2000 861 2076 quam
884 2000 1051 2058 fortis
1073 2008 1373 2076 rectorum
1397 2000 1674 2076 Ecclesiae
1694 2000 2001 2076 catholicae

350 2072 1157 2147 dogmatum—propugnatort
1194 2078 1275 2129 Ac
1324 2074 1384 2127 in
1428 2072 1727 2147 prioribus
1758 2072 2000 2147 quidem

351 2142 483 2203 octo
513 2154 570 2202 et
597 2142 803 2203 decem
847 2142 1254 2201 catechesibus
1304 2142 1734 2218 φωίιξξζομξῑνους,
1764 2142 1868 2218 eos
1899 2145 1998 2218 qui

347 2221 574 2275 recenti
608 2219 721 2275 ﬁde
754 2220 814 2273 in
844 2219 1141 2273 Christum
1175 2215 1346 2271 erant
1382 2215 1727 2281 illuminati,
1761 2216 2003 2270 instruit

347 2291 421 2346 de
453 2291 632 2345 rebus
663 2290 737 2345 ad
765 2290 1122 2360 baptismum
1152 2287 1608 2360 pertinentibus.
1638 2292 1696 2340 et
1717 2289 1999 2360 cumpri-

350 2363 477 2443 mis.
494 2362 614 2443 agit
647 2362 720 2416 de
751 2358 1049 2443 agnitione
1078 2358 1324 2443 peccati,
1360 2359 1519 2443 qunod
1551 2374 1799 2440 germen
1829 2358 2001 2443 liberi

351 2430 586 2490 arbitrii
620 2449 749 2488 esse
780 2430 986 2498 docet;
1022 2430 1144 2486 tum
1192 2432 1263 2485 de
1308 2430 1703 2496 confessione,
1733 2446 1863 2500 quae
1894 2431 2000 2486 ba-

350 2506 642 2577 ptismum
697 2504 758 2558 in
808 2504 1025 2558 adultis
1069 2502 1412 2577 praecedere
1451 2500 1717 2556 solebat:
1747 2503 1890 2571 quin
1924 2508 2004 2577 _et

354 2573 718 2631 exorcismos
774 2573 1153 2630 commendat
1208 2574 1552 2645 plurimum,
1590 2578 1855 2645 ettquam
1884 2574 2000 2628 vim

351 2665 509 2719 aqua
526 2646 899 2719 baptismatis
922 2647 1157 2713 habeat,
1183 2644 1461 2719 ostendit.
1483 2644 1704 2719 Deinde
1729 2644 2003 2719 dogmata

350 2716 630 2774 Ecclesiae
686 2719 1015 2784 catholicae,
1060 2717 1400 2772 summatim
1460 2716 1762 2787 pleraque,
1800 2718 2002 2773 omnia

396 2790 630 2862 roponit
657 2807 670 2845 :
704 2807 836 2861 quae
867 2796 1166 2862 postremo
1204 2805 1335 2862 tuna
1366 2786 1500 2862 cum
1531 2786 1804 2841 universo
1837 2789 2001 2859 Sym-

396 2809 630 2862 ropomt
657 2809 670 2845 :
704 2809 836 2861 quae
911 2809 1166 2843 osaremo
1216 2809 1335 2843 una
1366 2809 1500 2842 cum
1533 2809 1804 2841 universo
1837 2809 2001 2859 Dym-

347 2809 483 2917 Eolo
512 2862 834 2932 apostolico
866 2809 1043 2915 Fatius
1088 2860 1343 2931 explicat
1374 2864 1432 2913 et
1460 2859 2003 2932 interpretaturrln

344 2930 934 3005 posterioribusvero
958 2932 1101 3005 quin
1113 2930 1227 3005 que
1249 2930 1654 3005 Mystagogicis
1678 2930 2004 3005 institutio-

347 3001 546 3072 nibus,
573 3005 667 3059 his
694 3004 938 3075 quijam
961 3001 1034 3058 ad
1058 3001 1401 3075 solidiorem
1433 3001 1758 3075 aliquando
1785 3002 2001 3075 doctri-

346 3093 487 3131 nam
521 3081 693 3131 erant
712 3072 1000 3147 aptiores,
1034 3073 1521 3147 solidum_cibum
1556 3072 1753 3147 tradit,
1776 3073 2004 3147 divina-

350 3164 464 3218 que
527 3144 783 3218 explicat
822 3147 1120 3217 mysteria,
1179 3146 1251 3218 de
1301 3144 2003 3218 baptismo,_chrismate,

347 3216 737 3281 Eucharistia,
761 3224 819 3272 et
844 3216 1150 3272 tremendo
1174 3217 1360 3271 Missae
1393 3216 1704 3271 sacriﬁcio.
1730 3216 2002 3270 Comme—

352 3296 548 3346 morat
576 3296 777 3345 autem
808 3289 932 3343 fere
961 3305 1167 3343 omnes
1201 3305 1298 3343 eas
1340 3287 1745 3347 caeremonias.
1780 3304 1910 3357 quae
1944 3293 2001 3342 et

351 3379 516 3417 nunc
546 3362 608 3417 in
639 3362 903 3416 Ecclesia
952 3361 1243 3415 catholica
1273 3359 1335 3414 in
1364 3358 1714 3415 exhibendis
1746 3358 1875 3414 istis
1909 3375 2003 3414 sa-

347 3434 670 3489 cramentis
712 3432 1007 3487 observari
1043 3432 1257 3498 solent,
1307 3436 1374 3484 ut
1420 3435 1595 3485 sunt:
1643 3431 2005 3485 Renuntiare

346 3506 583 3560 Satanae
615 3510 673 3559 et
705 3503 981 3558 omnibus
1012 3502 1289 3573 operibus
1321 3503 1471 3573 ejus,
1494 3500 1832 3571 symbolum
1864 3502 2002 3556 ﬁdei

346 3577 640 3647 proﬁteri,
674 3576 992 3630 chrismate
1035 3572 1280 3647 perungi
1313 3574 1375 3627 in
1408 3572 1742 3647 baptismo;
1794 3590 2005 3647 manus

349 3644 619 3717 abluere,
671 3646 925 3701 osculari
976 3644 1252 3712 invicem,
1303 3644 1647 3717 angelorum
1693 3645 2004 3715 omnisque

348 3715 854 3773 caelestismilitiae
878 3718 1068 3772 facere
1091 3715 1742 3781 commemOrationem,
1769 3724 2005 3771 sanctos

347 3791 650 3855 invocare,
684 3805 789 3860 pro
838 3789 979 3843 vivis
1006 3794 1084 3860 et
1126 3788 1420 3860 defunctis
1467 3802 1661 3860 orare,
1690 3794 1748 3842 et
1777 3789 2003 3842 sacriﬁ-

348 3862 508 3917 cium
540 3859 757 3916 ChriSti
787 3859 1065 3931 corporis
1101 3866 1159 3914 et
1208 3859 1511 3931 sanguinis
1552 3859 1764 3913 oﬁ‘erre
1796 3860 1857 3913 in
1890 3865 2002 3914 tre-

351 3931 574 3988 mendo
607 3932 796 3987 Missae
818 3930 1132 3987 sacriﬁcio.
1155 3934 1220 3987 In
1248 3930 1527 3986 omnibus
1558 3936 1756 3985 autem
1789 3931 1881 3984 his
1913 3948 2005 3986 sa-

348 4005 468 4061 cris
498 4003 998 4071 institutionibus,
1031 4019 1151 4057 non
1201 4019 1371 4058 suam
1403 4002 1664 4071 aliquam
1695 4001 2003 4073 privatam,

348 4076 453 4131 sed
480 4075 780 4147 publicam
804 4090 1135 4145 puramque
1160 4074 1437 4147 Ecclesiae
1463 4073 1791 4147 doctrinam
1802 4074 2006 4147 ,sacris

348 4141 607 4203 oraculis
636 4141 1070 4209 conﬁrmatam,
1096 4162 1165 4200 ac
1194 4145 1266 4200 ab
1294 4144 1579 4215 apostolis
1602 4144 1877 4200 traditam
1910 4141 2002 4199 de-

348 4218 576 4273 fendit:
613 4218 1028 4273 haereticorum
1078 4233 1266 4289 nugas
1291 4223 1394 4289 tet
1418 4232 1651 4270 errores
1672 4222 2001 4289 toppuguat,

352 4295 411 4345 et
430 4291 525 4344 his
545 4290 645 4360 qui
671 4305 878 4345 recens
899 4288 960 4343 in
983 4288 1199 4360 Christi
1222 4287 1499 4342 militiam
1522 4288 1769 4360 nomina
1789 4287 2004 4343 dedere

352 4358 686 4433 tyronibus,
735 4361 1016 4416 adversus
1068 4359 1302 4433 ludaeos
1358 4363 1417 4413 et
1470 4358 1719 4429 gentiles
1746 4360 2003 4433 Graecos,

357 4430 566 4488 contra
586 4433 898 4487 haereticos
919 4438 978 4488 et
998 4431 1396 4485 Antichristos
1417 4445 1584 4485 arma
1601 4430 2005 4501 porrigit.Qui-

355 4504 466 4559 bus
498 4504 680 4559 armis
711 4505 888 4559 etiam
925 4504 1204 4559 adversus
1234 4501 1422 4555 nostri
1455 4502 1738 4571 temporis
1771 4501 2003 4556 haereti-

347 4592 470 4642 cos,
502 4580 731 4631 veteres
761 4575 914 4630 898
947 4590 1179 4629 errores
1215 4577 1591 4638 renovantes,
1623 4572 1855 4628 fortiter
1883 4590 2001 4643 pu-

350 4664 555 4719 gnare,
587 4652 647 4701 et
674 4647 927 4701 victores
948 4645 1202 4719 evadere
1236 4643 1584 4719 poterimus.
1610 4644 1759 4698 Usus
1791 4650 1878 4698 est
1910 4645 2002 4699 his

351 4716 529 4774 etiam
577 4719 762 4773 armis
809 4718 1010 4788 Cyrilli
1059 4718 1335 4788 Joannes?
1368 4716 1769 4788 Damascenus
1799 4721 2006 4788 contra

349 4790 798 4855 Iconomachos,
830 4785 888 4844 et
920 4788 1113 4843 videre
1146 4788 1284 4843 licet
1323 4787 1385 4840 in
1416 4786 1567 4841 libro
1603 4785 1772 4840 tertio
1804 4787 2001 4856 Apolo-

350 4864 530 4931 getico
558 4876 666 4933 pro
696 4860 1075 4933 veneratione
1125 4865 1466 4915 sanctarum
1505 4858 1828 4933 imaginum
1856 4875 1870 4922 ;
1902 4859 2002 4933 ubi

346 4929 503 4987 inter
532 4929 683 4987 alias
712 4932 1171 4987 orthodoxorum
1209 4933 1450 4986 Patrum
1481 4929 1884 4995 auctoritates,
1917 4929 2001 4985 ci-

350 5009 435 5060 tat
465 5004 643 5059 etiam
685 5019 755 5057 ex
803 5002 1154 5058 duodecima
1203 5002 1498 5057 catechesi
1530 5001 1655 5056 haec
1685 5000 1861 5056 verba
1891 5001 1999 5072 Cy-

348 5076 493 5143 rilli,
528 5097 557 5126 ‹‹
590 5075 842 5131 Causam
874 5075 1053 5147 igitur
1098 5074 1147 5130 si
1195 5073 1411 5129 Christi
1442 5073 1730 5129 adventus
1760 5073 1998 5144 quaeris,

418 5200 464 5239 ²¹
497 5201 698 5259 Matth.
733 5218 789 5273 x,
819 5203 907 5256 20.
986 5201 1033 5235 ²²
1081 5198 1222 5256 ibid.
1260 5201 1346 5257 19.
1423 5199 1470 5235 ³⁸
1497 5201 1624 5255 Act.
1658 5215 1719 5268 ιι,
1750 5200 1807 5272 4,
1844 5202 1928 5288 it.

2111 569 2222 649 bus
2253 571 2406 649 Deus
2436 569 3011 649 creavit__mundum;
3067 574 3169 629 sed
3222 576 3481 632 mundus
3522 585 3766 649 propter

2113 642 2436 718 hominem,
2473 664 2501 691 ››
2534 649 2591 698 et
2615 643 2731 699 alia
2760 645 3089 718 complura,
3123 663 3311 718 usque
3342 649 3416 703 ad
3449 642 3756 706 eaNer‘ba:

2112 713 2362 793 «imago
2381 714 2575 786 lignea
2592 716 2813 769 terreni
2835 713 2988 826 regis
3006 713 3362 773 honoratur:
3390 727 3611 826 quanto
3637 738 3761 777 ma-

2112 802 2198 826 ηις
2230 785 2538 826 ratinnnlic
2568 787 2759 826 imnnn
2785 787 2881 826 Πρί
2951 810 2977 826 η
3012 789 3175 826 llnrla
3202 790 3376 826 ntinm
3436 792 3594 826 {nunt
3630 809 3761 826 non-

2112 737 2362 793 «.iuiagu
2381 737 2575 786 uguca
2595 737 2813 769 terrcnl
2836 737 2988 826 regis
3007 737 3362 773 nonoratur:
3431 737 3611 775 uanto
3637 738 3761 777 ma-

2111 802 2199 911 gis
2230 785 2538 841 rationalis
2568 787 2883 867 imagoDei
2910 828 2921 841 .
2950 810 2977 837 »
3012 789 3175 843 Unde
3202 737 3600 862 etiamcliquet
3629 809 3764 849 eas-

2154 872 2245 909 em
2278 859 2618 911 catecheses
2650 859 2852 911 Cvrilli
2904 860 2965 911 in
3011 861 3294 911 Orientali
3326 862 3587 911 Ecclesia
3617 864 3756 911 olim

2154 872 2245 909 em
2278 859 2618 912 catecheses
2650 859 2852 928 Cyrilli
2904 860 2965 912 in
3011 861 3294 915 Orientali
3326 859 3587 918 Ecclesia
3617 864 3760 919 olim

2110 933 2375 1005 tempore
2400 930 2743 1005 Damasceni
2768 931 3080 1005 exstitisse,
3097 948 3238 1005 quae
3268 949 3428 988 nunc
3454 941 3587 1005 post
3609 936 3762 990 mul-

2110 1005 2177 1077 ta_
2201 1000 2422 1077 saecula
2439 1001 2498 1054 in
2514 1001 2885 1077 Occidentali
2909 1008 2968 1077 et
2987 1000 3191 1057 Latina
3212 1000 3474 1060 Ecclesia
3503 1007 3763 1077 primum

2111 1071 2371 1148 eduntur
2406 1073 2647 1148 Latine:
2702 1089 2822 1127 non
2881 1074 3009 1128 sine
3063 1080 3232 1140 nutu,
3268 1081 3340 1148 et
3395 1071 3767 1148 providentia

2110 1143 2366 1224 quadam
2397 1144 2615 1224 divina,
2658 1150 2757 1224 ut.
2778 1161 2894 1224 quo
2939 1152 3221 1224 tempore
3253 1147 3376 1202 fere
3396 1143 3471 1202 in
3502 1149 3630 1204 dies
3662 1166 3765 1205 ex-

2108 1214 2382 1291 oriuntur
2403 1217 2535 1269 novi
2558 1214 2845 1291 haeretici,
2861 1214 3096 1271 veteres
3110 1219 3367 1274 haereses
3389 1227 3761 1291 renovantes,

2110 1286 2319 1362 eodem
2338 1303 2571 1362 quoque
2594 1286 2751 1341 inter
2770 1286 3179 1362 alios‘sanctos
3201 1292 3403 1346 Patres
3430 1292 3678 1362 prodeat
3698 1286 3762 1348 in

2107 1357 2369 1432 medium
2390 1358 2666 1432 Cyrillus,
2689 1364 2747 1412 et
2766 1358 2827 1412 in
2851 1359 2978 1432 acie
3004 1360 3105 1414 Dei
3126 1362 3375 1416 viventis
3403 1357 3760 1432 consistens,

2109 1445 2214 1504 suo
2247 1429 2422 1504 etiam
2456 1429 2740 1504 praeclaro
2763 1430 2981 1504 priscae
3021 1432 3447 1504 catholicasque
3481 1435 3619 1491 ﬁdei
3672 1429 3761 1492 teé

2108 1500 2385 1554 stimonio
2418 1517 2483 1554 os
2515 1501 2809 1555 haereticis
2857 1502 3141 1558 obstruat.
3184 1500 3607 1562 Obmutescant
3635 1507 3754 1564 ita-

2106 1588 2241 1641 que,
2273 1578 2501 1646 utcum
2534 1572 2750 1646 Cyrillo
2781 1572 3116 1646 loquamur,
3142 1580 3199 1629 et
3229 1575 3534 1646 pudeﬁant
3562 1580 3749 1634 nostri

2106 1643 2389 1720 temporis
2420 1644 2702 1720 haeretici,
2739 1643 2836 1714 qui
2889 1652 3105 1720 negant
3134 1643 3387 1701 liberum
3415 1649 3750 1720 arbitrium,

2107 1721 2165 1769 et
2192 1714 2484 1769 inducunt
2513 1714 2767 1769 Stoicam
2794 1714 3114 1785 quamdam
3144 1733 3340 1773 rerum
3363 1721 3631 1775 omnium
3653 1714 3756 1775 ne;

2105 1787 2485 1862 cessita_tem_;
2518 1802 2655 1862 c_um_
2682 1786 2921 1842 videant
2951 1788 3074 1844 haec
3106 1806 3213 1844 sua
3240 1790 3534 1862 dogmata,
3558 1791 3621 1847 in
3653 1792 3758 1847 illa

2106 1857 2408 1929 primitiva
2437 1858 2717 1923 Ecclesia,
2752 1864 2887 1913 ante
2944 1865 3031 1914 tot
3085 1862 3302 1917 saecula
3324 1857 3529 1918 'etiam
3560 1880 3593 1918 a
3625 1863 3755 1918 divo

2105 1929 2345 2003 Cyrillo.
2371 1930 2470 1984 Dei
2494 1930 2667 2003 verbo
2695 1938 3031 2003 oppugnata
3053 1937 3110 1987 et
3130 1934 3423 1989 haereseos
3453 1935 3754 1992 damnata.

2108 2002 2530 2077 Obmutescant
2566 2002 2871 2077 haeretici,
2918 2004 3019 2072 qui
3062 2010 3295 2077 negant
3343 2023 3521 2077 opera
3552 2014 3759 2064 nostra

2104 2073 2329 2143 requiri
2348 2073 2918 2146 adjustiﬁcationem
2937 2094 2950 2141 ;
2972 2076 3071 2146 qui
3092 2076 3310 2131 tollunt
3326 2073 3759 2136 confessionem

2107 2150 2486 2215 peccatorum
2512 2162 2524 2211 ;
2549 2145 2859 2221 quivitam
2890 2145 3179 2213 caelibem,
3210 2153 3269 2221 et
3288 2149 3632 2221 virginalem
3657 2168 3758 2207 co-

2106 2233 2338 2279 ronam,
2371 2216 2973 2287 exercitationemque
3022 2216 3409 2275 monasticam
3453 2221 3631 2276 stulte
3662 2240 3759 2278 re-

2106 2287 2377 2363 probant,
2409 2304 2542 2342 cum
2601 2294 2659 2341 et
2707 2288 2991 2363 Cyrillum
3043 2290 3327 2363 legamus,
3357 2294 3483 2348 haec
3512 2293 3755 2363 quidem

2107 2359 2180 2446 ad
2202 2359 2413 2446 cwlu'm
2442 2375 2629 2428 usque
2652 2359 2957 2441 tollentem
2982 2359 3335 2446 etaiigelicae
3360 2363 3489 2418 vitae
3511 2359 3750 2446 aequan-

2108 2436 2225 2506 tem
2253 2448 2265 2497 ;
2301 2430 2591 2506 illa_vero,
2618 2431 2886 2506 maxima
2907 2434 3070 2504 regni
3104 2430 3358 2488 cEelcstis
3389 2430 3632 2506 praemia
3653 2437 3752 2491 ha-

2107 2502 2245 2575 bere
2273 2502 2764 2575 conﬁrmantem.
2827 2502 3174 2575 Dispereant
3226 2502 3487 2561 haeretici
3519 2523 3749 2575 omnes,

2108 2574 2207 2647 qui
2238 2573 2388 2628 ritus
2410 2578 2468 2627 et
2484 2580 2855 2629 sacramenta
2875 2573 3151 2631 Ecclesiae
3181 2578 3487 2632 catholicae
3512 2573 3752 2647 tollunt,

2109 2651 2177 2720 et_
2196 2645 2646 2720 humanasesse
2668 2647 3152 2718 perniciosasque
3181 2650 3548 2717 traditiones,
3568 2645 3760 2720 nuper

2109 2717 2255 2772 adeo
2287 2734 2318 2771 a
2352 2717 2731 2793 pontiﬁcibus
2758 2725 3024 2793 quaestus
3051 2717 3228 2793 causa
3259 2722 3616 2793 excogitatas
3645 2717 3758 2775 nu-

2107 2794 2361 2863 gantur,
2391 2805 2525 2863 cum
2557 2789 2861 2843 videamus
2883 2790 2971 2863 vel
2997 2791 3215 2863 Cyrillo
3240 2789 3502 2859 testefin
3534 2793 3638 2846 illa
3666 2809 3762 2846 ve-

2111 2860 2221 2914 teri
2253 2860 2545 2914 catholica
2576 2865 2635 2914 et
2677 2861 3002 2931 apostolica
3046 2860 3329 2931 Ecclesia,
3364 2864 3512 2917 ritus
3543 2863 3678 2917 illos
3705 2868 3764 2918 et

2109 2931 2391 3001 mysteria
2422 2937 2818 3003 sacrosancta,
2853 2938 3133 3003 tanquam
3166 2934 3340 2989 verbo
3374 2935 3476 2988 Dei
3509 2951 3766 2989 consen-

2110 3008 2303 3077 tanea,
2335 3002 2492 3077 et_a_b
2526 3002 2673 3072 ipsis
2703 3002 3293 3077 apostolisinstituta
3322 3022 3389 3061 ac
3420 3022 3526 3077 per
3553 3023 3766 3061 manus

2109 3073 2345 3139 tradita,
2374 3072 2655 3143 deinceps
2686 3072 2922 3144 semper
2961 3074 3269 3131 observata
3314 3072 3516 3132 fuisse.
3551 3078 3763 3133 Obstu-

2110 3151 2356 3216 pescant
2412 3145 2895 3218 sacram_entarii,_
2936 3146 3036 3215 qui
3093 3147 3515 3218 blasphemant
3560 3167 3765 3205 verum

2114 3215 2327 3292 corpus
2358 3222 2417 3270 et
2447 3215 2793 3292 sanguinein
2838 3216 3080 3292 Christi,
3113 3215 3561 3292 sub—speciebus
3591 3222 3764 3292 panis

2115 3294 2173 3343 et
2203 3287 2317 3363 vini
2347 3304 2361 3351 ;
2393 3303 2527 3363 cum
2562 3294 2679 3341 tam
2726 3287 2961 3342 disertis
3018 3290 3208 3344 verbis
3262 3287 3472 3363 doceat
3509 3287 3762 3363 Cyrillus

2112 3359 2417 3413 veritatem
2446 3359 2618 3423 hanc,
2654 3376 2831 3429 quam
2862 3376 3067 3414 omnes
3097 3362 3421 3419 asserimus
3449 3359 3757 3428 Catholici,

2112 3436 2177 3485 ut
2200 3429 2409 3501 jubeat
2439 3446 2558 3484 non
2580 3431 2755 3484 modo
2782 3430 3173 3493 intellectum,
3196 3450 3397 3488 verum
3433 3436 3609 3490 etiam
3634 3454 3768 3490 sen-

2114 3519 2214 3557 sus
2235 3518 2452 3577 omnes
2484 3502 2777 3577 captivare
2836 3502 2898 3577 in
2958 3503 3308 3574 obsequium
3351 3506 3511 3575 ﬁdei,
3545 3513 3603 3561 et
3630 3508 3765 3577 plus

2113 3573 2355 3629 credere
2383 3573 2645 3639 Veritati,
2679 3573 2750 3627 de
2781 3574 3027 3628 veritate
3080 3577 3344 3646 corporis
3378 3580 3469 3632 sui
3498 3573 3716 3633 dicenti
3747 3596 3758 3632 :

2112 3646 2231 3699 Hoc
2259 3651 2349 3699 est
2372 3661 2586 3714 corpus
2608 3660 2825 3709 meum,
2851 3661 3050 3715 quam,
3078 3648 3350 3701 sensibus
3372 3650 3761 3705 renuntianti-

2112 3717 2221 3791 bus
2254 3716 2402 3770 falso
2431 3732 2443 3769 :
2478 3716 2584 3791 llic
2611 3722 2700 3791 est
2730 3716 2903 3785 panis
2937 3734 3113 3791 quem
3146 3720 3454 3784 sentimus,
3486 3722 3756 3791 simplex.

2113 3788 2535 3862 Obmutescant
2554 3787 2810 3862 denique
2833 3804 3039 3862 omnes
3061 3789 3322 3862 haeretici
3347 3797 3404 3843 et
3425 3787 3768 3862 dispereant

2113 3859 2397 3913 doctrinae
2429 3858 2689 3925 illorum,
2716 3859 2815 3928 qui
2840 3859 3059 3913 tollunt
3088 3860 3486 3917 sacerdotium
3507 3858 3565 3917 et
3585 3864 3765 3917 sacri-

2114 3931 2337 3995 ﬁcium,
2370 3930 2471 4005 qui
2505 3930 3103 4005 t_remeudum_Missae
3137 3933 3397 4005 olticium
3429 3934 3612 4005 impia
3641 3934 3767 3988 lin-

2112 4001 2667 4074 guaproscindunt.
2688 4002 2830 4074 Cum
2858 4002 3003 4056 olim
3035 4008 3169 4058 ante
3203 4004 3365 4059 mille
3397 4001 3685 4060 ducentos
3712 4011 3772 4060 et

2112 4073 2595 4158 trigintaﬂannos,
2640 4078 2720 4158 ut.
2751 4073 2997 4158 indicat.
3028 4074 3318 4158 Cyrillus,_
3338 4076 3769 4158 inhllierosoly—

2111 4145 2339 4199 mitana
2359 4143 2638 4215 Ecclesia,
2664 4144 2821 4199 idem
2844 4146 3001 4215 quod
3027 4143 3185 4200 nunc
3212 4147 3276 4201 ﬁt
3306 4148 3367 4202 in
3393 4150 3676 4215 Romana,
3701 4143 3764 4202 in

2114 4232 2281 4271 sacro
2313 4216 2500 4269 Missae
2524 4214 2718 4269 ofﬁcio
2742 4214 2959 4270 fuerint
2977 4220 3574 4275 commemorationes
3599 4226 3658 4274 et
3682 4219 3770 4273 in-

2111 4287 2448 4342 vocationes
2480 4292 2841 4351 sanctorum,
2877 4289 3175 4344 orationes
3216 4297 3274 4345 et
3319 4291 3763 4347 obsecrationes

2111 4375 2231 4433 pro;
2250 4358 2393 4433 vivis
2419 4358 2780 4433 e_t_m_ortuis_;
2810 4359 3189 4433 incruentum
3209 4362 3464 4433 denique
3489 4363 3640 4418 illud
3663 4378 3757 4417 sa-

2112 4429 2399 4485 criﬁcium
2434 4429 2701 4483 Christus
2730 4431 2891 4485 Jesus
2917 4432 3019 4485 Dei
3050 4432 3255 4499 Filius,
3288 4429 3405 4488 Deo
3435 4434 3616 4500 Patri,
3651 4450 3755 4500 pro

2112 4452 2399 4485 Cl'lllClllll]
2434 4452 2701 4483 ωηιδιυδ
2730 4452 2891 4485 δεδυδ
2917 4452 3019 4485 υει
3050 4452 3255 4499 .l‘lllllS,
3288 4452 3405 4488 ΠΕΟ
3435 4452 3616 4500 Fabri,
3692 4452 3755 4489 ΓΟ

2112 4501 2370 4573 peccatis
2403 4506 2520 4555 tam
2552 4501 2811 4573 vivorum
2842 4519 3021 4571 quam
3069 4510 3439 4559 mortuorum
3471 4452 3756 4561 otl‘erelba-

2113 4571 2227 4627 tur.
2263 4574 2397 4627 Haec
2424 4577 2482 4625 et
2524 4571 2641 4626 alia
2693 4573 3056 4643 ejuscemodi
3087 4576 3299 4630 veteris
3331 4582 3388 4630 et
3416 4577 3758 4632 orthodoxae

2110 4643 2387 4699 Ecclesiae
2419 4643 2713 4715 dogmata.
2737 4644 3017 4699 adversus
3040 4661 3317 4701 erroneas
3347 4647 3761 4703 haereticorum

2115 4717 2429 4790 Opiniotnes
2462 4715 2643 4790 tradit
2696 4721 2755 4769 et
2809 4715 3076 4790 defendit
3104 4717 3379 4789 Cyrillus,
3414 4719 3476 4774 in
3507 4721 3599 4775 his
3630 4737 3763 4790 quae

2113 4804 2276 4842 nunc
2306 4787 2524 4867 Latinae
2556 4787 2815 4867 primum
2857 4788 2968 4842 isto
3018 4787 3234 4867 saeculo
3268 4790 3328 4844 in
3355 4792 3554 4867 lucem
3585 4787 3763 4867 prod-

2113 4869 2257 4914 eunt
2277 4858 2709 4923 catechesibus,
2740 4875 2886 4928 quas
2935 4860 3212 4916 omnibus
3251 4863 3511 4919 veritatis
3539 4858 3767 4918 studio-

2112 4931 2194 4987 sis
2226 4930 2956 5003 legendasuproponimus.
3010 4931 3304 5002 Scriptum
3335 4935 3617 4991 'l‘ridenti.
3652 4934 3764 4989 du-

2110 5000 2577 5075 rante'concilio
2622 5002 3008 5070 aecumenico,
3062 5000 3157 5059 die
3202 5021 3361 5061 nona
3402 5007 3561 5075 Julii,
3607 5023 3762 5063 anno

2110 5072 2344 5129 Domini
2373 5089 2602 5128 MDLXIH.
