4134 6268
444 359 595 422 1271

1309 350 1786 414 DESCRIPTIO
1828 351 2228 413 ECCLESUE
2274 351 2972 415 RESURRECTIONIS.

3730 357 3891 417 1272

443 505 586 562 pore
617 485 888 571 gessisse.
947 480 1289 569 ’βπωνύμως
1343 480 1411 536 τὰ
1467 482 1712 555 σωτήρια
1738 486 1862 573 “se?
1889 481 2092 569 'Kupiop

2218 484 2411 573 gestus.
2440 501 2562 566 non
2593 484 2780 539 multo
2803 490 2939 556 post
2966 486 3169 567 ruinas
3200 486 3334 541 illas
3360 485 3708 573 reparavit,
3734 492 3804 542 ut
3829 503 3896 543 ex

442 549 588 624 σπάθη
619 549 860 629 disponant
915 550 1080 629 μέχρι
1133 549 1261 629 νῦν,
1304 557 1401 607 τοῦ
1456 549 1699 627 Σταυροὖ
1735 549 1799 622 δὴ
1835 549 1981 626 λέγώ
2004 555 2088 609 καὶ
2126 549 2149 593 ί

442 638 541 699 τῆς
576 626 962 687 ’Avactdaawq.
990 626 1422 699 'Appellabatur
1474 626 1779 697 praeterea,
1812 648 1838 675 ‹‹
1874 630 2095 699 Marty-

446 698 602 759 rium
646 723 673 749 ι)
706 700 1002 771 Episcopi,
1024 700 1126 769 qui
1151 699 1224 753 ad
1254 698 1690 771 dedicationem
1721 699 1850 768 ejus
1881 716 2094 753 conve-

447 791 609 839 nere,
644 772 704 825 in
737 770 991 842 epistola
1031 771 1203 841 cujus
1250 770 1490 824 initium
1540 771 1614 825 ab
1663 771 2008 842 Athanasio,
2038 771 2098 824 in

443 846 722 916 Apologia
753 841 945 916 contra
977 843 1216 916 Arianos
1248 857 1412 916 num.
1466 843 1533 894 84
1564 841 1861 916 refertur,
1894 842 2103 916 dicunt

448 910 513 973 δέ
537 910 881 971 convenisse
914 911 1000 965 ἐπὶ
1053 915 1120 983 τῇ
1176 910 1465 986 ἀφιερώσει
1493 915 1590 964 τοῦ
1625 910 1910 986 ξίᾼωτηλρίου
1944 914 2096 986 Μαρ-

444 988 656 1058 τυρίου,
686 1010 712 1036 ‹‹
748 986 821 1041 ad
854 984 1382 1058 consecrationem_
1412 984 2041 1058 MartyriiSalvatoris.
2073 1002 2097 1033 ι

447 1056 737 1115 Eusebius
787 1057 1055 1111 eamdem
1105 1056 1567 1127 appellationem
1621 1056 1828 1110 tribuit
1870 1057 2100 1127 lib.71u,

450 1136 525 1187 De
557 1134 655 1185 vit.
693 1132 897 1195 Const,
931 1144 1056 1197 cap.
1091 1123 1200 1191 4οξ
1223 1127 1312 1179 τὸν
1366 1123 1422 1197 δὲ
1466 1128 1622 1191 νεὼν,
1658 1126 1942 1197 Σῳτηρίου
1974 1126 2101 1179 ἀνα-

454 1203 687 1260 στάσεως
740 1198 953 1270 ἐναργὲς
1004 1195 1195 1271 ἆνεστη
1251 1195 1544 1270 μαρτύριον
1601 1195 1872 1271 βασιλεύς·
1913 1219 1936 1249 ιο
1977 1200 2105 1271 1100

452 1274 741 1345 templum
765 1279 1042 1345 tanquam
1063 1270 1377 1325 Salvatoris
1392 1270 1846 1345 resurrectionis
1865 1270 2104 1345 evidens

452 1342 862 1401 testimonium
882 1344 1202 1414 imperator
1222 1342 1528 1414 exstruxit,
1555 1363 1582 1389 ››
1609 1342 1779 1414 Ludit
1796 1342 2105 1414 perspicue

454 1420 517 1473 in
550 1432 751 1472 vocem
789 1411 1107 1485 μαρτύριον,
1140 1431 1272 1483 qua)
1302 1418 1362 1468 et
1410 1412 1676 1485 ecclesias
1706 1411 2103 1482 nomen—erat,

457 1495 515 1543 et
546 1488 841 1555 significat
862 1509 887 1535 ‹‹
909 1485 1339 1539 testimonium.
1370 1505 1395 1555 ιι
1420 1484 1705 1555 Disertius
1738 1485 1837 1539 lib.
1870 1502 1940 1546 ιν,
1974 1501 2102 1555 cap.

453 1563 543 1643 40,
570 1554 636 1612 43
668 1564 726 1612 et
753 1559 1177 1643 iituPostremo
1194 1557 1358 1643 Iioeo,
1387 1553 1552 1643 :quai
1577 1556 1640 1609 τὸ
1673 1555 1951 1643 μνῆμαξρ
1984 1553 2107 1607 Σώ-

455 1624 669 1700 τήριον,
720 1627 782 1702 τὸ
830 1626 1140 1698 Μαρτύριον
1194 1624 1841 1702 βασιλεὺξᾶφιερώσεξσ
1870 1628 2105 1684 Circum

459 1701 775 1757 Salvatoris
798 1706 1254 1771 monumentum
1272 1700 1595 1771 imperatOr
1611 1701 1952 1771 Martyrium
1974 1716 2109 1771 con-

459 1773 726 1839 secravit,
754 1794 781 1821 ››
823 1778 888 1825 ut
917 1772 1189 1826 omittam
1238 1770 1656 1841 inscriptiones
1689 1770 1916 1825 Graecas
1946 1770 2108 1840 capi-

460 1852 587 1900 tum
614 1847 701 1909 28,
736 1846 803 1897 30
835 1849 893 1897 et
936 1846 1023 1909 33,
1070 1842 1171 1896 lib.
1221 1859 1307 1909 ιιι,
1358 1847 1415 1895 et
1466 1859 1593 1913 cap.
1629 1845 1697 1913 40
1727 1849 1786 1896 et
1814 1845 1902 1895 46.
1937 1842 2105 1913 Sozc-

463 1933 698 1980 menus,
753 1915 856 1969 lib.
907 1931 965 1975 n,
1001 1931 1127 1984 cap.
1184 1913 1274 1977 26,
1333 1909 1601 1967 eamdem
1633 1912 1941 1968 basilicam
1975 1909 2111 1984 μέγα

464 1984 768 2060 Μαρτύρφν
802 1986 1017 2060 dictam
1051 2001 1180 2060 esse
1213 1989 1479 2060 testatur,
1516 1985 1779 2039 Vidimus
1812 2002 1939 2060 sup.
1975 2001 2031 2038 n.
2060 1986 2113 2050 6,

463 2056 735 2113 Eucherii
782 2058 1208 2113 testimonium.
1237 2073 1267 2110 e
1301 2072 1415 2126 quo
1466 2056 1591 2110 haec
1636 2072 1741 2110 sua
1768 2057 1946 2110 verba
1975 2071 2118 2111 con-

464 2130 625 2185 ﬂavit
655 2129 831 2191 Beda.
866 2132 941 2183 De
972 2131 1099 2182 locis
1127 2131 1349 2187 sanctis,
1402 2144 1528 2197 cap.
1578 2130 1612 2180 2
1640 2144 1650 2180 :
1687 2150 1713 2176 «
1751 2128 2009 2181 Primum
2043 2126 2116 2180 de

460 2202 609 2256 locis
632 2202 853 2255 sanctis
874 2217 978 2270 pro
997 2200 1336 2254 conditione
1357 2198 1684 2267 platearum
1706 2198 2116 2253 divertendum

466 2279 555 2328 est
576 2272 647 2328 ad
672 2272 983 2326 ecclesiam
1016 2270 1587 2337 Constantinianam,
1612 2288 1743 2340 quae
1775 2271 2116 2340 Martyrium

466 2344 816 2415 appellatur.
845 2344 1006 2415 Hanc
1037 2342 1461 2415 Constantinus
1493 2342 1832 2415 imperator,
1860 2359 1927 2396 eo
1961 2340 2118 2415 quod

466 2413 559 2469 ibi
581 2432 722 2469 crux
750 2414 982 2468 Domini
1016 2413 1087 2467 ab
1123 2413 1342 2466 Helena
1370 2418 1559 2466 matre
1590 2413 1718 2482 ejus
1748 2420 1985 2483 reperta
2018 2413 2113 2475 sit,

468 2486 781 2556 magniﬁco
815 2491 872 2537 et
909 2484 1069 2556 regio
1120 2484 1283 2556 cultu
1331 2485 1736 2556 construxit.»
1770 2484 1880 2538 Sed
1905 2490 2117 2539 testem

466 2553 647 2626 hujus
670 2553 1086 2625 appellationis
1110 2553 1259 2608 dabo
1282 2555 1442 2608 omni
1462 2555 1805 2625 exceptione
1831 2558 2116 2623 majorem

467 2627 772 2697 Cyrillum,
807 2627 906 2698 qui
949 2631 1060 2698 cat.
1116 2628 1201 2689 14,
1236 2642 1391 2679 num.
1441 2628 1494 2690 6,
1548 2626 1974 2698 Golgothanam
2008 2628 2120 2681 Re-

466 2696 851 2753 surrectionis
894 2696 1222 2757 basilicam,
1274 2714 1393 2750 non
1440 2696 1786 2751 czeterai'um
1837 2698 2120 2752 ecclesia-

465 2786 594 2824 rum
631 2785 795 2824 more
844 2768 1156 2840 ecclesiam
1206 2768 1493 2840 appellari
1543 2768 1644 2833 ait,
1698 2769 1802 2823 sed
1844 2792 1870 2820 ‹‹
1906 2772 2121 2840 Marty-

466 2842 657 2920 rium;
695 2856 971 2920 nﬂeoque
1010 2839 1190 2893 trahit
1216 2839 2115 2920 ‘illud_prophetie_um_Sophon.

464 2929 545 2975 ιιι,
580 2914 643 2967 8:
679 2935 704 2960 α
732 2914 1016 2981 Exspecta
1050 2926 1163 2971 me,
1197 2910 1340 2964 dicit
1369 2910 1676 2977 Dominus,
1703 2912 1762 2964 in
1795 2912 1889 2966 die
1920 2929 2121 2966 resur-

465 2982 746 3055 rectionis
768 2999 936 3041 mea),
963 2982 1022 3055 in
1052 2981 1482 3055 testimonium,
1510 3004 1537 3031 ››
1565 2982 1722 3051 quod
1751 2984 1947 3037 Greece
1982 3001 2121 3055 μαρ-

465 3052 653 3127 τύριον,
688 3076 709 3106 (ι
739 3053 1088 3127 martyrium
1112 3074 1138 3102 n
1170 3053 1404 3127 dicitur.
1432 3056 1652 3127 Revera
1680 3071 1815 3109 cum
1849 3052 2118 3125 martyrii

465 3124 786 3197 appellatio
818 3125 1087 3179 ecclesiis
1118 3124 1338 3179 tributa
1367 3125 1505 3197 inde
1535 3124 1804 3189 ducatur,
1838 3124 2116 3196 quod’ec-

465 3196 660 3253 clesiae
692 3197 952 3251 solerent
992 3212 1167 3267 supra
1218 3196 1479 3268 tumulos
1510 3204 1860 3268 martyrum,
1895 3198 1957 3250 in
1992 3197 2118 3251 loco

463 3269 759 3340 passionis
792 3284 1017 3340 eorum,
1080 3272 1138 3321 et
1183 3267 1265 3340 ad
1325 3267 1741 3340 celebrandam
1793 3285 1995 3323 eorum
2029 3274 2111 3340 te-

466 3337 731 3393 stimonii
788 3339 1039 3410 gloriam
1113 3337 1442 3392 aadiﬁcari:
1495 3356 1525 3392 e
1600 3339 1787 3393 tribus
1845 3339 2112 3393 ecclesiis

463 3410 956 3472 Resurrectionis,
986 3410 1311 3463 Nativitatis
1335 3415 1393 3463 et
1413 3410 1812 3475 Ascensionis,
1838 3411 1899 3464 in
1932 3411 2114 3464 hono-

466 3498 591 3535 rem
605 3480 820 3552 Christi
839 3480 1253 3551 mysteriorum
1267 3525 1278 3546 ,
1299 3481 1678 3552 Jerosolyma:
1696 3482 1788 3535 vel
1812 3498 2015 3552 prope.
2039 3481 2111 3536 ab

465 3553 690 3607 Helena
740 3551 1067 3617 aediﬁcatis,
1129 3553 1258 3607 sola
1313 3551 1826 3608 ﬂesurrectionis’
1866 3551 2113 3608 basilica

465 3624 696 3678 Christo
730 3629 1054 3695 martyrum
1080 3624 1286 3695 capiti,
1319 3624 1379 3678 in
1430 3623 1559 3678 loco
1593 3624 1855 3695 martyrii
1891 3631 1948 3678 et
1978 3640 2113 3695 pas-

464 3695 649 3749 sionis
707 3695 855 3764 ejus,
894 3694 968 3748 et
1023 3694 1097 3748 ad
1154 3695 1340 3764 ipsius
1396 3695 1694 3750 tumulum
1752 3700 2110 3761 constructa,

461 3788 489 3817 «
526 3767 785 3837 Martyrii
818 3788 844 3814 »
878 3782 1096 3819 nomen
1121 3766 1339 3819 habere
1371 3772 1618 3837 poterat.
1652 3766 1806 3821 Illud
1845 3789 1869 3817 κ
1900 3769 2111 3836 Marty-

456 3838 531 3892 rii
558 3861 585 3887 ››
612 3854 831 3892 nomen
862 3837 933 3891 ab
965 3837 1215 3890 Eusebio
1259 3837 1560 3892 interdum
1604 3843 1809 3892 sancto
1841 3839 2111 3908 sepulcro

461 3909 834 3980 potissimum
881 3908 1243 3963 attribuitur.
1299 3909 1396 3962 Ait
1442 3909 1545 3963 lib.
1595 3926 1678 3971 ιιι,
1728 3912 1806 3963 De
1847 3911 1946 3963 vit.
1980 3926 2109 3963 con-

455 3988 650 4045 stant.,
683 3998 811 4051 cap.
841 3981 929 4046 28,
957 3996 1091 4033 cum
1138 3985 1409 4033 sanctum
1443 3980 1781 4051 sepulcrum
1814 3997 2108 4050 quaerere-

456 4057 571 4119 tur,
607 4054 821 4107 eﬂ‘ossa
851 4056 909 4104 et
939 4056 1244 4119 exportata
1275 4051 1523 4105 materia
1555 4068 1671 4121 qua
1695 4052 1962 4106 abditum
1993 4051 2114 4105 fue-

455 4130 567 4191 rat,
620 4122 1076 4179 resurrectionis
1131 4121 1447 4192 Salvatoris
1508 4122 1854 4192 martyrium
1897 4128 2114 4192 praeter

459 4189 624 4265 spem
656 4194 1002 4265 apparuisse
1025 4208 1038 4245 :
1062 4189 1306 4265 ﬁducia?)
1336 4190 1526 4265 λοιπὸν
1551 4192 1614 4247 τὸ
1636 4189 1827 4265 σεμνὸν
1853 4189 1942 4245 ad?
1975 4213 2111 4265 πανέ

454 4260 612 4339 ᾴῆιογ
688 4260 790 4331 τῆς
864 4260 1137 4339 σωᾼτηρίορ
1211 4262 1551 4339 ἀναστάσεως
1626 4260 1922 4339 μαρτύριον
1962 4264 2111 4339 ’παρ’

455 4333 652 4390 ἐΧπίδα
708 4341 878 4389 πᾶσαν
925 4333 1254 4408 ἀνεφαίνετο.
1312 4338 1381 4390 Et
1430 4354 1558 4407 cap.
1610 4333 1675 4390 33
1706 4333 1815 4390 'de'
1858 4333 2110 4392 ecclesia

456 4408 928 4464 Resurrectionis
975 4407 1128 4462 426
1161 4407 1319 4462 circa
1351 4413 1621 4463 sanctum
1654 4415 2108 4463 monumentum

456 4486 833 4535 constructa:
868 4476 962 4550 Καὶ
999 4474 1063 4545 δὴ
1094 4478 1209 4531 κατ’
1241 4477 1371 4550 αῷτὸ
1401 4479 1462 4532 τὸ
1499 4479 1783 4549 Σωτήριον
1812 4477 2106 4550 μαρτύριον

452 4552 487 4618 ἡ
519 4571 607 4604 νεα
636 4549 1050 4617 κατεσκευάζετο
1073 4546 1358 4621 Ἱρουσαλή
1372 4566 1429 4620 μ’
1462 4573 1490 4601 ‹‹
1516 4551 1603 4605 Ad
1622 4546 1820 4621 ipsum
1843 4546 2111 4605 Servato-

453 4599 536 4678 ris
556 4624 740 4678 nostri
766 4599 1284 4693 martyriummova
1304 4599 1588 4677 fabricata
1607 4599 1697 4676 est
1723 4622 2105 4678 Jerusalem.»
2140 4599 2184 4663 D

530 4698 613 4750 14.
646 4692 897 4749 Ecclesiw
928 4692 1110 4761 ’hujus
1155 4696 1403 4761 fortuna.
1456 4694 1566 4748 Sub
1613 4693 1845 4749 Cosrohe
1873 4694 2103 4758 violata,

452 4784 516 4821 ac
542 4768 711 4835 paulo
756 4771 884 4835 post
929 4772 1210 4834 reparata.
1274 4766 1557 4820 Destructa
1608 4764 1675 4817 ab
1729 4766 1951 4832 Hequen
2010 4781 2101 4818 an.

456 4841 613 4905 1011,
648 4837 979 4904 recedi/Scala
1018 4853 1109 4890 an.
1147 4836 1304 4901 1048,
1344 4853 1379 4890 a
1408 4837 1613 4890 Latinis
1644 4835 2003 4904 ampliﬁcata.
2036 4867 2107 4875 —

453 4908 718 4962 Ecclesia
760 4908 1233 4962 Resurrectionis
1265 4907 1950 4978 Hierosolymitanarum
1981 4923 2106 4961 om-

453 4980 622 5033 nium
646 4985 822 5048 caput
841 4995 909 5032 ac
936 4979 1234 5048 praecipua
1252 4977 1453 5033 fuit.In
1478 4977 1786 5045 hac,sedes
1809 4978 2108 5048 episcopa-

452 5050 556 5122 iis»:
579 5050 641 5122 in
660 5049 769 5103 hac
786 5066 1022 5122 quoque
1037 5066 1410 5122 omnespene
1425 5066 1675 5122 synaxes
1695 5054 1752 5103 et
1770 5050 2106 5122 cateoheses

453 5119 1177 5193 habebanturposthabita
1190 5119 1366 5176 etiam
1381 5119 2107 5193 superioreApostolorum

454 5191 517 5264 in
540 5196 740 5243 monte
761 5191 899 5264 Sion
920 5192 1186 5258 ecclesia,
1213 5209 1345 5264 quas
1368 5191 1619 5247 adventu
1641 5192 1829 5264 sancti
1855 5192 2107 5261 Spiritus

456 5261 518 5314 in
551 5260 850 5335 apostolos
881 5260 1247 5335 consecrata
1265 5269 1423 5318 erat:
1471 5281 1537 5317 ex
1588 5263 1828 5335 Cyrillo,
1871 5260 1982 5318 cat.
2020 5266 2105 5330 16,

456 5348 622 5406 num.
659 5334 710 5384 4.
743 5333 807 5385 In
841 5349 909 5386 ea
949 5332 1109 5403 jugis
1158 5352 1192 5390 a
1235 5335 1577 5390 cantoribus
1608 5332 1942 5406 psalmodia
1970 5351 2107 5404 per-

457 5403 757 5473 agebatur,
792 5418 860 5456 ex
910 5409 1021 5458 cat.
1083 5420 1138 5457 n.
1198 5409 1284 5459 20.
1345 5403 1780 5462 Primum—ann.
1816 5409 1939 5469 615,
1974 5403 2107 5459 Hie-

455 5473 758 5549 rosolyma
786 5489 819 5527 a
845 5474 1039 5528 Persis
1068 5480 1261 5549 capita,
1288 5476 1517 5531 cladem
1551 5477 1871 5549 quamdam
1902 5476 2103 5549 subiit,

453 5544 599 5618 inde
624 5549 922 5618 asportata
944 5544 1213 5618 cruce.’S.
1241 5544 1586 5618 Sepulcrum
1619 5549 1736 5603 sive
1770 5548 2105 5603 Anastasim

453 5615 708 5672 diruisse
736 5617 1016 5672 dicuntur
1061 5616 1280 5689 injecto
1316 5615 1400 5672 _in
1460 5619 1608 5673 illud
1656 5620 1810 5691 igne.
1846 5618 1957 5673 Sed
1987 5621 2106 5672 Mo-

2206 556 3119 626 Eutycbiocommemoravimus
3142 575 3297 629 sup.,
3317 575 3480 612 num.
3498 600 3514 625 ,
3542 561 3603 612 6.
3631 560 3893 615 Omarus

2203 629 2635 682 Saracenorum
2682 628 2978 699 princeps.
3030 629 3174 683 urbe
3220 628 3376 684 circa
3423 646 3527 684 an.
3563 631 3683 683 640
3718 647 3895 684 occu-

2204 705 2361 772 pata,
2395 699 2866 772 Christianorum
2916 701 3182 771 pepercit
3210 701 3503 767 ecclesiis,
3545 717 3894 772 earumque

2206 769 2434 824 nullam
2468 769 2527 823 in
2560 787 2679 825 sua}
2714 769 3150 841 superstitionis
3182 788 3356 827 usum
3388 778 3769 826 convertere
3801 769 3897 828 vo-

2206 842 2351 895 luit:
2385 847 2616 895 tantum
2664 842 2727 895 in
2772 842 2901 897 loco
2950 843 3049 897 ubi
3098 842 3291 898 fuerat
3333 844 3702 898 Iudaeorum
3745 850 3898 899 tem-

2205 914 2395 987 plum,
2427 929 2643 967 novum
2670 914 2798 987 ipse
2832 914 2943 967 sibi
2965 931 3033 969 ac
3063 915 3185 968 suis
3208 915 3414 981 erexit,
3447 932 3526 969 ex
3558 916 3892 987 Eutychio,

2208 985 2438 1050 Annal.,
2482 990 2620 1038 tom.
2663 986 2735 1051 ΙΙ,
2784 1002 2838 1055 p.
2892 987 2995 1039 284
3043 991 3101 1039 et
3146 988 3271 1042 287.
3309 987 3498 1051 Varia,
3539 985 3897 1042 secundum

2209 1056 2581 1125 ealipharum
2601 1057 2981 1127 Jerosolymaa
3008 1057 3427 1127 imperantium
3458 1075 3709 1126 mores,
3736 1060 3899 1114 Chri-

2211 1128 2541 1201 stianorum
2591 1129 2826 1201 fortuna
2865 1127 2995 1193 fuit,
3018 1129 3217 1201 donec
3248 1130 3497 1198 Hequen
3535 1130 3797 1201 calipha
3830 1147 3897 1185 ex

2209 1199 2607 1270 A‘lgyptiorum
2658 1200 3285 1254 Muhammedanorum
3335 1208 3523 1266 secta,
3573 1199 3750 1256 anno
3786 1203 3899 1256 Do-

2211 1271 2359 1344 mini
2386 1273 2540 1344 1011,
2566 1270 2877 1325 ecclesiam
2902 1272 3372 1344 Resurrectionis
3403 1272 3519 1326 sub
3549 1273 3778 1328 Oreste
3805 1290 3894 1344 pa-

2211 1341 2487 1405 triarcha,
2522 1358 2627 1395 suo
2658 1357 2764 1412 per
2784 1348 3034 1396 matrem
3059 1343 3369 1407 avunculo,
3396 1360 3429 1398 a
3459 1341 3895 1399 fundamentis

2212 1413 2383 1467 eruit.
2408 1414 2591 1476 Quem
2619 1418 2891 1467 eventum
2923 1414 3014 1468 his
3035 1414 3226 1468 verbis
3248 1414 3544 1469 describit
3567 1416 3890 1471 Guillelm.

2210 1484 2440 1556 Tyrius,
2473 1485 2611 1537 Belli
2638 1487 2784 1556 sacri
2813 1485 2914 1538 lib.
2942 1501 2978 1552 ι,
3008 1501 3137 1556 cap.
3162 1486 3193 1539 4
3221 1502 3234 1539 :
3267 1507 3294 1536 «
3329 1486 3432 1540 Hic
3465 1487 3645 1542 inter
3675 1494 3894 1543 caetera

2213 1555 2868 1629 ecclesiamDominicae
2891 1555 3531 1629 Resurrectionis,quaa
3570 1576 3687 1629 per
3718 1576 3890 1613 vene-

2211 1626 2460 1700 rabilem
2492 1626 2681 1700 virum
2706 1628 3019 1700 Maximum
3049 1628 3315 1698 ejusdem
3347 1626 3463 1683 loci
3503 1626 3893 1700 episcopum,

2255 1698 2596 1770 raecipiente
2617 1698 2858 1753 domino
2879 1699 3266 1754 Constantino
3291 1698 3563 1770 Augusto
3590 1698 3895 1757 mdiﬁcata

2239 1776 2405 1823 uerat
2429 1769 2681 1842 (dixisset
2703 1772 2893 1839 potius
2924 1770 3195 1826 absoluta
3224 1776 3283 1825 et
3310 1769 3647 1842 dedicata),
3683 1782 3893 1842 postea

2142 1857 2186 1922 Β
2215 1857 2322 1922 p-er
2349 1840 2910 1922 re‘verendissimunm
2957 1842 3301 1922 Modestum
3334 1840 3624 1922 tempcre
3646 1840 3891 1922 domini

2219 1912 2796 1987 Heracliireparata,
2828 1913 3097 1987 funditus
3130 1914 3305 1984 dejici
3335 1912 3681 1970 mandavit.
3717 1918 3895 1987 Cujus

2218 1983 2510 2059 praecepti
2531 1984 3161 2059 rescriptum__quidam
3184 1983 3312 2056 ejus
3338 1994 3732 2059 procurator,
3756 1983 3899 2059 Hya-

2218 2055 2615 2129 roe_nomine,
2648 2055 2723 2109 ad
2754 2071 2816 2129 se
2867 2055 3156 2129 directum
3202 2055 3571 2128 suscipiens,
3608 2055 3894 2129 pra'dicta

2219 2125 2473 2199 ecclesia
2500 2142 2688 2199 usque
2721 2126 3019 2199 adsolum
3054 2127 3252 2182 diruta
3282 2125 3638 2199 jussionem
3677 2131 3899 2199 regiam

2221 2197 2456 2272 effectui
2492 2198 2865 2272 mancipavit.
2896 2202 3157 2272 »_l\'arrat
3186 2197 3363 2272 idem,
3398 2218 3535 2272 cap.
3575 2206 3632 2256 6.
3667 2197 3899 2272 sublato

2222 2284 2251 2323 e
2282 2269 2423 2343 vivis
2458 2269 2819 2343 nequissimo
2855 2269 3141 2343 principe.
3176 2270 3367 2325 ﬁlium
3400 2269 3539 2343 ejus
3571 2274 3796 2339 Daher,
3827 2271 3894 2326 ad

2222 2340 2685 2415 postulationem
2733 2342 2996 2415 Romani
3058 2340 3893 2415 ’Craecorum'iimperatoris,

2224 2411 2791 2485 Hierosolymitanis
2810 2428 2939 2466 eam
2973 2412 3281 2485 ecclesiam
3319 2411 3749 2470 remdiﬁcandi
3791 2431 3894 2485 po-

2224 2488 2496 2537 testatem
2530 2483 2926 2556 concessisse;
2963 2483 3170 2539 ﬁdeles
3195 2502 3329 2539 vero
3350 2486 3565 2556 inopia
3590 2483 3895 2541 conﬂicta-

2222 2560 2333 2613 tos.
2352 2555 2719 2626 constantini
2741 2556 3131 2621 Monomachi,
3157 2556 3257 2626 qui
3284 2555 3564 2613 Romano
3600 2573 3898 2613 successe-

2220 2630 2313 2700 rat
2342 2624 2673 2679 subsidium
2713 2626 3142 2700 imploravisse.
3176 2624 3312 2691 'Quo
3358 2636 3649 2700 sumptus
3682 2645 3893 2700 suppe-

2222 2696 2476 2772 ditante.
2505 2718 2540 2772 ς
2566 2713 2717 2757 eam,
2752 2697 2964 2772 inquit,
3001 2715 3142 2772 qua}
3165 2715 3324 2772 nunc
3353 2696 3886 2772 Jerosolymis'ést,

2223 2768 2450 2822 Sanctae
2510 2769 2982 2824 Resurreetionis
3035 2769 3485 2825 zediﬁcaverunt
3548 2768 3885 2834 ecclesiam,

2224 2838 2489 2912 annoiab
2528 2842 2749 2893 lncarn.
2791 2841 2952 2894 Dom.
3003 2843 3161 2905 1048,
3212 2849 3535 2912 postquam
3567 2851 3770 2899 autem
3802 2842 3882 2896 di-

2224 2917 2359 2986 ruta
2390 2911 2599 2986 fuerat,
2632 2913 2720 2986 3_7.
2746 2934 2778 2986 _-
2842 2912 3081 2966 Factum
3132 2912 3192 2966 id
3215 2911 3229 2912 ί
3250 2911 3381 2986 subi
3409 2915 3760 2986 rlﬁicephoro
3790 2930 3886 2986 pa-

2226 2933 2359 2965 Γυιᾶ
2390 2933 2599 2975 ωσι-αι,
2632 2933 2720 2964 Ol.
2760 2934 2778 2957 ³
2842 2933 3081 2966 rnatum
3132 2933 3192 2966 10
3250 2933 3358 2968 SUD
3419 2933 3760 2986 l‘lcepﬂoro
3830 2933 3882 2968 ἃ·

2224 2982 2501 3037 triarcha.
2538 2981 2859 3053 Ecclesiam
2890 3000 3066 3053 porro
3122 3000 3241 3037 non
3290 2985 3352 3039 in
3402 2985 3629 3041 iisdem
3678 2933 3882 3039 {tinga-

2222 3053 2441 3107 mentis
2462 3052 2676 3122 quibus
2700 3060 2825 3107 erat
2847 3052 3009 3123 prior
3028 3054 3488 3120 collocaverunt,
3526 3058 3633 3113 sed
3668 3059 3879 3112 circum

2223 3130 2283 3200 et
2302 3131 2770 3200 suprasanctum
2792 3141 2970 3200 manu
2983 3131 3265 3200 mentum.
3287 3129 3371 3182 lta
3390 3128 3669 3200 loquitur
3685 3135 3879 3184 auctor

2225 3194 2404 3271 idem,
2438 3194 2682 3271 lib_._v_II_I,
2716 3212 2764 3271 c.
2822 3197 2888 3271 3;
2929 3220 2973 3271 _u
3020 3200 3080 3271 In
3112 3198 3318 3253 eodem
3377 3194 3626 3271 quoque
3686 3200 3876 3271 (monte

2223 3265 2756 3340 occidentaliSion),
2790 3266 2893 3340 sed
2926 3268 2987 3321 in
3027 3269 3243 3323 devexo
3278 3265 3434 3340 quod
3474 3265 3555 3326 ad
3588 3265 3872 3327 orientem

2225 3338 2484 3407 respicit,
2532 3336 2644 3391 sita
2688 3344 2777 3391 est
2826 3339 3049 3393 Sancta
3098 3336 3577 3398 Resurreetionis
3610 3341 3873 3403 ecclesia,

2220 3410 2411 3482 forma
2442 3407 2990 3482 quidemqrotunda.
3033 3412 3171 3475 Quaa
3228 3414 3517 3482 quoniam
3560 3414 3624 3468 in
3656 3413 3869 3467 declivo

2221 3479 2485 3550 praedicti
2517 3480 2737 3534 montis
2770 3481 2880 3535 sita
2913 3479 3022 3547 est,
3054 3489 3120 3536 ut
3149 3479 3333 3538 clivus
3364 3486 3567 3540 eidem
3611 3485 3873 3540 eminens

2223 3557 2280 3604 et
2309 3552 2618 3626 contiguus
2650 3552 2914 3626 ecclesia)
2940 3570 3090 3623 pene
3123 3560 3362 3626 superet
3391 3556 3797 3611 altitudinem,
3818 3557 3874 3626 et

2223 3638 2349 3677 eam
2384 3622 2593 3677 reddat
2645 3622 2995 3678 obscuram:
3060 3622 3279 3680 tectum
3335 3627 3538 3691 habet,
3577 3627 3784 3682 erectis
3814 3624 3868 3677 in

2222 3694 2477 3749 sublime
2507 3693 2790 3757 trabibus,
2818 3702 2875 3749 et
2900 3696 3046 3750 miro
3068 3698 3320 3752 artiﬁcio
3346 3699 3408 3753 in
3440 3700 3690 3754 modum
3722 3712 3872 3751 coro-

2222 3766 2649 3842 naaconteictis,
2681 3772 2985 3842 apertum__
3008 3772 3066 3821 et
3119 3775 3402 3839 perpetuo
3436 3766 3870 3842 patens;_unde

2223 3837 2489 3908 ecclesiae
2522 3836 2725 3891 lumen
2758 3836 3092 3893 infunditur
3120 3836 3551 3897 necessarium
3578 3859 3591 3895 :
3624 3840 3730 3895 sub
3761 3852 3868 3908 quo

2222 3907 2385 3979 hiatu
2409 3908 2608 3978 patulo
2634 3908 2945 3962 Salvatoris
2968 3911 3225 3979 positum
3251 3918 3339 3965 est
3360 3907 3870 3968 monumentum.»

2223 3978 2384 4033 Idem
2415 3979 2597 4033 refert
2622 3979 2870 4034 Jacobus
2917 3978 3316 4043 Vitriacensis,
3348 3986 3495 4039 Hist.
3530 3983 3863 4049 Jerosolym.,

2220 4066 2359 4123 cap._
2382 4053 2440 4103 61
2475 4067 2487 4104 :
2521 4052 2637 4103 «In
2672 4050 2798 4123 loco
2828 4052 3115 4106 Dominici
3150 4054 3401 4123 sepulcri
3437 4053 3756 4110 Christiani
3788 4066 3866 4123 ar-

2219 4121 2472 4175 tiﬁcioso
2505 4138 2703 4191 opere,
2736 4121 2969 4176 decenti
3020 4121 3342 4188 schemate,
3375 4126 3571 4182 forma
3605 4121 3862 4182 rotunda,

2220 4208 2338 4267 uno
2375 4198 2603 4267 tantum
2636 4192 2928 4267 foramine
2953 4197 3224 4267 superius
3246 4204 3516 4267 apertam
3550 4194 3859 4253 Dominicm

2219 4264 2691 4337 Resurrectionis
2713 4264 3023 4319 ecclesiam
3046 4264 3361 4337 gloriosam
3387 4267 3859 4337 construxerunt.

2221 4352 2351 4404 quae
2385 4335 2542 4388 inter
2571 4341 2777 4390 sancta
2799 4342 2856 4389 et
2876 4335 3233 4392 venerabilia
3256 4338 3384 4394 loco
3417 4357 3543 4395 non
3574 4335 3859 4394 immerito

2220 4405 2449 4460 obtinet
2481 4406 2879 4476 principatum
2914 4407 3120 4462 nAddit
3142 4410 3495 4466 Guillelmus
3518 4412 3647 4465 loco
3674 4407 3858 4467 citato,

2218 4483 2355 4554 ante
2390 4484 2726 4554 nostrorum
2761 4479 3098 4554 Latinorum
3133 4480 3193 4554 in
3222 4482 3655 4554 Jerosolymam
3688 4479 3858 4554 inire-

2216 4548 2386 4625 itum,
2421 4549 2615 4625 locum
2648 4550 2968 4625 Dominicm
3017 4552 3312 4625 passionis
3362 4545 3473 4624 qui
3497 4554 3711 4607 dicitur
3737 4545 3855 4625 Cal-

2217 4620 2389 4674 varize
2422 4620 2539 4674 sive
2572 4620 2877 4686 Golgotha,
2929 4626 2985 4675 et
3035 4622 3132 4676 ubi
3183 4624 3360 4678 etiam
3380 4620 3644 4679 'viviﬁcaa
3675 4620 3852 4675 crucis

2212 4689 2443 4759 lignum
2474 4699 2775 4761 repertum
2824 4692 3006 4746 fuisse
3060 4693 3294 4761 dicitur,
3345 4701 3404 4749 et
3443 4696 3545 4750 ubi
3589 4694 3759 4749 etiam
3786 4686 3850 4739 de

2216 4778 2389 4817 cruce
2433 4762 2767 4836 depositum
2818 4762 3131 4836 salvatoris
3180 4782 3393 4836 corpus
3443 4761 3850 4836 unguentis_et

2216 4829 2579 4887 aromatibus
2608 4832 2824 4887 dicitur
2871 4834 3202 4889 delibutum
3251 4829 3304 4890 et
3352 4829 3604 4893 sindone
3636 4829 3847 4888 involu-

2214 4909 2361 4969 tum,
2396 4909 2560 4958 extra
2590 4904 2886 4974 praedictae
2915 4906 3180 4961 ecclesiae
3211 4908 3501 4964 ambitum
3531 4908 3710 4963 fuisse
3739 4914 3852 4974 ora-

2215 4976 2368 5048 toria
2397 4975 2563 5048 valde
2590 4972 2861 5043 modica;
2895 4977 2998 5030 sed
3055 4984 3369 5048 postquam
3426 4978 3634 5037 nostri,
3667 4972 3846 5044 opitu-

2214 5047 2373 5101 lante
2406 5046 2603 5101 divina
2651 5048 2858 5117 gratia.
2910 5046 3117 5103 urbem
3169 5046 3556 5107 obtinuerunt
3592 5050 3650 5103 in
3682 5053 3845 5117 manu

2214 5118 2373 5184 forti,
2408 5115 2756 5200 ppmdictum
2790 5119 3108 5200 aediﬁcium
3149 5120 3345 5200 _visum
3397 5115 3839 5200 eisangustius;

2218 5195 2275 5243 et
2304 5186 2588 5259 ampliata
2610 5206 2677 5243 ex
2701 5206 2877 5260 opere
2903 5191 3263 5246 solidissima
3295 5200 3353 5247 et
3384 5186 3617 5248 sublimi
3650 5186 3837 5258 admo:

2217 5261 2357 5315 dum
2382 5261 2576 5331 priore
2599 5261 2867 5323 ecclesia,
2895 5261 3055 5316 intra
3075 5280 3289 5317 novum
3314 5265 3648 5320 aediﬁcium,
3678 5260 3838 5331 ιζίζιθτι

2217 5328 2497 5406 continuo
2519 5338 2577 5406 et
2598 5332 2840 5406 inserto,
2861 5333 3151 5406 prardicta
3170 5335 3300 5389 loca
3322 5328 3836 5406 compi‘ehelidﬁse;

2218 5405 2320 5478 ilic
2352 5403 2531 5478 hujus
2564 5387 3577 5478 historim'ﬁ‘nemiaciarn,nqumvjam
3607 5397 3745 5476 nihil
3775 5387 3839 5445 ad

2216 5474 2767 5530 Constantinianam
2800 5475 3113 5531 ecclesiam
3136 5474 3366 5533 attinet.
3393 5474 3611 5534 Cretera
3640 5474 3730 5540 qui
3762 5478 3843 5540 V9‘

2216 5545 2319 5619 let,
2373 5562 2445 5619 ex
2498 5548 2830 5619 Itinerariis_
2883 5548 3377 5619 Jerosolymitanis,
3440 5566 3505 5604 ac
3556 5538 3839 5616 priesenlis

2217 5617 2548 5672 Palaestinae
2580 5622 2768 5672 status
2799 5617 3301 5690 descriptionibus
3331 5617 3597 5691 accipiet.

2151 3228 2193 3293 C

2123 5795 2194 5810 ἡ
