4128 6268
349 320 506 383 1275

1399 314 1633 377 PETRI
1678 314 1733 377 ΙΙ
1775 310 2124 375 EPISGOPI
2168 310 2702 377 ALEXANDRINI

3601 289 3768 382 1276

347 460 446 510 tur
472 452 693 519 omnia,
727 451 936 506 Petrus
967 466 1037 505 ex
1067 465 1137 505 ea
1165 448 1312 505 urbe
1344 449 1666 522 digressus,
1712 464 1892 514 anno,
1926 452 1993 502 ut
2021 447 2076 516 Α
2106 451 2371 503 coactam
2402 446 2585 501 fuisse
2616 445 2781 501 illam
2805 447 3098 519 synodum
3121 466 3237 520 qua
3259 449 3330 505 de
3353 450 3602 523 agimus,
3631 454 3768 525 pluo

347 544 579 599 videtur
606 542 960 611 insequente
991 541 1116 607 373,
1151 542 1396 596 Romam
1420 556 1747 594 conscenso
1769 539 1998 610 navigio

349 633 422 688 ad
452 633 770 687 Damasum
801 645 1016 701 papam
1076 629 1357 700 perrexit.
1408 628 1493 683 lbi
1542 645 1698 697 vero,
1746 633 1811 681 ut
1863 644 1998 681 cum

352 721 630 793 Gregorio
661 720 1022 775 Nazianzeno
1053 718 1267 791 loquar
1294 724 1393 787 (a),
1425 741 1452 767 «
1487 734 1621 773 cum
1653 715 1996 789 tragoediam

349 813 551 868 oriens
579 810 746 879 vidit,
770 809 1048 865 occidens
1072 825 1308 881 quoque
1331 807 1605 864 deﬂevit:
1631 808 1723 862 cui
1746 805 1997 880 hujusce

348 899 742 956 immanitatis
772 897 942 970 signa
970 896 1248 969 fugitivus
1281 896 1532 951 antistes
1578 895 1816 966 publice
1873 911 1999 965 spc-

352 989 569 1045 ctanda
597 987 927 1060 proposuit.
964 989 1106 1042 Nam
1147 1003 1254 1059 pro
1285 984 1669 1041 cadaveribus
1717 991 1996 1040 cruentas

350 1085 544 1136 vestes
576 1078 842 1134 ecclesia)
872 1080 1156 1132 Romanas
1188 1072 1455 1147 protulit,
1488 1091 1556 1131 ac
1599 1092 1707 1146 per
1756 1074 1996 1130 tacitam

352 1169 794 1226 accusationem
852 1166 1122 1220 omnium
1155 1165 1446 1235 lacrymas
1477 1165 1695 1219 movit:
1730 1170 1796 1219 ut
1838 1164 1997 1220 cala-

352 1258 577 1315 mitatis
600 1254 1074 1328 magnitudinem
1097 1254 1157 1308 in
1177 1254 1366 1309 oculis
1380 1258 1689 1324 etaspectu
1713 1252 1998 1324 deﬁgeret

349 1354 529 1420 atque
542 1346 828 1403 auxilium
845 1342 1994 1414 nancisceretur,quemadmodumetiam

352 1454 488 1493 eum
514 1440 755 1491 nactum
787 1432 937 1488 illud
998 1449 1125 1488 esse
1175 1433 1465 1488 novimus.
1502 1455 1530 1482 »
1583 1434 1764 1487 Porro
1808 1432 1991 1488 fuisse

347 1527 587 1581 Petrum
612 1526 810 1580 Romae
841 1526 1269 1578 commoratum
1317 1537 1507 1592 usque
1563 1521 1637 1576 ad
1684 1522 1991 1576 ineuntem

343 1632 569 1672 annum
596 1616 724 1680 378,
748 1614 886 1669 inde
911 1618 1283 1683 compertum
1304 1611 1557 1683 ﬁt,quod
1584 1629 1651 1667 eo
1674 1612 1801 1684 ipso
1833 1629 1989 1668 anno

343 1708 624 1762 Romanas
658 1704 883 1776 synodo
916 1703 1186 1759 interfuit
1215 1702 1324 1757 sub
1380 1703 1630 1757 Damaso
1679 1700 1989 1757 celebrataa

2106 534 2273 590 ribus
2303 535 2675 590 demonstrat
2703 536 2971 591 eruditus
3001 538 3350 594 Coutantius
3379 540 3453 611 (ὁ)
3479 541 3552 596 ad
3573 558 3759 612 quem

2106 624 2362 679 lectores
2384 623 2765 679 remittimus.
2787 626 2915 679 Mox
2941 643 3075 681 vero
3098 643 3132 681 a
3161 626 3459 683 celebrato
3484 631 3759 686 Romano

2107 710 2383 779 concilio,
2407 710 2827 767 Alexandriam
2858 712 3108 769 rediisse
3156 716 3367 770 Petrus
3412 717 3664 782 videtur,
3698 726 3762 773 et

2107 802 2350 873 quidem
2381 816 2517 858 cum
2546 799 2763 857 litteris
2794 803 3051 868 Damasi,
3086 809 3234 858 teste
3262 805 3498 861 Socrate
3519 806 3762 878 (c).qui-

2106 891 2217 947 bus
2247 888 2348 946 ille
2383 894 2508 945 tum
2538 891 3068 947 consubstantialis
3098 894 3299 962 fidem,
3334 900 3458 950 tum
3490 897 3760 951 Petrior-

2106 981 2477 1037 dinationem
2504 981 2915 1038 conﬁrmabat.
2948 983 3067 1049 Quo
3101 983 3242 1038 item
3267 1001 3337 1039 ex
3356 985 3636 1041 historico
3659 986 3754 1040 in-

2106 1072 2452 1142 telligimus,
2484 1073 2803 1146 prmsulem
2862 1078 3133 1130 nostrum
3180 1076 3644 1132 Alexandrinum
3675 1078 3754 1134 ad

2107 1179 2275 1218 suam
2308 1163 2508 1218 sedem
2540 1169 2677 1219 ante
2725 1163 2909 1218 fuisse
2950 1181 3271 1230 reversum,
3321 1183 3501 1236 quam
3537 1167 3752 1223 Valens

2105 1253 2428 1324 imperator
2457 1253 2771 1308 Antiochia
2800 1252 3115 1309 discedens
3172 1256 3753 1328 Constantinopolim

2103 1342 2178 1397 ad
2206 1341 2428 1396 bellum
2463 1341 2770 1398 Gothicum
2804 1342 3300 1413 proﬁcisceretur.
3338 1346 3514 1416 Atqui
3539 1346 3751 1401 eodem

2105 1448 2262 1487 anno
2293 1432 2397 1486 378
2423 1431 2599 1503 periit
2629 1432 2866 1498 Valens,
2900 1449 2930 1485 γ
2961 1432 3098 1488 Idus
3126 1435 3395 1506 Augusti,
3420 1441 3486 1490 ut
3508 1435 3753 1491 tradunt

2102 1517 2261 1575 idem
2293 1520 2562 1576 Socrates
2591 1520 2671 1592 (ἀ)
2705 1526 2764 1575 et
2791 1521 3022 1576 ldacius
3056 1522 3116 1576 in
3148 1524 3345 1577 Fastis.
3388 1524 3467 1578 De
3500 1523 3751 1595 reliquis

2101 1615 2300 1663 autem
2332 1609 2486 1664 Petri
2521 1609 2702 1682 gestis
2732 1610 3051 1665 Baronium
3084 1611 3363 1667 consulas
3394 1613 3569 1667 velim
3627 1630 3751 1683 pra:

2100 1698 2331 1755 cmteris
2360 1699 2454 1770 (ε),
2486 1714 2553 1753 ac
2572 1697 3015 1754 Tillemontium
3038 1700 3129 1769 (f).
3162 1702 3482 1772 Postquam
3507 1702 3751 1756 demum

345 1797 627 1852 adversus
642 1794 1069 1867 Apollinarem,
1095 1798 1163 1847 ut
1184 1794 1243 1847 in
1267 1793 1518 1864 epistola
1531 1793 1813 1865 synodica
1830 1792 1989 1847 idem
2020 1819 2067 1883 Β
2099 1789 2352 1845 sedisset
2371 1804 2560 1843 annos
2579 1804 2698 1855 vm,
2725 1804 3072 1858 supremum
3091 1788 3247 1843 diem
3267 1789 3748 1845 clausitexeunte

349 1888 637 1942 Damasus
668 1882 893 1939 scribit.
927 1881 1043 1937 Sub
1074 1881 1312 1936 mitium
1341 1888 1538 1936 autem
1572 1881 1820 1952 hujusce
1851 1885 1993 1939 anni
2024 1876 2062 1883 ⁷
2100 1894 2257 1934 anno
2291 1879 2414 1945 380,
2447 1876 2559 1946 vel,
2593 1882 2661 1931 ut
2690 1877 2966 1945 maxime,
3000 1878 3244 1933 ineunte
3275 1880 3374 1933 38t
3412 1878 3509 1950 (g).

418 2064 680 2134 (a)Greg.
709 2063 1209 2125 Naz..orat.1mu,
1234 2060 1404 2134 0pp.,
1439 2063 1583 2114 tom.
1615 2060 1660 2127 Ι,
1691 2075 1822 2133 pag.
1864 2062 1987 2115 418.

415 2133 490 2207 (b)
518 2133 813 2207 Coutant.,
847 2134 1026 2207 Epist.
1063 2134 1223 2207 (iam.
1245 2133 1476 2203 pontif,
1511 2147 1643 2207 pag:
1702 2134 1826 2199 491,
1859 2134 1886 2201 §
1916 2150 1988 2188 IV.

417 2203 487 2272 (ο)
517 2203 939 2276 δουναιηΗίει.
972 2203 1126 2272 eccl.,
1162 2203 1267 2259 lib.
1301 2219 1375 2272 ιν,
1410 2218 1537 2276 cap.
1571 2204 1664 2258 37.

415 2278 496 2353 (ά)
524 2277 632 2346 Id.,
665 2274 833 2345 ibid.,
867 2292 998 2348 cap.
1034 2276 1127 2346 38,

1086 2480 1421 2487 *αφ-...ι

2170 2057 2238 2127 (e)
2269 2057 2506 2126 Baron.,
2539 2055 2613 2112 ad
2643 2072 2740 2113 an.
2776 2058 2901 2124 380,
2933 2054 2960 2125 ἐ
2988 2072 3103 2113 xvx.

2174 2133 2242 2202 (fl
2269 2129 2714 2202 Ti_“em.,_Mém.
2746 2129 2902 2193 eccl.,
2938 2135 3078 2185 tom.
3116 2130 3206 2198 VI,
3237 2145 3369 2202 pag.
3402 2130 3527 2202 620:

2170 2201 2251 2272 (g)
2284 2200 2392 2269 ld.,
2419 2200 2590 2269 ibid.,
2624 2217 2754 2273 pag.
2786 2203 2911 2272 80l,
2943 2206 3068 2257 not.
3102 2218 3173 2269 el,
3204 2200 3301 2257 sur
3324 2200 3405 2258 les
3437 2200 3647 2258 Arietis.

2458 2479 2901 2487 —_——.——————_—__

815 2592 1231 2697 PETRI
1324 2591 1424 2696 II
1528 2590 2180 2695 EPISCOPI
2284 2588 3283 2695 ALEXANDRINI

1190 2840 1378 2935 EX
1424 2836 2048 2941 EPISTOLA
2095 2838 2814 2936 ENCYCLICA
2870 2862 2891 2936 ε

878 3060 981 3123 DE
1023 3059 1151 3123 lllS
1196 3057 1378 3135 QUAE
1419 3052 1950 3121 ALEXANDRUE
1993 3056 2255 3123 GESTA
2299 3056 2505 3122 SUNT
2547 3057 2914 3122 AUCTORE
2959 3060 3216 3124 LUCIO.

1273 3368 1444 3440 Apud
1470 3366 1873 3436 Thcodoritum,
1906 3362 2051 3422 Hist.
2084 3365 2295 3422 eccles.
2323 3366 2418 3422 lib.
2453 3382 2523 3436 Iv,
2553 3356 2672 3438 cup.
2706 3364 2804 3423 22.

415 3553 459 3612 Ι.
479 3552 802 3609 Provincim
822 3556 1017 3608 rector
1035 3549 1360 3617 Palladius,
1383 3552 1544 3604 secta
1563 3546 1802 3619 gentilis
1826 3550 1886 3601 et
1910 3544 1985 3600 si-
2011 3603 2014 3610 ,

2164 3543 2247 3600 A'.
2277 3544 2339 3601 Ὁ
2379 3548 2477 3600 τοῦ
2526 3543 2713 3610 ἔθνους
2758 3548 3072 3621 ἡεμονεύων
3130 3547 3468 3619 Παλλάδιος,
3526 3549 3736 3613 ἐθνικὸς

348 3641 750 3700 mulacrorum
772 3639 1268 3707 cultorassiduus,
1286 3637 1388 3710 qui
1416 3636 1490 3692 ad
1504 3636 1730 3692 bellum
1754 3634 1987 3690 Christo

342 3731 719 3789 inferandum
738 3733 953 3804 saapius
976 3745 1106 3785 sese
1132 3730 1498 3792 exercuerat,
1520 3725 1770 3782 collecta
1791 3723 1987 3779 multi-

343 3823 551 3881 tudine
582 3823 856 3894 superius
886 3824 1234 3887 memorata,
1260 3819 1550 3890 impetum
1571 3817 1633 3872 in
1663 3814 1988 3872 Ecclesiam

341 3914 502 3979 fecit,
525 3914 772 3987 perinde
804 3930 873 3970 ac
903 3912 951 3969 si
985 3911 1058 3969 ad
1089 3909 1447 3981 subigendos
1470 3907 1753 3964 barbaros
1778 3920 1986 3978 prope-

339 4011 518 4064 raret.
542 4006 703 4061 Tunc
715 4020 849 4059 vero
872 3999 1454 4058 teterrimafacinora
1469 4000 1806 4069 perpetrata
1826 4000 1989 4055 sunt.

342 4098 483 4163 Qum
504 4112 639 4151 cum
666 4110 771 4167 ego
795 4093 1085 4150 duntaxat
1113 4090 1333 4147 referre
1355 4089 1826 4155 vellem,tantum
1841 4089 1987 4143 mibi

344 4186 611 4242 dolorem
642 4166 841 4240 attulit
869 4197 1075 4239 eorum
1108 4166 1463 4247 recordatio,
1490 4178 1871 4249 utingentem
1891 4176 1986 4233 la-

343 4290 680 4349 crymarum
708 4273 939 4345 copiam
954 4269 1484 4339 eﬂ'uderim.Atque
1498 4267 1559 4322 in
1573 4283 1640 4322 eo
1656 4271 1811 4322 statu
1826 4282 1989 4322 man-

347 4366 558 4423 sissem
589 4363 944 4427 diutissime,
977 4359 1092 4415 nisi
1122 4358 1318 4414 divina
1339 4356 1691 4430 cogitatione
1716 4355 1987 4411 dolorem

345 4472 546 4513 meum
579 4452 1084 4524 compressissem.
1117 4450 1389 4521 Ingressa
1417 4446 1576 4502 enim
1603 4446 1777 4501 turba
1805 4445 1867 4501 in
1891 4461 1984 4502 ec-

343 4546 585 4603 clesiam
620 4560 791 4616 quam
820 4545 1030 4599 vocant
1057 4540 1331 4608 Theonae,
1363 4538 1493 4594 loco
1522 4536 1835 4593 verborum
1857 4552 1986 4608 gra-

344 4637 523 4703 vium,
556 4634 763 4691 laudes
794 4632 1090 4688 idolorum
1124 4628 1452 4685 canebant:
1486 4643 1591 4698 pro
1615 4625 1870 4681 lectione
1892 4642 1987 4681 sa-

340 4738 574 4782 crarum
605 4722 1043 4793 Seripturarum
1067 4718 1312 4790 plausus
1336 4731 1625 4772 manuum
1648 4713 1983 4779 indecoros,

343 4820 403 4870 et
431 4812 649 4869 fractas
674 4827 809 4868 cum
832 4808 1196 4865 obscenitate
1219 4821 1390 4861 voces
1407 4803 1801 4876 usurpabant;
1820 4803 1979 4873 ejus«

2094 3626 2168 3685 ὤν
2198 3632 2296 3701 τήν
2329 3630 2550 3709 αἵρεσιν,
2582 3635 2670 3690 καὶ
2714 3640 2822 3691 τῶν
2882 3633 3128 3693 εἰδώλων
3185 3640 3262 3694 ἀεὶ
3324 3636 3734 3715 προκυλινδού-

2096 3741 2276 3794 μενος,
2307 3724 2444 3779 κατὰ
2474 3729 2712 3799 Χριστοῦ
2741 3727 3116 3801 στρατεύεσθαι
3173 3727 3445 3791 πολλάκις
3508 3731 3737 3801 μετετήο

2093 3831 2210 3884 σας,
2240 3813 2308 3867 τὰ
2335 3814 2704 3886 προειρημένα
2751 3816 3108 3891 συναθροίσας
3156 3814 3372 3887 πλήθη,
3404 3819 3551 3892 ὁρμᾷ
3600 3820 3733 3874 κατὰ

2090 3908 2191 3971 τῆς
2250 3903 2574 3970 Ἑκκλησίας
2629 3903 2705 3966 ὠς
2765 3904 3024 3975 ὑποτάξαι
3085 3900 3391 3983 βαρϐάρους
3445 3906 3734 3984 ἐπειγόμε-

2091 4012 2204 4052 νος.
2235 3992 2375 4050 Τότε
2406 3988 2496 4061 δή,
2539 3992 2662 4048 τότε
2706 3992 2955 4069 χείριστα
3004 3995 3249 4069 γέγονεν.
3311 3994 3487 4052 Ἀλλὰ
3514 3996 3605 4051 καὶ
3636 3998 3737 4070 μό-

2091 4100 2181 4135 νον
2214 4080 2572 4154 ὑπαγορεῦσαι
2602 4079 2800 4152 θέλων,
2832 4090 2930 4152 τῆς
2965 4085 3191 4156 μνήμης
3224 4082 3423 4155 ὀδύνην
3459 4107 3553 4159 μοι
3599 4106 3734 4158 παρ-

2092 4169 2349 4244 εχούσης,
2401 4168 2653 4247 insto-ﬁxa
2707 4168 2954 4244 δακρύων
2989 4172 3222 4246 ἄμετρον
3255 4173 3449 4251 φοράν
3506 4176 3594 4230 καὶ
3647 4174 3733 4229 ἐπὶ

2091 4256 2241 4314 πολὺ
2272 4254 2458 4331 ἔμεινα
2488 4258 2547 4314 ἂν
2578 4264 2740 4316 τοῦτο
2765 4259 3019 4337 πάσχων,
3079 4262 3124 4317 εἰ
3186 4264 3262 4332 μή
3323 4262 3451 4334 θεὲῳ
3484 4261 3733 4336 λογισμῷ

2092 4346 2349 4426 λωφῆσαι
2403 4348 2796 4421 παρεσκεύασα.
2856 4352 2938 4405 Ἐν
2992 4350 3092 4424 γὰρ
3146 4354 3211 4421 τῇ
3270 4349 3579 4421 καλουμξνῃ
3639 4349 3725 4403 ἐκ·

2090 4436 2296 4509 κλησίᾳ
2323 4443 2509 4494 Θεωνᾶ
2555 4437 2937 4503 ἐπεισελθόντα
2981 4438 3048 4494 τὰ
3101 4435 3310 4506 πλήθη,
3368 4435 3481 4489 ἀντὶ
3539 4436 3717 4510 ῥημά-

2088 4550 2197 4585 των
2246 4532 2482 4599 σεμνῶν,
2535 4526 2780 4585 εἰδώλων
2840 4527 3107 4603 εὐφημίας
3165 4525 3395 4602 ἐτήσιον
3455 4529 3551 4599 (1)·
3611 4525 3725 4581 ἀντὶ

2092 4617 2247 4683 θείων
2278 4622 2504 4696 Γραφῶν
2537 4616 2901 4693 ἀναγνώσεως,
2932 4610 3158 4689 κρότους
3192 4620 3394 4690 χειρῶν
3439 4616 3729 4690 ἀσέμνους,

2089 4712 2180 4768 καὶ
2211 4710 2580 4785 κεκλασμένας
2631 4709 2746 4780 μετ’
2802 4705 3170 4780 αἰσχρότητος
3219 4707 3428 4785 φωνὰς,
3460 4708 3597 4764 κατὰ
3624 4713 3729 4763 τῶν

2088 4802 2186 4857 τοῦ
2216 4804 2447 4872 Χριστοῦ
2501 4797 2776 4870 παρθένων
2825 4788 3030 4868 ὕϐρεις,
3064 4793 3126 4857 ἃς
3183 4799 3218 4864 ἡ
3250 4795 3475 4872 γλῶττα
3528 4799 3731 4875 προφὲ.

344 4904 505 4959 modi
523 4901 779 4971 denique
802 4898 1191 4955 contumelias
1210 4896 1490 4952 adversus
1504 4895 1757 4967 virgines
1769 4893 1983 4948 Christi

2096 4912 2204 4966 ρειν
2237 4889 2337 4944 οὐκ
2364 4888 2631 4961 ἀνέχεται·
2665 4883 2897 4959 αἰσχρὸν
2945 4884 3049 4958 γὰρ
3098 4883 3209 4940 ἐστι
3267 4887 3358 4940 καὶ
3412 4886 3606 4963 λέγειν.
3638 4887 3732 4941 Καὶ

342 5009 491 5064 quas
522 5007 633 5046 nec
658 4990 862 5061 lingua
890 4988 1153 5060 proferre
1183 4986 1438 5042 sustinet
1466 5001 1480 5051 ;
1511 5001 1651 5040 nam
1681 4988 1740 5039 et
1794 4983 1985 5053 turpis

2096 4981 2197 5057 γὰρ
2228 4980 2389 5054 μένον
2434 4996 2517 5036 τις
2573 4978 2682 5029 τῶν
2743 4975 2798 5029 εὖ
2848 4973 3192 5047 φρονούντων
3252 4974 3450 5038 ταύτας
3502 4975 3734 5040 ἀκούσας

343 5087 432 5137 est
463 5082 593 5151 ipsa
622 5077 896 5144 prolatio.
921 5079 1088 5133 Certe
1103 5093 1173 5131 ex
1197 5072 1985 5143 cordatishominibusquis-

342 5171 475 5242 quis
506 5168 632 5224 hmo
664 5165 1035 5222 solummodo
1067 5165 1309 5233 audivit,
1343 5163 1543 5221 statim
1565 5161 1982 5219 obturavitau-

340 5275 460 5326 res,
489 5260 548 5312 et
576 5253 792 5310 surdus
835 5271 963 5312 esse
1002 5254 1200 5327 potius
1248 5253 1470 5326 optavit
1512 5268 1691 5324 quam
1739 5250 1981 5306 illorum

341 5345 769 5403 obscenitatem
802 5344 1044 5399 auribus
1075 5342 1199 5397 suis
1228 5341 1455 5398 audire.
1481 5341 1592 5397 Sed
1613 5340 1842 5396 utinam
1859 5355 1983 5393 ver-

339 5436 432 5493 bis
463 5432 728 5493 contenti
756 5432 1042 5487 hactenus
1072 5430 1486 5501 deliquissent,
1529 5445 1640 5485 nec
1669 5427 1979 5483 verborum

408 5578 486 5650 (1)
517 5573 821 5650 Ἐπήφιον,
846 5571 1281 5650 Codcxﬁegius
1308 5571 1508 5650 habet,
1525 5568 1827 5650 inmitem.

408 5641 483 5726 (2)
518 5641 712 5723 Λᾶγων
744 5644 932 5702 ἐνίκων
963 5641 1269 5717 ἀσέλγεῖαν.
1301 5642 1495 5698 Codex
1523 5641 1742 5700 Savilii.

2093 5066 2251 5126 ἔϐυσε
2303 5066 2401 5129 τὰς
2459 5064 2643 5126 ἀκοάς·
2688 5061 2780 5118 καὶ
2844 5060 3057 5136 μᾶλλον
3115 5062 3315 5137 ηὔξατο
3373 5063 3434 5119 ἂν
3494 5067 3731 5142 γενέσθαι

2089 5160 2294 5235 κωφὸς,
2326 5156 2362 5226 ἢ
2388 5154 2655 5225 αὐτήκοος
2684 5150 2923 5230 γενέσθαι
2972 5158 3071 5221 τῆς
3112 5151 3511 5228 αἱσχρολογίας
3536 5153 3730 5212 αὐτῶν,

2090 5247 2247 5306 Ἀλλ’
2277 5246 2387 5310 εἷ’θε
2418 5245 2602 5320 λόγοις
2633 5240 2962 5317 ἆκροῦμενοι
3012 5239 3176 5314 μόνον
3230 5239 3617 5317 ἐξημάρτανον,
3646 5244 3733 5297 καὶ

2094 5338 2170 5410 μή
2229 5335 2418 5410 πράξει
2474 5334 2574 5401 τήν
2625 5334 2733 5386 τῶν
2788 5328 2968 5405 λόγων
3024 5326 3211 5383 ἐνίκων
3271 5328 3549 5405 ἀσέλγειαν
3607 5333 3728 5403 (2)Ῐ

2090 5424 2426 5485 Εὖῦποιστος
2452 5422 2552 5498 γὰρ
2574 5422 2611 5491 ἠ
2643 5415 2918 5495 λοιδορια,
2950 5416 3045 5473 αι’ἀν
3066 5414 3428 5487 οὶαδηποτοῦν
3460 5420 3729 5494 τυγχᾶνῇ,

2091 5568 2380 5649 scriptum
2408 5567 2609 5649 habet,
2640 5556 2909 5649 ἀσέϐειαν.
2943 5561 3309 5649 Epiphanius
3332 5567 3527 5619 tamen
3559 5564 3730 5620 Scho-

2088 5635 2334 5696 lasticus
2366 5640 2660 5711 vulgatam
2688 5635 3005 5690 lectionem
3038 5638 3256 5688 tuetur.
