4134 6268
427 310 579 371 12⁷9

1457 303 1696 368 PETRI
1740 305 1796 369 ΙΙ
1838 307 2197 372 EPISGOPI
2240 311 2785 375 ALEXANDRINI

3668 314 3855 375 1280

419 449 560 500 runt
579 442 823 497 volubili
848 445 1031 507 motu,
1064 441 1174 497 hac
1195 440 1403 496 etillac
1424 457 1632 497 manus
1644 442 1971 513 jactantem
2002 460 2056 500 ac

2180 449 2279 500 τοῦ
2335 445 2495 521 ἀγίου
2553 443 2939 519 θυσιαστηρίου
2976 492 2990 517 ,
3047 440 3174 501 ἔνθα
3231 442 3465 511 κάθοδον
3518 448 3616 500 τοῦ
3673 445 3854 521 ἆγὶου

424 532 877 606 gesticulantem
906 548 920 597 ;
946 530 1057 602 ipsi
1082 530 1471 586 immoderate
1494 531 2074 604 ridentes,vocesque

423 622 713 678 nefandas
742 622 1103 677 emittentes.
1132 621 1284 685 Quin
1308 621 1486 676 etiam
1510 621 1669 676 istud
1685 622 2075 678 adlasciviam

428 718 697 784 spectare
727 710 1019 775 arbitrati,
1055 715 1113 764 et
1140 710 1441 781 praeterita
1470 710 1683 766 decora
1717 712 1913 783 potius
1944 728 2074 768 esse

419 818 598 873 quam
618 801 803 873 impia
825 800 1579 870 existimantes,quemdam
1602 816 1671 855 ex
1694 818 1800 857 suo
1822 818 2074 857 numero

418 891 748 946 notissimaa
772 888 1293 961 turpitudinis,qui
1316 906 1438 945 una
1456 906 1590 946 cum
1613 897 1771 945 veste
1785 891 2075 962 pudorem

421 980 601 1035 simul
627 984 888 1047 exuerat,
921 978 1171 1043 nudum,
1206 979 1359 1034 sicut
1380 985 1554 1035 natus
1579 979 1789 1048 erat,in
1806 980 2071 1036 ecclesias

422 1070 572 1125 solio
599 1069 979 1135 collocantes,
1003 1068 1778 1124 concionatoreminfamem
1793 1069 2073 1125 adversus

418 1159 716 1214 Christum
743 1158 1094 1213 salutarunt.
1106 1159 1248 1213 Nam
1264 1157 1601 1213 divinorum
1614 1158 1925 1214 verborum
1940 1159 2069 1214 loco

419 1247 852 1320 turpitudinem
875 1247 1241 1318 proferebat:
1262 1264 1367 1319 pro
1391 1248 1663 1318 gravibus
1684 1248 1877 1303 verbis
1896 1254 2071 1320 petu-

411 1339 768 1411 lantiampro
784 1339 999 1411 pietate
1012 1338 1398 1410 impietatem:
1415 1356 1520 1410 pro
1535 1339 1905 1395 continentia
1917 1356 2069 1394 scor-

414 1429 723 1498 tationem,
750 1427 1130 1491 adulterium,
1152 1427 1482 1484 masculam
1499 1444 1795 1493 venerem,
1818 1428 2065 1497 furtum,

418 1534 615 1574 escam
647 1534 714 1572 ac
744 1522 972 1589 potum,
995 1516 1125 1570 vitae
1145 1516 1456 1572 hominum
1476 1516 1650 1572 utilia
1671 1533 1802 1573 esse
1819 1517 2059 1572 docens.

2183 533 2496 608 Ηνεύματος
2545 533 2974 609 ἐπικαλούμεθα,
3035 535 3284 609 εύκύκ).ῳ
3334 539 3403 610 τῇ
3460 538 3688 612 στροφῇ,
3728 534 3854 591 ὧδε

2182 624 2398 679 κάκεῖσε
2426 623 2505 680 τὼ
2543 630 2698 700 χεῖρε
2756 624 3261 700 σχηματιζόμενον,
3322 623 3605 700 ὀρχεῖσθαι
3660 645 3852 700 παρε-

2184 713 2460 783 σκεύασαν,
2519 713 2700 770 πλατύ
2763 714 2856 788 μὶν
2917 713 3210 790 γελῶντες,
3268 713 3537 788 ἀθέσμους
3581 710 3629 768 δ’
3656 713 3849 776 ἐπαφ-

2188 803 2350 866 ιὲντες
2383 804 2579 880 φωνὰς.
2620 805 2689 861 Οἱ
2748 800 2805 860 δὶ
2859 803 3024 860 πάλιν
3078 803 3168 859 καὶ
3201 808 3362 859 τοῦτο
3422 804 3561 880 πρὸς
3609 802 3851 875 ἀταξίαν

2180 891 2565 965 ἡγησάμενοι,
2623 892 2715 948 καὶ
2780 893 2847 948 τὰ
2902 892 3277 967 παρῳχηκότα
3319 891 3563 964 εὐπρεπῆ
3614 890 3853 966 μᾶλλον

2181 979 2322 1054 ἤπερ
2380 976 2584 1054 ἄθεσμα
2639 980 3010 1056 λογισάμενοι,
3066 980 3116 1055 ἐξ
3176 980 3350 1036 αὐτῶν
3403 977 3496 1037 ἕνα
3531 983 3850 1057 γνωριμώο

2177 1090 2337 1124 τατον
2371 1069 2422 1124 ἐν
2456 1069 2809 1146 αἷσχρύτητι,
2844 1071 2985 1145 ὁμοῦ
3026 1071 3126 1140 τήν
3185 1070 3383 1135 ἐσθῆτα
3434 1070 3525 1125 καὶ
3554 1072 3654 1140 τὴν
3688 1067 3850 1126 αἷδὼ

2179 1158 2629 1233 γυμνωσάμενον,
2663 1160 2737 1222 ὡς
2795 1162 2830 1229 ἡ
2890 1158 3050 1238 φύσις
3104 1157 3219 1236 ἔχει
3252 1180 3562 1236 σχηματος,
3612 1164 3692 1231 τῷ
3723 1166 3849 1230 τῆς

2178 1247 2469 1319 ἐκκλησίας
2526 1243 2935 1314 ἐπιϐιϐάσαντες
2988 1250 3188 1325 θρόνῳ,
3241 1246 3561 1325 δημηγόρον
3594 1247 3850 1324 αἰσχρὸν

2175 1337 2312 1393 κατά
2360 1338 2591 1412 Χριστοῦ
2629 1330 3100 1413 προσηγόρευσαν.
3159 1337 3307 1393 Ἀντι
3359 1335 3460 1412 γὰρ
3519 1335 3676 1401 θείων
3723 1335 3848 1412 ῥη-

2178 1424 2385 1500 μᾶτων,
2415 1425 2788 1502 αῗσχρότηττα
2807 1420 3218 1502 προύόἁὶλλετο,
3241 1422 3361 1481 ἀντὶ
3393 1429 3604 1499 σεμνῶν
3637 1423 3844 1501 λόγων

2174 1514 2472 1590 ἀσέλγειαν,
2528 1515 2641 1570 ἀντ’
2695 1509 2967 1577 εὐσεϐείας
3019 1509 3284 1585 ἀσέϐειαν,
3341 1515 3452 1570 ἀντ’
3498 1514 3843 1590 ἐγκρατείας

407 1606 683 1679 πορνείάν,
716 1603 988 1678 μοιχείαν,
1012 1603 1437 1680 ἀρσενοκοιτίαν,
1481 1603 1721 1676 κλοπὴν,
1784 1605 1985 1681 βρῶσιν
2040 1603 2131 1661 καὶ
2184 1603 2342 1684 πόσιν
2372 1608 2453 1678 τῷ
2509 1605 2616 1680 βιῳ
2675 1605 2811 1679 πρὸς
2840 1608 2955 1668 τοῖς
3009 1602 3205 1666 ἄλλοις
3260 1602 3656 1681 εἰσηγούμενος
3685 1606 3842 1660 εἶναι

410 1696 687 1770 χρήσιμαι

446 1788 684 1852 ΙΙΙ.Οιιω
698 1802 831 1841 cum
846 1787 927 1841 ita
942 1787 1358 1859 tierent,atque
1378 1803 1482 1860 ego
1500 1786 1752 1842 ecclesia
1768 1787 2054 1843 excessis-

2233 1785 2303 1840 l".
2337 1783 2556 1841 Τούτων
2590 1780 2649 1839 δὲ
2675 1783 2848 1847 οὕτως
2880 1783 3142 1860 ἐχόντων,
3182 1785 3363 1857 κάμοῦ
3395 1790 3496 1853 τῆς
3523 1782 3842 1853 ἐκκλησίας

414 1893 539 1931 sem
571 1876 889 1947 (quomodo
912 1878 1071 1932 enim
1104 1893 1223 1932 non
1245 1877 1547 1944 abiissem,
1570 1894 1705 1931 cum
1728 1876 1947 1931 milites
1968 1877 2056 1932 in-

408 1965 752 2021 cursionem
783 1964 1067 2033 facerent,
1101 1965 1270 2037 plebs
1301 1967 1568 2038 pecuniis
1599 1964 1873 2021 condicta
1904 1970 2060 2020 esset

408 2053 479 2110 ad
510 2046 1014 2117 tumultuandum,
1048 2055 1278 2110 nummi
1309 2060 1710 2127 erogarentur,
1741 2053 2054 2110 multitudo

414 2144 724 2216 gentilium
754 2145 980 2215 magnis
995 2145 1526 2216 pollicitationibus
1541 2145 1736 2200 illecta
1750 2144 2054 2215 adesset?):

413 2250 722 2290 successor
748 2241 951 2289 noster
980 2235 1255 2299 mittitur,
1289 2235 1391 2305 qui
1444 2235 1850 2306 episcopatum
1900 2233 2059 2287 velut

416 2322 761 2379 sazcularem
778 2323 1094 2393 quemdam
1114 2324 1521 2396 magistratum
1536 2324 1723 2396 pretio
1738 2328 2055 2390 coemerat,

417 2413 627 2467 Lucius
652 2412 917 2484 quidam,
949 2412 1072 2483 lupi
1097 2430 1338 2484 prorsus
1356 2413 1793 2485 improbitatem
1810 2420 1868 2468 et
1888 2418 2055 2468 actus

409 2500 655 2556 studens
669 2501 1080 2555 aemularimon
1098 2501 1155 2555 in
1170 2501 1629 2556 orthodoxorum
1644 2504 2055 2574 episcoporum

409 2589 668 2660 synodo;
695 2606 814 2643 non
839 2588 1114 2657 suffragio
1137 2589 1539 2661 legitimorum
1552 2591 2055 2661 clericorum,non

418 2678 817 2750 postulatione
877 2677 1067 2749 plebis
1127 2678 1372 2747 electus,
1430 2681 1584 2735 sicut
1639 2681 2054 2739 ecclesiasticae

416 2767 574 2839 leges
605 2767 936 2838 requirunt.
971 2768 1151 2821 Erant
1180 2784 1301 2823 una
1332 2785 1465 2823 cum
1498 2768 1600 2824 illo
1636 2770 1852 2843 (neque
1892 2773 2053 2828 enim

409 2857 662 2929 simplex
692 2857 822 2929 ejus
855 2857 1160 2927 ingressus
1192 2874 1320 2913 esse
1352 2860 1560 2930 potuit)
1618 2877 1739 2915 non
1792 2862 2052 2935 episcopi

401 2947 611 3018 aliqui,
645 2964 764 3001 non
796 2947 1127 3019 presbyteri
1161 2964 1228 3003 ac
1251 2948 1508 3015 diaconi,
1531 2966 1653 3004 non
1673 2951 1875 3022 populi
1896 2952 2055 3006 mul-

403 3036 616 3104 titudo,
649 3053 770 3091 non
799 3035 970 3090 illum
1003 3036 1416 3107 praecedebant
1437 3039 1998 3111 monachi,hymnos
2021 3057 2052 3096 e

2177 1874 2732 1949 ὑπαναχωρήσαντοςο
2766 1875 2905 1947 (πῶς
2933 1874 3033 1948 γάρ
3075 1870 3228 1949 ούχὶ,
3279 1872 3416 1928 ὅπου
3473 1878 3838 1949 στρατιωτῶν

2173 1960 2379 2038 ἔφοδοι,
2414 1957 2552 2017 ὅπου
2585 1959 2764 2035 δῆμος
2812 1963 2948 2036 πρὸς
2995 1961 3210 2033 ἀταξίαν
3241 1961 3647 2039 ἀργυρώνητος,
3679 1961 3835 2018 ὅπου

2172 2050 2491 2127 φιλοτιμίαν
2521 2053 2635 2124 (10)
2671 2050 2998 2127 χρημάτων,
3055 2051 3145 2108 καὶ
3206 2050 3427 2107 ἒννικῶν
3458 2050 3645 2123 πλήθη
3681 2054 3832 2124 μετά

2174 2141 2437 2218 μεγίστων
2494 2141 2934 2218 ὑποσχέσεων,)
2998 2143 3268 2219 ἡμέτερος
3326 2140 3485 2213 δῆθεν
3542 2143 3826 2199 ἀποστέλο

2175 2231 2324 2287 λεται
2354 2229 2636 2307 διάδοχος,
2693 2230 2925 2306 χρυσίου
2977 2232 3077 2300 τήν
3136 2230 3436 2301 ἐπισκοπὴν
3495 2232 3571 2296 ὡς
3598 2231 3824 2305 ἀξίωμα

2169 2322 2436 2394 κοσμικὸν
2476 2320 2821 2395 ὠνησάμενος
2872 2325 3003 2394 (li),
3063 2322 3297 2387 Λούκιός
3347 2344 3452 2391 τις,
3507 2318 3679 2377 λύκου
3708 2323 3820 2391 τήν

2169 2412 2433 2484 πονηρίαν
2483 2411 2574 2466 καὶ
2637 2412 2735 2476 τὰς
2802 2411 3020 2487 πράξεις
3080 2405 3226 2488 ἔχειν
3286 2409 3651 2476 ἐσπουδακώς·
3712 2412 3826 2467 οὒκ

2170 2499 2480 2557 ἐπισκόπων
2528 2498 2832 2576 όρθοδόξων
2893 2497 3125 2574 συνόδῳ,
3175 2501 3240 2557 ού
3298 2502 3468 2576 ψήφῳ
3522 2501 3820 2574 κληρικῶν

2168 2588 2467 2660 ἀληθινῶν,
2500 2588 2600 2645 οὐκ
2630 2589 2837 2660 αἰτήσει
2871 2586 3043 2659 λαῶν,
3098 2590 3171 2652 ὡς
3219 2591 3273 2644 οἱ
3326 2587 3427 2657 τῆς
3483 2586 3821 2659 Ἐκκλησίας

2169 2677 2544 2755 διαγορεύουσι
2576 2680 2786 2753 θεσμοί.
2819 2683 2911 2752 Τῷ
2952 2677 3020 2749 δὴ
3077 2679 3317 2752 τοιούτῳ
3373 2686 3606 2749 συνῆσαν
3638 2677 3819 2754 (ἁπλῇ

2165 2769 2265 2845 γὰρ
2297 2767 2494 2842 εἰσόδῳ
2518 2777 2619 2839 τῆς
2657 2770 2877 2832 πόλεως
2926 2763 3220 2824 ἐπιϐαίνειν
3278 2766 3377 2824 ούκ
3425 2766 3682 2842 ἠδύνατο)
3715 2769 3819 2825 οὐκ

2165 2856 2475 2913 ἐπισκόπων
2502 2858 2664 2924 τινες,
2726 2856 2788 2912 ού
2846 2851 3242 2933 πρεσϐυτέρων,
3301 2857 3367 2911 οὗ
3428 2852 3716 2924 διακόνων,
3749 2856 3814 2912 ού

2166 2946 2314 3004 λαῶν
2348 2947 2563 3018 πλήθη.
2596 2946 2673 3004 Οὐ
2704 2953 2948 3022 προτγον
2979 2951 3169 3001 τοῦτον
3223 2946 3568 3020 μονάζοντες,
3600 2944 3811 3019 ὕμνους

2165 3035 2224 3092 ἐκ
2267 3040 2493 3114 Γραφῶν
2529 3033 2952 3108 ἀναμέλποντες·
2985 3032 3108 3089 ἀλλ’
3168 3033 3411 3103 Εύζώϊος
3435 3035 3520 3102 ἧν,
3553 3034 3582 3088 6
3612 3036 3810 3109 πρώην

408 3126 726 3197 Scripturis
759 3124 1141 3197 depromptos
1172 3133 1452 3183 canentes
1478 3145 1491 3194 ;
1526 3129 1628 3183 sed
1658 3130 1922 3199 Euzoius,
1949 3132 2048 3202 qui

2167 3127 2262 3201 μὲν
2306 3127 2397 3181 σὺν
2432 3125 2634 3202 Ἀρείῳ
2683 3124 3041 3200 καθαιρεθεὶς,
3103 3120 3353 3186 διάκονος
3406 3119 3478 3177 ὢν
3532 3126 3630 3192 τῆς
3686 3125 3810 3189 καθ’

403 3215 546 3270 olim
567 3215 806 3286 quidem
824 3232 959 3270 cum
973 3216 1257 3271 diaconus
1273 3217 1807 3273 essetAlexandria:
1826 3226 2044 3275 nostras

405 3304 467 3358 in
499 3310 704 3359 sancta
737 3309 793 3359 et
814 3321 1027 3378 magna
1054 3305 1277 3376 synodo
1302 3306 1538 3362 Nicama
1558 3307 1737 3362 simul
1755 3325 1890 3363 cum
1913 3310 2048 3364 Ario

402 3392 709 3464 depositus
740 3400 865 3447 est:
900 3410 1061 3449 nunc
1094 3411 1228 3449 vero
1261 3395 1691 3451 Antiochenam
1722 3397 2046 3452 Ecclesiam

404 3481 725 3553 praesulatu
760 3498 865 3536 suo
896 3482 1181 3537 devastat.
1216 3482 1403 3538 Simul
1435 3484 1613 3539 etiam
1639 3501 1837 3540 comes
1869 3484 2053 3557 largi-

407 3570 636 3625 tionum
650 3571 1128 3626 comitatensium
1142 3573 1402 3645 ,Magnus
1414 3573 1679 3642 nomine,
1695 3574 2050 3629 immensam

403 3659 657 3714 militum
694 3660 1139 3716 multitudinem
1174 3678 1374 3716 secum
1393 3661 1614 3717 ducens
1638 3680 1651 3731 ;
1675 3663 1776 3734 qui
1798 3664 1859 3717 in
1885 3664 2048 3718 omni

401 3749 707 3821 impietate
753 3766 988 3821 semper
1021 3751 1445 3822 antesignanus
1475 3767 1604 3806 esse
1652 3752 2045 3824 cognoscitur.

403 3839 511 3904 Qui
536 3856 604 3893 cu
616 3855 667 3893 m
683 3839 899 3894 Juliani
926 3839 1292 3910 temporibus
1307 3840 1620 3896 ecclesiam
1633 3841 2047 3912 Berytensium

399 3927 925 3998 incendisset,quze
942 3928 1143 3982 civitas
1164 3928 1572 3983 estthnices
1593 3946 1712 3983 non
1743 3929 2041 4001 ignobilis,

395 4017 730 4088 principatu
762 4017 951 4072 felicis
981 4017 1285 4072 memorias
1315 4018 1562 4082 Joviani,
1616 4034 1745 4073 eam
1790 4019 2046 4090 propriis

396 4106 732 4178 sumptibus
789 4106 1123 4161 instaurare
1185 4112 1422 4161 coactus
1479 4113 1568 4162 est
1617 4125 1630 4162 :
1712 4124 2040 4179 paromque

2161 3219 2308 3289 ἡμᾶς
2368 3212 2798 3290 Ἀλεξανδρείας,
2849 3213 2901 3269 ἐν
2952 3217 3021 3289 τῇ
3077 3214 3215 3268 κατᾶ
3253 3214 3476 3269 Νίκαιαν
3536 3212 3664 3289 ἁγίᾳ
3716 3213 3808 3268 καὶ

2162 3304 2372 3382 μεγάλη
2399 3301 2634 3377 συνόδῳ,
2666 3302 2785 3378 ἄρτι
2848 3300 2906 3358 δὲ
2953 3302 3255 3378 προστασία
3308 3304 3408 3373 τήν
3468 3301 3804 3378 Ἀντιοχέων

2165 3392 2587 3467 λυμαινόμενος·
2616 3392 2706 3449 καὶ
2738 3395 2767 3448 6
2794 3396 2902 3448 τῶν
2954 3393 3383 3466 κομητατησίων
3434 3388 3492 3448 δὲ
3522 3390 3805 3466 λαργιτιό·

2160 3489 2267 3539 νῶν
2324 3486 2436 3557 (12)
2495 3483 2698 3557 κόμης,
2759 3487 3103 3559 στρατιωτῶν
3176 3479 3511 3555 ἐπαγόμενος
3571 3482 3806 3557 ἄμετρον

2159 3572 2399 3644 πληθὺν,
2434 3573 2462 3627 ὁ
2511 3571 2564 3627 ἐν
2592 3574 2736 3646 πάσῃ
2789 3567 3009 3645 ἀσεϐείᾳ
3066 3572 3149 3627 ἀεὶ
3206 3572 3635 3648 γνωριζόμενος.
3689 3570 3811 3627 Μά-

2156 3682 2279 3738 γνος
2309 3657 2574 3734 τοῦνομα·
2607 3661 2668 3723 ’ὀς
2706 3660 2759 3717 ἐν
2789 3666 2910 3722 τοῖς
2941 3659 3247 3718 Ἰουλιανοῦ
3293 3664 3530 3733 καιροῖς,
3562 3661 3662 3728 τὴν
3700 3663 3808 3730 Βη-

2160 3749 2355 3828 ρυτίων
2380 3748 2671 3821 ἐκκλησίαν
2705 3749 2993 3826 ἐμπρήσας
3022 3749 3315 3819 (Φοινίκων
3375 3746 3423 3804 δ’
3471 3748 3605 3819 αὕτη
3638 3746 3807 3812 πόλις

2159 3839 2474 3917 ἐπιφανὴς),
2506 3839 2595 3894 ἐπὶ
2622 3843 2722 3895 τοῦ
2772 3843 2789 3913 (
2831 3840 2885 3914 3)
2941 3846 3042 3908 τῆς
3101 3839 3369 3913 μακαρίας
3429 3840 3652 3912 μνήμης
3682 3841 3808 3895 Ἰω-

2157 3924 2347 3985 6ιανοῦ
2377 3930 2625 4004 χρόνοις,
2657 3928 2927 3999 ἐξοίκείων
2945 3928 3146 3999 ταύτην
3174 3928 3477 4004 ἀνορθῶσαι
3515 3928 3802 4003 κατηνάγι-

2156 4039 2365 4085 κασται,
2404 4017 2596 4090 ὀλίγου
2624 4017 2713 4072 καὶ
2743 4012 2842 4086 τὴν
2901 4018 3147 4093 κεφαλὴν
3201 4017 3450 4091 τμηθεὶς,
3482 4016 3529 4071 εί
3563 4018 3637 4090 μή
3672 4017 3804 4088 φιλ-

2158 4106 2466 4183 ἀνθρωπίας
2498 4105 2558 4161 ἐκ
2586 4104 2806 4175 πολλῆς
2836 4103 3182 4181 περιδρομῆς
3213 4104 3373 4181 ἔτυχε
3406 4104 3718 4181 βασιλικῆς.

395 4195 604 4259 abfuit,
636 4195 779 4265 quin
812 4196 1003 4267 capite
1035 4195 1413 4266 plecteretur,
1445 4196 1562 4251 nisi
1592 4197 1915 4253 multorum
1947 4197 2172 4253 ambitu
2204 4215 2269 4253 ac
2301 4198 2601 4271 sutl'ragio,
2632 4196 3009 4269 imperatoris
3041 4196 3422 4252 clementiam
3461 4196 3799 4252 meruisset.

470 4285 541 4337 IV
598 4284 742 4339 Hinc
775 4284 952 4356 igitur
1003 4283 1381 4339 considerare
1429 4284 1605 4340 debet
1648 4286 1807 4343 zelus
1852 4292 2043 4341 vester
2072 4288 2119 4353 D

400 4378 604 4447 (quem
636 4374 877 4446 quidem
911 4375 1116 4431 hortor
1143 4392 1263 4439 vos,
1298 4381 1362 4430 ut
1393 4376 1660 4432 excitetis
1690 4378 1762 4432 ad
1793 4393 1864 4433 ea
1916 4394 2047 4447 qum

404 4470 567 4539 gesta
598 4469 736 4519 sunt
766 4464 1160 4533 vindicanda),
1203 4481 1332 4535 qua:
1358 4471 1654 4536 etquanta
1674 4471 1905 4537 patrata
1930 4466 2050 4521 sint

401 4554 626 4609 scelera
646 4553 925 4611 adversus
945 4554 1269 4611 Ecclesiam
1296 4555 1419 4623 Dei,
1469 4572 1603 4611 cum
1628 4561 1825 4611 tantus
1846 4556 1906 4611 in
1932 4572 2042 4611 nos

402 4648 689 4716 tyrannus
722 4660 900 4716 supra
920 4650 1286 4699 memoratus
1307 4644 1900 4699 insurrexisset.Nam
1916 4661 2051 4700 con-

403 4734 569 4789 tinuo
601 4733 702 4789 ille
736 4750 769 4789 a
799 4740 992 4789 vestra
1022 4734 1262 4806 pietate,
1298 4738 1355 4788 et
1385 4733 1456 4788 ab
1511 4733 1787 4789 omnibus
1827 4734 2047 4806 ubique

401 4910 981 5039 Ε(1Ο)Φιλοτιμίαν.
1044 4913 1380 4987 Legendum
1439 4911 1673 4967 videtur
1731 4908 2044 4988 φιλοτιμία.

449 5001 556 5039 ῡιτ.

449 5001 556 5039 Dl'l'.

469 5056 980 5129 (tUQv-gc‘ipavoc.
1041 5055 1237 5129 Codex
1295 5056 1533 5129 Regius,
1592 5059 1651 5111 et
1706 5055 2048 5111 Basiliensis

408 5126 589 5201 editio
623 5127 860 5189 habent,
890 5127 1267 5201 ἡγησάμενος.

473 5200 587 5272 (12),
643 5194 1095 5272 Κομητατησίων’
1165 5195 1221 5252 δὲ
1305 5194 1729 5272 λαργιτιόνωνη
1766 5198 2049 5272 Thesauri

401 5270 712 5343 principis,
747 5270 848 5341 qui
880 5271 1272 5343 vulgosacrm
1305 5270 1647 5343 largitiones
1676 5270 2047 5325 dicebantur.

401 5341 517 5395 Alii
561 5349 728 5395 erant
750 5359 854 5410 per
886 5341 1147 5413 singulas
1179 5341 1481 5403 dimceses.
1518 5343 1733 5412 quibus
1755 5347 2051 5413 praeerant

402 5413 670 5467 comites.
699 5412 810 5466 Alii
839 5412 1009 5467 erant
1030 5413 1089 5467 in
1115 5415 1402 5469 comitatu
1423 5431 1544 5469 una
1564 5431 1695 5468 cum
1730 5412 1855 5483 ipso
1890 5414 2050 5484 prin-

402 5484 551 5555 cipe,
588 5484 687 5555 qui
722 5484 1143 5557 comitatenses
1174 5486 1517 5557 largitiones
1549 5485 1917 5557 dicebantur.
1949 5485 2049 5539 His

400 5561 659 5627 prmerat
687 5572 885 5610 comes
917 5555 1296 5627 largitionum
1337 5556 1836 5612 comitatensium.
1870 5558 2053 5627 Erant

398 5626 599 5683 autem
632 5644 843 5683 omnes
876 5627 975 5683 isti
1008 5627 1254 5684 comites
1286 5627 1394 5683 sub
1426 5627 1816 5699 dispositione
1842 5627 1945 5681 viri
1979 5626 2049 5681 il-

2230 4285 2301 4343 Δ’.
2362 4282 2819 4359 Λναλογήσασθαι
2866 4282 3047 4339 τοίνυν
3107 4282 3166 4338 ἐκ
3220 4283 3416 4339 τούτου
3472 4283 3562 4338 τὸν
3606 4283 3800 4356 ὑμὲ-τε-

2155 4394 2251 4450 ρον
2287 4372 2455 4443 ζῆλον
2515 4374 2806 4448 προσήκει,
2867 4372 2926 4427 ὃν
2988 4369 3323 4448 διεγερθῆναι
3380 4372 3517 4446 πρὸς
3562 4368 3800 4427 ἐκδικίαν

2151 4467 2258 4518 τῶν
2289 4462 2596 4539 γενομένων
2642 4460 2966 4537 παρακαλῶ,
2999 4464 3087 4517 οἷα
3142 4462 3229 4517 καὶ
3288 4460 3460 4532 ἡλίκα
3510 4462 3577 4517 τὰ
3605 4461 3795 4532 πλημ-

2156 4551 2462 4627 μεληθέντα
2495 4550 2631 4607 κατᾶ
2673 4557 2775 4621 τῆς
2801 4554 2898 4606 τοῦ
2955 4555 3089 4606 Θεοῦ
3138 4548 3492 4621 Ἐκκλησίας,
3548 4549 3799 4606 τοιούτου

2150 4643 2416 4718 τυράννου
2454 4645 2551 4696 τοῦ
2608 4638 3019 4714 προειρημένου
3076 4640 3194 4704 καθ’
3248 4642 3408 4713 ἡμῶν
3466 4638 3799 4695 ἐπαναστάνο

2150 4751 2261 4795 τος.
2297 4732 2453 4804 ’Ἅμα
2508 4730 2613 4805 γὰρ
2647 4729 2674 4783 6
2704 4728 2850 4805 παρά
2902 4735 3002 4798 τῆς
3061 4729 3324 4805 ὑμετέρας
3376 4723 3680 4791 θεοσεϐείας
3709 4728 3798 4784 καὶ

2152 4913 2363 4969 lustris
2393 4910 2626 4967 comitis
2653 4926 2954 4983 sacrarum
2975 4910 3382 4983 largitionum,
3402 4917 3467 4966 ut
3496 4910 3670 4966 docet
3698 4928 3800 4966 no-

2156 4985 2287 5041 titia
2314 4984 2626 5053 utriusque
2644 4982 2912 5055 imperii.
2936 4983 3040 5055 Hic
3065 4982 3264 5055 comes
3286 4982 3665 5055 largitionum
3699 4999 3795 5038 co-

2153 5052 2883 5126 mitatensiumot'ticiales
2912 5054 3038 5126 sub;
3068 5071 3131 5110 se
3164 5052 3438 5121 habebat,
3472 5055 3571 5126 qui
3622 5054 3798 5125 largi-

2154 5128 2411 5183 tionales
2443 5125 2863 5198 comitatensres
2894 5124 3262 5198 dicebantur,
3287 5124 3540 5198 quorum
3573 5124 3798 5181 mentio

2156 5201 2221 5256 tit
2251 5200 2311 5255 in
2345 5199 2533 5270 lege?
2564 5197 2691 5251 Cod.
2745 5196 2941 5251 Theod.
2987 5198 3078 5270 ADe
3127 5196 3375 5253 diversis
3432 5197 3647 5270 ofﬁciis
3682 5214 3696 5252 :
3730 5198 3801 5251 De

2155 5268 2605 5340 largitioﬁalibus
2637 5268 3096 5335 comitatensibus,
3125 5276 3178 5324 et
3241 5269 3576 5339 ofﬁcialibus
3624 5271 3802 5323 ratio-

2154 5343 2299 5397 nalis
2327 5357 2509 5413 rerum
2558 5342 2909 5413 privatarum
2958 5343 3235 5413 custodiet
3265 5342 3646 5413 prmepimus,
3688 5345 3796 5395 etc.

2157 5414 2249 5469 Sic
2282 5412 2443 5467 enim
2472 5410 2822 5466 scribendus
2854 5417 2943 5466 est
2981 5411 3147 5468 locus
3179 5410 3301 5481 ille,
3337 5413 3436 5483 qui
3465 5410 3632 5484 vulgo
3667 5427 3803 5466 cor-

2160 5490 2375 5540 ruptus
2408 5488 2515 5539 est.

2255 5558 2338 5626 13)
2378 5552 2501 5610 Ἐπὶ
2531 5556 2646 5608 τοῦ.
2681 5552 2873 5609 Codex
2907 5555 3144 5627 Regius,
3169 5553 3255 5609 ἐπὶ
3283 5559 3401 5616 τοῖς
3430 5556 3548 5609 τοῦ.
