4128 6268
361 394 512 459 1281

1623 382 2013 445 EPISTOLA
2056 385 2168 448 ΕΝ
2173 385 2520 449 CYCLIGA.

3615 399 3772 459 1282

361 532 472 583 τῶν
557 523 872 597 ἀπανταγοῦ⁹
961 514 1267 594 όρθοδόξων
1351 514 1661 572 ἐπισκόπων
1743 512 2015 603 πολλάκις

2141 520 2479 577 orthodoxis
2510 538 2663 593 saepe
2686 520 3001 577 damnatus
3024 523 3256 593 Lucius,
3301 526 3362 581 in
3392 527 3547 584 hanc
3574 530 3775 587 civita-

360 611 751 691 ἀπογορευθεὶς
785 608 1039 677 Λούκιος,
1080 613 1179 677 τῆς
1224 607 1360 684 πρὸς
1407 605 1565 661 αὐτὸν
1594 606 1846 680 ἀπεχθῶς
1887 602 2013 659 δια-

359 724 618 779 κειμενης
677 701 761 756 ἐπ’
810 698 1063 773 εὐλόγοις
1109 702 1227 758 ταῖς
1284 696 1615 770 προφάσεσιν
1670 692 1864 763 ἐπεστη
1914 692 2017 748 πό-

361 793 522 856 λεως.
583 791 657 846 Οὐ
714 791 816 865 γάρ
880 789 1067 862 μόνον,
1126 787 1202 850 ὡς
1258 786 1286 840 ὁ
1336 781 1624 861 δύσφημος
1668 781 1719 838 ἐν
1754 780 2015 856 Ψαλμοῖς

363 887 572 962 ἄφρων,
632 878 802 956 λέγει,
858 876 974 935 Οὐκ
1029 874 1138 931 ἔστι
1198 874 1327 938 Θεὸς
1373 873 1651 944 ἂληθινῶς
1696 874 1724 928 6
1759 872 2015 941 Χριστὸς,

366 958 512 1029 ἀλλά
552 968 643 1025 καὶ
690 973 806 1026 τοῖς
857 963 1251 1039 ἐπιτηδεύμασι
1302 961 1562 1041 διεφθάρη
1595 962 1685 1017 καὶ
1725 958 2014 1038 διὲφθειρε,

366 1061 577 1138 χαίρων
615 1057 703 1115 ἐπὶ
758 1062 874 1119 ταῖς
935 1051 1335 1132 βλασφημίαις,
1387 1057 1506 1116 ταῖς
1533 1051 1669 1106 κατὰ
1695 1054 1793 1106 τοῦ
1825 1056 2016 1120 Σωτῆ-

369 1137 462 1226 ρος
495 1146 873 1222 πεμπομέναις
903 1147 1013 1219 (14)
1044 1141 1190 1217 παρά
1230 1145 1339 1197 τῶν
1391 1144 1461 1214 τῇ
1513 1139 1683 1195 κτίσει
1715 1137 2017 1215 λατρευόν-

367 1259 475 1294 των
524 1235 673 1311 παρὰ
725 1234 817 1288 τὸν
872 1230 1147 1288 κτίσαντα.
1207 1231 1334 1290 Ηῶς
1389 1226 1490 1302 οὐγ
1546 1227 1747 1303 ’ὀπουγε
1776 1230 1884 1300 (15)
1916 1246 2019 1280 πα.

370 1325 677 1403 ραπλήσιον
735 1321 1004 1392 Ἕλλησιν
1064 1316 1208 1395 ἔχων
1265 1318 1327 1373 τὸ
1393 1317 1670 1395 φρόνημα,
1722 1316 2020 1394 προσφάτῳ

368 1414 554 1489 τολμᾷ
583 1415 611 1469 6
643 1412 927 1487 ἀλιτήριος
975 1405 1148 1465 σέϐειν
1208 1412 1325 1480 Θεῷ
1381 1411 1528 1481 (l6);
1586 1408 1708 1464 Ἐπ’
1738 1407 1890 1480 ὕψεσι
1919 1406 2020 1481 γάρ

369 1506 517 1578 αὖτῷ
539 1506 770 1565 τούτους
818 1499 946 1563 τοὺς
994 1498 1242 1560 ἐπαίνους
1288 1493 1555 1570 ἔπεμπον
1599 1494 1801 1559 Καλῶς
1834 1494 2021 1567 ἦλθες,

368 1593 646 1662 ἐπίσκοπε,
680 1592 803 1647 Υἱὸν
859 1590 934 1664 μὴ
994 1588 1188 1665 λέγων’
1248 1588 1277 1642 6
1336 1586 1572 1663 Σὲραπίς
1613 1588 1722 1660 (l7)
1755 1606 1813 1640 σε
1843 1583 2022 1662 φιλῶν

370 1684 669 1760 εἰσήνεγκεν
720 1682 783 1737 τὸ
833 1682 1059 1751 πάτριον
1119 1675 1347 1734 εἴδωλον
1406 1677 1606 1732 ἑαυτῶν
1641 1672 2021 1749 ὀνομάζοντες.

372 1772 578 1831 Αὐτίκα
604 1773 706 1848 γάρ
740 1769 916 1847 ῥοπῆς
976 1764 1102 1823 οὐδὲ
1163 1772 1289 1841 μιᾶς
1346 1764 1745 1841 παρελθούσης,
1780 1764 1807 1818 ὁ
1838 1783 2022 1839 προει-

373 1862 611 1941 ρημένος
666 1861 905 1936 Μάγνος,
967 1859 995 1914 6
1047 1859 1145 1927 τῆς
1228 1850 1469 1917 ἀσεϐείας
1518 1853 1683 1910 αὐτοῦ
1758 1853 2018 1915 κοινωνὸς

2133 615 2249 665 tem
2273 611 2441 683 justa
2468 611 2540 666 de
2570 628 2746 667 causa
2776 612 2887 682 ipsi
2917 612 3211 669 infensam
3255 616 3538 673 introivit.
3570 621 3771 691 Neque

2122 699 2280 753 enim
2311 700 2525 766 solum,
2562 699 2716 754 sicut
2746 699 3131 757 detestandus
3162 702 3263 757 ille
3294 722 3354 759 1n
3370 707 3777 763 Psalmisinsi-

2121 787 2311 859 piens,
2346 788 2535 843 dicit:
2590 790 2716 843 Non
2775 795 2863 843 est
2919 807 3051 845 vere
3110 792 3263 848 Deus
3320 793 3770 863 Christus;sed

2120 877 2300 931 etiam
2331 877 2545 932 studiis
2564 883 2739 948 atque
2763 878 3053 935 institutis
3082 886 3141 935 et
3170 881 3296 952 ipse
3328 891 3641 955 corruptus
3658 892 3766 954 est,

2122 972 2177 1022 et
2208 968 2357 1023 alios
2385 969 2669 1039 corrupit,
2691 968 2954 1040 gaudens
2979 968 3365 1041 blasphemiis
3396 990 3527 1044 quas
3558 974 3763 1030 adver-

2122 1074 2222 1111 sus
2253 1056 2551 1113 Christum
2576 1058 2881 1130 jactantur
2910 1058 2981 1113 ab
3014 1059 3106 1127 iis,
3134 1061 3234 1131 qui
3270 1068 3602 1119 creaturam
3622 1064 3761 1119 ado-

2121 1151 2257 1201 rant
2286 1147 2504 1218 potius,
2555 1162 2733 1218 quam
2786 1148 3145 1205 Creatorem.
3204 1153 3420 1206 Annon
3472 1155 3630 1209 enim
3687 1154 3771 1211 ita

2122 1240 2230 1303 est,
2264 1252 2398 1290 cum
2426 1235 2867 1292 sceleratusille
2899 1237 3103 1294 afﬁnia
3134 1243 3192 1294 et
3218 1241 3487 1311 proxima
3508 1244 3772 1299 sentiens

2121 1324 2464 1398 gentilibus,
2495 1331 2795 1381 recentem
2828 1327 3012 1381 Deum
3042 1327 3236 1384 colere
3266 1330 3518 1387 audeat?
3543 1335 3684 1388 Nam
3710 1334 3771 1388 in

2124 1419 2445 1486 conspectu
2464 1414 2511 1485 ej
2523 1431 2590 1469 us
2612 1415 2717 1469 has
2736 1415 2940 1470 laudes
2965 1416 3375 1473 acclamabant
3399 1436 3412 1474 :
3435 1421 3587 1476 Bene
3600 1423 3772 1477 adve-

2124 1503 2285 1569 nisti,
2321 1504 2615 1575 episcOpe,
2649 1505 2748 1575 qui
2780 1506 2991 1560 Filium
3034 1523 3250 1579 negas:
3282 1510 3519 1582 Serapis
3552 1518 3605 1566 te
3636 1512 3770 1566 dili-

2124 1610 2267 1665 gens
2291 1593 2406 1648 huc
2437 1593 2682 1648 adduxit
2706 1611 2719 1661 ;
2740 1595 2998 1665 patrium
3026 1595 3413 1652 simulacrum
3430 1616 3602 1654 suum
3616 1600 3776 1655 desi-

2125 1682 2617 1755 gnantes.Statim
2648 1699 3010 1754 namque,ne
3038 1693 3343 1741 momento
3371 1687 3613 1758 quidem
3632 1694 3773 1743 tem-

2126 1772 2285 1843 poris
2338 1771 2677 1842 interjecto,
2738 1773 3113 1844 supradictus
3159 1776 3401 1848 Magnus
3452 1777 3775 1849 impietatis

2129 1862 2258 1933 ejus
2290 1860 2629 1916 individuus
2658 1879 2879 1930 comes,
2916 1864 3163 1919 acerbus
3196 1866 3435 1922 satelles
3467 1874 3525 1922 et
3559 1868 3772 1923 crude-

412 1913 609 1937 'H“""
666 1913 904 1936 —""0"'v
1104 1913 1142 1927 ι’
1456 1913 1467 1917 -
2005 1913 2013 1915 -

369 1913 694 2025 ἀδιαίρετος,
770 1949 860 2004 καὶ
939 1945 1243 2025 δορυφόρος
1314 1943 1530 2019 πικρὸς,
1594 1942 1684 1998 καὶ
1740 1941 2017 2017 σατράπης

2141 1913 2253 1933 τη
2291 1913 2625 1916 ηψπ-η-
2918 1913 3161 1919 ﬂ---“
3196 1913 3434 1922 ---μην
3470 1913 3524 1922 ν-
3561 1913 3738 1923 μην

2141 1950 2393 2006 tissimus
2424 1957 2681 2022 satrapa,
2731 1952 2981 2007 collecta
3021 1953 3401 2010 multitudine
3435 1973 3638 2012 eorum
3670 1958 3775 2029 qui

373 2037 679 2116 ὠμότατος,
709 2037 1061 2112 συναθροίσας
1106 2035 1198 2090 καὶ
1241 2034 1311 2090 τά
1358 2033 1463 2088 ὑπὸ
1492 2033 1591 2103 τὴν
1624 2032 1819 2088 ὸαυτοῦ
1850 2052 2018 2109 φρον-

372 2129 497 2187 τίδα
552 2128 946 2202 ἐπανακείμενα
1019 2123 1233 2195 πλήθη,
1307 2118 1702 2200 πρεσϐυτέρους
1754 2122 1842 2176 καὶ
1902 2118 2021 2175 δια-

374 2220 564 2282 κόνους
620 2217 711 2274 τὸν
771 2217 1002 2293 ἀριθμὸν
1053 2211 1424 2270 ἐννεακαίδεκα
1472 2206 1911 2284 συλλαϐόμενος,
1944 2210 2018 2264 ὧν

371 2330 511 2372 τινες
554 2309 617 2365 τὸ
652 2305 1016 2385 ὀγδοηκοστὸν
1073 2297 1508 2379 ὑπερὸεὸήκασιν
1560 2299 1721 2371 ἔτος,.
1753 2300 1828 2363 ὡς
1859 2297 2027 2354 ἁλόν-

370 2421 465 2463 τας
520 2397 610 2455 ἐπὶ
665 2400 891 2473 μυσαρῷ
944 2416 1051 2451 τινι
1107 2393 1194 2449 καὶ
1250 2392 1406 2466 νόμῳ
1473 2391 1760 2464 Ῥωμαίων
1815 2387 2024 2464 ἐχθρῷ,

380 2487 649 2563 δημόσιον
710 2486 895 2563 ὁρίσας
944 2486 1252 2562 κριτήριον,
1311 2480 1732 2557 κατηνάγκαζεν,
1791 2480 1891 2533 οὐκ
1947 2476 2028 2533 εἷ’-

377 2575 484 2641 δὼς
538 2576 668 2639 τοὺς
728 2576 862 2651 ὑπὲρ
944 2582 1046 2644 τῆς
1129 2574 1325 2648 ἀρετῆς
1398 2573 1735 2646 Χριστιανῶν
1796 2567 2025 2641 νόμους,

378 2668 477 2737 τήν
510 2666 763 2741 πατρῴαν
817 2664 964 2740 παρᾶ
1016 2666 1126 2719 τῶν
1188 2659 1507 2716 ἀποστόλων
1569 2657 1658 2714 διὰ
1711 2662 1820 2713 τῶν
1857 2656 2027 2712 Πατέ-

380 2778 493 2833 ρων
552 2753 905 2811 ἀποδοθεῖσαν
962 2754 1098 2826 ἡμῖν
1157 2746 1477 2827 προδιδόναι
1525 2748 1729 2819 πίστιν,
1756 2744 2028 2820 ἡδόμενον

379 2844 466 2902 ἐπι
495 2844 674 2918 τούτῳ
702 2843 793 2900 καὶ
823 2844 913 2898 τὸν
964 2840 1481 2916 φιλανθρωπότατον
1530 2837 1839 2913 Αὔγουστον
1880 2835 2032 2892 Οὐά-

380 2934 542 2992 λεντα
599 2926 1109 3009 διασχυριζὸμενος’
1194 2930 1483 3000 Πείσθητε,
1538 2926 1789 2995 τάλανες,
1849 2924 2030 3000 λέγων

384 3023 596 3101 μεγάλῃ
626 3028 696 3099 τῇ
748 3025 876 3099 βοῇ,
932 3026 1011 3093 τῷ
1060 3023 1167 3075 τῶν
1223 3018 1518 3095 Ἀρειανῶν
1550 3017 1881 3095 φρονήματι,
1914 3013 2033 3069 πεί-

381 3116 566 3183 σοητε.
600 3111 1061 3190 Συγγνωμονήσει
1109 3109 1210 3187 γάρ
1261 3110 1386 3182 ὑμῖν
1434 3107 1498 3163 τὸ
1548 3110 1725 3179 Θεῖον,
1765 3105 1861 3161 κᾶν
1892 3102 2034 3173 ἀληθ-

384 3205 450 3274 θῆ
511 3198 707 3274 σέϐητε
763 3200 1074 3277 θρησκείαν,
1126 3198 1225 3254 οὐκ
1280 3196 1634 3273 αὐθαιρέτως,
1695 3193 1842 3250 ἀλλά
1898 3193 2038 3269 πρὸς

382 3272 641 3370 ἀνάγκην
671 3272 833 3346 τοῦτό
889 3290 1143 3366 πράξασι.
1199 3289 1282 3362 Τῇ
1346 3272 1447 3360 μὶν
1490 3288 1592 3363 γὰρ
1651 3286 1855 3360 ἀνάγκῃ
1890 3283 2028 3337 ἀπο·
2058 3272 2105 3337 C

382 3381 541 3458 λογία
569 3378 961 3451 περιλείπεταν
1009 3378 1091 3450 τῷ
1139 3374 1197 3432 δὲ
1244 3377 1547 3448 αὐθαιρέτῳ
1587 3374 1883 3430 ακολουθεῖ
1905 3392 2032 3427 κατ-

388 3472 612 3547 ηγορία.
647 3469 740 3525 Διὸ
784 3468 1067 3531 τοιούτους
1099 3464 1402 3542 λογισμοὺς
1458 3465 1566 3541 πρὸ
1622 3462 1919 3541 ὀφθαλμῶν
1950 3482 2034 3515 τι·

388 3562 629 3634 θέμενοι,
702 3559 863 3630 ἥκετε
930 3556 1229 3634 πρόθυμοι,
1310 3552 1634 3629 μελλησμὸν
1709 3551 2035 3625 ἀποθέμενοι

389 3650 587 3721 πάντα,
617 3653 696 3722 τῷ
746 3648 962 3725 Ἀρείου
1010 3645 1416 3722 ὑπογράφοντες
1464 3640 1717 3719 δόγματι,
1749 3640 1780 3696 6'
1807 3645 1897 3695 νῦν
1934 3660 2036 3711 κη-

393 3738 571 3816 ρύττει
603 3737 861 3810 ὀνομαστὶ
921 3734 1149 3797 Δούκιος
1205 3731 1383 3809 λέγων
1430 3734 1567 3806 (18)·
1620 3728 1676 3786 εὖ
1707 3727 1931 3795 εἱδότες,
1965 3729 2038 3790 ὡς

390 3828 841 3904 πειθαρχοῦντες,
901 3828 1164 3903 χρήματα
1216 3822 1306 3879 καὶ
1363 3823 1570 3899 πόρους
1597 3820 1687 3876 καὶ
1732 3821 1868 3895 γέρα
1894 3817 2041 3894 παρὰ

397 3917 664 3996 βασιλέων
714 3920 819 3989 (19)
863 3912 1027 3989 ἕξετε*
1087 3911 1509 3985 ἀπαναινόμενοι
1566 3907 1645 3977 δὲ,
1699 3909 1919 3996 εἷρκτῇς
1950 3907 2039 3962 καὶ

392 3994 782 4084 στρεϐλώσεων
831 4004 922 4060 καὶ
984 4004 1230 4078 βασάνων
1287 4001 1376 4056 καὶ
1443 3997 1714 4073 μαστίγων
1744 3996 1833 4053 καὶ
1866 3994 2039 4071 δαμαο

391 4096 625 4171 στηρίων
656 4099 846 4170 πεῖραν
897 4092 1156 4167 λήψεσθε)
1198 4110 1309 4168 χρη
1322 4090 1505 4161 μάτων
1540 4089 1682 4163 ὁμοῦ
1709 4087 1800 4143 καί
1827 4108 1927 4158 κτη
1940 4085 2040 4161 μά-

389 4207 497 4242 των
551 4186 917 4260 στερηθέντες,
975 4180 1065 4237 καί
1120 4186 1221 4250 τῆς
1279 4176 1539 4255 πατρίδος
1601 4175 2040 4251 μεταναστάντες,

390 4275 470 4340 εἷς
498 4272 778 4351 χαλεποὺς
810 4273 1025 4337 οἰκῆσαι
1055 4271 1256 4333 τόπους
1285 4269 1756 4344 κατακριθήσεσθε.

462 4368 545 4423 Ε’.
577 4361 734 4422 Ἀλλ’
793 4362 950 4424 οὗτος
1013 4359 1109 4434 μὶν
1166 4359 1193 4413 ὁ
1245 4361 1512 4433 γενναῖος,
1572 4356 1748 4431 ἀπάτῃ
1802 4358 1912 4430 (20)
1940 4356 2038 4425 τήν

387 4454 622 4524 ἀπειλὴν
679 4451 936 4529 κεράσας,
992 4453 1383 4524 μεταναστῆναι
1440 4449 1540 4512 τῆς
1609 4440 1863 4508 εὐσεϐοῦς
1914 4443 2041 4508 τοὺς

387 4545 593 4608 πάντας
645 4542 735 4598 καὶ
792 4539 1165 4618 προυτρέπετο
1210 4537 1297 4594 καὶ
1357 4533 1734 4612 κατηνάγκαζε
1789 4536 2040 4611 γνώμης,

461 4717 574 4791 (14)
605 4716 763 4791 Cod._
778 4718 944 4791 1363.,
956 4784 972 4791 ᾳ
994 4710 1205 4791 χαίρων
1265 4709 1354 4766 ἐπὶ
1398 4715 1518 4772 ταῖς
1546 4729 1682 4764 κατα
1714 4712 1812 4763 τοῦ
1846 4713 2041 4779 Σωτῆ-

389 4784 893 4862 ροςπεμπομὲναιξ
920 4784 1312 4862 summa};

462 4854 729 4931 (mune
769 4856 881 4931 οὐχ
920 4854 1158 4931 ’ὃπουγεζ
1218 4857 1411 4931 Codex
1450 4854 1685 4928 Regius,
1719 4854 1888 4931 cujus
1936 4872 2042 4931 va-

389 4929 616 4985 riantes
646 4926 956 4999 lectiones
992 4926 1179 4999 edidit
1232 4926 1588 4999 Stephanus,
1630 4926 1915 4999 scriptum
1948 4928 2043 4983 hic

389 5000 588 5055 habet.
621 5002 742 5060 Πῶς
772 4999 873 5072 γὰρ
904 4996 1051 5071 οὐχί.
1088 5001 1211 5064 Quo
1246 4996 1420 5072 modo
1449 4998 1630 5072 etiam
1663 4996 1849 5053 edidit
1876 5000 2044 5055 Jaco-

391 5020 588 5055 naoet.
622 5020 742 5060 υως
810 5020 873 5072 αρ
904 5020 1051 5071 ουχι.
1088 5020 1211 5064 quo
1246 5020 1420 5054 moao
1452 5020 1564 5053 eua

389 5072 502 5148 bus
530 5020 907 5148 _Sirmundus,
939 5075 1096 5148 recte
1131 5070 1564 5148 procul-dubio.

459 5146 572 5215 (16)
628 5134 934 5217 Ηροσφάτιρ
984 5134 1262 5217 τολμᾷ..ζ
1296 5134 1467 5217 σέβειν
1774 5141 2043 5217 Si-pmun-

389 5209 500 5271 dus
554 5209 629 5269 ex
679 5209 915 5269 δοᾶεω·
948 5209 1155 5267 codice
1228 5212 1410 5285 Regio
1469 5209 1677 5285 edidit,
1720 5210 2040 5285 _npriacprcov

389 5285 541 5341 Θεόν.
575 5285 687 5341 Sed
726 5285 878 5340 nihil
909 5299 1057 5354 opus
1108 5288 1237 5338 erat
1277 5283 1387 5337 hac
1435 5281 2042 5354 emendatione,'cum

388 5364 712 5429 utrumque
733 5356 859 5429 dici
877 5353 1082 5429 possit.
1107 5357 1425 5429 Recentem
1455 5368 1590 5406 vero
1623 5353 1808 5429 Deum
1842 5358 2043 5411 Petrus

387 5430 485 5486 hic
513 5423 777 5501 appellat
805 5423 1125 5491 Christum,
1169 5426 1341 5501 juigta
1377 5438 1632 5501 _sensum
1664 5423 2041 5501 Arianorum,

388 5503 489 5573 qui
522 5496 658 5556 eum
690 5505 1022 5573 creaturam
1066 5496 1196 5573 esse
1220 5496 1543 5573 _dicebant,
1584 5510 1705 5548 non
1737 5502 1938 5573 autem
1969 5499 2040 5573 ab

388 5568 610 5629 aeterno
644 5574 826 5627 Deum
875 5569 1078 5624 fuisse.
1132 5568 1274 5640 Vide
1322 5584 1453 5639 quas
1507 5572 1839 5640 sequuntur
1867 5570 2043 5640 paulo

428 5650 522 5700 ost
540 5644 602 5699 in
624 5642 1009 5699 Confessione
1030 5636 1515 5712 presbyterorum
1543 5636 1815 5712 Ecclesia;
1847 5636 2044 5712 catho-

428 5662 522 5700 οδι
540 5662 602 5699 In
624 5662 1009 5699 uomessnone
1031 5662 1515 5712 presuyterorulu
1544 5662 1815 5693 BUUIUSRB
1847 5662 2037 5697 caluo-

385 5662 551 5785 Ficaa;
585 5715 684 5772 ubi
714 5716 994 5789 leguntur
1023 5712 1149 5768 haec
1176 5711 1353 5768 verba
1380 5728 1394 5767 :
1447 5709 1637 5782 Ἡμεῖς
1669 5704 1792 5764 οὔτε
1819 5709 2037 5785 νεηλυν,

2070 4634 2117 4700 D

2130 2040 2238 2095 sub
2270 2040 2457 2112 ipsius
2480 2057 2621 2096 cura
2665 2042 2965 2113 ductuque
3027 2049 3216 2114 erant,
3275 2045 3652 2117 presbyteros
3709 2063 3775 2101 ac

2135 2130 2413 2186 diaconos
2434 2131 2840 2187 novemdecim
2871 2149 3119 2188 numero
3176 2136 3648 2207 comprehendit,
3709 2153 3778 2191 ex

2137 2220 2351 2291 quibus
2417 2220 2693 2275 nonnulli
2753 2222 3177 2294 octogesimum
3235 2240 3458 2279 annum
3512 2242 3778 2281 excesse-

2135 2315 2272 2365 rant
2304 2315 2401 2364 :et
2421 2310 2588 2381 quasi
2615 2310 2678 2364 in
2710 2310 3059 2367 detestando
3118 2313 3374 2383 quodam
3414 2314 3676 2369 facinore
3726 2318 3784 2369 et

2137 2398 2366 2471 legibus
2399 2399 2677 2455 Romanis
2736 2401 3032 2455 contrario
3093 2400 3450 2473 deprehensi
3505 2403 3780 2472 fuissent,

2138 2488 2458 2543 constituto
2488 2488 2724 2560 publico
2750 2489 2996 2559 judicio,
3030 2488 3154 2561 ipse
3194 2492 3662 2548 Christianarum
3712 2493 3783 2548 de

2140 2578 2348 2632 virtute
2379 2577 2572 2650 legum
2604 2578 2865 2650 ignarus,
2898 2578 3112 2634 avitam
3146 2579 3343 2651 fidem,
3370 2581 3441 2636 ab
3499 2582 3785 2655 apostolis

2137 2667 2422 2723 continua
2453 2667 2605 2723 serie
2629 2684 2736 2739 per
2766 2673 2967 2724 Patres
2996 2669 3168 2725 nobis
3200 2670 3500 2735 traditam,
3534 2672 3784 2744 prodere

2140 2772 2240 2811 eos
2261 2757 2453 2829 coegit
2481 2774 2494 2813 :
2527 2756 2993 2813 clementissimo
3022 2761 3283 2832 Augusto
3316 2761 3545 2816 Valenti
3574 2760 3786 2833 gratis-

2139 2845 2357 2902 simum
2384 2845 2444 2900 id
2466 2845 2591 2901 fore
2621 2863 2986 2902 asseverans.
3024 2848 3397 2915 Assentiatis,
3424 2847 3791 2916 miseri,cla-

2140 2934 2362 3001 mabat,
2395 2935 2733 2991 assentiatis
2792 2935 3050 3006 dogmati
3102 2936 3479 2992 Arianorum.
3514 2938 3788 3003 Quamvis

2143 3023 2303 3081 enim
2325 3040 2461 3079 vera
2491 3024 2568 3079 sit
2593 3024 2798 3097 religio
2830 3041 3009 3095 quam
3040 3024 3254 3087 colitis.
3288 3025 3556 3098 ignoscet
3590 3033 3790 3082 tamen

2143 3114 2308 3170 vobis
2340 3114 2774 3185 Deus:quippe
2806 3115 2906 3184 qui
2965 3131 3083 3169 non
3140 3121 3333 3171 vestra
3391 3122 3621 3188 sponte,
3683 3117 3784 3172 sed

2149 3202 2503 3259 necessitate
2534 3202 2823 3274 compulsi
2855 3202 2914 3257 id
2944 3202 3222 3258 feceritis.
3258 3206 3400 3258 Nam
3450 3205 3789 3260 necessitati

2142 3291 2383 3365 quidem
2415 3291 2713 3348 excusatio
2741 3308 2975 3364 semper
2991 3292 3377 3364 relinquitur:
3411 3293 3659 3349 liberam
3681 3311 3787 3350 au-

2142 3389 2262 3438 tem
2293 3382 2654 3438 voluntatem
2682 3381 2951 3453 sequitur
2975 3383 3291 3438 accusatio.
3330 3382 3442 3438 Has
3491 3382 3668 3456 igitur
3694 3400 3789 3441 ra-

2144 3473 2334 3528 tiones
2357 3490 2476 3544 prae
2508 3470 2697 3527 oculis
2727 3471 2936 3527 vestris
2993 3471 3299 3539 habentes,
3350 3471 3511 3527 omni
3545 3479 3788 3529 cuncta-

2144 3562 2305 3617 tione
2345 3561 2435 3633 abj
2449 3566 2595 3627 ecta,
2625 3561 2850 3616 alacres
2876 3561 3136 3616 accedite
3162 3561 3234 3616 ad
3297 3561 3790 3618 subscribendum

2143 3650 2401 3724 dogmati
2432 3650 2671 3719 Ariano,
2703 3650 2859 3721 quod
2891 3667 3050 3705 nunc
3076 3650 3312 3706 disertis
3356 3651 3546 3705 verbis
3576 3651 3789 3723 praedi-

2147 3745 2240 3796 cat
2272 3739 2502 3795 Lucius.
2536 3740 2619 3794 Ac
2675 3756 2781 3811 pro
2838 3745 2998 3794 certo
3048 3738 3282 3807 habete,
3315 3757 3437 3809 vos,
3468 3740 3517 3795 si
3547 3739 3790 3810 quidem

2145 3828 2483 3903 parueritis,
2515 3828 2799 3900 pecunias
2832 3834 2892 3884 et
2918 3845 3061 3901 Opes
3093 3833 3269 3900 atque
3302 3829 3559 3883 honores
3590 3828 3662 3884 ab
3687 3829 3795 3884 im-

2147 3918 2519 3992 peratoribus
2541 3924 2965 3974 consecuturos
2992 3935 3004 3973 :
3030 3919 3078 3973 si
3110 3934 3245 3973 vero
3273 3918 3562 3987 renuatis,
3596 3933 3791 3973 carce-

2147 4024 2295 4078 rem,
2324 4012 2637 4071 tormenta,
2667 4006 3047 4077 qumstiones,
3080 4007 3262 4080 ﬂagra
3284 4012 3342 4062 et
3370 4007 3666 4062 cruciatus
3693 4023 3793 4061 vos

2150 4114 2277 4154 esse
2300 4096 2634 4163 subituros;
2662 4101 2719 4151 et
2747 4097 3015 4168 pecuniis
3028 4113 3094 4151 ac
3109 4095 3591 4168 possessionibus
3613 4112 3795 4151 cunc-

2149 4186 2224 4242 tis
2255 4186 2558 4258 spoliatos,
2592 4190 2651 4240 et
2698 4186 2889 4256 patria
2947 4190 3232 4254 extorres,
3284 4187 3345 4241 in
3398 4185 3529 4241 loca
3586 4202 3796 4258 aspera

2149 4283 2325 4348 atque
2356 4275 2737 4331 incommoda
2767 4275 3188 4347 deportandos.

2222 4367 2286 4420 V.
2320 4365 2407 4420 Ad
2438 4366 2598 4419 hunc
2646 4364 2888 4419 modum
2936 4382 3257 4439 generosus
3290 4365 3390 4421 ille
3432 4365 3535 4434 vir,
3590 4366 3795 4421 fraude

2150 4459 2327 4525 atque
2359 4453 2657 4508 illecebris
2689 4454 2881 4510 minas
2912 4471 3048 4510 suas
3081 4455 3798 4527 temperans,hortabatur

2153 4543 2330 4601 simul
2349 4549 2407 4599 et
2433 4544 2679 4617 cogebat
2707 4549 2976 4617 cunctos,
3008 4550 3075 4600 ut
3103 4562 3138 4601 a
3162 4545 3261 4617 pia
3305 4546 3602 4601 sententia
3630 4562 3795 4601 rece-

2154 4713 2277 4791 οὕτε
2305 4712 2614 4791 πρόσφατον
2630 4708 2893 4791 σέϐοντες
2906 4712 3076 4791 θεόν,
3108 4719 3218 4769 etc.
3239 4714 3341 4791 _Sic
3381 4715 3544 4791 enim
3581 4713 3795 4791 legen-

2153 4788 2296 4844 dum
2328 4786 2418 4843 est
2448 4786 2516 4842 ex
2539 4786 2739 4842 codice
2771 4786 2986 4849 Savilii,
3006 4792 3065 4841 et
3093 4802 3163 4840 ex
3185 4786 3445 4841 editione
3464 4786 3795 4841 Basiliensi.

2152 4858 2539 4931 Augustinus.
2568 4860 2633 4931 in
2655 4860 2934 4929 psalmum
2964 4874 3131 4923 Lxxx,
3166 4857 3242 4931 de,
3278 4858 3415 4931 Ario
3446 4858 3528 4912 ita
3560 4857 3793 4931 scribit:

2154 4929 2340 4986 Nescio
2370 4932 2494 4999 quis
2524 4929 2670 4983 alius
2706 4932 2765 4984 in
2795 4932 3096 4985 vanitatem
3125 4930 3397 4998 accipiens
3442 4946 3637 4984 nomen
3681 4930 3789 4983 Do-

2149 5002 2288 5057 mini
2315 5001 2408 5055 Dei
2430 5002 2536 5066 sui,
2567 5004 2700 5070 fecit
2724 5000 2832 5055 sibi
2852 5001 3129 5057 Christum
3157 5007 3488 5063 creaturam,
3520 5000 3795 5057 Christum

2150 5076 2439 5143 imparem.
2470 5077 2523 5143 et
2552 5072 2885 5141 inaequalem
2933 5072 3240 5140 generanti,
3277 5073 3501 5143 _Filium
3559 5073 3659 5125 Dei
3705 5071 3796 5125 di-

2149 5141 2295 5208 ceris,
2328 5149 2379 5197 et
2408 5142 2614 5196 Filium
2644 5145 2743 5197 Dei
2770 5158 2992 5213 negans.
3040 5143 3110 5195 Et
3156 5141 3332 5213 paulo
3363 5148 3532 5213 post:
3570 5144 3649 5198 Tu
3680 5159 3791 5197 au-

2153 5222 2258 5269 tem
2288 5213 2449 5268 aliud
2475 5215 2656 5267 nescio
2685 5215 2823 5283 quid
2863 5213 3158 5283 cogitasti:
3183 5215 3242 5267 in
3290 5214 3451 5268 corde
3504 5220 3597 5268 tuo
3626 5216 3796 5269 Deum

2150 5290 2415 5341 recentem
2442 5286 2696 5353 posuisti.
2732 5285 2991 5340 Hilarius
3024 5285 3085 5339 in
3116 5284 3368 5355 epistola
3414 5292 3622 5341 contra
3676 5288 3798 5341 Au-

2150 5356 2454 5412 xentium:
2491 5356 2592 5411 Isti
2616 5371 2762 5411 nunc
2790 5357 3065 5411 Christum
3092 5372 3312 5425 novum,
3362 5362 3475 5413 etc.

2222 5430 2335 5498 (17)
2370 5426 2633 5500 Σεραπις.⁸
2657 5427 2861 5500 Codex,
2880 5425 3415 5500 Regius,_2ipamq.

2224 5496 2332 5571 (18)
2364 5496 2593 5571 Λούκιος
2621 5496 2814 5571 λέγων,
2847 5496 3000 5571 Hine
3023 5498 3199 5555 verba
3230 5496 3516 5571 'Valesius
3564 5500 3797 5555 inverso

2151 5568 2643 5653 ordinehlegenda
2673 5568 3118 5653 notavitLléva
3154 5568 3408 5653 lio-5:96;.

2222 5644 2331 5713 (19)
2358 5640 2654 5716 Βασιλέων.
2678 5642 2870 5716 Codex
2896 5640 3129 5716 Regius.
3165 5640 3455 5716 βασιλέως.

2221 5716 2332 5787 (20)
2364 5713 2590 5788 Ἀπάτῃ.
2628 5714 2969 5770 Basiliensis
2990 5713 3003 5714 ί
3029 5713 3230 5783 editio,
3277 5714 3483 5787 ἀγάπῃ.
