4134 6268
336 350 492 412 1285

1587 347 1982 414 EPISTULA
2023 345 2481 409 ENCYOLIOA.

3582 358 3745 420 1286

334 484 405 541 δι’
432 483 674 542 ἀπειλῶν
703 487 790 542 καὶ
851 485 1060 557 ἀπάτης
1107 489 1242 562 (25),
1299 491 1416 550 τοῖς
1471 484 1547 548 εἷς
1588 485 1818 561 Χριστὸν
1851 483 1974 538 ἀσι-

2092 485 2276 548 actos,
2308 480 2509 551 impias
2542 480 2602 536 in
2652 483 2954 540 Christum
3009 485 3253 544 factioni
3311 489 3647 548 dediturum
3678 510 3742 550 se

332 573 522 632 ϐοὖσιν
582 574 834 633 ἐκδώσειν
915 577 1175 650 ἐνόμιζεν.
1253 579 1632 648 Ἀποκακήσας
1689 578 1978 650 τοιγαροῦν

331 673 448 728 ταῖς
478 673 586 722 τῶν
622 669 861 742 βασάνων
923 665 991 722 δι’
1045 665 1286 730 ἐπινοίας
1337 664 1589 743 χαλεπῆς
1620 661 1980 743 προσϐολαῖς,

331 759 584 812 ἁπάντων
629 762 738 812 τῶν
799 761 942 811 λαῶν
994 755 1342 833 ὀδυρομένων
1392 755 1662 818 ποικίλως
1715 753 1803 808 διὰ
1840 752 1983 808 πολ-

333 843 406 899 λὰ
430 847 540 919 (26)
569 844 650 918 τῷ
680 847 884 919 θρήνῳ,
921 846 948 900 6
980 846 1173 922 πικρὸς
1223 846 1314 902 καί
1371 847 1549 916 πάσης
1578 842 1822 900 ἀποδέων
1853 841 1982 921 φιλ-

332 937 663 1009 ανθρωπίας,
746 937 815 990 τά
901 937 1106 1006 συνήθη
1167 934 1332 991 πάλιν
1391 935 1529 1011 πρὸς
1587 933 1802 1004 ἀταξίαν
1861 952 1986 986 συν·-

333 1025 586 1101 αθροίσας
618 1022 833 1094 πλήθη,
867 1023 955 1079 ἐπὶ
1003 1025 1177 1100 κρίσιν
1224 1023 1440 1094 αὐτοὺς,
1479 1021 1691 1098 μᾶλλον
1721 1020 1778 1076 δὲ
1806 1018 1980 1076 ἕωλον

331 1116 465 1170 κατὰ
511 1114 687 1188 κρίσιν
747 1111 926 1182 καλεῖ,
986 1114 1122 1190 πρὸς
1176 1118 1256 1186 τῷ
1307 1118 1404 1181 τῇς
1461 1113 1736 1182 θαλάσσης
1773 1111 1981 1184 λιμὲνι,

330 1204 704 1275 πολυωνήτων
762 1205 1010 1274 συνήθως
1067 1206 1182 1258 κατ’
1241 1203 1418 1258 αὐτῶν
1473 1202 1848 1280 ἐπαφιεμὲνων
1879 1205 1985 1255 τῶν

335 1295 477 1370 βοῶν
538 1295 683 1368 παρά
737 1299 846 1348 τῶν
898 1291 1336 1367 είδωλολατρῶν,
1395 1293 1486 1346 καὶ
1535 1297 1642 1346 τῶν
1686 1288 1980 1346 Ἰουδαίων.

332 1382 429 1438 Καὶ
493 1384 566 1456 μή
627 1381 970 1453 θελησάντων
1043 1382 1173 1452 εἶξαι
1247 1384 1318 1453 τῇ
1386 1386 1650 1458 προφανεῖ
1703 1375 1985 1451 δυσσεϐείᾳ

331 1477 437 1525 τῶν
501 1474 952 1546 Ἀρειομανιτῶν,
1001 1470 1377 1549 ἀποφαίνεται,
1429 1475 1537 1525 τῶν
1571 1470 1717 1526 λαῶν
1751 1471 1857 1544 πρὸ
1885 1473 1982 1523 τοῦ

334 1559 684 1636 δικαστηρίου
741 1564 956 1616 πάντων
1013 1559 1384 1636 ὀδυρομένων,
1425 1567 1525 1630 τῆς
1574 1556 1982 1632 Ἀλεξανδρείας

335 1652 784 1724 μεταναστάντας,
840 1651 938 1718 τήν
992 1647 1350 1705 Ἡλιούπολιν
1391 1656 1493 1719 τῆς
1527 1648 1792 1718 Φοινίκης
1825 1647 1982 1717 οἷ’κῆ-

332 1761 442 1796 σαι.
501 1737 626 1804 ἔνθα
679 1744 784 1794 τῶν
845 1739 1205 1794 ἐνοικούντων
1266 1735 1442 1800 οὐδεὶς
1494 1737 1589 1793 κᾶν
1647 1739 1866 1792 ἀκοῦσαι
1921 1737 1984 1790 τὸ

2087 570 2353 643 putabat.
2377 571 2673 643 Fatigatus
2695 573 2874 644 igitur
2895 575 2954 628 in
2974 575 3316 648 inﬂigendis
3337 598 3468 652 quas
3492 583 3743 640 subinde

2086 659 2454 730 excogitabat
2467 662 2931 728 tormentis,cum
2944 665 3254 722 universus
3267 670 3520 740 populus
3533 673 3740 728 crebro

2089 749 2512 821 ingemisceret
2542 767 2609 805 ac
2639 751 2903 823 lugeret:
2957 755 3214 811 crudelis
3246 757 3354 814 iste
3387 765 3446 814 et
3473 760 3546 815 ab
3578 763 3744 818 omni

2088 855 2266 894 sensu
2290 839 2679 895 humanitatis
2697 842 3295 911 alienus,convocatis
3319 848 3532 904 iterum
3557 851 3745 907 turbis

2087 927 2498 999 incompositis
2530 935 2590 984 et
2617 930 2688 984 ad
2722 933 3207 989 tumultuandum
3239 939 3517 1006 assuetis,
3539 955 3640 996 eos
3669 940 3745 996 ad

2079 1017 2400 1088 judicium,
2431 1035 2532 1072 seu
2556 1019 2754 1090 potius
2776 1021 2849 1076 ad
2871 1028 3139 1093 paratam
3164 1025 3745 1100 condemnationem,

2087 1113 2254 1161 vocat
2295 1106 2468 1178 juxta
2518 1108 2680 1164 urbis
2743 1117 3002 1181 portum,
3062 1115 3383 1186 gentilibus
3432 1133 3500 1172 ac
3528 1118 3745 1175 Judmis

2089 1197 2306 1251 multas
2327 1197 2606 1256 adversus
2629 1216 2728 1254 eos
2749 1201 3211 1260 acclamationes
3236 1222 3451 1278 magna
3471 1209 3746 1265 mercede

2089 1285 2410 1342 conducias
2443 1303 2512 1342 ex
2544 1290 3110 1361 morejactantibus.
3133 1296 3396 1366 Cumque
3416 1297 3528 1368 ipsi
3553 1299 3746 1354 mani-

2088 1377 2254 1432 festas
2283 1379 2637 1434 Arianorum
2670 1381 2961 1452 impietati
2993 1384 3202 1441 cedere
3232 1387 3587 1459 noluissent,
3620 1391 3749 1445 uni-

2089 1482 2254 1520 verso
2287 1467 2506 1537 p0pulo
2567 1474 2704 1523 ante
2759 1472 3104 1541 praetorium
3163 1474 3548 1544 lamentante,
3609 1495 3744 1534 sen-

2089 1555 2335 1610 tentiam
2368 1556 2430 1610 in
2465 1573 2564 1611 eos
2597 1558 2840 1628 profert,
2871 1566 2935 1614 ut
2979 1561 3337 1619 Alexandria
3366 1566 3740 1635 excedentes,

2089 1644 2148 1697 in
2177 1644 2384 1699 urbem
2410 1646 2716 1701 Phoenices
2740 1648 3091 1720 Heliopolim
3111 1652 3369 1724 migrent
3392 1669 3406 1708 τ
3440 1654 3501 1708 in
3525 1671 3642 1726 qua
3663 1673 3738 1712 ne

2087 1731 2293 1786 audire
2312 1734 2553 1804 quidem
2579 1753 2797 1791 nomen
2820 1738 3216 1796 Christi-ullus
3242 1742 3573 1800 incolarum
3597 1761 3737 1801 sus-

327 1834 425 1883 τοῠ
457 1831 689 1902 Χριστοῦ
720 1829 965 1903 ἀνέχεται
1029 1824 1224 1901 ὄνομα·
1283 1825 1564 1882 εἰδωλικοὶ
1622 1826 1725 1902 γάρ
1767 1827 1818 1881 οἱ
1849 1827 1977 1880 πάν-

2094 1822 2260 1876 tinet.
2314 1824 2460 1878 Sunt
2490 1826 2648 1879 enim
2707 1843 2915 1882 omnes
2972 1828 3425 1887 simulacrorum
3457 1834 3737 1891 cultores.

329 1939 438 1980 τες.
476 1917 727 1992 Παραυτά
781 1915 846 1987 δὴ
907 1923 1022 1991 (27)
1068 1917 1306 1994 σκάρους
1369 1912 1624 1986 ἐπιϐῆναι
1657 1914 1981 1988 προστάξας,

329 2008 490 2068 αὐτὸς
541 2007 784 2074 ἑστηκὼς
841 2005 927 2060 ἐπὶ
983 2005 1211 2078 λιμένος
1273 2004 1530 2080 (πλησίον
1585 2005 1689 2079 γὰρ
1722 2003 1774 2059 ἐν
1807 2001 1984 2075 δημο-

330 2099 435 2172 σίῳ
493 2097 710 2171 λουτρῷ
772 2098 870 2166 τήν
931 2099 1242 2172 κατάκρισιν
1330 2099 1444 2151 κατ’
1525 2095 1699 2150 αὐτῶν
1777 2094 1980 2167 ὥρισε),

323 2188 529 2263 γυμνὸν
581 2185 1018 2260 ἐπιδεικνύμενος
1075 2187 1138 2241 τὸ
1192 2187 1366 2261 ξίφός,
1423 2184 1650 2258 νομίσας
1699 2184 1758 2240 ἐκ
1787 2184 1981 2239 τούτου

330 2274 518 2356 φοϐεῖν
570 2279 696 2339 τοὺς
745 2280 814 2351 τῇ
865 2274 1110 2350 διστόμῳ
1171 2275 1416 2352 μαχαίρᾳ
1489 2273 1621 2336 τοὺς
1679 2272 1984 2348 πολεμίους

330 2365 595 2441 δαίμονας
667 2365 940 2428 πολλάκις
1014 2366 1480 2442 κατατρώσαντας.
1541 2363 1699 2422 Οὕτω
1760 2361 1826 2432 δὴ
1888 2361 1978 2418 οὗν

329 2456 600 2512 ἀποπλεῖν
641 2455 838 2517 αὐτοὺς
894 2453 1126 2524 κελεύει,
1188 2457 1286 2510 οὐκ
1343 2449 1758 2527 ἐμϐαλομένους
1789 2452 1982 2522 ἐπιτη-

328 2543 465 2617 δεια,
499 2545 559 2600 οὐ
591 2544 933 2618 παραμύθιόν
973 2564 1025 2600 τι
1080 2545 1142 2599 τὸ
1193 2543 1423 2599 σύνολον
1452 2551 1554 2613 τῆς
1581 2541 1789 2618 ἐξορίας
1817 2539 1980 2618 ἔχον-

322 2653 436 2700 τας·
478 2635 568 2690 καὶ
625 2636 688 2690 τὸ
746 2635 1052 2707 θαυμαστὸν
1108 2633 1198 2689 καὶ
1248 2630 1496 2703 ἄπιστον,
1553 2639 1654 2702 τῆς
1701 2631 1975 2702 θαλάσσης

323 2722 730 2800 ἐπαφριζούσης
770 2725 860 2778 καὶ
915 2721 1214 2798 δυσχερῶς,
1259 2723 1434 2795 οἶμαι,
1469 2720 1558 2776 διὰ
1585 2725 1745 2776 τοῦτο
1779 2720 1975 2800 φερού-

323 2835 440 2886 σης,
473 2813 564 2868 καὶ
600 2814 674 2885 μή
714 2811 1080 2887 βουλομένης,
1124 2811 1197 2880 τίν,
1244 2811 1416 2875 οὕτως
1449 2811 1606 2881 ε’ἲπω,
1653 2809 1722 2866 δι’
1773 2808 1978 2866 ὑποδο-

316 2909 429 2977 χῆς
485 2907 594 2956 τῶν
666 2900 897 2978 ἀνδρῶν,
973 2900 1146 2974 ἀδίκῳ
1219 2908 1552 2971 κοινωνῆσαι
1619 2898 1972 2973 κελεύσματι,

316 2992 603 3068 Ἐνέφαινε
651 2991 751 3066 γὰρ
808 2991 896 3046 καὶ
953 2996 1070 3055 τοῖς
1120 2990 1376 3065 ἀγνοοῦσι
1434 2991 1524 3046 καὶ
1565 2995 1662 3045 τοΰ
1693 2990 1974 3066 κρίναντος

315 3083 421 3150 τὴν
459 3075 730 3156 βάρϐαρον
761 3079 1095 3156 προαίρεσιν.

398 3172 463 3226 Ζ“.
498 3170 650 3226 Ἒστι
695 3174 823 3246 γοῦν
884 3167 1104 3241 ἀληθῶς
1161 3169 1345 3227 εἷ’πεῖν.
1409 3170 1625 3242 Ἐξὲστη
1683 3171 1710 3226 6
1743 3169 1973 3245 οὐρανὸς

319 3257 411 3313 ἐπὶ
440 3257 638 3331 τούτῳ.
672 3257 944 3331 Ἐστέναξε
983 3258 1086 3332 γάρ
1143 3259 1179 3328 ἡ
1238 3258 1400 3320 πόλις
1451 3261 1648 3329 ἅπασα,
1679 3259 1768 3314 καὶ
1807 3258 1972 3334 μέχρι

322 3347 383 3404 δὲ
413 3348 504 3402 νῦν
564 3353 771 3423 θρηνεῖ.
835 3349 929 3402 Καὶ
992 3349 1043 3402 οἱ
1105 3349 1222 3421 μὲν,
1279 3346 1701 3421 ἀλλεπαλληλῳ
1729 3352 1797 3422 τῇ
1829 3348 1976 3423 χειρὶ

318 3437 527 3494 κτύπον
581 3436 642 3492 ἐκ
700 3441 912 3506 στηθῶν
999 3439 1202 3513 μακρὸν
1259 3437 1604 3510 ἀπέπεμπον
1665 3438 1716 3492 οἱ
1770 3435 1827 3492 δὶ
1880 3439 1975 3500 τὰς

321 3532 515 3602 χεῖρας
548 3528 690 3599 ὁμοῦ
719 3526 809 3581 καὶ
857 3526 986 3588 τοὺς
1035 3525 1354 3604 ὀφθαλμοὺς
1388 3527 1464 3589 εἷς
1494 3528 1723 3604 οὐρανὸν
1773 3527 1974 3581 ἀνέτει-

316 3617 565 3685 νον,τὴν
621 3616 739 3690 βίαν
796 3614 1315 3691 διαμαρτυρόμενοι,
1378 3618 1673 3693 μονονουχὶ
1708 3616 1974 3692 λέγοντες·

315 3706 538 3775 Ἄκουε,
571 3705 786 3780 ούρανὲ,
829 3709 919 3760 καὶ
966 3703 1247 3775 ἔνωτίζου,
1279 3708 1313 3776 ἡ
1344 3710 1438 3781 γῆ,
1472 3705 1554 3762 ὅτι
1594 3704 1883 3778 παράνομα
1911 3705 1978 3761 τά

316 3797 638 3870 γιγνόμενα.
698 3795 796 3849 Keil
853 3793 999 3859 ὅλως
1058 3796 1308 3870 οἰμωγῆς
1352 3797 1414 3851 τὸ
1453 3802 1558 3858 πᾶς
1590 3795 1974 3868 ἐπεπλήρωτο·

315 3884 409 3938 καὶ
447 3883 611 3956 μὲλη,
644 3884 733 3938 καὶ
781 3886 979 3954 θρῆνος
1007 3884 1074 3954 ἦν
1127 3883 1177 3938 ἐν
1238 3884 1382 3960 πάσῃ
1412 3888 1480 3959 τῇ
1511 3885 1670 3940 πόλει
1702 3885 1974 3960 χορεύων,

314 3973 406 4028 καὶ
439 3974 687 4045 ποταμὸς
722 3972 782 4028 ἐκ
811 3971 1058 4049 δακρύων
1093 3972 1291 4049 σχεδὸν
1340 3973 1632 4030 καλύπτων
1663 3973 1775 4045 πλη
1790 3974 1979 4050 μμύρᾳ

317 4064 420 4132 τήν
451 4061 740 4135 θάλατταν,
789 4068 906 4125 τοῖς
965 4064 1159 4118 ἅπασιν
1219 4061 1372 4136 ἇφνῳ
1425 4065 1802 4138 προσεγένετο.
1846 4066 1978 4120 ’Ότε

322 4149 502 4205 τοίνυν
538 4151 565 4206 6
596 4151 994 4228 προειρημένος
1046 4150 1133 4208 ἐπὶ
1181 4155 1277 4207 τοῦ
1338 4150 1566 4226 λιμένος
1621 4156 1831 4228 παρων,
1859 4158 1977 4216 τοῖς

321 4237 526 4314 ἐρέταις
559 4241 726 4313 ὑψοῦν
783 4241 852 4295 τά
906 4240 1052 4296 ἱστία
1103 4241 1451 4316 προσέταττε,
1510 4241 1634 4297 τότε,
1672 4240 1978 4316 σύμμικτος

324 4327 541 4405 οἴμωγή
602 4331 880 4404 παρθένων
936 4328 1025 4384 καὶ
1100 4334 1389 4403 γυναικῶν,
1455 4325 1831 4406 πρεσϐυτέρων
1886 4329 1976 4385 καὶ

321 4417 478 4486 νέων,
527 4416 616 4472 καὶ
663 4419 858 4493 θρῆνοι
912 4419 1428 4493 προσπεπλεγμὲνοι
1475 4415 1726 4492 δάκρυσιν
1779 4417 1974 4490 ὀξέσιν,

317 4509 372 4562 αἱ
403 4512 508 4562 τῶν
564 4507 810 4564 ἁπάντων
869 4509 1013 4585 βοαὶ,
1072 4515 1172 4579 τῆς
1230 4507 1640 4586 ἀπαφριζούσης
1692 4510 1969 4581 θαλάσσης

2092 1913 2216 1965 Mox
2247 1928 2379 1967 cum
2407 1913 2540 1969 illos
2563 1916 2862 1987 navigium
2888 1920 3739 1996 conscenderejussisset,ipse

2090 1999 2150 2054 in
2181 2007 2356 2071 portu
2415 2008 2576 2058 stans
2633 2005 2837 2077 (prope
2897 2007 3056 2062 enim
3115 2008 3177 2064 in
3230 2011 3468 2081 publico
3509 2013 3740 2070 lavacro

2090 2091 2446 2145 sententiam
2478 2099 2685 2149 contra
2731 2111 2832 2150 eos
2881 2096 3142 2169 tulerat),
3176 2100 3446 2156 strictum
3478 2102 3741 2172 gladium

2089 2180 2442 2247 ostentabat,
2473 2189 2636 2238 ratus
2667 2183 2778 2239 hoc
2807 2184 2961 2240 facto
3002 2203 3065 2241 se
3109 2188 3453 2244 territurum
3481 2207 3602 2261 eos,
3636 2193 3739 2262 qui

2087 2269 2330 2340 ancipiti
2363 2269 2557 2340 gladio
2593 2271 2840 2328 infestos
2884 2274 3186 2332 daamonas
3218 2277 3434 2350 smpius
3465 2281 3741 2337 vulnera-

2086 2363 2306 2413 verant.
2355 2359 2447 2414 Sic
2496 2361 2674 2432 igitur
2721 2363 2945 2419 solvere
2995 2381 3094 2420 eos
3135 2366 3326 2437 jubet,
3368 2367 3534 2424 nullo
3567 2386 3737 2425 com-

2086 2453 2283 2502 meatu
2312 2449 2654 2518 instructos,
2681 2451 2833 2506 nihil
2854 2469 3099 2523 prorsus
3124 2455 3414 2512 habentes
3446 2457 3639 2512 solatii
3663 2458 3738 2514 ad

2085 2536 2359 2591 exsilium
2391 2537 2812 2608 perferendum
2838 2558 2851 2595 :
2885 2542 3161 2614 quodque
3193 2545 3533 2601 mirandum
3564 2551 3622 2602 et
3651 2547 3739 2602 in-

2083 2624 2366 2680 credibile
2398 2632 2506 2694 est,
2537 2635 2850 2699 spumante
2883 2631 3056 2700 mari,
3085 2649 3152 2688 ac
3182 2651 3288 2706 per
3318 2636 3451 2703 hoc,
3484 2641 3552 2691 ut
3579 2636 3737 2692 arbi-

2084 2719 2226 2780 tror,
2260 2715 2630 2789 indignante,
2663 2735 2772 2774 nec
2823 2721 3182 2788 sustinente,
3217 2729 3283 2778 ut
3313 2725 3394 2780 ita
3424 2725 3638 2793 dicam,
3673 2731 3739 2781 ut

2081 2819 2187 2874 per
2213 2805 2424 2860 horum
2451 2807 2710 2862 virorum
2743 2811 3184 2881 susceptionem
3217 2811 3426 2884 injusti
3457 2814 3738 2886 prascepti

2083 2893 2297 2962 socius,
2327 2911 2394 2949 ac
2417 2896 2710 2968 particeps
2735 2898 2922 2953 fieret.
2948 2900 3402 2956 Demonstrabat
3421 2902 3580 2957 enim
3602 2902 3740 2958 bar«

2079 2981 2286 3036 barum
2325 2983 2550 3054 judicis
2605 2987 2978 3056 propositum
3029 2989 3104 3042 iis
3162 3006 3421 3060 quoque,
3454 2990 3555 3061 qui
3586 2990 3736 3046 illud

2080 3070 2451 3142 ignorabant.

2157 3164 2273 3217 VII.
2309 3165 2453 3219 Vere
2485 3164 2664 3237 igitur
2683 3165 2797 3221 dici
2819 3172 3052 3238 potest:
3084 3167 3401 3240 Obstupuit
3419 3169 3634 3226 ccelum
3657 3170 3733 3226 ob

2085 3253 2196 3308 hoc
2225 3253 2479 3310 facinus.
2514 3254 2804 3327 Ingemuit
2831 3257 2991 3313 enim
3022 3257 3300 3314 universa
3327 3259 3551 3329 civitas,
3585 3265 3644 3316 et
3673 3261 3735 3316 in

2082 3341 2437 3397 hodiernum
2469 3359 2657 3414 usque
2688 3344 2846 3399 diem
2877 3345 3055 3418 luget.
3106 3349 3177 3401 Et
3219 3347 3320 3403 alii
3351 3349 3593 3420 quidem
3624 3366 3741 3421 pe—

2083 3435 2211 3486 ctus
2231 3431 2557 3487 identidem
2580 3434 2854 3489 manibus
2875 3436 3296 3507 percutientes,
3320 3438 3620 3511 ingentem
3642 3455 3736 3495 so-

2084 3521 2276 3576 nitum
2311 3521 2585 3578 edebant.
2619 3523 2734 3578 Alii
2767 3541 2980 3581 manus
3021 3525 3198 3581 simul
3229 3533 3405 3598 atque
3437 3528 3642 3584 oculos
3672 3529 3733 3584 in

2083 3611 2296 3666 cmlum
2319 3611 2630 3679 tollebant,
2652 3613 2768 3668 vim
2797 3620 3457 3679 contestantes.tantum
3479 3634 3600 3674 non
3623 3618 3737 3674 ista

2085 3700 2350 3756 dicentes
2373 3717 2386 3754 :
2413 3701 3086 3770 Audi,caalum,auribus
3107 3706 3346 3777 percipe
3369 3712 3734 3778 terra,quam

2085 3789 2292 3860 iniqua
2312 3789 2433 3844 sint
2455 3807 2586 3861 qua:
2619 3791 2786 3848 ﬁunt.
2811 3792 3078 3864 Denique
3105 3795 3328 3866 ejulatu
3359 3795 3538 3866 plena
3568 3801 3738 3852 erant

2085 3878 2318 3933 omnia:
2353 3879 2562 3932 naenia)
2595 3896 2662 3934 ac
2692 3879 3151 3936 lamentationes
3175 3888 3295 3937 tota
3318 3883 3461 3938 urbe
3492 3899 3741 3938 resona-

2082 3967 2244 4023 bant.
2281 3968 2351 4021 Et
2380 3967 2588 4022 ﬂuvius
2611 3968 2854 4039 quidam
2895 3969 3313 4042 lacrymarum,
3347 3987 3510 4026 mare
3543 3972 3740 4043 ipsum

2083 4055 2478 4111 inundatione
2501 4073 2606 4112 sua
2633 4057 2936 4130 obtegens,
2961 4060 3190 4114 cunctis
3212 4065 3456 4132 repente
3491 4060 3740 4116 efﬂuxit.

2083 4146 2286 4216 Itaque
2309 4163 2442 4200 cum
2465 4163 2645 4217 supra
2666 4155 3030 4203 memoratus
3052 4149 3114 4203 in
3138 4149 3336 4205 littore
3367 4148 3744 4219 stans,remi-

2082 4237 2251 4309 gibus
2283 4238 2632 4309 praeciperet
2661 4243 2726 4292 ut
2764 4239 2892 4294 vela
2937 4239 3312 4311 panderent:
3347 4247 3485 4297 tunc
3513 4242 3742 4312 promi-

2083 4343 2259 4380 scuus
2288 4326 2553 4382 ululatus
2586 4327 2878 4399 virginum
2933 4345 2999 4384 ac
3055 4330 3396 4398 mulierum,
3432 4346 3643 4386 senum
3674 4345 3743 4384 ac

2076 4416 2384 4487 juvenum,
2411 4421 2468 4470 et
2515 4416 2777 4477 lamenta
2820 4417 3050 4473 acerbis
3099 4419 3380 4492 lacrymis
3411 4419 3734 4491 permista;

2085 4504 2496 4575 clamoresque
2521 4505 2789 4560 omnium
2813 4506 3198 4578 simuljuncti
3219 4508 3523 4564 fremitum
3545 4514 3744 4564 vento-

315 4600 408 4654 τὸν
442 4599 922 4674 προσρησσόμενον
981 4599 1156 4674 σωρὸν
1213 4605 1330 4661 τοῖς
1386 4598 1589 4672 κύμασι
1629 4603 1739 4673 (28)
1769 4599 1970 4655 κτύπον

2089 4595 2351 4665 rum,qui
2374 4595 2592 4651 turbati
2615 4595 2796 4652 maris
2824 4596 3102 4656 ﬂuctibus
3119 4596 3542 4667 allidebantur,
3565 4598 3741 4671 longe

393 4805 500 4872 (25)
524 4803 600 4858 Δι’
632 4797 876 4856 ἀπειλῶν
933 4799 1023 4856 καὶ
1076 4799 1310 4870 ἀπάτης.
1357 4803 1424 4856 In
1477 4801 1652 4857 variis
1703 4800 1974 4856 lectioni-

321 4871 451 4942 bus,
482 4871 633 4946 quas
665 4892 735 4929 ex
767 4874 952 4946 altero
984 4875 1184 4946 codice
1236 4873 1414 4946 Regio
1461 4874 1701 4946 collegit
1729 4874 1976 4946 Stepha-

322 4961 455 5026 nUS,
488 4943 753 5026 legitur,"
786 4944 853 5000 δι’
912 4943 1153 5026 ἀπειλῶν
1213 4945 1303 4999 καὶ
1334 4943 1641 5026 ’.βασῄιωνί
1676 4943 1971 5026 Quemad:

323 5017 564 5088 modum
600 5018 785 5072 edidit
805 5018 1054 5088 Jacobus
1081 5017 1454 5088 Sirmundus.
1481 5017 1662 5073 Paulo
1683 5022 1838 5088 post,
1872 5017 1972 5071 ubi

322 5086 554 5166 legitur,
587 5091 654 5160 τῇ
715 5094 980 5166 προφανεῖ
1037 5083 1319 5166 δυσσεϐείςέ
1366 5093 1476 5166 τῶν
1524 5083 1970 5166 ’ᾼρ-ειόμτένιτῶν,

321 5158 670 5234 Sirmundus
704 5158 774 5216 ex
804 5158 1014 5217 eodem
1043 5163 1244 5217 codice
1289 5162 1464 5234 Regio
1497 5158 1802 5231 ediditﬁﬁ
1835 5178 1970 5234 προ-

321 5236 472 5304 φανεῖ
502 5232 932 5324 αἱρέσεικίᾷιξοίὲ
949 5234 1150 5288 minus
1183 5232 1388 5324 (ποίῃ.

387 5307 499 5372 (26)
526 5299 622 5357 Διά
654 5299 858 5360 πολλά.
892 5306 1082 5370 Forte,
1117 5299 1203 5357 καί
1237 5299 1459 5374 πολλᾷ
1493 5305 1648 5358 Εοιτ.

522 5375 618 5457 A_°4.
655 5378 838 5457 I_)eest_
858 5378 918 5431 in
944 5376 1118 5457 codd.
1153 5376 1351 5457 ljegio.
1699 5446 1752 5457 η.

388 5448 495 5516 (28)
532 5447 719 5518 Σωρὸν
748 5452 864 5510 τοῖς
896 5449 1117 5517 κύμασι.
1164 5446 1424 5503 Primam
1467 5463 1668 5502 vocem
1699 5446 1968 5501 Sirmun-

317 5515 422 5598 dus
450 5519 509 5572 in
537 5515 939 5598 editionesua
967 5515 1201 5598 delevit,
1234 5525 1318 5598 ut
1353 5519 1734 5598 superﬂuam.
1771 5520 1972 5598 Exstat

318 5592 514 5669 tamen
548 5593 606 5646 in
639 5590 915 5672 omnibus
944 5591 1162 5672 nostris
1191 5590 1515 5674 c‘odicibus.
1550 5593 1665 5674 Ego
1695 5590 1969 5674 l~evi'm'u-

314 5661 536 5716 tatione
571 5663 770 5718 locum
798 5663 878 5717 ita
908 5661 1340 5718 restituendum
1361 5668 1501 5734 puto
1527 5679 1540 5716 :
1574 5662 1643 5718 Ai
1663 5665 1770 5716 τῶν
1797 5661 1967 5718 sua».

2082 4815 2190 4850 των
2205 4791 2499 4881 βοαῆτῇς
2547 4788 2950 4881 ἐπαφρίζούσης
2996 4791 3290 4881 θαλάσσηςκ
3312 4797 3421 4850 τῶν
3450 4816 3738 4881 προσρηστ

2085 4863 2328 4938 σομὲνων
2358 4863 2495 4947 ὀρῶν
2529 4863 2886 4947 Ξοῖςῖιύμασι
2907 4863 2913 4864 ⁷
2936 4867 3137 4947 κτύπον
3173 4863 3503 4947 ἐκάλυπτον,
3536 4863 3740 4947 posset

2085 4931 2263 4996 etiam
2296 4931 2472 5012 scribi
2497 4937 2605 4990 τῶν
2638 4931 3134 5012 προσρησσᾳμένων
3181 4939 3414 5012 ἀνεμων.
3449 4931 3556 4998 δίο
3575 4944 3736 4999 enim

2085 5027 2266 5083 supra
2303 5009 2535 5086 locutus
2567 5013 2658 5086 est
2678 5011 2885 5086 Petrus
2910 5009 3451 5086 de‘blagnocomite
3478 5013 3740 5086 largitio-

2083 5076 2797 5161 ηυ’τιιι-.κείν,.πρ.ιξῖιρ⁷εςσιις
2985 5076 3180 5161 δίνεεῖρς
3217 5082 3422 5161 risco.
3446 5076 3738 5161 Caeterum

2082 5156 2145 5210 in
2175 5153 2374 5209 codice
2406 5151 2626 5217 Savilii,
2651 5157 2709 5205 et
2733 5151 2795 5206 in
2826 5151 3089 5208 editione
3116 5151 3427 5212 Basiliensi
3459 5157 3741 5214 scribitur

2079 5229 2158 5280 τῶ
2187 5223 2429 5301 κύματι..
2455 5222 2520 5276 In
2552 5223 2727 5301 Regio
2756 5223 2965 5301 codice
2988 5227 3034 5301 J_.
3061 5225 3189 5282 Pini
3222 5228 3304 5301 ita
3334 5228 3619 5301 scriptum
3651 5229 3739 5301 in-

2081 5297 2234 5366 veni,
2262 5289 2365 5362 τῆς
2413 5289 2820 5375 ἔπαφρέζὸύςης
2880 5293 3336 5375 θαλάσσης-Τῷ
3388 5289 3738 5375 πρόσρησσρ-

2085 5363 2243 5443 μενον
2300 5364 2482 5448 χωρὸν
2681 5363 2884 5448 κύματι
2938 5363 3139 5448 κτύπον
3200 5363 3546 5448 ἐκάλυπτονς’
3576 5363 3733 5428 unde

2082 5436 2218 5520 quis
2250 5436 2538 5520 suspicari
2587 5436 2777 5520 possit
2821 5439 3138 5520 legendum
3188 5460 3318 5500 esse
3365 5449 3465 5513 τῆς
3503 5440 3736 5520 ἐπαφρί-

2084 5504 2280 5588 ξούσης
2340 5504 2652 5588 όαλάσσηξ,
2689 5507 2777 5562 καὶ
2814 5504 2942 5588 55'».
3002 5504 3501 5588 apocpnaconsvbiv
3529 5504 3730 5588 χωβῶν

2077 5581 2156 5656 τῷ
2187 5581 2410 5666 κύματι,
2443 5586 2554 5635 etc.
2592 5581 2661 5635 Ut
2681 5583 2882 5666 χωρῶν
2917 5581 3734 5666 sumatur;p_ro'_ventis,quos

2080 5654 2270 5716 Latini
2315 5670 2484 5710 coros
2533 5654 2782 5726 vocant,
2814 5654 2885 5713 de
2933 5658 3150 5730 quibus
3197 5654 3426 5715 Plinius
3471 5658 3533 5712 in
3580 5654 3733 5712 libro
