4128 6268
199 345 222 358 ““
304 350 458 411 1289

1534 340 1948 428 IEPISTOLA
1990 339 2454 408 ENCYCLICA.

3561 353 3721 418 {290

304 494 467 551 θησαι
503 476 923 558 βεϐουλευμένοι
954 484 1066 554 (34)
1097 479 1330 555 πατράσι
1360 477 1449 534 διὰ
1478 481 1576 549 τήν
1629 472 1954 544 συνείδησιν,

2077 475 2312 533 bantur.
2346 480 2453 544 Qui
2509 496 2798 536 caesorum
2852 481 3118 554 patribus
3173 485 3430 555 compati
3481 494 3724 558 propter

297 571 399 638 τὴν
432 570 676 648 κεφαλὴν
731 570 805 632 ὡς
859 572 1156 645 παράνομα
1224 567 1508 642 δράσαντες
1569 566 1957 638 ἀπετέμνοντο.

296 664 466 720 Ποῖος
500 681 672 731 νομος
704 659 1015 729 Ῥωμαίων,
1081 660 1213 713 ποία
1275 655 1333 712 δὲ
1388 659 1583 730 γνώμη
1651 649 1968 730 βαρϐάρων,

301 747 430 808 τοὺς
460 751 692 822 πατράσι
744 751 1156 818 συμπαθοῦντας
1207 747 1505 817 ἠμύνατο;
1561 750 1666 800 ποῦ
1718 765 1800 804 τις
1853 745 1962 796 τῶν

298 837 550 891 παλαιῶν
581 859 714 892 ποτε
735 833 925 906 ἔδρασε
978 836 1229 891 τοιοῦτόν
1287 858 1339 891 τι
1397 837 1756 908 παράνομον;
1806 831 1954 886 Ἐκέ-

301 925 458 980 Λευσέ
487 947 622 980 ποτε
651 927 852 1000 Φαραὼ
901 927 1231 998 ἀναιρεῖσθαι
1280 930 1384 979 τῶν
1442 919 1708 999 Ἐϐραίων
1749 922 1816 976 τὰ
1863 919 1957 994 ἄῤ-

299 1013 442 1089 ῥενα·
472 1015 618 1070 ἀλλὰ
647 1015 838 1092 φθόνος
869 1016 956 1069 καὶ
988 1012 1106 1068 δέον
1144 1009 1423 1068 ὑπέϐαλλε
1468 1018 1630 1067 τοῦτο
1674 1013 1736 1066 τὸ
1790 1009 1960 1086 πρόσ-

299 1124 503 1178 ταγμα.
561 1103 724 1175 Πόσῳ
779 1105 848 1158 τά
901 1103 1024 1158 τότε
1075 1107 1182 1157 τῶν
1269 1107 1361 1156 νῦν
1432 1099 1956 1178 φιλανθρωπότεραί

300 1193 457 1265 πόσῳ
486 1193 712 1248 ποθεινὰ
752 1193 888 1266 πρὸς
943 1194 1147 1266 αἳρεσιν
1195 1189 1574 1264 ἂδικήματοςῐ
1625 1190 1778 1260 πόσῳ
1831 1186 1963 1263 βελ-

293 1280 447 1336 τίονα
480 1283 622 1356 πρὸς
659 1281 943 1357 σύγκρισιν
1003 1283 1384 1353 ἀνομήματος,
1442 1283 1536 1335 κᾶν
1589 1277 1854 1348 ἀλλήλων
1903 1278 1960 1331 αἱ

292 1371 477 1425 κακίαι
514 1374 588 1444 μή
625 1371 898 1446 χωρίζοντ
915 1392 967 1424 αι
997 1371 1007 1425 !
1044 1371 1280 1424 Ἀπιστα
1317 1370 1385 1423 τά
1430 1367 1723 1444 λεγόμενα,
1776 1366 1957 1422 ἀπάν-

293 1462 488 1534 θρωπα
515 1462 602 1515 καὶ
639 1459 807 1533 δεινά,
838 1459 968 1533 ὠμά
995 1458 1084 1514 καὶ
1122 1453 1392 1534 βάρϐαρα,
1454 1455 1662 1527 ἀνηλεῆ
1714 1457 1802 1511 καὶ
1854 1475 1955 1510 πι-

292 1571 361 1625 κρ
371 1551 420 1606 ά.

362 1820 436 1875 ϐ’.
470 1816 625 1875 Ἀλλ’
657 1817 710 1872 ἓν
738 1816 954 1879 τούτοις
1005 1815 1275 1892 έγαυρίων
1325 1817 1376 1870 οἱ
1424 1823 1525 1885 τῆς
1579 1813 1796 1890 Ἀρείου
1830 1832 1950 1904 ’μα-
1984 1837 2031 1904 Β

287 1907 405 1968 νίας
441 1908 701 1976 ὑπήκοοι,
735 1906 1082 1981 χορεύοντες.
1111 1909 1216 1974 Τῆς
1251 1903 1308 1960 δὶ
1331 1904 1547 1965 πόλεως
1593 1905 1772 1973 πάσης
1821 1900 1947 1956 ὀλο-

287 1997 611 2074 φυρομένης
646 1996 768 2068 (οὐκ
796 1996 862 2064 ἧν
894 1995 996 2070 γὰρ
1047 1995 1190 2049 οἰκία
1241 1994 1291 2049 έν
1324 1993 1359 2068 ᾖ
1390 1992 1488 2048 οὐκ
1537 1993 1602 2062 ἦν
1657 1991 1951 2061 τεθνηκὼς,

295 2086 373 2147 ὡς
405 2085 459 2139 ἐν
491 2089 559 2158 τῇ
601 2082 806 2157 Ἐξόδῳ
860 2086 1206 2158 γέγραπται),
1261 2082 1364 2136 οὐκ
1419 2081 1703 2156 ἠρέμησαν
1762 2077 1952 2148 πάλιν,

291 2175 354 2228 οἱ
386 2177 484 2243 τήν
515 2171 624 2244 ἕξιν
655 2173 950 2242 ἀκόρεστον
1010 2174 1148 2248 πρὸς
1205 2170 1550 2247 παρανομίαν
1605 2172 1952 2239 ἀσκήσαντες.

285 2263 412 2319 Ἐπὶ
443 2265 550 2339 γάρ
583 2265 652 2317 τά
685 2262 859 2337 χείρω
902 2264 1002 2330 τήν
1053 2261 1370 2336 προαίρεσιν
1417 2259 1805 2334 γυμνάζοντες,
1859 2256 1956 2330 μέ-

291 2372 388 2428 χρι
419 2357 528 2407 τῶν
561 2359 663 2421 τῆς
694 2350 961 2426 ἐπαρχίας
1005 2349 1315 2405 ἐπισκόπων
1366 2351 1459 2404 τὸν
1517 2346 1656 2403 ἴδιον
1706 2355 1806 2416 τῆς
1857 2367 1954 2402 κα-

295 2440 418 2503 κίας
453 2441 530 2495 ἰὸν
586 2440 1004 2504 ἐπεκτείνοντες,
1065 2437 1354 2516 δορυφόρῳ
1410 2437 1546 2510 πρὸς
1609 2434 1822 2497 ἀδικίας
1877 2439 1956 2507 τῷ

297 2535 408 2585 τῶν
443 2528 819 2605 λαργητιόνων
854 2529 1138 2603 χρώμενοι
1169 2529 1373 2599 κόμητι
1421 2530 1502 2597 τῷ
1544 2525 1953 2600 προειρημένῳ,

303 2619 433 2679 τοὺς
499 2619 591 2690 μὲν
651 2615 1031 2692 βουλευτηρίῳ
1082 2613 1408 2689 παρέδοσαν,
1461 2613 1590 2675 τοὺς
1651 2610 1698 2668 δ’
1726 2611 1956 2680 ἄλλους,

303 2706 361 2761 ὅν
424 2703 735 2776 ἠϐούλοντο
794 2712 998 2780 τρόπον
1061 2701 1367 2778 ἐνήδρευον,
1423 2701 1761 2777 πανταχόθεν
1821 2702 1955 2776 πρὸς

317 2792 559 2851 ἀσέϐειαν
617 2797 744 2858 τοὺς
800 2798 1004 2856 πάντας
1065 2799 1319 2870 θηρεῦσαι
1383 2793 1737 2868 βουλόμενοι,
1799 2789 1955 2847 οὐδὲν

317 2885 537 2962 ἀφέντες
566 2885 904 2957 άτόλμητον.
938 2882 1117 2941 Ἀλλᾶ
1161 2884 1262 2958 γὰρ
1312 2882 1400 2936 καὶ
1450 2882 1622 2936 πάντα
1667 2881 1957 2955 περιερχό-

318 2996 469 3048 μενοι
500 2977 634 3029 κατά
661 2975 751 3028 τὸν
783 2971 920 3028 ἴδιον
974 2980 1074 3041 τῆς
1128 2974 1384 3044 αἱρέσεως
1425 2972 1632 3046 πατέρα
1676 2965 1956 3040 διάϐολον,

308 3069 536 3134 ζητοῦσι
567 3064 684 3118 τίνα
713 3063 1036 3118 καταπίωσι.
1067 3063 1202 3117 Καθ’
1230 3059 1364 3115 ’ὀλου
1393 3060 1570 3114 τοίνυν
1631 3059 1775 3134 παρὰ
1823 3061 1960 3114 πάν-

297 3176 410 3209 των
440 3153 810 3228 ἀπορούμενοι
843 3156 980 3224 (35),
1012 3148 1202 3206 ἕνδεκα
1230 3155 1337 3204 τῶν
1370 3150 1474 3204 ἀπὸ
1505 3156 1604 3218 τῆς
1667 3148 1951 3224 Αἰγύπτου

293 3244 392 3298 τὸν
423 3241 648 3317 ἀριθμὸν
683 3240 1016 3310 ἐπισκόπων,
1049 3237 1246 3313 ἄνδρας
1279 3239 1338 3294 ἐκ
1374 3235 1596 3294 παιδίου
1648 3240 1813 3313 μέχρι
1841 3239 1942 3312 γή-

298 3353 408 3410 ρως
449 3333 549 3400 τὴν
610 3325 815 3404 ἔρημον
876 3330 1153 3399 ἀσκήσεως
1211 3331 1372 3402 χάριν
1434 3327 1757 3398 οἰκήσαντας
1815 3330 1944 3400 (36),

296 3424 388 3476 καὶ
416 3419 566 3493 λόγῳ
606 3420 696 3474 καὶ
754 3421 940 3492 πράξει
997 3419 1093 3481 τὰς
1151 3415 1350 3485 ἡδονὰς
1410 3417 1795 3486 ὑποτάξαντας,
1855 3413 1946 3469 καί

297 3513 395 3578 τήν
425 3503 621 3573 εὐσεϐῆ
679 3507 856 3562 πίστιν
916 3506 1362 3580 ἀνεπαισχύντως
1418 3505 1806 3579 κηρύττοντας,
1857 3505 1947 3559 καὶ

301 3605 364 3654 τὰ
388 3605 489 3666 τῆς
531 3592 802 3659 εὐσεϐείας
861 3597 1309 3670 γαλουχηθέντας
1369 3598 1478 3666 (37)
1533 3590 1801 3666 δόγματα,
1861 3593 1949 3648 καὶ

298 3689 452 3756 νίκην
514 3686 788 3748 πολλάκις
839 3689 975 3741 κατά
1033 3683 1308 3758 δαιμόνων
1396 3683 1718 3759 ἐπάραντας.
1786 3684 1950 3757 ἀρετῇ

301 3777 682 3838 δυσωποῦντας
713 3778 802 3830 τὸν
837 3775 1156 3842 ἀντίπαλον,
1190 3774 1278 3829 καὶ
1310 3775 1410 3842 τὴν
1443 3775 1727 3844 Ἀρειανήν
1763 3794 1952 3851 σοφω-

300 3868 448 3938 τάτῳ
477 3867 630 3940 λόγῳ
662 3863 1078 3933 στηλιτεύοντας
1113 3863 1336 3935 α’ἶρεσιν·
1367 3859 1597 3937 ὄργανον
1659 3862 1954 3934 ὠμότητος

302 3957 394 4010 τὸν
435 3954 834 4030 προειρημένον
891 3951 1133 4028 ἔχοντες,
1198 3950 1522 4026 ὑπερορίους
1570 3957 1954 4021 πεποιήκασιν,

304 4045 355 4100 ἐν
390 4045 692 4117 οἶκουμένῃ
728 4043 873 4118 παρᾶ
920 4048 1028 4097 τῶν
1061 4041 1427 4112 κυριοκτόνων
1463 4037 1740 4096 Ἰουδαίων
1773 4040 1954 4111 πόλει,

306 4130 551 4204 τοῦνομα
582 4131 982 4204 Διοκαισαρείᾳ.
1021 4130 1120 4185 Καὶ
1148 4130 1300 4200 ’ὅμως
1351 4129 1424 4188 ὡς
1455 4129 1483 4181 ὁ
1516 4123 1675 4196 ᾅδης,
1725 4127 1811 4182 ἐπὶ
1863 4139 1957 4191 θα-

304 4220 450 4292 νάτῳ
478 4225 586 4274 τῶν
621 4217 874 4296 ἀδελφῶν
911 4217 1014 4271 οὐκ
1043 4215 1477 4289 ἐμπιπλάμενοι,
1514 4217 1830 4291 ἁπανταχοῦ
1859 4221 1961 4292 γῆς

309 4304 624 4375 ἐτόλμησαν
660 4304 711 4357 οἱ
744 4301 1084 4377 παράφρονες
1134 4300 1222 4354 καὶ
1269 4295 1555 4372 ἀϐέλτεροι
1611 4307 1712 4369 τῆς
1761 4300 1963 4364 οἷ’κείας

313 4393 604 4467 ὠμότητος
665 4393 993 4464 καταλεῖψαι
1059 4389 1400 4463 μνημόσυνα,
1459 4387 1517 4442 ἐκ
1577 4393 1756 4443 κακῶν
1815 4387 1964 4466 ἔχειν

307 4483 367 4536 τὸ
391 4483 679 4556 γνώρισμα
714 4479 1072 4556 βουλόμενοι.
1108 4475 1247 4532 Ἰδοὺ
1296 4477 1399 4552 γὰρ
1447 4475 1614 4532 πάλιν
1665 4477 1968 4553 κληρικοὺς

385 4604 400 4636 ί
443 4599 622 4654 Exod.
657 4615 756 4666 xu,
789 4601 878 4654 30.

384 4717 495 4785 (34)
526 4708 981 4789 Βεϐουλευμέ-νοι.
1017 4719 1206 4789 Forte,
1244 4707 1666 4789 βεϐουλημένοι.
1695 4717 1858 4789 ῌΕριτ.

384 4784 494 4856 (35)
581 4785 756 4859 Ηαρὰ,
810 4787 1021 4859 πάντων
1105 4784 1503 4859 ἀπορούμενοι,
1602 4787 1971 4858 Epiphanius

319 4859 714 4932 Scholasticus
746 4858 872 4912 haec
901 4858 1075 4932 verba
1106 4859 1166 4912 in
1185 4858 1674 4932 interpretatione
1692 4876 1798 4932 sua
1820 4877 1974 4932 pree-

323 4930 591 4984 termisit.
624 4929 992 4982 Camerarius
1031 4935 1228 4984 autem
1287 4931 1368 4985 ita
1423 4936 1641 4983 vertit:
1697 4929 1975 4986 Sed'cum

321 5002 543 5053 omnino
576 4999 698 5053 illos
729 5006 952 5054 conatus
983 5017 1115 5068 erga
1158 5008 1373 5057 cunctos
1420 5004 1505 5056 sui
1541 5004 1972 5068 frustrarentur.

320 5070 884 5139 Christophorsonus
905 5088 1037 5126 vero
1063 5072 1588 5141 sicinterpretatur
1612 5089 1623 5125 :
1654 5077 1827 5141 Atqui
1857 5091 1980 5129 cum

324 5145 379 5197 in
411 5158 472 5196 eo
505 5143 654 5210 quod
685 5142 1054 5200 conabantur.
1074 5143 1140 5195 ab
1164 5142 1412 5196 omnibus
1432 5159 1485 5196 se
1507 5142 1794 5197 destitutos
1826 5146 1981 5199 vide-

328 5220 464 5268 rent.
496 5212 748 5267 Jacobus
778 5218 974 5266 autem
1000 5213 1352 5268 Sirmundus
1373 5215 1777 5267 Camerarium
1812 5232 1979 5270 secu-

329 5290 418 5339 tus
452 5286 531 5338 ita
563 5283 907 5337 transtulit:
949 5285 1013 5337 In
1061 5286 1372 5337 universum
1429 5300 1558 5350 ergo
1614 5301 1738 5337 cum
1796 5288 1982 5340 omnia

328 5361 537 5426 frustra
569 5361 915 5410 conarentur.
956 5356 1066 5425 Ego
1090 5371 1226 5408 vero
1251 5354 1630 5426 scribendum
1657 5362 1818 5424 puto,
1842 5355 1983 5408 ἀπο-

325 5425 678 5500 κρουόμενοι,
713 5443 890 5497 quam
925 5426 1245 5500 lectionem
1277 5427 1337 5480 in
1364 5425 1632 5500 versione
1657 5443 1791 5480 mea
1823 5445 1985 5500 secu-

330 5498 421 5554 tus
442 5519 594 5555 sum.
626 5499 685 5553 Id
709 5505 904 5553 autem
935 5499 1156 5568 Optime
1183 5498 1462 5552 convenit
1483 5514 1616 5551 cum
1640 5499 1982 5567 praeceden-

331 5571 506 5626 tibus.
541 5573 637 5626 Ait
668 5571 827 5626 enim
859 5572 1067 5624 Petrus
1100 5569 1350 5624 Arianos
1383 5570 1570 5622 instar
1617 5568 1838 5623 diaboli
1872 5570 1986 5624 cir-

332 5650 702 5705 cumeuntes.
738 5642 1104 5713 quaesivisse,
1138 5657 1314 5713 quem
1344 5640 1696 5713 seducerent
1722 5640 1988 5713 acdevo-

336 5721 556 5771 rarent.
592 5714 703 5769 Sed
729 5711 865 5770 cum
887 5714 960 5770 ab
988 5711 1264 5769 omnibus
1297 5712 1752 5786 repellerentur,
1786 5712 1848 5769 in
1875 5713 1986 5770 ali-

650 5838 914 5903 ΡΑτιιοι.
962 5839 1074 5900 Gn.
1121 5837 1406 5904 XXXIII.

2079 569 2503 623 conscientiam
2526 569 2852 636 voluerant,
2889 571 3132 642 perinde
3147 588 3214 626 ac
3238 573 3284 626 si
3300 589 3469 644 grave
3492 574 3724 630 facinus

2078 655 2428 712 admisissen
2440 659 2678 728 t,capite
2694 660 3141 714 truncabantur.
3157 661 3295 725 Quae
3321 661 3416 716 lex
3438 666 3722 732 Romana,

2077 760 2208 813 qua)
2231 744 2615 801 barbarorum
2634 749 2948 814 sententia,
2973 748 3034 802 in
3054 764 3154 803 eos
3174 765 3436 820 unquam
3451 751 3722 806 animad-

2073 834 2266 899 vertit,
2287 835 2386 904 qui
2410 835 2755 905 parentibus
2787 837 3274 892 condoluissent?
3293 839 3434 903 Quis
3456 855 3721 909 unquam

2074 937 2144 975 ex
2169 923 2462 978 veteribus
2487 930 2605 978 tam
2630 925 2902 995 iniquum
2923 926 3154 980 facinus
3177 928 3574 998 perpetravit?
3599 930 3723 984 Jus-

2073 1012 2149 1066 sit
2169 1013 2731 1082 quondamPharao,
2763 1020 2830 1068 ut
2861 1014 3240 1070 Hebraaorum
3261 1017 3510 1071 masculi
3543 1033 3719 1073 neca-

2070 1107 2295 1154 rentur.
2330 1100 2442 1155 Sed
2474 1101 2712 1167 invidia,
2746 1118 2813 1156 ac
2867 1108 3061 1158 metus
3105 1103 3216 1158 hoc
3265 1105 3609 1160 mandatum
3663 1106 3720 1160 ei

2072 1195 2460 1260 suggesserat.
2485 1191 2712 1254 Quanto
2764 1207 2834 1246 ea
2877 1209 3008 1262 quea
3056 1196 3195 1246 tunc
3243 1199 3407 1264 gesta
3453 1193 3715 1263 fuerunt,

2070 1278 2423 1333 humaniora
2455 1285 2594 1333 sunt
2623 1279 2697 1334 iis
2724 1296 2854 1350 quas
2886 1296 3046 1334 nunc
3097 1282 3397 1336 cernimus
3417 1283 3444 1337 ?
3490 1284 3718 1348 Quanto

2070 1367 2256 1437 magis
2288 1367 2593 1438 optabilia,
2628 1369 2677 1422 si
2709 1369 2870 1438 optio
2891 1368 3064 1423 detur
3086 1369 3352 1441 injurias!
3377 1372 3607 1435 Quanto
3622 1389 3722 1444 po-

2071 1456 2242 1522 tiora,
2278 1457 2324 1509 si
2357 1457 2700 1512 conferatur
2728 1457 3035 1528 iniquitas,
3069 1459 3302 1513 tametsi
3331 1459 3468 1514 vitia
3489 1476 3523 1514 a
3554 1477 3615 1514 se
3636 1461 3724 1516 in-

2068 1546 2250 1599 vicem
2285 1546 2514 1617 sejungi
2549 1562 2668 1601 non
2694 1545 2963 1616 possint!
2997 1546 3380 1602 Incredibilia
3419 1554 3559 1603 sunt
3588 1564 3720 1618 quae

2066 1635 2347 1691 dicuntur
2371 1637 2658 1692 immania
2691 1643 2748 1691 et
2776 1637 3011 1708 gravia;
3045 1637 3315 1693 crudelia
3348 1643 3409 1693 et
3426 1638 3716 1706 barbara;

2069 1723 2325 1780 immitia
2353 1731 2530 1797 atque
2561 1725 2790 1781 acerba.

2134 1815 2228 1869 IX.
2263 1816 2362 1870 His
2395 1821 2593 1870 tamen
2627 1815 3100 1884 oblectabantur,
3129 1823 3307 1888 atque
3339 1817 3719 1874 exsultabant

2063 1905 2293 1958 Arianae
2326 1903 2640 1959 dementias
2674 1909 3015 1960 sectatores.
3047 1906 3312 1976 Cumque
3335 1907 3610 1962 universa
3629 1907 3717 1961 ci-

2063 1993 2208 2048 vitas
2239 1993 2698 2049 lamentaretur:
2734 1993 2902 2048 nulla
2935 1993 3093 2048 enim
3125 2000 3250 2048 erat
3298 1994 3530 2059 domus,
3565 1996 3718 2050 sicut

2064 2083 2125 2137 in
2151 2082 2346 2138 Exodo
2371 2084 2658 2154 scriptum
2683 2088 2771 2136 est
2795 2081 2836 2150 ί,
2863 2083 2923 2136 in
2948 2098 3064 2153 qua
3079 2099 3199 2137 non
3224 2089 3382 2138 esset
3402 2090 3668 2138 mortuus
3699 2101 3712 2138 :

2065 2173 2104 2226 ii
2139 2178 2360 2234 tamen,
2397 2188 2649 2242 quorum
2681 2171 2918 2226 animus
2950 2171 3012 2226 in
3043 2172 3205 2226 omni
3238 2172 3461 2227 scelere
3493 2173 3716 2227 exerci-

2068 2267 2221 2315 tatus
2253 2259 2421 2315 nulla
2454 2260 2770 2330 iniquitate
2801 2259 3002 2314 satiari
3035 2265 3287 2331 poterat,
3337 2276 3717 2331 nequaquam

2066 2349 2362 2419 quievere.
2397 2349 2770 2420 PrOpositum
2791 2348 2951 2403 enim
2972 2365 3146 2403 suum
3162 2348 3235 2403 ad
3260 2349 3464 2420 pejora
3485 2365 3720 2420 semper

2066 2444 2368 2504 acuentes,
2389 2437 2786 2508 improbitatis
2809 2453 2929 2491 sum
2953 2453 3248 2492 venenum
3272 2453 3462 2508 usque
3494 2438 3567 2493 ad
3595 2437 3717 2509 epi-

2067 2544 2274 2598 scopos
2302 2527 2616 2598 provinciae
2649 2525 3048 2596 protulerunt,
3083 2526 3401 2581 satellitem
3441 2543 3508 2581 ac
3538 2527 3720 2582 mini-

2069 2623 2256 2672 strum
2274 2617 2516 2672 sceleris
2536 2616 2726 2672 haben
2737 2622 2823 2672 tes
2841 2617 3118 2671 comitem
3137 2617 3720 2689 largitionum,quem

2069 2722 2248 2776 supra
2276 2705 2556 2772 diximus,
2590 2707 2882 2776 Magnum.
2935 2707 3005 2758 Et
3041 2705 3189 2760 alios
3247 2706 3489 2776 quidem
3539 2705 3718 2760 curia

2067 2794 2480 2848 tradiderunt:
2514 2794 2662 2848 alios
2693 2793 2828 2848 aliis
2857 2793 3051 2848 modis
3083 2810 3188 2864 pro
3221 2795 3467 2848 arbitrio
3491 2810 3596 2848 suo
3626 2811 3719 2849 ve.

2067 2889 2318 2937 xarunt:
2354 2881 2503 2936 nihil
2545 2883 2901 2936 intentatum
2933 2881 3363 2951 relinquentes,
3397 2881 3535 2937 dum
3569 2899 3720 2937 cun-

2069 2977 2192 3026 ctos
2210 2971 2594 3041 undiquaque
2617 2970 2857 3024 student
2873 2970 2946 3025 ad
2964 2970 3329 3041 impietatem
3351 2971 3716 3041 pertrahere.

2070 3061 2281 3117 Omnia
2312 3061 2470 3114 enim
2491 3060 2948 3119 circumeuntes.
2977 3059 3475 3129 quemadmodum
3503 3076 3718 3132 parens

2072 3156 2128 3205 et
2140 3154 2345 3204 auctor
2359 3149 2651 3202 haereseos
2666 3147 2930 3218 ipsorum
2949 3147 3527 3218 diabolus,quaarunt
3539 3165 3720 3220 quem

2689 3201 2705 3218 ,
2772 3201 2781 3202 ,
2846 3201 2863 3202 η
3428 3201 3718 3220 εονηῂη-

1983 3201 2027 3268 C
2069 3240 2373 3294 devorent.
2402 3239 2710 3292 Postremo
2742 3253 2876 3291 cum
2910 3253 3118 3291 eorum
3149 3243 3398 3292 conatus
3429 3237 3500 3292 ab
3532 3238 3722 3296 omni-

2055 3330 2166 3383 bus
2202 3327 2614 3397 repelleretur,
2649 3326 2958 3396 episcopos
3005 3327 3232 3396 Egypti
3281 3326 3561 3381 undecim
3607 3343 3721 3382 nu-

2055 3433 2259 3483 mero;
2319 3416 2496 3482 viros,
2555 3416 2656 3485 qui
2727 3415 2798 3469 ab
2859 3415 3104 3470 ineunte
3163 3421 3335 3471 astate
3395 3433 3583 3487 usque
3640 3415 3715 3471 ad

2057 3511 2450 3566 senectutem,
2486 3504 2865 3559 districtioris
2907 3505 3036 3558 vitae
3091 3505 3283 3576 gratia
3331 3505 3718 3560 solitudinem

2056 3595 2471 3658 incoluerant;
2506 3593 2606 3663 qui
2640 3593 2869 3648 ratione
2901 3599 2959 3647 et
2987 3599 3120 3648 actu
3154 3594 3485 3648 voluntates
3507 3611 3710 3666 corpo-

2057 3683 2139 3737 ris
2170 3687 2630 3753 superaverant;
2666 3682 2766 3752 qui
2798 3682 2954 3752 piam
2991 3681 3169 3736 ﬁdem
3194 3682 3476 3737 audacter
3493 3681 3708 3753 przedi-

2056 3771 2308 3826 cabant:
2346 3771 2443 3840 qui
2479 3770 2714 3840 pietatis
2745 3769 3072 3825 doctrinam
3106 3786 3224 3825 una
3272 3787 3406 3825 cum
3456 3771 3707 3825 nutricis

2057 3861 2210 3916 lacte
2242 3864 2558 3925 suxerant;
2594 3859 2694 3929 qui
2725 3860 3026 3914 victoriam
3060 3859 3131 3914 de
3153 3858 3525 3914 daemonibus
3551 3877 3708 3932 saape

2060 3948 2429 4013 retulerant;
2465 3948 2564 4017 qui
2594 3963 2699 4002 sua
2729 3947 2944 4002 virtute
3001 3947 3291 4018 pudorem
3344 3949 3716 4004 incutiebant

2063 4039 2399 4095 adversario
2427 4055 2440 4102 ;
2475 4037 2575 4107 qui
2603 4035 2860 4107 denique
2889 4038 3170 4092 Arianam
3193 4038 3468 4093 haeresim
3487 4038 3718 4110 sapien-

2068 4128 2299 4183 tissima
2330 4126 2597 4181 oratione
2630 4126 3061 4181 convincebant
3090 4143 3157 4182 ac
3189 4127 3572 4192 denotabant,
3607 4126 3718 4181 mi-

2067 4219 2257 4272 nistro
2288 4215 2661 4270 crudelitatis
2683 4231 2804 4269 suas
2821 4215 2912 4269 usi
2937 4231 3115 4286 supra
3139 4221 3467 4271 memorato
3491 4217 3721 4287 Magno,

2071 4308 2501 4361 Diocmsaream
2545 4303 2903 4375 relegarunt,
2960 4303 3169 4359 urbem
3210 4322 3341 4376 quas
3391 4305 3462 4359 ab
3507 4304 3725 4360 Judmis

2074 4395 2307 4451 Domini
2363 4392 2841 4447 interfectoribus
2895 4392 3129 4447 colitur.
3188 4394 3258 4447 Et
3315 4399 3513 4448 tamen
3568 4392 3730 4448 velut

2075 4501 2272 4550 orcus,
2305 4481 2555 4537 fratrum
2585 4487 2776 4537 morte
2808 4481 3057 4537 minime
3089 4482 3308 4548 satiati,
3358 4481 3728 4538 crudelitatis

2001 4724 2043 4788 D
2077 4723 2222 4791 quot
2252 4717 2561 4791 episcopos
2588 4721 2646 4772 et
2675 4716 2922 4772 clericos
2953 4716 3102 4772 iram
3155 4734 3322 4774 suam
3371 4717 3636 4784 vertisse,
3674 4721 3734 4772 et

2083 4787 2306 4846 rabiem
2341 4787 2638 4843 ell'udisse.

2160 4862 2268 4929 (36)
2293 4857 2650 4932 Οίκήσαντας.
2684 4862 2822 4914 Post
2853 4859 2964 4932 hoc
2993 4859 3237 4932 verbum
3275 4859 3583 4932 integram
3631 4876 3736 4930 pe-

2085 4933 2328 5002 ricopen
2362 4931 2688 5000 adjecimus
2719 4947 2789 4985 ex
2820 4931 2996 4985 variis
3029 4931 3382 4986 lectionibus
3428 4931 3578 5002 quas
3635 4933 3740 4987 Ro-

2089 5003 2292 5057 bertus
2321 5003 2649 5071 Stephanus
2680 5002 2752 5055 ad
2780 5003 3003 5056 calcem
3036 5002 3314 5057 editionis
3347 5020 3466 5057 sua;
3514 5003 3737 5057 descri-

2131 5075 2208 5146 sit
2237 5089 2307 5126 ex
2337 5073 2521 5146 altero
2553 5071 2754 5146 codice
2787 5072 3164 5146 Bibliotheca:
3214 5074 3428 5146 Begim,
3454 5091 3632 5146 quae”
3653 5074 3739 5130 sic

2131 5092 2208 5127 su,
2237 5092 2307 5126 ex
2337 5092 2521 5126 altero
2553 5092 2754 5126 coalce
2787 5092 3164 5128 mouomecm
3214 5092 3428 5146 neglm,
3473 5092 3604 5145 quas
3653 5092 3736 5130 Sto

2088 5092 2286 5200 liabet.
2317 5142 2406 5194 καὶ
2439 5140 2593 5214 λόγῳ
2631 5141 2721 5194 καὶ
2779 5142 2966 5213 πράξει
3024 5143 3120 5202 τὰς
3180 5141 3378 5211 ἡδονάς
3445 5143 3736 5212 ὑποτάξαν-

2086 5235 2204 5274 τας.
2238 5217 2324 5287 lta
2355 5219 2510 5287 certe
2560 5214 2620 5266 in
2679 5230 2784 5267 suo
2843 5214 3043 5287 codice
3096 5215 3317 5286 legerat
3372 5216 3740 5287 Epiphanius

2091 5285 2509 5358 Scholasticus.
2535 5291 2601 5337 ut
2625 5299 2691 5337 ex
2714 5286 2982 5358 versione
3007 5287 3134 5356 ejus
3157 5285 3436 5358 apparet—
3457 5285 3549 5343 Sic
3577 5288 3739 5342 enim

2091 5358 2298 5411 vertit:
2342 5355 2500 5409 Viros
2514 5371 2657 5422 pene
2686 5356 2753 5408 ab
2785 5354 3049 5422 infantia‘
3076 5354 3253 5426 usque
3293 5358 3367 5411 ad
3414 5365 3742 5413 senectutem

2093 5443 2328 5483 eremum
2362 5427 2676 5486 incolentes.
2709 5427 2976 5495 verboque
3004 5436 3322 5495 superantes
3352 5436 3400 5483 et
3452 5437 3582 5484 actu
3617 5429 3745 5483 libi-

2096 5499 2298 5553 dinem.
2332 5499 2417 5567 Ita
2447 5513 2683 5567 quoque
2711 5496 2897 5564 edidit
2923 5496 3173 5554 Iacobus
3206 5500 3577 5555 Sirmundus.

2167 5571 2274 5639 (37)
2308 5566 2777 5641 Γαλουχηθὲντας.
2809 5568 2950 5624 Cod.
3003 5569 3140 5644 Reg.
3193 5572 3240 5627 ι.
3291 5572 3420 5628 Pini
3464 5568 3747 5646 γαλουχή-

2097 5659 2309 5702 σαντας.

3387 5836 3461 5896 ﬂ
