4134 6268
423 415 570 475 1291
858 413 1094 474 PETRI
1137 413 1189 473 II
1237 413 1589 475 EPISCOPI
1636 409 2171 473 ALEXANDRINI
2218 407 2591 470 EPISTULA
2641 411 2742 470 AD
2789 407 3035 470 EPISC.
3084 407 3386 470 EGYPT.
3678 406 3835 467 1293

420 563 542 602 sum
557 550 947 600 monumenta
963 546 1270 602 dementes
1282 563 1350 601 ac
1363 547 1525 601 stulti
1541 547 1760 617 ubique
1776 552 2066 600 terrarum

2202 548 2279 610 τῆς
2304 538 2605 610 καθολικῆς
2667 539 2993 610 Ἐκκλησίας
3049 539 3104 594 ἐν
3153 539 3469 614 ’Λντιοχείᾳ
3526 532 3843 610 διατρίϐονο

419 634 761 704 relinquere
784 634 910 690 ausi
937 642 1095 701 sunt,
1119 636 1338 691 famam
1357 653 1428 690 ex
1446 635 1772 690 malefactis
1790 635 2076 704 consequi

2202 651 2305 698 τας,
2339 632 2450 702 ἅμα
2508 627 2827 694 σπουδαίοις
2887 630 3206 702 μονάζουσι,
3237 629 3304 684 τὰ
3341 636 3441 698 τῆς
3489 626 3841 704 δραματουρ-

423 724 749 779 studentes.
784 727 930 780 Ecce
984 727 1142 780 enim
1189 743 1396 781 rursus
1441 726 1719 781 Ecclesiaa
1768 725 2076 780 catholicaa

2202 719 2305 794 (ίας
2357 719 2532 774 αὐτῶν
2588 717 3051 794 διαμαρτύρασθαι
3108 720 3499 793 προθεμένους·
3556 716 3846 792 βασιλικὰς

425 813 674 868 clericos
705 815 1032 869 Antiochia:
1063 816 1362 888 degentes,
1399 816 1498 885 qui
1519 832 1635 869 una
1657 831 1790 868 cum
1817 814 1927 884 piis
1951 813 2075 883 qui-

2202 811 2485 883 ᾕχήσαντες
2507 808 2824 863 κατάὐτῶν
2858 809 3046 874 ἀκοὰς,
3105 809 3202 876 τὴν
3260 806 3684 880 Νεοκαισάρειαν
3738 809 3842 860 τοῦ

425 902 676 958 busdam
710 906 1016 959 monachis
1047 905 1327 960 adversus
1357 905 1595 958 fraudes
1627 919 1830 958 eorum
1878 909 2071 974 prote-

2207 899 2390 954 Ιόντου
2438 897 2604 952 οἰκεῖν
2662 899 3082 971 παρεσκεύασαν
3134 899 3187 952 οἳ
3244 899 3386 972 τάχα
3445 897 3533 950 καὶ
3583 899 3681 950 τοῦ
3737 898 3838 968 ζῇν

428 994 571 1048 stari
601 994 1001 1058 decreverant,
1061 1012 1196 1050 cum
1255 994 1630 1065 imperatoris
1680 1010 1853 1048 aures
1898 993 2075 1048 variis

429 1089 637 1138 contra
668 1084 802 1138 illos
827 1084 1343 1138 criminationibus
1365 1083 1757 1145 obtudissent.
1784 1085 2080 1138 Neocaesa-

429 1189 592 1228 ream
623 1174 790 1228 Ponti
815 1174 1064 1243 relegari
1103 1175 1384 1228 fecerunt.
1420 1174 1528 1237 Qui
1560 1189 1720 1227 nunc
1750 1173 1880 1243 ipsa
1901 1173 2077 1226 etiam

428 1261 544 1316 vita
573 1263 824 1317 forsitan
856 1263 1063 1334 privati
1098 1268 1238 1317 sunt
1266 1261 1339 1316 ob
1373 1261 1636 1316 locorum
1673 1262 2074 1331 asperitatem.

430 1354 784 1426 Hujusmodi
817 1354 1128 1425 tragmdias
1161 1358 1396 1423 tempus
1427 1352 1575 1406 illud
1610 1357 1919 1423 expertum
1951 1355 2078 1405 est:

430 1444 668 1499 silentio
696 1443 935 1514 quidem
959 1447 1018 1497 et
1047 1443 1341 1497 oblivione
1365 1441 1701 1514 dignas,sed
1725 1439 2082 1510 qumlitteris

429 1533 662 1587 traditae
691 1538 850 1600 sunt,
875 1532 948 1586 ad
972 1532 1499 1602 reprehensionem
1524 1547 1728 1585 eorum
1753 1530 1851 1601 qui
1877 1529 2082 1584 adver-

430 1637 530 1674 sus
554 1622 923 1691 unigenitum
942 1621 1152 1675 Filium
1181 1621 1280 1674 Dei
1305 1620 1534 1692 linguas
1549 1636 1686 1674 suas
1700 1624 2080 1674 exacuerunt.

2186 988 2576 1062 ἐστερήθησαν,
2611 985 2699 1042 διᾶ
2726 989 2826 1056 τὴν
2879 991 2986 1042 τῶν
3029 987 3213 1042 τόπων
3268 987 3589 1060 ἀγριότητα.
3645 983 3842 1039 Τοιαύ-

2183 1099 2277 1139 τας
2309 1077 2335 1130 ὁ
2367 1077 2552 1153 γαιρὸς
2610 1076 2810 1140 ἐκεῖνος
2868 1074 3079 1149 ἐδέξατο
3134 1073 3462 1151 τραγῳδίας·
3523 1081 3684 1150 σιγῆς
3739 1072 3839 1146 μὲν

2186 1167 2274 1222 καὶ
2308 1167 2487 1239 λήθης
2519 1169 2691 1242 ἀξίας,
2752 1167 2803 1222 ἐν
2864 1167 3249 1242 συγγράμμασι
3308 1168 3364 1221 νὲ
3421 1167 3705 1239 τιθεμένας
3767 1163 3849 1225 εἷς

2189 1257 2424 1332 ἔλεγχον
2452 1262 2559 1312 τῶν
2614 1257 2752 1312 κατὰ
2803 1260 2901 1312 τοῦ
2957 1260 3299 1332 Μονογενοῦς
3355 1254 3694 1325 κινησᾶντων
3751 1252 3848 1313 τὰς

2188 1347 2461 1423 γλώττας·
2511 1348 2564 1402 οἳ
2614 1348 2713 1416 τὴν
2769 1353 2870 1416 τῆς
2934 1345 3290 1425 βλασφημίας
3339 1343 3706 1419 εἰσδεξάμενοι
3751 1345 3848 1399 νό-

2192 1458 2282 1491 σον
2311 1439 2444 1511 (38),
2475 1437 2539 1492 οὐ
2575 1435 2740 1509 μόνον
2781 1436 2874 1491 τὸν
2927 1440 3034 1491 τῶν
3096 1435 3243 1491 ὅλων
3290 1436 3562 1501 Δεσπότην
3609 1432 3844 1508 τοξεύειν

2192 1526 2589 1602 ἐπιχειροῦσιν,
2621 1524 2767 1581 ἀλλὰ
2795 1524 3054 1580 καὶκατὰ
3101 1529 3206 1580 τῶν
3266 1520 3504 1580 εὐσεϐῶν
3550 1523 3715 1580 αὐτοῦ
3760 1534 3848 1588 Os-

2194 1617 2474 1690 ραπόντων
2507 1616 2597 1671 τὸν
2630 1613 2897 1670 ἄσπονδον
2930 1612 3238 1685 ἀνεδέξαντο
3267 1613 3534 1688 πόλεμον.

432 1709 539 1773 Qui
567 1708 868 1780 pestilenti
900 1709 1286 1780 blasphemiae
1320 1708 1525 1763 morbo
1557 1708 1833 1779 correpti,
1870 1723 1988 1762 non
2020 1707 2213 1762 solum
2244 1707 2304 1760 in
2340 1707 2653 1761 Dominum
2686 1705 3100 1761 universorum
3134 1704 3252 1762 tela
3273 1706 3476 1778 jacere
3521 1708 3843 1772 conantur,

432 1799 536 1852 sed
564 1803 626 1852 et
655 1797 936 1854 adversus
968 1799 1099 1870 pios
1134 1799 1260 1870 ejus
1292 1797 1550 1852 famulos
1582 1796 1957 1869 implacabile
1989 1795 2212 1851 bellum
2247 1801 2657 1866 susceperunt.

508 2021 618 2092 (38)
649 2017 1038 2090 Εἶσδεξάμενοι
1088 2019 1262 2074 νόσον.
1327 2023 1391 2076 ln
1433 2022 1836 2092 manuscripto
1885 2020 2086 2092 codice

437 2089 902 2174 ΗΘΜ-ἰοί.Ξᾶνῂιῆ
948 2094 1236 2174 scriptum
1297 2089 1825 2174 est.heie'_o‘eﬁaipe%i
1866 2091 2085 2173 λύτταν,

435 2165 732 2234 quomodo
766 2166 943 2219 etiam
977 2164 1190 2237 legitur
1221 2165 1283 2218 in
1314 2164 1516 2219 codice
1549 2165 1746 2237 Regio,
1791 2164 1960 2234 cujus
1991 2179 2086 2237 va-

434 2237 661 2292 riantes
693 2237 982 2292 lectiones
1015 2236 1202 2291 edidit
1233 2237 1585 2307 Stephanus.
1625 2235 1711 2291 [ta
1769 2251 2004 2306 quoque
2032 2235 2093 2290 in

435 2415 2884 2446 Μ

2199 2036 2304 2075 suo
2337 2019 2540 2074 codice
2571 2017 2794 2091 legerat
2822 2019 3211 2091 Epiphanius,
3238 2023 3328 2091 ut
3352 2035 3424 2074 ex
3479 2017 3610 2091 ejus
3659 2018 3849 2074 inter-

2197 2091 2528 2163 pretatione
2558 2089 3040 2163 colligituﬂq'uaa
3094 2091 3178 2146 sic
3237 2089 3445 2146 habet:
3499 2089 3572 2145 Hi
3615 2106 3853 2161 namque

2196 2162 2346 2218 rabie
2374 2165 2642 2218 coarmati
2674 2162 3048 2233 blaspheﬂziz.

2894 2412 3829 2442 π

1466 2531 2019 2634 EEJUsDEM
2093 2536 2780 2624 FRAGMENTA

1052 2719 1406 2774 EPISTOLZE
1446 2719 1541 2772 AD
1581 2717 1960 2773 EPISCOPOS
1997 2715 2359 2772 :EGYPTIOS
2396 2716 2584 2771 FIDEI
2623 2714 2856 2771 CAUSA
2896 2716 3226 2773 EXSULES.

1383 2908 1426 2962 Ι.
1459 2908 1627 2976 Apud
1647 2906 1965 2961 Facundum
1995 2907 2441 2960 Hermianensem
2474 2905 2567 2959 lib.
2603 2922 2673 2972 ιν,
2707 2922 2835 2976 cap.
2863 2906 2916 2959 2.

518 3009 718 3070 Amor,
743 3020 859 3074 quo
883 3004 1040 3059 circa
1060 3020 1160 3059 vos
1183 3005 1245 3058 in
1273 3005 1502 3058 Christo
1527 3004 1774 3072 gaudeo,
1809 3020 1928 3058 non
1961 3020 2089 3074 per-
2126 3007 2168 3070 C
2200 3003 2396 3074 ipsum
2430 3003 2773 3074 episcopum
2806 3019 2958 3072 esse,
2988 3009 3054 3058 ut
3078 3019 3185 3074 per
3205 3003 3317 3058 hoc
3349 3001 3851 3058 conﬂdentiusin-

448 3095 613 3149 misit
642 3094 940 3166 patienter
966 3095 1154 3149 ferre:
1207 3096 1326 3150 imo
1385 3097 1555 3150 etiam
1603 3095 1866 3150 scribens
1911 3095 2094 3150 veluti

446 3201 567 3238 non
590 3184 855 3238 scribens
889 3201 1041 3250 sum,
1077 3190 1135 3239 et
1179 3185 1391 3240 iterum
1423 3185 1496 3240 ad
1527 3185 1904 3240 scribendum
1937 3201 2096 3239 com-

445 3272 654 3344 pellor.
689 3274 753 3326 Et
779 3273 975 3342 infra:
1006 3273 1496 3328 Consiliatoribus
1527 3274 1708 3346 igitur
1737 3273 1898 3328 vobis
1922 3274 1983 3327 in
2006 3274 2098 3327 his

449 3376 579 3431 quas
611 3361 924 3416 incurrunt
954 3369 1124 3416 utor:
1159 3367 1217 3416 et
1237 3362 1380 3432 quid
1411 3368 1644 3433 oportet
1675 3378 1768 3416 me
1798 3362 1991 3418 facere
2014 3363 2098 3418 sic

452 3465 687 3520 semper
715 3451 1145 3520 perturbatum,
1174 3451 1480 3507 Timotheo
1512 3453 1616 3522 (39)
1637 3451 1983 3508 diffamante
2006 3469 2099 3508 se-

2199 3093 2406 3164 juriet,
2440 3099 2499 3148 et
2527 3098 2806 3163 paternas
2834 3092 2994 3165 leges
3015 3092 3340 3165 infringat?
3362 3092 3557 3147 Voluit
3585 3090 3736 3145 enim
3752 3104 3849 3145 me

2208 3182 2727 3249 anathematizare,
2751 3187 2810 3236 et
2829 3182 3111 3237 Basiliam
3133 3179 3852 3247 Cessareae,etPaulinum,

2209 3276 2268 3326 et
2295 3271 2712 3342 Epiphanium,
2747 3275 2806 3325 et
2837 3269 3157 3326 Diodorum
3189 3271 3520 3342 episcopos,
3540 3275 3599 3325 et
3615 3268 3724 3324 soli
3747 3268 3853 3323 Vi-

2209 3360 2311 3416 tali
2343 3360 2803 3416 communicare.

1780 3577 1848 3630 II.
1883 3576 2024 3630 Ibid.
2059 3577 2154 3632 lib.
2187 3595 2268 3648 x1,
2299 3596 2425 3650 cap.
2469 3583 2522 3634 2.

525 3671 660 3726 Sine
692 3672 810 3726 Deo
843 3672 1060 3743 quippe
1092 3679 1200 3741 est,
1225 3678 1283 3728 et
1311 3674 1371 3728 in
1395 3673 1671 3729 omnibus
1689 3674 1975 3746 reprobus
1999 3676 2100 3746 qui

456 3780 574 3818 non
602 3763 920 3818 confitetur
937 3765 1227 3835 integrum
1256 3767 1550 3820 hominem
1573 3767 1826 3822 salvasse
1847 3767 2100 3821 adventu

456 3869 562 3906 suo
598 3851 986 3906 Salvatorem:
1021 3860 1078 3908 et
1110 3855 1156 3908 si
1191 3861 1378 3909 totum
1410 3855 1612 3922 salvat,
1650 3861 1836 3910 totum
1871 3872 2102 3910 assum-

452 3943 589 4014 psit,
618 3959 738 3996 non
773 3943 833 3997 in
864 3944 1226 4014 adjutorium
1258 3947 1622 4010 salvationis,
1673 3946 1776 4001 sed
1815 3946 1888 4001 ad
1920 3947 2099 4002 totius

451 4031 860 4087 salvationem.
897 4031 1105 4089 Nullus
1137 4050 1272 4107 ergo
1303 4035 1397 4106 pie
1417 4052 1477 4090 se
1497 4052 1702 4106 sapere
1731 4035 2097 4103 existimans,

2211 3676 2473 3733 infidelis
2506 3680 2692 3752 magis
2723 3680 2986 3736 exsistat.
3021 3680 3079 3734 Si
3136 3695 3275 3735 vero
3324 3695 3593 3751 quaerere
3642 3678 3862 3748 studet,

2210 3767 2400 3822 discat
2429 3785 2498 3822 ex
2529 3769 2779 3840 epistola
2811 3785 2989 3840 quam
3007 3768 3082 3822 ad
3109 3768 3510 3823 Antiochenos
3532 3767 3721 3823 beata
3743 3784 3865 3824 me-

2209 3857 2416 3911 morias
2447 3857 2769 3928 Episcopus
2803 3857 3160 3912 Athanasius
3182 3857 3406 3925 scribit,
3429 3855 3530 3912 ubi
3555 3857 3759 3912 omnia
3779 3857 3864 3912 di-

2209 3945 2464 4016 ligenter
2495 3947 2736 4017 exponit
2762 3961 2774 3999 :
2812 3963 2992 4016 quam
3023 3945 3218 4018 legere
3249 3946 3605 4017 incipientes
3658 3945 3862 4000 ortho-

2209 4032 2366 4099 doxi,
2395 4038 2453 4088 et
2481 4035 2562 4090 ita
2593 4050 2799 4106 sapere
2831 4039 2888 4090 et
2918 4035 3340 4107 subscripsisse
3371 4034 3751 4090 conﬁrmant.

1972 4162 2069 4215 ΙΙΙ.
2101 4160 2326 4216 Ibidem.

529 4259 679 4314 Iesus
711 4260 954 4315 Christus
986 4260 1105 4314 heri
1133 4266 1185 4314 et
1241 4259 1424 4326 hodie,
1464 4261 1580 4329 ipse
1631 4265 1683 4314 et
1728 4259 1789 4314 in
1829 4259 2027 4314 secula
2058 4258 2099 4312 ³.
2135 4262 2180 4324 D
2211 4275 2335 4312 non
2365 4263 2455 4313 est
2483 4257 2647 4328 ipse:
2680 4259 2781 4328 qui
2814 4259 2973 4315 enim
3003 4265 3344 4332 provectum
3366 4261 3558 4316 uitatis
3575 4261 3854 4332 suscepit,

455 4346 587 4401 Heri
622 4347 866 4417 quidem
897 4353 1034 4403 ante
1066 4348 1283 4403 saecula
1315 4349 1847 4420 sempiternitatem
1881 4348 2104 4420 signiﬁ-

2215 4347 2536 4418 aliquando
2564 4349 2762 4404 infans
2792 4351 3070 4415 existens,
3106 4355 3164 4404 et
3211 4350 3535 4421 aliquando
3581 4351 3668 4406 vir
3712 4351 3858 4406 inci-

454 4440 586 4489 cat:
620 4435 796 4490 hodie
828 4442 1023 4491 autem
1085 4443 1387 4492 terrenum
1433 4436 1714 4492 saeculum
1749 4453 1762 4492 :
1795 4437 1856 4490 in
1888 4437 2106 4492 saecula
2214 4437 2383 4507 piens
2413 4438 2582 4508 quasi
2613 4454 2907 4494 annorum
2939 4455 3070 4506 xxx,
3099 4439 3253 4494 sicut
3297 4438 3381 4494 ait
3435 4440 3620 4496 Lucas
3649 4438 3693 4505 ³,
3738 4455 3858 4495 non

450 4539 603 4591 vero,
637 4531 772 4595 post
803 4527 1119 4581 transitum
1165 4527 1342 4597 hujus
1399 4526 1551 4580 vitai.
1611 4527 1780 4582 Jesus
1835 4526 2101 4580 Christus

451 4617 670 4680 autem,
704 4614 803 4684 qui
828 4615 1002 4686 juxta
1032 4615 1338 4670 hominem
1369 4615 1676 4670 salvatoris
1727 4614 2094 4687 intelligitur,

2211 4531 2406 4598 potest
2434 4527 2561 4598 ipse
2592 4543 2744 4582 esse.

1969 4739 2060 4793 IV.
2096 4736 2326 4793 Ibidem.

523 4838 623 4893 Est
652 4839 904 4910 Spiritus
935 4839 1066 4895 vita:
1099 4843 1338 4895 sanctus
1368 4857 1503 4896 cum
1533 4842 1705 4896 Patre
1757 4845 1816 4896 et
1861 4840 2007 4896 Filio
2037 4841 2099 4896 in

451 4924 700 4997 singulis
732 4928 1156 5000 prophetarum
1188 4944 1294 4999 per
1314 4929 1756 5000 generationem
1782 4930 2098 4997 transiens,

449 5016 550 5086 qui
583 5017 807 5074 indicat
837 5035 967 5089 quas
1000 5025 1177 5075 erunt
1207 5024 1264 5073 et
1284 5035 1414 5090 qum
1436 5018 1696 5088 fuerunt,
1721 5019 1950 5074 habens
1973 5035 2103 5075 ocu-

521 5170 545 5206 ⁸
573 5173 746 5229 Hebr.
780 5193 904 5245 xm,
936 5178 989 5230 8.
1064 5177 1085 5210 ³
1121 5178 1256 5232 Luc.
1292 5193 1377 5244 lu,
1408 5178 1498 5230 23.

523 5324 636 5394 (39)
671 5325 970 5408 Timotbeo.
1001 5327 1347 5408 Apolinaris
1372 5327 1684 5408 discipulo,
1721 5328 1793 5383 de
1824 5345 1940 5408 quo
1967 5329 2101 5408 _Daf

451 5411 651 5468 masus
677 5413 834 5468 papa
861 5399 921 5452 in
974 5399 1220 5468 epistola
1278 5400 1351 5454 ad
1409 5400 1774 5456 Orientales:
1836 5401 1979 5465 Quid
2021 5407 2098 5454 est

449 5483 548 5522 cur
577 5467 978 5523 abdicationem
1013 5467 1308 5524 Timothei
1337 5489 1368 5524 a
1398 5488 1480 5525 me
1538 5489 1724 5527 rursus
1774 5473 2097 5540 requiratis,

447 5540 547 5612 qui
571 5540 734 5591 etiam
769 5540 857 5594 hic
879 5539 1096 5609 judicio
1124 5543 1262 5596 sedis
1289 5545 1619 5612 apostolicae,
1674 5539 1862 5598 Petrei
1885 5559 2100 5612 quoque

451 5611 810 5668 Alexandria
844 5613 1094 5682 episcopo
1119 5611 1409 5682 praesente,
1434 5615 1718 5669 abdicatus
1741 5620 1815 5668 est
1833 5630 1945 5668 una
1976 5611 2100 5668 cum

447 5683 712 5753 magistro
740 5699 836 5740 suo
865 5683 1163 5753 Apolinare
1187 5687 1215 5737 ?
1244 5689 1304 5738 et
1332 5685 1394 5740 in
1427 5685 1677 5756 epistola
1709 5683 2100 5741 Orientalium

2209 4839 2301 4894 los
2329 4843 2467 4894 ante
2499 4843 2558 4894 et
2585 4845 2740 4911 post,
2771 4840 2882 4894 hoc
2916 4845 3024 4904 est,
3056 4840 3210 4896 sicut
3237 4840 3514 4910 diximus,
3549 4843 3858 4898 scientiam

2214 4930 2550 4984 futurorum
2582 4935 2758 5000 atque
2787 4930 3249 5001 prmteritorum,
3283 4948 3413 5002 quas
3446 4932 3507 4987 in
3543 4933 3858 4989 Salomone

2215 5025 2419 5074 narrat
2447 5035 2518 5074 ex
2549 5035 2804 5090 persona
2833 5019 2941 5075 ﬂlii
2972 5019 3234 5076 hominis
3284 5037 3354 5076 ex
3399 5023 3604 5088 Maria,
3649 5028 3710 5078 et
3751 5021 3857 5078 ﬁlii

2210 5326 2284 5383 ad
2314 5325 3154 5420 Rufu‘mLThossalqp‘icensem
3189 5329 3550 5420 episcopium
3607 5329 3670 5385 in
3713 5331 3858 5420 aptis

2212 5398 2423 5470 synodi
2455 5399 2801 5469 Ephesium:
2834 5398 2895 5450 Ὅ
2931 5398 3325 5524 τρισμακάριος
3378 5398 3628 5470 Δαμασος
3677 5403 3858 5456 καθιῖ-

2209 5466 2298 5543 λεν
2335 5466 2744 5543 ’Δπομλινᾴριοη
2793 5468 2898 5543 καὶ,
2933 5470 3059 5543 Βιτά
3106 5491 3216 5543 ιον,
3261 5468 3352 5524 καὶ
3405 5471 3674 5543 Τιμόθεον
3735 5471 3856 5535 τοὺς

2210 5539 2535 5614 αἱρετικούς.
2571 5541 3002 5614 Citaturetiam
3038 5542 3096 5598 in
3129 5542 3339 5614 Ecloge
3367 5539 3662 5600 Anastasii
3695 5547 3857 5602 Pole-

2211 5611 2350 5667 mon
2378 5611 2618 5687 impius,
2648 5612 2978 5687 Apolinarii
3010 5611 3362 5686 discipulus,
3394 5615 3531 5669 κατὰ
3586 5614 3857 5687 Τιμοοιου

2209 5681 2572 5756 συμμαθητοῦ
2603 5681 2786 5740 αὐτοῦ.
