4128 6268
340 358 497 422 1297

1608 359 2015 422 RESPthSA
2058 361 2474 422 CANONICA.

3602 371 3758 432 1298

343 489 627 566 προσῆλθε
657 493 726 564 τῇ
756 491 1017 563 κοινωνίᾳ
1043 495 1154 548 τῶν
1215 492 1382 568 ἁγίων
1443 491 1661 565 δώρων,
1692 493 1782 548 καὶ
1815 493 1990 548 εὐκαι-

2108 495 2389 569 baptizari
2419 498 2659 554 debere.
2694 501 2841 564 Quia
2871 501 3031 556 enim
3058 519 3179 556 non
3203 503 3498 560 malitiose
3515 506 3589 561 ad
3616 525 3752 562 san-

343 580 461 654 ρίας
493 579 656 655 ἔτυχε
691 582 765 653 μή
797 579 1068 645 κωλυθεὶς
1102 580 1204 635 ὑπό
1234 602 1408 653 τινος,
1442 582 1822 656 ἀγνοησάντων
1869 581 1998 643 ἴσως

345 675 455 726 τῶν
485 670 769 744 παρόντων
802 674 1031 739 πιστῶν,
1063 671 1151 724 καὶ
1214 670 1378 724 αὐτοῦ
1433 675 1530 726 τοῦ
1591 668 1996 745 μεταδιδόντος,

343 761 426 815 ὅτι
462 758 884 834 κατηχούμενός
936 759 1070 829 ἐστι,
1104 756 1258 815 δοκεῖ
1309 761 1456 835 παρὰ
1510 767 1606 816 τοῦ
1659 765 1792 816 Θεοῦ
1824 782 1996 837 προσ-

341 847 640 918 κληθῆναι.
675 847 774 902 Καὶ
831 847 964 922 ὅπερ
995 849 1023 902 6
1055 850 1212 923 ἅγιος
1271 848 1581 913 ἀπόστολος
1635 850 1838 924 Πέτρος
1894 845 1994 929 ἔφη

346 938 472 1013 περὶ
502 941 600 991 τοῦ
656 935 969 1010 Κορνηλίω
1027 939 1118 992 καὶ
1177 943 1285 992 τῶν
1332 938 1454 1013 περί
1503 938 1685 1008 αὐτὸν,
1715 940 1805 994 ὅτε
1859 961 1996 994 κατ-

343 1024 673 1102 ηχουμένων
710 1025 929 1080 ἐκείνων
963 1023 1147 1080 ἔπεσεν
1182 1027 1368 1091 αὐτοῖς
1401 1027 1466 1081 τὸ
1497 1032 1710 1101 Πνεῦμα
1739 1028 1802 1082 τὸ
1851 1029 2000 1102 ἄρον

340 1115 430 1171 καὶ
462 1113 695 1170 ἐλᾶἱλουν
733 1111 1040 1188 γλώτταις,
1097 1114 1188 1170 καί
1246 1115 1582 1191 ἐμεγάλυνον
1615 1118 1705 1172 τὸν
1740 1117 1892 1185 Θεὸν,
1927 1118 2001 1180 ὡς

344 1204 396 1260 ἐν
457 1207 524 1278 τῇ
589 1198 772 1278 βίϐλῳ
824 1207 934 1258 τῶν
1014 1203 1266 1278 Πράξεων
1327 1205 1674 1280 γέγραπται,
1733 1207 1880 1275 Μήτι
1937 1205 1998 1260 τὸ

342 1291 489 1366 ὕδωρ
551 1290 796 1347 κωλῦσαι
869 1289 1091 1347 δύναταί
1144 1313 1282 1361 τις,
1338 1299 1435 1347 τοῦ
1497 1295 1572 1367 μή
1641 1289 1998 1369 βαϐτισθῆναι

339 1382 561 1445 τούτοις
597 1426 610 1448 ,
673 1382 728 1436 οἳ
781 1382 843 1436 τὸ
909 1387 1126 1455 Πνεῦμα
1179 1385 1243 1439 τὸ
1310 1385 1462 1459 ἅγιον
1519 1381 1716 1439 ἔλαϐον
1774 1385 1848 1446 ὡς
1907 1384 1999 1438 λαὶ

343 1475 510 1544 ἡμεῖς
545 1491 557 1541 ;
594 1475 751 1526 τοῦτο
806 1472 1106 1548 μονονουχὶ
1163 1473 1253 1528 καὶ
1312 1474 1340 1527 6
1397 1473 1662 1546 Τιμόθεος
1721 1471 1994 1543 εἷπεν,ὅτι

352 1561 502 1636 παρά
527 1564 661 1616 Θεοῦ
692 1557 918 1630 κληθεὶς
950 1560 1038 1615 καὶ
1070 1559 1218 1633 ἄξιος
1261 1562 1535 1635 νομισθεὶς
1592 1567 1699 1618 τῶν
1729 1563 1997 1640 ἀγιασμά-

348 1671 484 1722 των,
516 1655 854 1724 φωτισθῆναι
888 1648 1120 1726 ὀφείλει.

423 1947 450 1973 ι(
485 1923 604 1979 Ἐὰν
639 1918 1094 1996 δαιμονιζόμενος
1123 1921 1541 1998 κατηχούμενος
1571 1921 1631 1996 ᾗ,
1660 1924 1751 1977 καὶ
1783 1922 1990 1999 θελήσῃ

348 2011 527 2077 αὐτὸς,
560 2010 595 2081 ἢ
629 2012 681 2066 οἱ
710 2009 841 2067 ἴδιοι
901 2011 1086 2082 αὐτοῦ,
1141 2013 1234 2066 ἳνα
1292 2006 1433 2084 λάϐῃ
1483 2011 1546 2066 τὸ
1605 2013 1762 2086 ἅγιον
1801 2011 1994 2085 βάπτι-

349 2120 480 2173 σμα·
522 2099 730 2178 ὀφείλει
789 2096 974 2156 λαϐεῖν
1008 2100 1044 2171 ἢ
1072 2099 1154 2170 οὖ,
1186 2101 1276 2155 καὶ
1307 2100 1546 2174 μάλιστα
1597 2100 1686 2156 ἐὰν
1743 2102 1868 2176 περί
1896 2102 1988 2156 τὸν

345 2187 569 2241 θάνατόν
599 2184 740 2242 ἐστιν
777 2207 790 2257 ;
825 2211 854 2240 »

989 2275 1309 2353 Ἀπόκρισις
1336 2320 1349 2333 .

423 2386 444 2415 ι
479 2366 605 2422 Ἑαν
667 2365 696 2420 6
749 2362 1206 2439 δαιμονιζόμενος
1265 2367 1340 2439 μὴ
1398 2366 1705 2440 καθαρισθῇ
1758 2365 1864 2420 ἀπὸ
1895 2369 1992 2420 τοῦ

344 2453 646 2526 ἀκαθάρτου
703 2455 1030 2526 πνεύματος,
1090 2455 1152 2509 οὗ
1196 2453 1414 2509 δυναται
1470 2449 1656 2509 λαϐεῖν
1711 2455 1775 2510 τὸ
1833 2455 1989 2529 ἅγιον

352 2543 653 2620 βάπτισμα·
686 2542 810 2618 περὶ
842 2540 900 2598 δὲ
922 2545 1021 2613 τήν
1054 2541 1237 2614 ἔξοδον
1270 2543 1604 2618 βαπτίζεται.
1639 2567 1666 2595 ››

417 2633 630 2690 ΒΑΛΣ.
663 2633 725 2688 Ὀ
774 2629 1218 2705 δαιλονιζόμενος
1278 2632 1410 2688 εἶναι
1463 2629 1612 2688 δοκεῖ
1669 2632 1990 2709 οἷκητηριον

348 2717 630 2794 δαίμονος,
666 2721 914 2793 Κρίνεται
944 2721 1141 2791 τοίνυν,
1175 2721 1249 2784 ὡς
1281 2724 1327 2777 εί
1360 2723 1436 2794 μή
1490 2720 1634 2791 ἄξιον
1680 2723 1848 2777 αὐτοῦ
1893 2724 1984 2777 τὸν

347 2807 627 2883 ἄνθρωπον
661 2810 780 2886 εὗρε
808 2810 871 2865 τὸ
901 2810 1204 2885 ἀκάθαρτον
1266 2814 1484 2884 πνεῦμα
1538 2812 1986 2884 κατοικητήριον,

345 2898 444 2954 οὐκ
473 2896 546 2952 ἃπ
574 2896 783 2969 ᾤκησεν
816 2897 868 2954 ἐν
893 2898 1060 2970 αὐτῷ.
1096 2899 1158 2956 Ὀ
1189 2896 1246 2954 δὲ
1295 2898 1716 2974 βαπτιζόμενος,
1751 2896 1840 2954 διὰ
1893 2904 1988 2954 τοῦ

346 2987 745 3064 βαπτίσματος,
774 2987 874 3056 τὴν
906 2988 1068 3063 χάριν
1127 2992 1224 3042 τοῦ
1281 2987 1436 3064 ἁγίου
1496 2987 1804 3061 Πνεύματος
1832 2986 1986 3064 δὲχε-

340 3096 427 3131 ται
479 3075 793 3131 ἐνοικοῦσαν
852 3075 1021 3149 αὐτῷ·
1082 3078 1207 3139 ΙῙῶς
1266 3075 1356 3132 οὖν
1420 3076 1472 3132 ἐν
1525 3077 1706 3143 ταύτῷ
1765 3075 1983 3132 δυνατόν

341 3164 452 3221 ἐστι
481 3165 572 3220 τὸν
605 3165 762 3221 αὐτὸν
825 3163 920 3220 δύο
977 3165 1230 3220 ἐναντίων
1289 3163 1532 3221 δεκνικὸν
1570 3164 1810 3241 γενέσθαι
1845 3187 1860 3235 ;
1894 3165 1984 3221 διὰ

339 3259 501 3309 τοῦτο
532 3256 626 3309 τὸν
656 3254 1073 3330 κατι,χο·5μενον
1104 3255 1195 3308 καὶ
1232 3255 1307 3328 μὴ
1340 3253 1725 3330 ἀπαλλαγέντα
1765 3260 1860 3310 τοῦ
1895 3255 1979 3311 ἐν·
2010 3233 2054 3301 c

343 3341 647 3420 οχλοῦντος
693 3343 853 3398 αὐτὸν
905 3341 1184 3418 δαίμονος,
1228 3345 1326 3398 οὐκ
1372 3339 1574 3420 ἔκρινεν
1615 3346 1642 3399 6
1677 3347 1860 3416 Πατὴρ
1891 3350 1987 3400 τοῦ

343 3432 491 3497 θείου
525 3432 899 3507 βαπτίσματος
950 3430 1119 3504 ἄξιον.
1175 3432 1240 3489 Et
1299 3430 1356 3486 δὲ
1409 3434 1494 3488 καὶ
1554 3432 1798 3506 τελευτᾷ,
1832 3435 1987 3510 φησὶ,

346 3523 792 3599 βαπτισθήσεται,
822 3521 910 3576 ἳνα
943 3523 1019 3594 μή
1053 3522 1330 3598 ἀμέτοχος
1356 3530 1456 3592 τῆς
1485 3522 1712 3599 χάριτος
1755 3529 1856 3578 τοῦ
1891 3526 1985 3600 βα-

271 3671 273 3673 ,
343 3613 666 3684 πτίσματος,
697 3615 794 3666 τοῦ
827 3612 950 3686 βίου
1008 3609 1261 3682 ἐξελθὼν,
1323 3613 1558 3686 στερηθῇ
1611 3612 1863 3668 τοιούτου
1895 3613 1988 3690 ἐφ-

344 3699 518 3774 οδίου,
550 3700 642 3756 καὶ
673 3701 988 3775 ἀσημαντος
1023 3697 1257 3775 ἂπέλθῃ.

1003 3791 1325 3866 Ἐρώτησις.

415 3904 442 3932 ‹‹
477 3880 600 3936 Ἐὰν
631 3879 819 3935 πιστός
850 3900 934 3943 τις
977 3876 1050 3933 ὢν
1084 3877 1474 3951 δαιμονίζεται,
1506 3878 1715 3958 ὀφείλει
1751 3880 1989 3952 μεταλα-

343 3964 457 4025 ϐεῖν
488 3973 595 4024 τῶν
627 3969 794 4045 ἁγίων
826 3968 1142 4044 μυστηρίων
1169 3967 1204 4036 ἢ
1240 3964 1302 4022 οὗ
1337 3987 1351 4037 ;
1390 3991 1417 4019 ››

998 4145 1335 4219 Ἀπόκρισις.

420 4237 592 4294 «Ἐὰν
626 4237 701 4310 μὴ
764 4233 1056 4311 ἐξαγορεύῃ
1110 4234 1172 4289 τὸ
1225 4234 1545 4309 μυστήριον⁹
1605 4255 1744 4307 μητε
1800 4232 1986 4300 ἄλλως

345 4347 462 4390 πως
523 4325 852 4405 βλασφημῇ,
921 4317 1384 4398 μεταλαμϐανέτω
1418 4342 1430 4354 ·
1496 4324 1571 4396 μή
1629 4322 1817 4396 μέντοι
1871 4327 1989 4380 καθ’

348 4415 598 4487 ἐκάστην.
641 4418 831 4490 Ἀρκεῖ
856 4414 956 4489 γὰρ
988 4413 1134 4484 αὖτῷ
1153 4415 1290 4467 κατὰ
1319 4411 1540 4486 καιροὺς
1576 4413 1762 4484 μόνον.
1801 4440 1823 4468 ι

413 4507 618 4563 ΒΑΛΣ.
671 4505 732 4562 Ὁ
784 4500 988 4565 Ἰούδας
1045 4501 1388 4577 ἐξαγορεῦσαι
1441 4499 1653 4578 λέγεται
1685 4502 1747 4556 τὸ
1781 4505 1990 4574 μυστή-

2024 1860 2074 1925 Β

2105 592 2337 642 ctorum
2360 588 2652 643 donorum
2676 591 3159 646 communionem
3185 595 3526 661 accessit,et
3545 613 3755 668 oppor-

2103 679 2354 733 tunitate
2375 697 2518 735 usus
2566 685 2656 734 est
2699 680 2771 735 ab
2811 681 3011 751 aliquo
3063 699 3182 737 non
3205 684 3747 754 prohibitus;forte

2101 766 2516 838 ignorantibus
2563 769 2663 838 qui
2691 768 2942 824 aderant
2977 771 3276 836 ﬁdelibus,
3312 779 3370 826 et
3414 775 3539 844 ipso
3573 775 3751 830 etiam

2103 857 2204 926 qui
2236 856 2717 912 communionem
2737 859 3045 930 impertiit,
3073 877 3207 915 cum
3233 877 3361 916 esse
3385 864 3757 919 catechume-

2103 961 2245 998 num
2273 945 2540 1001 :videtur
2563 961 2595 1000 a
2628 946 2743 1000 Deo
2777 963 2907 1002 esse
2928 954 3166 1003 vocatus
3220 951 3291 1002 Et
3314 953 3476 1020 quod
3509 957 3747 1007 sanctus

2103 1034 2407 1105 apostolus
2431 1036 2638 1090 Petrus
2669 1035 2816 1089 dixit
2846 1036 2916 1092 de
2947 1037 3246 1105 Cornelio,
3282 1044 3336 1092 et
3368 1039 3440 1093 iis
3472 1041 3571 1110 qui
3595 1042 3752 1096 circa

2103 1139 2240 1178 eum
2273 1129 2443 1177 erant
2466 1141 2478 1177 :
2505 1141 2620 1194 quo
2644 1130 2911 1195 tempore
2943 1142 3076 1180 cum
3112 1133 3311 1181 essent
3338 1130 3749 1185 catechumeni

2102 1214 2354 1284 Spiritus
2382 1219 2623 1269 sanctus
2649 1215 2710 1268 in
2746 1231 2844 1269 eos
2873 1216 3116 1282 cecidit,
3141 1222 3200 1270 et
3221 1217 3620 1288 loquebantur
3646 1219 3756 1275 lin«

2102 1302 2254 1374 guis,
2298 1307 2356 1357 et
2384 1304 2570 1357 Deum
2610 1303 3026 1375 gloriﬁcabant
3042 1303 3084 1371 δ,
3111 1311 3172 1359 ut
3204 1307 3264 1360 in
3292 1309 3569 1362 Actorum
3599 1309 3750 1363 libro

2104 1391 2389 1462 scriptum
2415 1397 2542 1446 est:
2569 1414 2596 1440 «
2623 1393 2920 1462 Numquid
2952 1409 3165 1464 aquam
3189 1395 3565 1464 prohibuerit
3585 1398 3751 1468 quis-

2102 1502 2130 1529 ‹‹
2152 1480 2332 1550 piam,
2359 1480 2678 1550 quominus
2699 1481 2737 1534 ii
2762 1481 3150 1552 baptizentur,
3170 1483 3270 1552 qui
3295 1490 3562 1539 sanctum
3578 1485 3754 1557 Spiri-

2103 1590 2130 1618 ‹‹
2156 1575 2282 1623 tum
2319 1569 2474 1624 sicut
2512 1586 2620 1624 nos
2659 1571 3121 1642 acceperunt?»
3156 1572 3268 1627 hoc
3327 1575 3754 1645 propemodum

2105 1657 2282 1713 etiam
2315 1658 2462 1712 dixit
2489 1658 2851 1725 Timotheus,
2877 1659 3028 1730 quod
3064 1677 3099 1714 a
3131 1661 3249 1715 Deo
3280 1668 3540 1729 vocatus,
3571 1669 3629 1718 et
3659 1681 3752 1720 sa-

2103 1747 2424 1803 cramentis
2447 1746 2658 1819 dignus
2680 1748 3073 1816 existimatus,
3096 1748 3273 1804 debet
3303 1751 3657 1806 illuminari.

2742 1831 3135 1899 Interrogatio.

2179 1940 2207 1967 «
2241 1917 2294 1970 Si
2329 1917 2793 1972 catechumenus
2816 1934 2849 1973 a
2880 1917 3150 1974 daamone
3173 1920 3546 1991 corripiatur,
3581 1927 3637 1977 et
3657 1940 3753 1979 vo-

2102 2005 2286 2061 luerit
2311 2007 2438 2077 ipse
2457 2006 2545 2060 vel
2569 2006 2681 2070 sui,
2708 2013 2771 2062 ut
2796 2013 3063 2063 sanctum
3090 2009 3451 2080 baptismum
3470 2011 3743 2082 accipiat,

2103 2095 2355 2151 debetne
2386 2098 2655 2168 accipere
2677 2113 2751 2152 an
2779 2114 2920 2164 non,
2953 2103 3012 2152 et
3039 2099 3295 2153 maxime
3325 2099 3371 2154 si
3401 2101 3577 2155 morti
3609 2117 3744 2172 pro-

2099 2185 2361 2257 pinquus
2391 2186 2616 2241 fuerit?
2649 2208 2678 2235 »

2767 2277 3083 2347 Responsio.

2174 2386 2199 2413 «
2235 2364 2291 2418 Si
2324 2364 2392 2431 is,
2418 2365 2518 2434 qui
2551 2381 2587 2420 a
2615 2363 2882 2419 daemone
2934 2365 3272 2436 corripitur,
3307 2382 3428 2420 non
3463 2365 3643 2420 fuerit
3672 2366 3743 2421 ab

2099 2453 2409 2508 immundo
2427 2454 2639 2525 spiritu
2655 2454 2988 2515 mundatus,
3010 2471 3130 2508 non
3144 2459 3622 2526 potestsanctum
3649 2455 3746 2511 ba-

2098 2544 2382 2616 ptismum
2405 2544 2672 2614 accipere
2699 2561 2711 2609 ;
2737 2543 2840 2598 sed
2867 2543 2929 2597 in
2953 2544 3112 2597 exitu
3144 2561 3177 2598 a
3204 2544 3324 2598 vita
3356 2543 3735 2615 baptizatur...

2171 2634 2330 2688 BALS.
2357 2633 2520 2697 Quia
2542 2632 2811 2686 daemone
2837 2632 3174 2703 corripitur,
3198 2632 3601 2687 habitaculum
3629 2633 3744 2688 dm-

2097 2722 2290 2777 monis
2323 2738 2451 2776 esse
2481 2721 2728 2776 videtur.
2754 2721 3058 2776 Judicatur
3079 2721 3260 2789 enim,
3285 2721 3441 2792 quod
3473 2722 3586 2776 nisi
3623 2722 3739 2775 im-

2097 2811 2354 2866 mundus
2377 2811 2620 2882 spiritus
2643 2810 2969 2864 invenisset
2993 2809 3296 2864 hominem
3323 2811 3434 2881 ipsi
3460 2810 3741 2864 idoneum

2097 2900 2524 2966 habitaculum,
2557 2900 2616 2953 in
2645 2916 2712 2954 eo
2745 2916 2863 2953 non
2897 2898 3241 2953 habitasset.
3273 2899 3380 2962 Qui
3409 2904 3610 2953 autem
3642 2899 3740 2954 ba-

2096 2990 2365 3061 ptizatur,
2390 3006 2496 3060 per
2523 2987 2884 3059 baptismum
2913 2986 3099 3042 sancti
3126 2986 3377 3057 Spiritus
3409 2988 3656 3058 gratiam
3683 2989 3744 3042 in

2097 3094 2158 3133 se
2181 3077 2619 3134 cohabitantem
2642 3076 2906 3146 suscipit.
2933 3075 3237 3140 Quomodo
3262 3091 3398 3148 ergo
3425 3077 3552 3131 ﬁeri
3576 3083 3744 3148 pote-

2096 3167 2194 3232 rit,
2226 3173 2291 3220 ut
2320 3166 2476 3220 idem
2501 3165 2678 3221 simul
2701 3165 2816 3220 duo
2847 3165 2908 3219 in
2942 3181 3002 3219 se
3034 3165 3330 3219 contraria
3361 3166 3654 3237 suscipit?
3684 3171 3742 3221 et

2094 3255 2226 3312 ideo
2248 3257 2740 3312 catechumenum
2766 3260 2822 3310 et
2843 3272 2876 3309 a
2896 3261 3143 3310 vexante
3167 3272 3300 3310 eum
3325 3255 3593 3311 daemone
3616 3274 3738 3312 non

2094 3345 2716 3418 liberatumjudicavit
2743 3345 2928 3411 Pater,
2964 3361 3082 3399 non
3104 3361 3232 3399 esse
3254 3344 3498 3412 dignum
3533 3353 3737 3402 sancto

2092 3437 2467 3509 baptismate.
2507 3435 2605 3489 Sin
2637 3440 2836 3490 autem
2870 3435 3174 3501 moriatur,
3201 3433 3394 3504 inquit
3424 3434 3742 3505 baptizabi-

2092 3533 2225 3582 tur:
2259 3542 2332 3580 ne
2364 3525 2550 3598 gratia
2580 3524 2860 3596 baptismi
2890 3540 3118 3596 expers,
3155 3540 3188 3577 a
3216 3525 3332 3579 vita
3372 3525 3738 3592 excedendo,

2093 3617 2204 3673 hoc
2233 3617 2444 3672 viatico
2476 3617 2757 3688 privetur,
2787 3621 2845 3669 et
2872 3632 2994 3670 non
3029 3615 3293 3686 signatus
3323 3615 3580 3672 recedat.

2714 3795 3107 3863 Interrogatio.

2165 3908 2191 3934 ‹‹
2227 3885 2283 3939 Si
2312 3885 2466 3956 quis,
2491 3901 2627 3940 cum
2659 3884 2736 3938 sit
2757 3882 2972 3950 ﬁdelis,
2997 3899 3032 3937 a
3058 3882 3326 3938 daemone
3348 3882 3733 3952 corripiatur:

2094 3973 2346 4029 debetne
2380 3989 2507 4028 esse
2549 3978 2889 4028 sanctorum
2949 3971 3366 4043 mysteriorum
3419 3970 3741 4042 particeps,

2093 4079 2168 4120 an
2200 4062 2425 4118 non?»

2748 4149 3043 4220 Responsio
3059 4191 3071 4204 .

2173 4260 2194 4288 ι
2229 4241 2283 4295 Si
2309 4240 2659 4313 mysterium
2681 4255 2802 4294 non
2827 4239 3116 4306 enuntiet,
3143 4254 3254 4294 nec
3274 4236 3398 4294 ullo
3421 4237 3538 4293 alio
3562 4236 3739 4292 modo

2093 4330 2488 4402 blasphemet,
2515 4331 2590 4384 sit
2606 4329 2900 4400 particeps
2926 4347 2937 4382 :
2964 4329 3068 4383 sed
3089 4345 3211 4383 non
3233 4328 3484 4400 singulis
3507 4326 3737 4383 diebus.

2094 4419 2323 4475 Sufﬁcit
2353 4419 2533 4484 enim,
2568 4419 2615 4472 si
2649 4417 2815 4473 statis
2843 4417 3037 4472 solum
3071 4416 3457 4487 temporibus.
3497 4439 3522 4465 η

2165 4509 2329 4562 BALS.
2352 4507 2530 4562 Judas
2553 4506 2769 4562 dicitur
2790 4506 3134 4577 mysterium
3158 4506 3522 4572 enuntiasse,
3547 4509 3613 4558 ut
3632 4515 3730 4575 qui

344 4615 482 4670 ριον,
525 4595 600 4656 ὡς
633 4594 667 4648 ἃ
721 4589 987 4667 ἐδιδάχθη
1048 4590 1194 4664 παρὰ
1250 4589 1454 4665 Κυρίου
1502 4589 1812 4663 ἐκκαλύψας
1864 4597 1982 4654 τοῖς

2108 4612 2224 4668 [um
2241 4613 2275 4650 a
2305 4596 2554 4650 Domino
2573 4595 2780 4649 doctus
2794 4593 3124 4661 est,Judaais
3150 4593 3497 4648 revelaverit
3516 4609 3622 4647 ceu
3659 4593 3744 4646 eis

343 4683 651 4751 Ἰουδαίοις,
685 4685 774 4737 οἷα
807 4679 1103 4736 διαπιστῶν
1137 4679 1344 4745 αὐτοῖς,
1376 4677 1467 4733 καὶ
1505 4676 1644 4751 μηδὲ
1692 4684 1771 4751 τῷ
1819 4684 1988 4735 ταῦτα

343 4770 652 4828 διδάσκοντι
699 4771 774 4832 ὡς
819 4771 936 4840 Θεῷ
967 4767 1280 4844 προσέχων,
1331 4765 1460 4823 ἀλλ’
1492 4767 1566 4830 ὡς
1595 4767 1866 4842 ἀνθρώπῳ
1898 4771 1991 4842 ψι-

342 4861 446 4930 λῷ,
475 4862 537 4919 Ὁ
562 4859 619 4914 δὲ
649 4856 1118 4931 δαιμονιζόμενος,
1152 4857 1195 4912 εἷ
1224 4857 1318 4930 μὲν
1352 4854 1543 4911 διόλου
1568 4856 1832 4929 μαίνεται,
1867 4854 1991 4914 οὔτε

341 4953 448 5004 τῶν
485 4946 830 5023 ἁγιασμάτων
888 4947 1266 5016 ἀξιωθήσεται,
1317 4943 1441 4999 οὕτε
1467 4946 1530 5000 τὸ
1565 4948 1864 5020 μυστήριον
1905 4945 1988 5017 ἐξ·

343 5035 616 5112 αγοπεόων
675 5035 764 5089 καὶ
829 5033 1173 5110 βλασφημῶν
1233 5035 1718 5107 κατακριθήσεται,
1777 5035 1852 5099 ὡς
1912 5037 1987 5108 μή

344 5123 500 5186 εἶδὼς
531 5127 560 5181 ’ὀ
592 5129 754 5180 ποιεῖ.
790 5123 851 5178 El
885 5121 942 5178 δὲ
973 5119 1346 5193 διαλείμματα
1379 5118 1519 5194 ἔχει,
1551 5123 1640 5176 καὶ
1678 5121 1730 5176 ἐν
1763 5127 1841 5194 τῷ
1869 5144 1989 5177 και-

345 5221 443 5292 ρῷ,
477 5217 524 5289 ᾧ
555 5217 836 5289 συιςπρονεῖ,
892 5209 1132 5284 διασύρει
1179 5209 1241 5263 τὸ
1277 5210 1577 5282 μυστήριον
1610 5213 1699 5264 καί
1736 5211 1989 5286 βλασφη-

345 5313 454 5381 μεῖ·
492 5306 555 5360 οὐ
593 5303 756 5376 μόνον
791 5305 898 5356 τῶν
931 5296 1278 5374 ἁγιασμάτων
1329 5296 1392 5351 οὐ
1445 5299 1670 5371 μεθέξει,
1703 5297 1830 5353 ἀλλ’
1863 5297 1988 5354 οὐδὲ

339 5401 554 5457 πιστοῖς
610 5391 908 5462 συνεύξεται
965 5391 1001 5458 ἢ
1058 5385 1534 5460 συναριθμήσεται.
1593 5388 1752 5441 Ὥστε
1783 5388 1810 5442 6
1841 5392 1985 5452 θεῖος

343 5485 501 5550 οὗτος
530 5483 718 5558 Πατὴρ
776 5478 900 5556 περὶ
961 5475 1419 5550 δαιμονιζομένου
1467 5473 1557 5530 καὶ
1615 5472 1987 5552 διαλείμματα

411 5666 436 5703 ⁸
465 5668 589 5727 Act.
621 5679 680 5736 ι,
710 5663 782 5724 ιι
803 5676 969 5734 seqq.

2101 4701 2221 4740 non
2237 4684 2508 4752 credens,
2533 4690 2590 4738 et
2619 4700 2739 4738 non
2762 4683 2999 4739 docenti
3021 4682 3125 4737 illa
3147 4688 3425 4753 tanquam
3448 4683 3565 4736 Deo
3583 4697 3746 4736 men-

2099 4778 2220 4828 tem
2234 4771 2654 4837 adhibens,sed
2673 4777 2738 4826 ut
2756 4771 2914 4826 nudo
2937 4771 3186 4827 homini.
3209 4771 3316 4836 Qui
3341 4775 3536 4824 autem
3569 4787 3604 4824 a
3623 4769 3745 4825 dae-

2099 4879 2275 4918 mone
2313 4862 2650 4933 corripitur,
2694 4861 2741 4915 si
2797 4866 3080 4931 perpetuo
3112 4859 3355 4930 quidem
3387 4858 3590 4926 fuerit,
3635 4874 3744 4913 nec

2101 4955 2488 5009 sacramentis
2502 4949 3180 5024 dignushabebiturmec
3200 4949 3547 5020 mysterium
3565 4965 3748 5003 enun-

2101 5043 2341 5109 tians,et
2353 5041 2774 5110 blasphemans
2788 5038 3303 5105 condemnabitur,
3323 5043 3388 5091 ut
3400 5038 3498 5108 qui
3519 5038 3747 5092 nesciat

2099 5130 2244 5202 quid
2265 5135 2415 5201 agat.
2433 5129 2532 5183 Sin
2557 5134 2756 5183 autem
2779 5127 2956 5182 habet
2976 5126 3371 5192 intervalla,et
3392 5127 3451 5181 in
3472 5133 3743 5198 tempore

2099 5236 2214 5291 quo
2230 5225 2318 5273 est
2339 5235 2499 5272 sanas
2516 5218 2752 5280 mentis,
2770 5217 2827 5271 in
2845 5217 3192 5288 mysterium
3207 5216 3504 5271 invehitur
3525 5216 3746 5272 etblas—

2098 5309 2339 5381 phemat
2363 5324 2374 5361 :
2400 5323 2518 5361 non
2542 5306 2734 5361 solum
2759 5323 2878 5360 non
2905 5306 3533 5361 eritsacramentorum
3559 5307 3708 5376 parti
3730 5337 3743 5346 -

2097 5417 2256 5471 ceps,
2284 5399 2385 5454 sed
2428 5415 2536 5454 nec
2558 5415 2690 5453 cum
2744 5397 3022 5453 ﬁdelibus
3073 5398 3250 5452 simul
3285 5398 3625 5469 precabitur
3656 5396 3744 5451 vel

2094 5489 2645 5546 connumerabitur.
2669 5489 2856 5553 Quare
2880 5487 3112 5543 divinus
3133 5488 3228 5543 hic
3242 5489 3415 5545 Pater
3438 5488 3510 5543 de
3524 5487 3741 5542 damo-
