4134 6268
299 465 456 527 1299

1526 457 1920 520 ΤΙΜΟἹἫΕΙ
1963 457 2192 519 ALEX.
2240 460 2484 522 EPISC.

3557 460 3716 521 1300

303 597 499 661 niaco,
530 594 630 665 qui
662 591 843 649 habet
871 591 1207 656 intervalla,
1238 590 1379 646 dicit
1409 608 1426 645 :
1459 591 1516 647 Si
1548 608 1684 665 ergo
1713 590 1950 663 quando

2106 611 2291 663 κοντος
2320 592 2484 668 λέγει.
2520 595 2640 648 Ἐὰν
2690 590 2803 660 οὖν,
2837 591 2926 648 ὅτι
2973 592 3072 648 οὐκ
3126 592 3417 668 ἐνεργεῖται
3479 593 3582 647 ὑπὸ
3613 596 3714 647 τοῦ

305 703 340 741 a
370 684 640 740 daemone
672 699 794 738 non
825 681 1079 754 agitatur
1108 679 1260 735 nihil
1289 685 1495 736 contra
1518 681 1696 737 fidem
1722 681 1957 748 dixerit,

307 774 422 831 erit
453 776 964 828 sacramentorum
994 770 1312 842 particeps.

937 861 1328 928 Interrogatio.

385 973 408 1003 ι
444 951 501 1006 Si
534 951 668 1023 quis
726 949 1212 1018 catechumenus,
1264 963 1400 1004 cum
1452 951 1610 1003 esset
1663 947 1964 1016 infirmus,

309 1046 523 1098 emota:
546 1039 766 1096 mentis
784 1039 975 1094 factus
1001 1039 1096 1106 sit,
1119 1054 1229 1093 nec
1250 1037 1438 1109 possit
1467 1037 1592 1108 ipse
1627 1036 1806 1092 fidem
1823 1054 1963 1092 con-

308 1130 485 1199 ﬁteri,
521 1129 734 1201 suique
766 1127 1076 1195 suadeant,
1101 1132 1167 1182 ut
1195 1127 1383 1182 donec
1415 1126 1552 1180 vivit
1576 1132 1846 1181 sanctum
1871 1126 1967 1182 ba-

307 1220 594 1294 ptismum
623 1219 895 1290 accipiat,
932 1217 1186 1272 debetne
1213 1216 1505 1287 accipere,
1539 1232 1617 1271 an
1646 1231 1766 1270 non
1786 1218 1815 1270 ?
1845 1237 1874 1264 »

981 1395 1295 1466 Responsio.

386 1509 414 1538 «
448 1486 635 1543 Debet
665 1485 956 1557 accipere,
990 1485 1038 1539 si
1101 1501 1223 1541 non
1283 1483 1356 1539 ab
1392 1483 1702 1540 immundo
1755 1483 1968 1554 spiritu

319 1580 602 1632 tentetur.
637 1596 666 1626 »

393 1665 557 1720 BALS.
581 1661 968 1735 Interrogatio
987 1667 1115 1718 erat
1138 1661 1210 1717 de
1233 1662 1684 1730 catechumeno,
1710 1661 1810 1732 qui
1833 1678 1966 1732 pro-

323 1759 455 1827 pter
484 1751 759 1808 morbum
790 1755 1000 1806 emota:
1023 1751 1242 1806 mentis
1274 1755 1382 1817 est,
1417 1755 1483 1805 ut
1502 1767 1623 1805 non
1654 1755 1856 1821 posset
1883 1751 1970 1805 in-

324 1848 654 1914 terrogatus
687 1857 817 1912 quas
850 1841 910 1895 in
940 1840 1234 1911 baptismo
1267 1839 1706 1910 respondeatur
1723 1855 1969 1910 respon-

2066 677 2352 753 δαίμονος,
2375 680 2526 736 οὐδὲν
2560 683 2696 737 κατὰ
2724 686 2824 747 τῆς
2853 677 3082 744 πίστεως
3117 681 3273 756 λέγῃ,
3328 681 3713 755 μεταλήψεται

2064 774 2172 825 τῶν
2200 771 2567 845 ἀγιασμάτων.

2725 859 3048 934 Ἐρώτησις.

2143 973 2165 1000 ι
2201 946 2322 1005 Ἐάν
2353 969 2436 1010 τις
2494 947 2932 1024 κατηχούμενος,
2985 946 3058 1003 ὢν
3118 949 3365 1018 ἀσθενὴς,
3401 950 3624 1024 γὲνηται
3657 947 3718 1004 ἐκ

2069 1040 2309 1115 φρενὸς,
2369 1038 2456 1093 καὶ
2541 1040 2616 1110 μή
2693 1036 2916 1110 δύνηται
2970 1038 3158 1100 ἑαυτὸς
3217 1038 3562 1112 ὁμολογῆσαι
3614 1060 3716 1106 την

2067 1129 2275 1194 πίστιν,
2327 1129 2414 1183 καὶ
2473 1126 2858 1203 παρακαλῶσιν
2911 1129 2962 1183 οἱ
3009 1126 3141 1182 ἴδιοι
3196 1127 3382 1193 αὐτοῦ,
3444 1128 3531 1182 ἱνα
3564 1123 3711 1202 λάϐῃ

2066 1217 2130 1271 τὸ
2183 1217 2339 1292 ἅγιον
2395 1217 2719 1292 βάπτισμα,
2777 1214 2878 1280 ἕως
2937 1220 3023 1290 ζῆν
3085 1215 3295 1292 ὀφείλει
3376 1213 3609 1289 λαϐεῖν,
3675 1216 3713 1285 ἦ

2072 1302 2178 1376 οὕς

2724 1394 2930 1470 ’Δπόκρ
2942 1415 3066 1457 ισις.

2144 1481 2419 1562 «Ὀφείλει
2475 1478 2686 1556 λαϐεῖν,
2719 1482 2806 1538 ἐὰν
2845 1484 2921 1557 μὴ
2969 1484 3073 1539 ὐπὸ
3129 1486 3435 1558 πνεύματος
3480 1485 3716 1562 ἀκαθάρ-

2070 1595 2166 1629 του
2193 1572 2534 1647 πειράζηται.
2572 1597 2601 1624 ››

2145 1665 2350 1721 ΒΑΛΣ.
2383 1665 2443 1720 ἸΙ
2474 1661 2739 1736 ἐρώτησις
2789 1663 2856 1732 ἦν
2888 1662 3012 1738 περὶ
3059 1664 3480 1738 κατηχουμένου
3535 1662 3628 1718 καὶ
3659 1663 3720 1718 ἐκ

2073 1753 2236 1806 νόσου
2265 1751 2363 1822 ἔξω
2394 1755 2605 1827 φρενῶν
2659 1751 2983 1825 γενομένου,
3041 1750 3179 1806 ὥστε
3233 1751 3309 1824 μὴ
3343 1748 3596 1806 δύνασθαι
3628 1751 3720 1806 αύ-

2073 1842 2162 1895 τὸν
2199 1840 2550 1916 ἐρωτώμενον
2608 1838 2702 1901 τὰς
2762 1839 2814 1894 ἐν
2870 1844 2951 1912 τῷ
3011 1840 3345 1914 βαπτίσματι
3406 1841 3718 1914 ἀκοκρίσεις

325 1931 487 1996 dere,
511 1947 587 1986 an
608 1946 744 1986 cum
764 1929 1058 2001 baptizare
1081 1934 1350 2000 oporteat
1373 1928 1400 1983 ?
1420 1929 1748 2000 Responsio
1769 1935 1968 1984 autem

2106 1928 2481 2004 ,noxptveoﬁai,
2511 1928 2556 1984 εί
2589 1925 2666 1983 δει
2722 1932 2912 1984 τοῦτον
2970 1929 3315 2005 βαπτίζεσθαι
3352 1949 3365 1998 ;
3398 1932 3461 1989 Ἡ
3493 1928 3551 1985 δὲ
3580 1931 3716 1986 ἁπό-

326 2026 436 2088 est,
468 2018 628 2090 quod
658 2023 892 2090 oportet
920 2034 1056 2073 eum
1088 2016 1190 2088 qui
1222 2018 1305 2072 ita
1338 2033 1398 2071 se
1449 2017 1630 2072 habet
1665 2016 1966 2088 baptizari,

324 2114 383 2163 et
412 2108 665 2173 merito;
719 2107 877 2178 quia,
942 2105 1102 2177 quod
1152 2111 1242 2161 est
1286 2106 1751 2161 catechumenus
1801 2106 1968 2162 vide-

327 2203 422 2253 tur
451 2213 519 2252 eo
551 2213 614 2252 se
666 2212 795 2251 esse
840 2195 1040 2251 animo
1092 2194 1449 2261 ostendisse,
1502 2199 1567 2249 ut
1614 2193 1793 2250 ﬁdem
1842 2211 1971 2249 am-

324 2286 637 2359 plectatur,
671 2289 730 2340 et
758 2284 1025 2355 quamvis
1057 2284 1117 2338 in
1158 2283 1512 2355 baptismate
1560 2299 1680 2338 non
1723 2299 1973 2355 respon-

327 2375 487 2441 deat,
518 2374 684 2446 prius
713 2377 914 2428 tamen
945 2373 1130 2428 animi
1180 2373 1272 2428 sui
1303 2372 1643 2427 institutum
1692 2373 1973 2428 ostendit.

334 2463 433 2520 Sin
459 2468 658 2519 autem
691 2461 762 2517 ab
794 2461 1102 2516 immundo
1143 2463 1355 2534 spiritu
1401 2467 1655 2528 tenetur,
1690 2478 1812 2516 non
1844 2461 1980 2533 bap-

336 2552 631 2620 tizabitur,
665 2551 993 2622 iuquit,sed
1022 2550 1126 2606 fiet
1155 2551 1232 2619 ei,
1266 2551 1420 2606 sicut
1449 2551 1722 2623 superius
1752 2551 1977 2606 dictum

339 2645 447 2697 est.

964 2740 1356 2808 Interrogatio.

411 2850 439 2878 ι(
473 2828 528 2883 Si
560 2843 710 2883 uxor
734 2843 871 2883 cum
903 2843 1009 2882 suo
1039 2827 1252 2882 marito
1282 2831 1460 2881 noctu
1493 2825 1865 2894 cohabitarit,
1896 2825 1983 2881 vel

339 2917 590 2973 maritus
629 2932 766 2972 cum
796 2931 998 2983 uxore,
1031 2920 1092 2970 et
1121 2915 1226 2971 flat
1253 2915 1451 2984 coitio,
1494 2914 1791 2971 debentne
1822 2933 1980 2970 com-

336 3007 666 3074 municare,
695 3023 771 3061 an
790 3021 911 3060 non
931 3004 960 3060 ?

999 3095 1314 3164 Responsio.

412 3206 441 3234 ‹‹
472 3185 600 3240 Non
631 3183 871 3249 debent,
897 3199 1033 3239 cum
1065 3183 1283 3239 clamet
1311 3183 1616 3256 apostolus
1641 3201 1653 3239 :
1685 3206 1712 3234 ‹‹
1734 3185 1813 3240 Ne
1835 3183 1988 3240 frau-

341 3295 369 3323 α
398 3271 532 3328 date
561 3290 660 3328 vos
683 3273 954 3341 invicem,
980 3272 1100 3327 nisi
1125 3289 1193 3327 ex
1220 3289 1514 3329 consensu
1539 3273 1612 3328 ad
1644 3278 1899 3344 tempus,
1921 3277 1987 3326 ut

346 3385 367 3412 ι
394 3363 615 3418 vacetis
645 3363 896 3418 orationi
923 3380 936 3430 ;
961 3369 1021 3418 et
1048 3379 1254 3417 rursus
1280 3353 1372 3417 ad
1410 3363 1568 3418 idem
1600 3363 1983 3430 conveniatis,

345 3471 371 3504 ι
405 3468 481 3506 ne
511 3456 701 3505 tentet
754 3469 854 3506 vos
901 3453 1145 3507 Satanas
1197 3457 1437 3523 propter
1493 3451 1986 3505 incontinentiam

352 3563 380 3589 «
411 3545 668 3596 vestram
697 3541 737 3593 ⁷.
772 3561 800 3588 ››

417 3719 577 3774 ΒΛιιε.
613 3719 693 3773 De
726 3717 799 3772 iis
830 3717 930 3788 qui
963 3717 1223 3789 legitime
1255 3718 1596 3773 cohabitant
1616 3723 1706 3772 est
1735 3717 1987 3771 interro-

341 3800 520 3873 gatio,
543 3816 620 3855 an
651 3799 870 3855 debent
898 3805 1072 3855 nocte
1099 3799 1203 3854 illa
1224 3799 1402 3854 simul
1425 3799 1724 3870 congressi
1744 3815 1872 3854 esse
1896 3817 1986 3853 sa-

344 3892 858 3946 cramentororum
905 3887 1247 3960 participes.
1314 3887 1642 3960 Re5ponsio
1691 3903 1826 3943 vero
1877 3894 1988 3954 est,

344 3978 500 4050 quod
527 3995 646 4034 non
681 3977 898 4033 debent
925 3995 937 4032 :
973 3984 1031 4032 et
1071 3978 1144 4032 ad
1175 3977 1317 4032 dicti
1349 3977 1440 4032 sui
1471 3977 1986 4033 confirmationem

345 4066 544 4138 magni
578 4067 745 4123 Pauli
779 4067 969 4121 verbis
993 4082 1135 4120 usus
1169 4071 1275 4120 est.

965 4157 1360 4225 Interrogatio.

423 4270 444 4299 ι
479 4248 536 4303 Si
567 4247 786 4303 mulier
814 4247 1241 4301 catechumena
1270 4245 1502 4301 dederit
1545 4263 1764 4302 nomen
1791 4264 1984 4315 suum,

345 4343 412 4394 ut
429 4337 844 4409 baptizaretur,
862 4340 921 4390 et
940 4334 1034 4389 die
1055 4334 1430 4406 baptismatis
1453 4335 1539 4390 illi
1566 4337 1641 4390 sit
1661 4337 1988 4392 secundum

344 4426 838 4484 consuetudinem
881 4424 1224 4490 mulierum,
1277 4424 1528 4480 debetne
1559 4442 1627 4480 eo
1659 4425 1754 4481 die
1793 4426 1986 4498 bapti-

345 4517 482 4582 zari,
517 4532 592 4571 an
623 4515 882 4583 differre,
913 4518 972 4568 et
1001 4519 1290 4584 quantum
1322 4513 1559 4569 ditl‘erre
1584 4514 1611 4569 ?
1643 4536 1669 4564 ››

1017 4695 1333 4764 Responsio.

424 4807 446 4836 ι
481 4784 666 4840 Debet
694 4781 933 4838 differre
975 4781 1164 4838 donec
1193 4788 1441 4854 purgata
1470 4783 1666 4838 fuerit.
1696 4805 1723 4832 ››

971 4872 1363 4940 Interrogatio.

418 4986 444 5011 ‹‹
461 4963 517 5017 Si
541 4959 756 5016 mulier
767 4965 1051 5015 consueta
1074 4959 1182 5014 sibi
1208 4959 1524 5015 muliebria
1539 4960 1824 5016 accidisse
1838 4962 1993 5017 vide-

345 5051 442 5118 rit,
467 5049 646 5106 debet
663 5064 738 5104 ne
759 5047 833 5103 ad
852 5053 1055 5103 sancta
1072 5048 1354 5120 mysteria
1376 5048 1654 5105 accedere
1680 5065 1755 5105 an
1780 5067 1899 5106 non
1913 5052 1941 5106 7
1961 5076 1981 5104 ι

1005 5225 1299 5296 Responsio
1319 5267 1331 5279 .

418 5339 447 5366 ‹‹
479 5317 606 5370 Non
639 5311 810 5367 debet
842 5327 1030 5382 usque
1062 5313 1202 5369 dum
1233 5319 1535 5387 purgetur.
1572 5337 1598 5364 »

417 5407 581 5461 BALS.
606 5401 711 5465 Qui
736 5400 932 5454 divino
957 5400 1310 5471 baptismate
1332 5403 1491 5476 digni
1517 5410 1687 5459 erant
1710 5406 1988 5476 habendi,

345 5489 825 5549 describenbatur
837 5487 908 5541 ab
924 5487 996 5543 iis
1013 5489 1112 5559 qui
1134 5507 1340 5546 munus
1357 5492 1824 5549 ecclesiasticum
1840 5511 1997 5550 exer.

347 5583 586 5638 cebant.
616 5577 673 5632 Si
697 5592 856 5648 ergo,
878 5575 1093 5646 inquit,
1118 5578 1416 5651 descripta
1439 5583 1674 5651 mulier,
1707 5588 1990 5655 tanquam

415 5758 438 5793 ⁷
476 5760 502 5815 Ι
529 5758 660 5814 Cor.
693 5771 788 5820 vn,
823 5754 874 5807 5.

2075 2039 2276 2097 κρισις,
2307 2017 2390 2072 ὃτι
2447 2016 2529 2072 δεῖ
2561 2015 2904 2092 βαπτίζεσθαι
2963 2018 3122 2072 αὐτὸν
3173 2018 3263 2072 καὶ
3294 2018 3465 2081 οὕτως
3495 2014 3719 2094 ἔχοντα,

2076 2108 2166 2164 καὶ
2201 2108 2444 2169 εἰκότως.
2481 2107 2635 2164 Ἐπεὶ
2667 2107 2768 2182 γὰρ
2827 2107 3249 2182 κατηχούμενος
3277 2108 3341 2176 ἦ,
3390 2105 3556 2179 ἔδειξε
3585 2129 3722 2183 προ-

2081 2197 2305 2274 αίρεσιν,
2339 2195 2421 2252 ὅτι
2452 2195 2742 2264 ἀσπάζεται
2772 2198 2870 2265 τήν
2917 2195 3119 2266 πίστιν,
3173 2197 3262 2252 καὶ
3312 2195 3406 2253 κᾶν
3443 2199 3519 2271 μὴ
3567 2197 3617 2253 ἐν
3645 2203 3725 2271 τῷ

2086 2286 2418 2364 βαπτίσματι
2477 2285 2858 2362 ἀποκρίνηται,
2915 2282 3110 2363 ἔφθασε
3143 2283 3314 2341 δεῖσαι
3363 2287 3463 2355 τήν
3519 2287 3728 2342 οἰκείαν

2081 2375 2416 2450 προαίρεσιν.
2452 2375 2515 2430 Εἰ
2549 2371 2607 2429 δὲ
2665 2374 2768 2429 ὑπὸ
2829 2376 3134 2448 πνεύματος
3193 2375 3494 2450 ἀκαθάρτου
3537 2376 3728 2450 πειρά-

2086 2471 2248 2536 ζεται,
2282 2463 2344 2519 οὐ
2381 2465 2807 2541 βαπτισθήσεται
2838 2465 3024 2541 φησὶν,
3058 2462 3203 2519 ἀλλὰ
3239 2467 3516 2539 γενήσεται
3563 2464 3732 2539 αὐτῷ,

2084 2555 2264 2618 καθὼς
2289 2553 2495 2618 ἄνωθεν
2531 2552 2766 2630 εἷ’ρηται.

2753 2735 2806 2788 Ἐ
2814 2734 3070 2808 ρώτησις,

2162 2846 2191 2873 ‹‹
2236 2819 2358 2876 Ἐὰν
2418 2821 2556 2895 γυνή
2603 2819 2915 2896 συγγένηται
2976 2823 3108 2895 μετά
3158 2817 3353 2896 ἀνδρὸς
3404 2823 3575 2893 αὐτῆς
3631 2824 3729 2892 τήν

2090 2909 2277 2979 νύκτα,
2325 2911 2359 2980 ἢ
2421 2909 2557 2982 ἀνὴρ
2617 2910 2750 2982 μετὰ
2804 2909 3080 2984 γυναικὸς,
3139 2911 3226 2965 καὶ
3285 2912 3504 2986 γενηται
3567 2911 3728 2985 μίξις·

2094 2997 2373 3073 ὀφείλουσι
2404 2995 2750 3072 μεταλαϐεῖν,
2784 2997 2821 3074 ᾗ
2851 2999 2913 3054 οὕ
2947 3019 2960 3068 ;
2995 3024 3024 3052 ››

2744 3089 3085 3163 Ἀπόκρισις.

2170 3199 2195 3230 α
2245 3177 2359 3235 Ούκ
2407 3174 2709 3254 ὀφείλουσι,
2767 3181 2864 3231 τοῦ
2925 3177 3264 3234 Ἀποστόλου
3325 3180 3579 3255 βοῶντοςο
3639 3180 3734 3248 Μὴ

2096 3266 2441 3338 ἀποστερεῖτε
2499 3265 2782 3336 ἀλλήλους
2819 3309 2832 3336 ,
2913 3265 2957 3321 εί
3020 3269 3096 3339 μή
3181 3289 3230 3322 τι
3285 3268 3343 3322 ἂν
3399 3267 3453 3323 ἐκ
3509 3269 3738 3345 συμφώ-

2098 3375 2192 3408 νου
2277 3354 2412 3425 πρὸς
2500 3354 2687 3428 καιρὸν
2773 3353 2858 3408 ἳνα
2933 3355 3249 3429 σχολάσητε
3305 3360 3370 3430 τῇ
3429 3361 3735 3434 προσευχῆ·

2095 3443 2185 3497 καὶ
2238 3443 2403 3498 πάλίν
2454 3443 2540 3498 ἐπὶ
2599 3445 2662 3498 τὸ
2719 3444 2849 3499 αὐτὸ
2927 3447 3262 3522 συνέρχεσθε,
3344 3447 3434 3500 ἳνα
3489 3448 3566 3518 μὴ
3625 3467 3741 3501 πει-

2099 3535 2233 3607 ράσῃ
2340 3534 2479 3607 ὑμᾶς
2581 3534 2608 3587 ὁ
2713 3540 2948 3596 Σατανᾶς
3075 3532 3162 3589 διὰ

2099 3622 2270 3693 ὑμῶν.
2303 3645 2332 3674 »

3280 3536 3378 3604 τήν
3481 3536 3740 3612 ἀκρασίαν

2169 3713 2382 3768 ΒΔΑΣ.
2421 3711 2546 3782 Περὶ
2596 3716 2705 3766 τῶν
2762 3710 3001 3784 ἐννόμως
3051 3713 3503 3785 συνοικιζομὲνων
3535 3716 3568 3782 ἡ
3603 3713 3741 3787 ἐρώ-

2097 3821 2271 3872 τησις,
2303 3800 2352 3854 εἴ
2380 3802 2658 3873 ὀφείλουσι
2697 3797 3044 3872 μεταλαϐεῖν,
3072 3803 3209 3856 κατὰ
3255 3803 3355 3871 τήν
3405 3802 3570 3857 νύκτα
3603 3802 3744 3858 ἐκεί-

2095 3911 2194 3958 νην
2227 3889 2572 3951 συνελθόντες
2633 3889 2925 3960 ἀλλήλοις.
2957 3897 3021 3948 Ἡ
3081 3888 3138 3945 δὲ
3194 3892 3501 3964 ἀπόκρισις,
3531 3891 3614 3947 ὅτι
3642 3893 3743 3947 οὐκ

2098 3977 2397 4054 ὀφείλουσι.
2435 3982 2534 4034 Καὶ
2595 3979 2671 4041 εἰς
2705 3979 2951 4034 σύστασιν
3009 3979 3106 4035 τοὺ
3161 3979 3364 4035 οἰκείου
3425 3980 3592 4054 λόγου
3621 3988 3740 4044 τοῖς

2099 4068 2337 4144 ῥήμασιν
2371 4071 2644 4145 ἐχρήσατο
2675 4075 2770 4125 τοῦ
2804 4068 3042 4144 μεγάλου
3069 4071 3310 4128 Ηαύλου.

2757 4161 3079 4234 Ἐρώτησις.

2171 4273 2199 4300 ‹‹
2231 4249 2358 4304 Ἐὰν
2391 4249 2527 4322 γυνή
2572 4248 2966 4323 κατηχουμένη
2999 4246 3200 4304 δέδωκε
3248 4250 3312 4304 τὸ
3342 4248 3518 4323 ὄνομα
3546 4251 3743 4321 αὐτῆς,

2099 4337 2183 4393 ξ’να
2231 4342 2498 4415 φωτισθῇ,
2559 4338 2648 4392 καὶ
2707 4339 2827 4414 περὶ
2886 4341 2984 4408 τὴν
3045 4339 3252 4411 ἡμέραν
3303 4345 3400 4394 τοῦ
3435 4341 3744 4415 βάπτισμα-

2095 4449 2192 4490 τος
2218 4428 2432 4502 γέγονεν
2465 4427 2600 4501 αὐτῇ
2657 4428 2720 4482 τὸ
2775 4429 2890 4482 κατ’
2937 4427 3054 4488 ἔθος
3108 4433 3216 4482 τῶν
3271 4435 3561 4503 γυναικῶν·
3596 4432 3746 4508 ὀφεί-

2099 4516 2182 4572 λει
2216 4521 2551 4594 φωτισθῆναι
2603 4517 2738 4590 αὐτῇ
2796 4522 2861 4591 τῇ
2923 4516 3126 4591 ἡμέρᾳ,
3186 4517 3219 4586 ἢ
3281 4517 3622 4594 ὑπερθέσθαι,
3654 4521 3746 4576 καὶ

2098 4606 2268 4660 πύσον
2302 4605 2646 4680 ὑπερθέσθαι.
2681 4630 2708 4658 π

2757 4695 3095 4767 Ἀπόκρισις.

2172 4808 2200 4834 ‹‹
2224 4784 2570 4856 Ὑπερθέσθαι
2605 4782 2832 4860 ὀφείλει,
2864 4781 2971 4845 ἕως
3003 4784 3065 4838 οὗ
3096 4790 3420 4861 καθαρισθῇ.
3459 4812 3479 4837 ι

2751 4873 3059 4947 Ἐρώτησις
3081 4917 3093 4929 .

2172 4986 2199 5012 ‹‹
2232 4960 2353 5014 Ἐὰν
2385 4962 2520 5036 γυνή
2555 4957 2646 5034 ἴδῃ
2701 4960 2764 5015 τὸ
2801 4963 2918 5017 κατ’
2966 4956 3088 5027 ἔθος
3143 4967 3250 5018 τῶν
3285 4964 3604 5038 γυναικείων
3652 4967 3747 5022 αύ-

2097 5057 2218 5120 τῆς,
2252 5047 2460 5127 ὀφείλει
2494 5050 2892 5127 προσέρχεσθαι
2949 5056 3070 5115 τοῖς
3131 5053 3449 5128 μυστηρίοις
3508 5055 3646 5130 αὐτῇ
3677 5062 3748 5131 τῇ

2100 5135 2300 5212 ἡμέρᾳ,
2332 5137 2367 5207 ἢ
2401 5135 2462 5192 οὕ
2496 5159 2509 5207 ;
2539 5162 2568 5189 »

2737 5229 3056 5304 ’Δπόκρισις
3083 5271 3093 5286 .

2175 5342 2201 5369 ‹‹
2236 5315 2350 5374 Οὐκ
2383 5315 2617 5389 ὀφείλει,
2648 5314 2752 5379 ἕως
2782 5317 2843 5371 οὗ
2872 5320 3191 5393 καθαριστῇ.
3229 5343 3254 5370 η

2175 5409 2377 5461 ΒΑΛΣ.
2413 5406 2476 5462 Ui
2514 5405 2810 5477 μέλλοντες
2861 5408 3239 5476 καταξιοῦσθαι
3297 5414 3394 5463 τοῦ
3451 5412 3600 5474 θείου
3645 5414 3752 5483 βα-

2103 5496 2425 5568 πτίσματος,
2457 5494 2838 5572 ἀπεγράφοντο
2877 5497 3023 5570 παρά
3072 5502 3178 5552 τῶν
3239 5498 3292 5552 ἐν
3347 5504 3416 5573 τῇ
3477 5500 3750 5576 ἐκκλησίᾳ

2101 5583 2486 5658 ἐνεργούντων.
2519 5585 2643 5642 Ἐὰν
2677 5585 2767 5638 οὗν
2800 5585 2959 5659 γυνὴ,
2993 5586 3176 5660 φησὶν,
3227 5589 3619 5667 ἀπογραφεῖσι,
3669 5593 3748 5657 ὥς
