4128 6268
342 314 500 380 1303

1012 454 1320 524 Responsio.

1012 454 1320 524 Responsio.
2022 451 2077 517 Α

414 563 443 593 α
465 540 699 598 Absolvi
726 540 904 598 debet
926 548 1202 615 ingratus,
1244 549 1317 601 ut
1353 545 1554 602 cibum
1587 551 1644 602 et
1674 550 1879 618 potum
1894 558 1999 598 ca-

347 633 491 706 piat,
528 635 818 703 quantum
850 630 1003 687 ferre
1034 637 1246 705 potest.
1281 636 1428 690 Eum
1453 636 1634 703 enim,
1669 635 1769 706 qui
1817 631 2005 689 semel

348 724 693 779 attenuatus
724 725 834 787 est,
868 736 996 776 esse
1027 722 1143 777 olei
1172 724 1526 795 participem
1558 740 1796 795 aaquum
1829 729 1937 779 est.
1974 744 2002 771 ››

422 902 584 956 Βλιε.
618 900 700 954 De
731 916 822 965 eo,
856 900 958 971 qui
989 906 1255 974 aagrotat,
1288 907 1347 957 et
1377 902 1583 979 morbo
1615 906 2004 973 consumptus

353 994 463 1054 est,
482 989 547 1044 ﬁt
576 989 963 1062 interrogatio
986 990 1272 1056 ;debetne
1300 992 1361 1048 in
1383 993 1616 1065 jejunio
1646 996 1888 1065 propter
1903 993 2004 1047 Pa-

352 1078 496 1135 scha
525 1078 769 1133 omnino
792 1079 1091 1150 jejunare,
1126 1080 1236 1135 hoc
1288 1088 1397 1147 est,
1432 1081 1919 1137 inexcusabiliter
1949 1084 2008 1134 et

352 1166 577 1238 absque
607 1166 732 1223 ulla
760 1168 1303 1232 commiseratione.
1350 1185 1427 1224 an
1485 1171 1688 1224 vinum
1720 1175 1779 1223 et
1807 1168 2004 1223 oleum

355 1271 590 1313 sumere
629 1260 872 1326 pr0pter
900 1255 1372 1312 imbecillitatem
1396 1257 1424 1312 ‘I
1453 1258 1780 1330 Responsio
1808 1262 2005 1311 autem

358 1343 522 1411 dicit,
555 1343 711 1414 quod
743 1343 815 1413 is,
847 1345 946 1415 qui
976 1344 1181 1400 morbo
1213 1351 1604 1418 consumptus
1655 1352 1763 1413 est,
1798 1361 2008 1418 capere

356 1432 534 1488 debet
551 1432 754 1488 vinum
785 1438 845 1489 et
866 1432 1088 1501 oleum,
1112 1441 1401 1505 quantum
1423 1435 1577 1491 ferre
1598 1441 1793 1507 potest
1826 1452 1838 1489 :
1870 1452 2009 1506 per-

357 1528 536 1595 petuo
568 1522 815 1591 scilicet,
846 1523 937 1578 vel
968 1524 1029 1579 in
1061 1524 1362 1595 aliquibus
1394 1525 1624 1593 diebus,
1682 1525 2009 1581 secundum

350 1612 647 1685 judicium
679 1613 813 1684 ejus
842 1612 943 1683 qui
976 1613 1146 1669 illum
1171 1614 1480 1686 dispensat
1527 1617 1675 1671 Nota
1717 1620 1915 1669 autem
1940 1630 2011 1669 ex

359 1701 471 1756 hoc
492 1717 719 1757 canone
753 1707 810 1757 et
840 1718 957 1766 vm,
990 1701 1149 1772 quod
1190 1702 1493 1774 jejunium
1530 1701 2007 1775 Quadragesimm

355 1789 597 1846 Paschas
636 1794 727 1845 est
746 1789 1052 1845 aridorum
1086 1807 1223 1846 esus
1255 1796 1313 1846 et
1366 1808 1401 1847 a
1456 1792 1590 1847 vino
1621 1790 2005 1847 abstinentia.
2044 1814 2093 1881 Β

358 1878 643 1935 Nonnulli
676 1883 875 1934 autem
907 1880 1134 1948 dicunt,
1169 1881 1230 1935 in
1260 1882 1531 1952 utrisque
1567 1881 1660 1935 bis
1686 1880 2015 1935 canonibus

360 1966 664 2038 jejunium
686 1967 749 2021 in
766 1968 1212 2035 Paschate,esse
1240 1975 1459 2025 sanctas
1477 1970 1780 2025 Passionis
1796 1968 2019 2024 hebdo-

368 2054 627 2124 madam,
661 2058 719 2109 et
746 2071 868 2111 non
900 2072 1139 2113 omnem
1188 2057 1732 2131 Quadragesimam.

1006 2146 1393 2216 Interrogatio.

443 2251 468 2285 α
494 2232 551 2289 Si
583 2232 718 2305 quis
749 2233 1035 2290 clericum
1064 2237 1450 2311 vocaverinut
1473 2237 1855 2301 matrimonio
1874 2252 2019 2292 con-

357 2320 593 2395 jungat,
625 2322 829 2378 audiat
845 2328 1042 2378 autem
1074 2341 1203 2380 esse
1234 2325 1514 2381 illicitum
1545 2327 2019 2395 matrimonium,

365 2415 569 2483 utpote
598 2411 692 2467 vel
721 2412 917 2467 amitis
949 2413 1312 2485 conjugium,
1347 2415 1437 2469 vel
1490 2414 1785 2470 defunctas
1818 2416 2020 2470 uxoris

370 2516 500 2556 esse
527 2517 789 2556 sororem
806 2517 1098 2573 eam,quaa
1127 2507 1218 2557 est
1245 2503 1629 2559 matrimonio
1653 2505 2021 2577 conjungeno

367 2588 724 2657 da,debetne
758 2590 926 2661 sequi
957 2590 1209 2646 clericus
1236 2592 1329 2646 vel
1357 2591 1554 2647 facere
1579 2592 1946 2649 oblationem
1962 2592 2022 2647 τί»

1036 2681 1347 2750 Responsio.

439 2788 469 2815 α
490 2767 616 2822 Uno
646 2766 822 2822 verbo
854 2766 1031 2824 dicite
1056 2768 1143 2823 :Si
1160 2768 1454 2826 audiverit
1483 2770 2025 2826 clericusillicitum

380 2855 848 2911 matrimonium.
874 2857 931 2911 Si
964 2873 1101 2930 ergo
1125 2863 1216 2913 est
1244 2858 1521 2915 illicitum
1552 2860 2023 2928 matrimonium,

372 2960 499 3000 non
530 2943 707 3000 debet
733 2944 986 3001 clericus
1001 2945 1215 3002 alienis
1242 2948 1504 3019 peccatis
1525 2936 2027 3005 communicare.»

443 3122 609 3180 BALS.
633 3123 895 3194 Oportet,
927 3123 1145 3195 inquit,
1179 3124 1448 3194 clericos,
1481 3127 1583 3198 qui
1608 3126 1681 3183 ad
1713 3127 2023 3183 matrimo—

458 3177 465 3178 κ
598 3177 743 3194 -
830 3177 837 3178 γ
883 3177 895 3191 .
1488 3177 1681 3198 γη-
1715 3177 1983 3183 η---η--ν

369 3211 455 3267 nii
486 3212 836 3283 mysterium
866 3212 1288 3269 celebrandum
1312 3219 1598 3270 vocantur
1626 3221 1692 3271 ut
1740 3222 1930 3286 orent,
1966 3222 2024 3271 et
2051 3177 2095 3244 ϐ

370 3314 623 3371 sponsos
674 3300 1058 3373 conjungant,
1094 3301 1142 3357 si
1203 3302 1543 3358 audiverint
1573 3320 1703 3359 esse
1742 3305 2020 3360 illicitum

367 3388 957 3456 matrimonium,nec
982 3390 1169 3456 abire,
1200 3407 1312 3447 nec
1337 3408 1527 3463 orare,
1562 3409 1672 3448 nec
1695 3394 1930 3461 offerre,
1963 3398 2023 3448 et

370 3476 457 3532 sic
476 3475 691 3531 alienis
720 3478 977 3547 peccatis
1022 3481 1485 3537 communicare.

1002 3657 1395 3730 Interrogatio.

438 3765 471 3797 κ
493 3743 552 3800 Si
580 3744 899 3818 laicus,qui
930 3747 1267 3817 somniavit,
1297 3748 1587 3805 clericum
1607 3748 2017 3823 interrogave-

367 3830 448 3890 rit
476 3848 551 3889 an
574 3831 752 3889 debet
782 3833 835 3889 ei
858 3835 1207 3905 permittere
1240 3837 1791 3907 communicare,an
1816 3854 1937 3893 non
1958 3838 2012 3893 ?s

1036 3925 1350 3994 Responsio.

438 4011 550 4068 «Si
583 4011 787 4069 subest
826 4012 1069 4085 quidem
1128 4014 1399 4070 mulieris
1451 4013 1833 4083 desiderium,
1896 4034 2019 4075 non

366 4102 579 4159 debet:
611 4102 705 4158 sin
731 4107 930 4158 autem
962 4105 1155 4157 tentat
1186 4118 1324 4158 eum
1350 4103 1618 4170 Satanas,
1641 4110 1708 4159 ut
1729 4122 1834 4175 per
1863 4106 2019 4164 hanc

366 4192 740 4248 occasionem
752 4206 788 4246 a
801 4189 1134 4245 divinorum
1153 4191 1568 4262 mysteriorum
1594 4209 1660 4247 co
1670 4195 2016 4251 mmunione

366 4279 862 4349 alienetur,debet
888 4279 1558 4352 communicare.Neque
1583 4281 1743 4337 enim
1762 4284 2019 4340 cessabit

368 4373 628 4428 tentator
660 4386 728 4425 eo
761 4373 1048 4441 tempore,
1074 4368 1311 4440 quando
1333 4369 1511 4425 debet
1551 4371 2013 4441 communicare,

367 4459 541 4517 illum
569 4458 866 4515 invadere.
903 4479 931 4507 η

440 4551 602 4606 BALS.
629 4551 709 4604 De
734 4548 828 4613 iis,
859 4547 1075 4619 quibus
1103 4547 1228 4602 visa
1260 4563 1322 4601 se
1351 4547 1411 4601 in
1459 4548 1709 4604 somniis
1736 4549 2015 4617 offerunt,
2047 4534 2094 4601 Ι)

370 4639 587 4714 quibus
618 4637 797 4694 etiam
831 4636 898 4691 fit
920 4636 1171 4692 fortasse
1203 4635 1397 4691 ﬂuxus
1428 4637 1695 4704 seminis,
1728 4636 1873 4692 dicit
1918 4638 2016 4693 hic

366 4731 561 4799 Pater,
582 4727 741 4801 quod
772 4727 821 4783 si
853 4726 1124 4781 mulieris
1149 4725 1511 4781 desiderium
1543 4726 1605 4781 in
1629 4743 1697 4782 eo
1725 4726 1822 4797 qui
1858 4743 2017 4781 som-

367 4819 512 4885 niat,
545 4816 819 4889 cogitatio
850 4821 1027 4871 antea
1058 4814 1485 4881 accenderit,et
1518 4832 1686 4869 mens
1718 4815 1779 4870 in
1793 4815 2020 4870 deside-

367 4890 458 4963 rio
488 4906 1016 4978 perstiterit,eique
1049 4921 1331 4959 assensus
1363 4908 1538 4966 est,et
1569 4920 1639 4959 ex
1670 4920 1738 4958 eo
1764 4903 1850 4958 illi
1873 4904 2016 4959 visio

368 4995 567 5054 oblata
592 5000 761 5059 est,et
793 4994 974 5050 ﬂuxio
1007 4994 1254 5049 seminis
1278 4998 1369 5049 est
1393 4998 1732 5059 consecuta,
1767 5009 1889 5048 non
1914 4992 2017 5048 de-

366 5087 471 5144 bet
489 5084 948 5139 communicare.
975 5085 1045 5137 Et
1064 5084 1277 5139 merito
1300 5100 1312 5137 :
1339 5084 1605 5139 assensio
1652 5084 1812 5138 enim
1864 5083 2017 5155 ejus,

368 5175 471 5249 qui
502 5171 1101 5228 somniavitmentem
1124 5171 1735 5244 polluit,etquomodo
1755 5188 1891 5227 cum
1908 5172 2019 5228 hac

366 5260 723 5337 cogitatione
742 5260 813 5315 ad
834 5261 1048 5315 Sancta
1077 5260 1369 5317 accedet?
1390 5261 1493 5316 Sin
1514 5267 1712 5316 autem
1735 5260 2017 5316 nihiltale

365 5349 694 5430 praecessit,
727 5354 816 5404 est
844 5347 1085 5408 diaboli.
1111 5350 1328 5420 inquit,
1359 5349 1606 5405 tentatio
1630 5367 1644 5416 ;
1670 5355 1736 5404 ut
1764 5349 1849 5405 sic
1881 5366 2016 5405 eum

366 5441 592 5502 alienet
617 5435 866 5491 adivina
878 5436 1298 5492 communione
1318 5456 1330 5493 :
1360 5444 1419 5493 et
1443 5442 1677 5509 oportet
1699 5454 1834 5492 eum
1857 5453 2019 5493 com-

364 5525 697 5589 municare.
766 5524 821 5580 Si
875 5523 1038 5578 enim
1096 5524 1333 5579 sciverit
1386 5526 1570 5581 Malus
1629 5542 1691 5581 se
1725 5543 1829 5597 per
1858 5543 2018 5581 som-

366 5620 536 5676 nium
554 5613 810 5682 efﬂcere,
838 5628 914 5669 ne
944 5611 1023 5666 sit
1051 5613 1405 5668 sacramenti
1420 5614 1883 5685 particepsznon
1896 5630 2018 5670 ces-

1566 319 1959 386 TlMOTHEI
2000 316 2229 380 ALEX.
2275 319 2522 382 EPISC.

3645 319 3839 381 1304

2767 451 3109 529 ’Δπόκρισις.

2185 563 2215 591 ‹‹
2248 537 2609 596 Ἀπολύεσθαι
2641 536 2855 616 ὀφείλει
2889 535 3324 613 μεταλαμϐάνειν
3355 539 3447 596 καὶ
3502 547 3647 610 τῆς
3679 559 3844 614 τρο-

2111 633 2218 704 φῆς
2244 628 2334 682 καὶ
2362 632 2459 683 τοῦ
2488 631 2661 683 ποτοῦ
2679 628 2708 683 6
2736 629 3139 702 ἆσθενῶν,πρὸς
3158 627 3188 684 6'
3219 626 3440 684 δύναται
3476 628 3836 704 βαστάσαι.

2111 719 2184 777 Τὸ
2205 721 2308 795 γάρ
2345 713 2786 793 μεταλαμϐάνειν
2818 718 3009 775 ἐλαίου
3037 721 3131 775 τὸν
3165 720 3302 790 ἅπαξ
3339 719 3698 788 ἐκτακὲντα,
3740 717 3839 775 δί-

2112 810 2265 864 καιόν
2286 808 2453 867 ἐστιν.
2479 833 2508 861 ››

2182 902 2394 955 ΒΑΛΣ.
2431 898 2562 973 Περὶ
2628 902 2914 961 νοσοῦντος
2971 898 3062 954 καὶ
3122 899 3440 962 ἕκτακὲντος
3502 900 3641 954 ὑπὸ
3710 905 3833 969 τῆς

2110 986 2658 1063 νόσουὴἐρώτησις·
2724 988 2770 1042 εἰ
2832 987 3038 1064 ὀφείλει
3094 987 3146 1043 ἐν
3202 992 3271 1062 τῇ
3328 986 3418 1043 διὰ
3474 989 3543 1044 τὸ
3584 989 3839 1062 Πάσχα

2112 1075 2332 1148 νηστείᾳ
2369 1079 2586 1139 πάντως
2644 1080 2955 1147 νηστεῦσαι,
3012 1077 3129 1132 ἀντῖ
3185 1077 3306 1147 τοῦ,
3357 1079 3839 1153 ἄπαραιτῆτως,

2112 1165 2471 1237 ἀσυμπαθῶς,
2509 1166 2544 1236 ἢ
2579 1171 2868 1241 μετασχεῖν
2928 1164 3076 1221 οἷ’νου
3133 1166 3223 1221 καὶ
3285 1166 3473 1222 ἐλαίου
3523 1164 3646 1222 διὰ
3716 1170 3840 1236 τήν

2114 1254 2406 1317 ἀσθένειαν.
2437 1255 2497 1310 ἸΙ
2530 1251 2589 1309 δὲ
2618 1254 2903 1328 ἀπόκρισις
2958 1253 3129 1329 λέγει,
3187 1254 3273 1310 δτι
3329 1255 3421 1310 τὸν
3481 1256 3841 1311 ἑκτακὲντα

2115 1342 2176 1399 ἔκ
2204 1341 2394 1412 νόσου,
2436 1339 2644 1396 δίκαιον
2675 1343 2765 1397 καὶ
2815 1340 2969 1396 οῖ’νου
3017 1343 3106 1397 καὶ
3166 1341 3354 1399 ἐλαίου
3411 1339 3835 1416 μεταλαμϐά-

2114 1451 2249 1498 νειν,
2284 1431 2361 1493 ὡς
2395 1428 2613 1486 δύναται
2649 1432 2963 1503 ὑπομεῖναι,
3010 1428 3199 1506 ¹ἤγουν,
3253 1430 3287 1500 ἢ
3349 1429 3567 1503 διόλου,
3657 1434 3695 1503 ἢ
3773 1432 3837 1488 ἂν

2115 1523 2350 1596 ἡμέραις
2370 1522 2507 1587 τισὶ,
2533 1520 2670 1575 κατὰ
2697 1522 2799 1589 τὴν
2827 1520 3002 1594 κρίσιν
3051 1526 3149 1576 τοῦ
3179 1522 3637 1595 οἶκονομοῦθτος
3713 1523 3827 1578 αὖ·

2114 1611 2230 1665 τόν.
2261 1610 2611 1682 Σημειωτέον
2646 1607 2738 1664 οὖν
2771 1609 2831 1665 ἐκ
2885 1611 3083 1665 τούτου
3136 1615 3232 1665 τοῦ
3283 1611 3512 1677 κανόνος
3552 1612 3670 1667 καὶ
3762 1611 3833 1666 ἐκ

2116 1703 2215 1754 τοῦ
2247 1699 2318 1770 η’,
2357 1697 2440 1753 ὅτι
2472 1700 2507 1767 ἡ
2541 1698 2761 1769 νηστεία
2791 1705 2888 1769 τῆς
2944 1705 3392 1774 Τεσσαρακοστῆς
3446 1705 3543 1755 τοῦ
3580 1700 3831 1775 Ηάσχα

2121 1787 2426 1865 ξηροφαγία
2457 1786 2625 1857 ἐστὶν,
2658 1786 2804 1844 ἀλλὰ
2832 1789 2924 1843 καὶ
2956 1786 3107 1843 οἲνου
3139 1789 3349 1865 ἀποχή.
3384 1792 3541 1852 Τινὲς
3572 1788 3647 1845 δὶ
3717 1790 3830 1846 καὶ

2123 1876 2174 1931 ἐν
2207 1876 2413 1955 ἀμφοῖν
2443 1881 2560 1939 τοῖς
2591 1876 2782 1932 κανόσι
2814 1877 3054 1950 τούτοις,
3086 1879 3186 1946 τήν
3222 1879 3276 1933 ὲν
3330 1883 3411 1951 τῷ
3441 1881 3659 1954 Ηάσχα
3707 1901 3833 1949 νη-

2123 1965 2319 2036 στείαν,
2352 1966 2450 2035 τὴν
2481 1971 2589 2021 τῶν
2622 1966 2786 2042 ἁγίων
2839 1968 3031 2023 Ηαθῶν
3093 1963 3371 2040 ἑϐδομάδα
3422 1968 3701 2045 λέγουσιν
3739 1969 3830 2023 εἷο

2121 2076 2231 2124 ναι,
2265 2055 2356 2111 καὶ
2388 2054 2450 2110 ού
2481 2061 2653 2110 πᾶσαν
2682 2056 2784 2125 τὴν
2803 2059 3274 2132 Τεσσαρακοστήν.

2789 2143 3110 2218 Ἐρώτησις.

2202 2232 2346 2298 «Εἲς
2374 2234 2438 2289 τὸ
2472 2234 2647 2304 ζεῦξαι
2696 2233 2875 2308 γάμον
2936 2235 3026 2289 ἐὰν
3085 2232 3291 2311 καλέσῃ
3355 2256 3440 2298 τις
3494 2237 3828 2313 κΑηρικὸν,

2126 2322 2329 2397 ἀκούσῃ
2414 2320 2472 2377 δὶ
2527 2323 2619 2377 τὸν
2701 2326 2876 2398 γάμον
2933 2323 3275 2399 παράνομον,
3345 2323 3383 2394 ἤ
3441 2326 3822 2400 θειογαμίαν,

2124 2408 2301 2487 ἤγουν
2333 2409 2575 2489 ἀδελφὴν
2605 2411 3012 2482 τελευτησάσης
3070 2415 3324 2487 γυναικὸς
3375 2415 3477 2483 τήν
3535 2414 3812 2487 μέλλου-

2130 2522 2222 2555 σαν
2260 2501 2596 2577 ζεύγνυσθαι,
2629 2500 2673 2556 εἶ
2724 2499 2931 2575 ὀφείλει
2989 2501 3358 2573 ἀκολουθῆσαι
3416 2503 3444 2557 6
3496 2501 3812 2580 κληρικὸς,

2126 2590 2162 2659 ἥ
2193 2592 2506 2669 προσφορὰν
2539 2596 2767 2659 ποιῆσαι
2803 2610 2817 2660 ;
2846 2616 2866 2642 ι

2783 2680 3121 2752 Ἀπόκρισις,

2201 2792 2231 2820 ‹‹
2259 2769 2431 2841 Ἃπαξ
2468 2766 2669 2822 εἴπατε·
2699 2769 2822 2824 Ἐὰν
2856 2767 3057 2843 ἀκούσῃ
3086 2769 3114 2822 6
3169 2768 3440 2841 κληρικὸς
3488 2769 3585 2824 τὸν
3615 2771 3804 2846 γάμον

2129 2857 2470 2931 παράνομον.
2503 2855 2568 2913 El
2616 2857 2707 2911 οῦν
2768 2856 2796 2910 6
2852 2857 3029 2931 γάμος
3088 2856 3410 2932 παράνομός
3460 2857 3636 2929 ἐστιν,
3695 2857 3791 2912 ούκ

2130 2945 2336 3026 ὀφείλει
2395 2946 2423 3000 6
2502 2944 2771 3020 κληρικὸς
2821 2965 3100 3002 κοινωνειν
3160 2948 3452 3023 ἁμαρτίαις
3521 2944 3786 3021 ἀλλοτρί-

2131 3056 2239 3098 αις.
2274 3059 2303 3087 »

2204 3127 2414 3182 ΒΑΛΣ.
2463 3123 2606 3188 Τοὺς
2662 3123 2969 3199 κληρικοὺς
3027 3123 3127 3196 δεῖ,
3189 3125 3348 3203 φησί,
3405 3124 3792 3198 καλουμένους

2135 3212 2212 3277 εἷς
2262 3213 2489 3282 τελετὴν
2548 3213 2765 3289 γάμων,
2850 3212 2987 3268 ὥστε
3045 3213 3292 3284 εὔξασθαι
3375 3212 3467 3269 καὶ
3544 3214 3798 3283 συζεῦξαι

2128 3297 2254 3361 τοὺς
2283 3300 2750 3376 νυμφευομένους,
2802 3300 2851 3355 εἴ
2909 3299 3207 3355 ἀκούσουσι
3264 3302 3590 3374 παράνομον
3650 3303 3795 3356 εἶναι

2128 3388 2219 3442 τὸν
2276 3388 2477 3461 γάμον,
2544 3389 2619 3461 μὴ
2681 3388 3036 3464 ἀπέρχεσθαι,
3106 3392 3245 3462 μήτε
3301 3389 3577 3464 εὔχεσθαι,
3645 3392 3796 3462 μήτε

2129 3477 2475 3554 προσφέρειν,
2531 3478 2621 3532 καὶ
2703 3476 2849 3533 οὕτω
2930 3486 3212 3534 κοινωνεῖν
3274 3478 3565 3553 ἁμαρτίαις
3610 3477 3793 3535 ἀλλο-

2128 3565 2324 3641 τρίαις.

2797 3656 3119 3731 Ἐρώτησις.

2203 3772 2228 3796 ι(
2268 3747 2392 3802 Ἐὰν
2423 3745 2752 3821 ὀνειρασθείς
2785 3746 2813 3799 6
2847 3744 3036 3807 λαϊκὸς
3095 3745 3344 3820 ἐρωτήσῃ
3385 3743 3672 3817 κληρικὸν,
3736 3746 3786 3801 εἰ

2130 3832 2340 3912 ὀφείλει
2374 3835 2653 3908 ἐπιτρέψαι
2686 3833 2833 3906 αὐτῷ
2872 3838 3221 3902 κοινωνῆσαι,
3253 3837 3288 3904 ἣ
3317 3832 3379 3890 οὕ
3416 3859 3429 3904 ;
3463 3859 3489 3885 ››

2805 3923 3147 3998 Ἀπόκρισις.

2201 4038 2227 4065 α
2268 4013 2462 4085 utut-1
2499 4011 2779 4067 ὑπόκειται
2828 4010 3087 4084 ἐπιθυμία
3144 4014 3418 4089 γυναικὸς,
3480 4013 3580 4069 οὐκ
3636 4012 3792 4091 ὀφεί-

2129 4103 2233 4158 λειο
2269 4102 2313 4157 εἰ
2347 4100 2405 4156 δὲ
2455 4104 2482 4155 ὁ
2545 4105 2786 4163 Σατανᾶς
2846 4104 3093 4176 πειράζει
3150 4103 3337 4172 αὐτὸν,
3389 4102 3483 4158 ἵνα
3536 4101 3623 4157 διὰ
3681 4109 3783 4172 τῆς

2126 4191 2447 4269 προφάσεως
2494 4190 2696 4258 ταύτης
2754 4190 3125 4265 ἀλλοτριῶται
3176 4198 3279 4260 τῆς
3331 4193 3627 4256 κοινωνίας
3676 4197 3782 4246 τῶν

2130 4281 2291 4335 θείων
2329 4279 2671 4353 μυστηρίων,
2707 4279 2913 4357 ὀφείλει
2944 4287 3292 4349 κοινωνῆσαι,
3342 4281 3495 4339 Ἐπεὶ
3527 4280 3589 4336 ού
3646 4281 3782 4336 παύ-

2126 4390 2274 4425 σεται
2308 4370 2334 4423 6
2367 4369 2636 4444 πειράζων
2671 4369 2788 4423 κατ’
2820 4367 3027 4423 ἐκεῖνον
3086 4370 3178 4423 τὸν
3236 4370 3451 4445 καιρὸν,
3507 4369 3595 4424 ὅτε
3627 4368 3774 4442 ὀφεί-

2124 4459 2209 4515 λει
2243 4463 2554 4523 κοινωνεῖν,
2586 4457 2961 4529 ἐπιτιθέμενος
2989 4460 3158 4529 αὐτῷ.
3190 4482 3211 4509 ι

2197 4552 2404 4604 ΒΑΛΣ.
2442 4547 2575 4621 Ηερὶ
2629 4551 2737 4599 τῶν
2793 4545 2845 4599 ἐν
2900 4545 3130 4619 ὀνείροις
3189 4549 3635 4623 φανταζομὲνων,
3694 4548 3778 4608 οἷς

2125 4637 2214 4692 καὶ
2245 4637 2556 4711 σπέρματος
2591 4634 2720 4697 ἴσως
2771 4634 2975 4709 γίνεται
3028 4634 3214 4708 ἐκροὴ,
3284 4636 3447 4713 φησὶν
3509 4639 3536 4691 ὁ
3586 4638 3776 4711 Ηατῆρ

2126 4726 2309 4791 οὗτος,
2340 4725 2424 4781 ’ὁτι
2455 4724 2500 4779 εἰ
2539 4724 2631 4797 μὲν
2664 4724 2770 4798 πρὸ
2797 4723 2993 4779 τούτου
3025 4719 3372 4792 προσέϐαλλε
3427 4729 3505 4797 τῷ
3563 4725 3781 4799 ὄνειρα-

2127 4817 2304 4877 σθὲντι
2348 4812 2640 4884 ἐπιθυμίας
2691 4812 2949 4885 γυναικὸς
3010 4811 3300 4889 λογισμὸς,
3356 4813 3446 4869 καὶ
3507 4814 3778 4887 ἐνέμεινεν

2128 4904 2313 4965 ὁνοῦς
2340 4901 2427 4956 ἐπὶ
2484 4904 2553 4975 τῇ
2603 4900 2881 4972 ἐπιθυμίᾳ,
2940 4901 3028 4955 καὶ
3084 4901 3539 4980 ὲνεφιλοχώρησε
3594 4902 3781 4977 ταύτῃ,

2127 4988 2405 5046 κάντεῦθεν
2440 4992 2474 5059 ἡ
2509 4987 2790 5068 φαντασία,
2829 4988 3036 5059 ἐπῆλθε
3086 4990 3121 5055 ἡ
3181 4989 3332 5064 ῥύσις
3385 4994 3483 5045 τοῦ
3538 4991 3779 5062 σπέρμα-

2126 5100 2242 5143 τος·
2287 5081 2390 5136 οὐκ
2422 5077 2629 5156 ὀφείλει
2685 5073 3030 5151 μεταλαϐεῖν.
3093 5080 3194 5135 Καὶ
3253 5079 3501 5141 εἰκότως
3560 5081 3596 5150 ἡ
3679 5080 3780 5154 γὰρ

2130 5170 2515 5244 συγκατάθεσις
2548 5166 2783 5240 ἐμόλυνε
2819 5167 2910 5221 τὸν
2971 5164 3241 5241 λογισμὸν
3285 5172 3383 5222 τοῦ
3441 5169 3780 5242 ὀνειρασθὲν-

2126 5280 2238 5320 τος.
2276 5258 2371 5312 Καὶ
2425 5262 2544 5317 πῶς
2606 5257 2739 5329 μετᾶ
2795 5254 3048 5310 τοιούτου
3101 5254 3372 5329 λογισμοῦ
3419 5256 3779 5330 προσελεύσε-

2127 5368 2214 5402 ται
2243 5352 2360 5409 τοῖς
2391 5345 2597 5422 Ἃγίοις
2633 5364 2646 5414 ;
2682 5344 2747 5400 Εἴ
2777 5341 2834 5398 δὲ
2883 5342 3037 5399 οὐδὲν
3084 5349 3334 5400 τοιοῦτον
3395 5349 3777 5423 προηγήσατο,

2125 5440 2223 5491 τοῦ
2255 5431 2540 5502 διαϐόλου,
2573 5433 2760 5509 φησὶν,
2809 5431 2921 5486 ἐστὶ
2952 5438 3133 5509 πεῖρα,
3166 5433 3256 5488 ἳνα
3305 5435 3479 5498 οὕτως
3508 5434 3782 5505 ἀποξενῶ-

2123 5545 2212 5580 ται
2243 5524 2403 5579 αὐτὸν
2446 5527 2546 5589 τῆς
2596 5520 2740 5582 θείας
2786 5520 3096 5583 κοινωνίας·
3155 5522 3246 5577 καὶ
3305 5519 3390 5578 δεῖ
3442 5522 3606 5578 αὐτὸν
3655 5543 3778 5577 κοι-

2128 5620 2342 5670 νωνεῖν.
2375 5612 2440 5668 Εἰ
2476 5612 2580 5685 γὰρ
2639 5607 2728 5685 ἴδῃ
2785 5609 3094 5683 ὁΗονηρὸς
3152 5611 3296 5666 οὕτω
3346 5611 3781 5684 κατορθούμενον
