4134 6268
392 337 554 400 1305
1666 343 2075 406 RESPONSA
2117 344 2529 409 GANONICA.
3649 352 3805 416 1306
3835 410 3843 422 .

389 469 456 524 16
491 471 570 556 μὴ
627 473 872 548 μετὲχειν
923 473 1080 528 αὐτὸν
1128 478 1236 529 τῶν
1289 477 1655 550 ἁγιασματων,
1687 475 1752 530 οὐ
1782 473 2043 530 παύσεται

2166 477 2319 534 sabit
2338 479 2588 535 homini.
2616 483 2912 554 Insidiari,
2944 485 3176 556 quoties
3198 501 3332 542 cum
3357 485 3506 541 velle
3536 501 3809 542 commu-

395 553 774 616 ἐπιϐουλευων
819 566 898 633 τῷ
951 561 1244 637 ἀνθρώπῳ,
1295 565 1479 628 ὁσάκις
1513 561 1573 618 ἃν
1625 567 1737 639 γνῶ
1769 562 1927 618 αὐτὸν
1962 564 2049 626 θὲ-

402 659 568 704 Αοντα
602 645 952 722 μεταλαϐεῖν.

1066 744 1391 818 Ἐρώτησις.

477 854 504 880 ι(
566 833 693 891 Τοῖς
753 833 1128 908 ζευγνυμένοις
1199 835 1276 895 εἴς
1334 834 1516 910 γάμου
1567 835 1871 906 κοινωνίαν,
1928 836 2051 909 περὶ

404 918 578 974 ποίων
642 921 868 992 ἡμερῶν
921 929 1020 992 τῆς
1105 919 1410 996 ἑϐδομάδος
1493 926 1879 1000 παρατίθεσθαι
1937 926 2050 1000 χρή

402 1008 700 1084 ἀπέχεσθαι
731 1017 832 1079 τῆς
891 1011 1028 1086 πρὸς
1083 1011 1369 1083 ἀλλήλους
1426 1013 1737 1084 κοινωνίας,
1767 1014 1858 1068 καὶ
1889 1014 2048 1075 ποίας

402 1091 550 1172 ἔχειν
579 1096 662 1152 ἐπ’
696 1099 936 1168 ἐξουσίας
963 1120 979 1171 ;
1013 1123 1036 1153 ››

1058 1189 1392 1264 Ἀπόκρισις.

475 1300 503 1328 ‹‹
546 1277 863 1351 Προείρηκα
917 1278 1006 1333 καὶ
1064 1283 1154 1332 νῦν
1214 1277 1377 1356 λέγω
1441 1282 1468 1336 6
1525 1281 1858 1344 Ἀπόστολος
1905 1279 2048 1356 λέγει

403 1366 497 1432 Μὴ
556 1364 902 1439 ἀποστερεῖτε
960 1365 1270 1438 ἀλλήλους,
1333 1368 1378 1423 εί
1441 1371 1516 1442 μή
1573 1391 1622 1424 τι
1674 1367 1733 1423 ἃν
1795 1369 1854 1424 ἐκ
1910 1391 2046 1442 συμ-

402 1454 586 1532 φώνου
643 1455 780 1529 πρὸς
839 1456 1027 1530 καιρὸν
1063 1501 1080 1524 ,
1135 1458 1228 1512 ἳνα
1309 1458 1622 1534 σχολάσῃτε
1690 1463 1758 1533 τῇ
1819 1481 2051 1535 προσευ-

405 1543 627 1619 χῇ,κα²
682 1542 847 1598 πάλιν
910 1544 996 1600 ἐπὶ
1055 1546 1118 1600 τὸ
1174 1547 1307 1601 αὐτὸ
1364 1549 1481 1617 ἦτε,
1527 1546 1621 1602 ’ίνα
1683 1551 1757 1622 μή
1817 1549 2048 1625 πειράζῃ

409 1637 549 1706 ὑμᾶς
609 1636 638 1690 6
698 1641 939 1698 Σατανᾶς
1026 1634 1116 1692 διὰ
1196 1638 1295 1706 τήν
1382 1637 1641 1712 ἀκρασίαν
1725 1641 1899 1712 ὑμῶν.
1964 1642 2048 1712 Ἐξ

404 1722 642 1799 ἀνάγκης
699 1721 758 1780 δὲ
804 1725 867 1780 τὸ
901 1720 1182 1782 Σάϐϐατον
1237 1727 1328 1781 καὶ
1379 1728 1475 1795 τήν
1529 1729 1799 1803 Κυριακήν
1846 1728 2051 1804 ἀπέχε-

2162 566 2361 623 nicare
2387 572 2742 641 cognoverit.

2783 745 3148 814 Interrogatio
3167 787 3177 798 .

2237 848 2258 876 α
2293 829 2387 893 lis,
2411 831 2510 902 qui
2530 833 2892 888 matrimonii
2919 835 3569 906 societatejunguntur,
3593 835 3653 888 in
3677 834 3806 904 qui-

2160 918 2415 975 busnam
2445 923 2792 994 septimanae
2816 924 3026 978 diebus
3046 941 3374 996 proponere
3402 929 3652 996 oportet.
3682 929 3747 978 ut
3778 940 3810 978 a

2161 1014 2366 1064 mutuo
2401 1027 2722 1084 congressu
2753 1014 3110 1081 abstineant,
3141 1021 3200 1069 et
3230 1015 3586 1086 quibusnam
3611 1019 3804 1085 potes-

2164 1103 2343 1152 tatem
2376 1100 2682 1157 habeant?
2714 1126 2734 1153 ι

2826 1192 3142 1263 Responsio.

2235 1300 2262 1326 «
2295 1277 2458 1342 Quod
2490 1284 2626 1334 ante
2654 1279 2964 1346 dixi,nunc
2988 1298 3224 1353 quoque
3255 1282 3405 1337 dico.
3441 1282 3592 1337 Dicit
3624 1273 3808 1353 Aposé

2159 1365 2315 1420 tolus
2339 1383 2352 1420 :
2383 1390 2408 1417 ‹‹
2435 1369 2515 1423 Ne
2536 1369 2807 1424 fraudate
2825 1388 2923 1425 vos
2945 1371 3218 1435 invicem,
3241 1373 3354 1425 nisi
3381 1369 3532 1426 forte
3566 1388 3636 1425 ex
3666 1387 3806 1425 con-

2162 1475 2190 1503 ‹‹
2215 1471 2392 1509 sensu
2425 1457 2498 1511 ad
2533 1462 2798 1528 tempus;
2837 1466 2902 1514 ut
2934 1461 3150 1514 vacetis
3183 1461 3436 1514 orationi
3465 1478 3478 1527 ;
3503 1466 3561 1514 et
3599 1476 3806 1514 rursus

2167 1563 2188 1589 ε
2215 1543 2289 1598 ad
2311 1545 2468 1600 idem
2519 1548 2902 1612 conveniatis,
2929 1565 3003 1602 ne
3025 1566 3126 1604 vos
3154 1554 3341 1603 tentet
3363 1549 3610 1603 Satanas
3632 1566 3805 1620 prop-

2162 1638 2251 1687 ter
2298 1634 2789 1691 incontinentiam
2824 1643 3076 1691 vestram
3101 1636 3139 1691 ⁸.
3176 1660 3201 1686 ››
3229 1638 3568 1691 Necessario
3601 1643 3799 1691 autem

2161 1719 2413 1776 Sabbato
2445 1728 2504 1777 et
2532 1722 2627 1778 die
2660 1725 2969 1780 Dominico
3015 1725 3313 1780 abstinere
3360 1730 3610 1795 oportet,
3647 1725 3805 1796 quod

401 1815 525 1868 σθαι
556 1809 656 1881 δεῖ,
691 1810 781 1868 διὰ
833 1815 896 1868 τὸ
955 1813 1008 1868 ἑν
1069 1815 1256 1877 αὐταῖς
1283 1817 1384 1886 τήν
1437 1819 1804 1890 πνευματικὴν
1865 1818 2044 1872 θυσίαν

2166 1809 2470 1880 spirituala
2500 1811 2858 1868 sacriﬁcium
2890 1815 2950 1868 in
2971 1815 3057 1868 eis
3082 1815 3335 1869 Domino
3359 1815 3662 1870 offeratur.
3698 1835 3726 1864 ››

402 1901 756 1980 ἀναφέρεσθαι
785 1907 864 1975 τῷ
896 1903 1104 1978 Κυρίῳ.
1142 1925 1168 1957 ι

1064 1994 1387 2068 Ἐρώτησις.

474 2104 503 2132 ‹‹
534 2081 656 2135 Ἐάν
687 2101 771 2142 τις
807 2081 883 2154 μὴ
912 2076 1057 2157 ἔχων
1091 2083 1303 2152 ἑαυτὸν,
1327 2083 1659 2160 χειρίσηται,
1687 2086 1721 2155 ἢ
1753 2087 2046 2162 κρημνήσῃ

399 2168 616 2239 δαυτὸν,
648 2167 695 2224 εί
723 2167 930 2244 γίνεται
956 2173 1268 2249 προσφορὰ,
1296 2171 1331 2241 ἢ
1367 2169 1450 2231 οὗ.
1490 2197 1510 2223 ι

1058 2347 1388 2423 Ἀκόκρισις.

474 2461 500 2488 ‹‹
532 2437 689 2510 Ὑπὶρ
748 2442 846 2492 τοῦ
902 2437 1068 2493 αὐτοῦ
1125 2436 1396 2514 διακρῖναι
1451 2438 1661 2516 ὀφείλει
1696 2441 1723 2494 6
1755 2437 2047 2515 κληρικὸς,

397 2527 552 2597 16(7)
604 2525 806 2593 ἀληθὶς
867 2525 1130 2603 ἐκφρενής
1189 2522 1286 2593 ὤν,
1345 2528 1614 2598 πεποίηκε
1671 2533 1856 2584 τοῦτο.
1903 2529 2048 2584 [Ιολ-

401 2612 560 2674 λάκις
621 2615 723 2689 γὰρ
781 2615 834 2669 οἱ
890 2612 1234 2693 διαφέροντες
1293 2621 1374 2687 τῷ
1422 2615 1740 2687 πεπονθότι,
1800 2615 2048 2680 θέλοντες

396 2708 585 2778 τυχεῖν
617 2710 716 2772 τῆς
771 2709 1088 2778 προσφορᾶς
1147 2705 1236 2758 καὶ
1289 2712 1388 2775 τῆς
1450 2706 1580 2780 ὑπὲρ
1639 2707 1804 2761 αὐτοῦ
1853 2705 2048 2782 εὐνῆς,

399 2789 844 2866 καταψεύδονται,
903 2793 992 2847 καί
1051 2793 1326 2868 λέγουσιν,
1365 2794 1446 2849 ὅτι
1506 2793 1604 2848 οὐκ
1655 2797 1798 2870 εἶχεν
1835 2795 2045 2850 ἑαυτόν·

403 2881 574 2936 ἰνίοτε
606 2879 663 2936 δὲ
697 2882 801 2935 ἀπὸ
855 2881 1111 2956 ἐπηρείας
1171 2884 1471 2958 ἀνθρώπων
1504 2885 1539 2953 ἢ
1574 2882 1763 2946 ἄλλως
1793 2906 1911 2946 πως
1943 2883 2048 2940 ἀπὸ

401 2969 704 3045 ὀλιγωρίας
762 2973 1119 3040 πεποιηκέναι
1188 2976 1369 3030 τοῦτο.
1431 2971 1508 3030 Οὐ
1558 2973 1671 3048 χρή
1729 2975 2046 3051 προσφορᾶν

401 3059 583 3115 ἐπάνω
640 3059 786 3131 αὐτῷ
841 3061 1085 3135 γενέσθαι
1121 3078 1133 3091 '
1191 3061 1590 3140 αὐτοφονευτὴς
1673 3062 1773 3138 γάρ
1855 3062 2047 3117 ἑαυτοῦ

400 3147 534 3203 ἐστι.
570 3153 661 3202 Δεῖ
691 3149 781 3202 οὗν
836 3148 1047 3210 πάντως
1102 3149 1193 3204 τὸν
1247 3148 1514 3226 κληρικὸν
1579 3152 1714 3222 μετά
1770 3146 2044 3225 ἀκριϐείας

393 3235 702 3311 ἐρευνῆσαι,
733 3234 824 3292 ’ίνα
859 3238 935 3310 μὴ
971 3237 1072 3293 ὑπὸ
1102 3243 1276 3311 κρῖμα
1310 3240 1462 3312 πέσῃ,
1500 3263 1528 3290 ››

469 3332 668 3382 ΒΒΛΣ.
733 3327 1082 3401 Ἐρωτηθεὶς,
1113 3327 1187 3389 ὡς
1244 3327 1289 3382 εἰ
1325 3330 1402 3400 μὴ
1457 3323 1601 3404 ἔχων
1661 3350 1744 3393 τις
1799 3329 1924 3405 ὑγιᾶ
1953 3329 2044 3383 τὸν

397 3415 694 3490 λογισμὸν,
754 3413 900 3470 ἀλλὰ
956 3416 1324 3491 παρατραπεὶς
1381 3418 1475 3480 τὰς
1529 3417 1745 3494 φρένας,
1789 3417 2046 3494 αὐτόχειρ

396 3505 621 3579 γενηται
651 3505 865 3570 ἑαυτοῦ,
898 3503 932 3574 ἢ
964 3507 1100 3559 κατά
1155 3507 1406 3581 κρημνοῦ
1459 3506 1659 3576 ὠθήσει
1719 3508 1925 3562 ἑαυτὸν·
1962 3508 2049 3562 ἐὰν

403 3594 517 3668 χρὴ
555 3595 686 3665 ὑπὲρ
747 3593 912 3649 αὐτοῦ
971 3595 1143 3669 εὐχήν
1202 3594 1472 3670 γενέσθαι,
1599 3597 1936 3674 προσφοράν
1970 3599 2048 3651 εῖ-

402 3703 522 3751 πεν,
556 3683 638 3737 ὅτι
671 3683 762 3736 ἐὰν
791 3681 1014 3753 ἀληθῶς
1047 3683 1149 3754 ἔξω
1200 3689 1407 3761 φρενῶν
1457 3687 1752 3759 γενόμενος
1783 3687 1810 3740 6
1843 3685 2048 3758 ἅνθρω-

405 3791 530 3838 πος,
579 3770 667 3826 καὶ
731 3773 806 3844 μὴ
867 3770 1282 3840 εἷδὼςόποιεῖ,
1344 3771 1710 3850 διεχειρίσατο
1767 3774 2043 3844 ἑαυτὸν,ἢ

401 3859 751 3933 ἑκρήμνισεν,
784 3861 817 3929 ἢ
853 3858 1040 3922 ἄλλως
1100 3858 1386 3938 διέφθειρε·
1445 3865 1725 3936 γενήσεται
1787 3864 1916 3938 ὑπὲρ
1951 3862 2045 3918 αὺ-

397 3953 494 4004 τοῦ
550 3946 734 4018 δέησις
790 3948 880 4002 καὶ
941 3951 1194 4027 πρσφορά
1230 3995 1241 4006 .
1305 3957 1394 4006 Δεῖ
1442 3949 1500 4006 δὲ
1556 3951 1684 4013 τοὺς
1742 3952 1817 4014 εἰς
1876 3952 2044 4027 εὐχὴν

403 4036 925 4113 προσκαλουμένους
983 4035 1335 4112 ἀκριϐοὖσθαι
1394 4041 1516 4105 περῖ
1574 4042 1792 4113 τούτου,
1829 4044 2047 4114 μήποτε

395 4128 430 4197 ἢ
479 4127 539 4182 ἐκ
572 4127 963 4202 μικροψυχίας,
1005 4129 1038 4197 ἢ
1101 4127 1152 4198 ἐξ
1210 4128 1466 4203 ἐπηρείας
1517 4129 1843 4204 ἀνθρώπων,
1874 4129 1908 4199 ἢ
1943 4129 2043 4186 ἅλ-

397 4217 508 4278 λως
542 4238 679 4285 πως,
710 4215 847 4271 ἑκὼν
888 4218 976 4270 καὶ
1028 4214 1184 4279 εἰδὼς
1236 4217 1264 4271 6
1297 4224 1463 4286 ποιεῖ,
1515 4217 1881 4294 διεχειρίσατο
1924 4220 2043 4274 ἑαυο

392 4305 504 4361 τόν.
539 4305 696 4380 Ὑπὲρ
727 4308 830 4379 γὰρ
891 4309 988 4360 τοῦ
1042 4307 1288 4360 τοιούτον
1348 4306 1408 4360 οὐ
1441 4304 1543 4373 δεῖ,
1603 4305 1726 4362 οὔτε
1765 4305 2041 4384 εὔχεσθαι,

394 4391 519 4449 οὔτε
549 4396 894 4470 προσφέρειν,
930 4395 1011 4449 δτι
1046 4395 1446 4472 αὑτοφονευτής
1477 4395 1609 4451 ἐστι.

1061 4485 1381 4557 Ἐρώτησις.

2777 1993 3145 2061 Interrogatio
3165 2033 3177 2044 .

2234 2101 2261 2129 «
2294 2079 2350 2134 Si
2379 2079 2530 2151 quis,
2558 2097 2690 2134 cum
2711 2081 2800 2135 sui
2825 2098 3066 2152 compos
3087 2098 3208 2136 non
3230 2085 3405 2149 esset,
3425 2080 3534 2136 sibi
3559 2096 3804 2148 manum

2157 2167 2444 2238 attulerit,
2477 2169 2568 2223 vel
2620 2169 2798 2225 etiam
2830 2187 2891 2224 se
2919 2170 3395 2241 praecipitavvrit,
3430 2170 3574 2225 tltne
3640 2169 3804 2225 obla-

2161 2257 2240 2312 tio
2295 2275 2373 2314 an
2393 2275 2510 2313 non
2531 2259 2559 2314 ‘I
2587 2281 2609 2311 ι
3821 2271 3825 2277 ‘

2820 2351 3136 2420 Responsio.

2230 2459 2257 2485 ‹‹
2292 2436 2411 2491 Hoc
2441 2435 2618 2492 debet
2641 2437 2892 2493 clericus
2923 2438 3283 2502 discernere,
3311 2455 3386 2493 an
3419 2454 3554 2493 cum
3602 2453 3806 2492 revera

2159 2525 2371 2580 mentis
2396 2543 2639 2597 compos
2670 2543 2788 2581 non
2822 2533 2998 2595 esset,
3032 2529 3143 2583 hoc
3173 2527 3398 2582 fecerit.
3433 2528 3596 2597 Saepe
3637 2526 3798 2580 enim

2158 2614 2221 2680 ii,
2247 2615 2347 2685 qui
2379 2614 2452 2669 ad
2489 2631 2623 2669 eum
2672 2615 2764 2669 cui
2797 2616 2907 2670 hoc
2938 2616 3154 2671 accidit
3191 2617 3510 2687 pertinent,
3534 2615 3800 2669 volentes

2157 2704 2394 2774 assequi
2412 2703 2774 2759 oblationem
2799 2710 2855 2759 et
2885 2706 3212 2760 orationem
3238 2705 3484 2776 proipso
3503 2703 3802 2757 mentiun-

2159 2795 2272 2857 tur,
2291 2798 2350 2846 et
2369 2793 2575 2846 dicunt
2597 2809 2729 2847 eum
2755 2810 2874 2846 non
2899 2795 3082 2848 fuisse
3107 2794 3262 2864 apud
3282 2811 3341 2847 se
3363 2794 3390 2847 ‘?
3408 2809 3795 2862 nonnunqam

2157 2888 2357 2937 autem
2380 2889 2620 2954 propter
2641 2883 3089 2937 insultationem
3121 2883 3450 2948 hominum,
3478 2881 3565 2934 vel
3596 2881 3797 2951 aliquo

2157 2971 2274 3026 alio
2297 2971 2471 3026 modo
2497 2988 2603 3042 per
2633 2971 3055 3043 negligentiam
3080 2972 3191 3025 hoc
3212 2971 3421 3025 fecisse
3468 2971 3578 3024 Pro
3605 2971 3806 3044 hujus-

2156 3061 2315 3115 modi
2347 3059 2565 3114 oblatio
2591 3077 2710 3114 non
2742 3067 2831 3114 est
2860 3059 3131 3114 facienda
3157 3077 3167 3112 :
3197 3065 3286 3115 est
3307 3060 3464 3113 enim
3497 3059 3586 3113 sui
3610 3059 3802 3112 homi-

2157 3148 2308 3204 cida.
2344 3150 2587 3221 Oportet
2617 3165 2751 3221 ergo
2775 3148 3056 3204 clericum
3081 3155 3351 3204 accurate
3382 3147 3692 3215 sciscitari,
3725 3164 3799 3202 ne

2159 3239 2221 3294 in
2245 3238 2541 3310 judicium
2573 3238 2816 3293 incidat.
2854 3261 2881 3286 »ι

2224 3329 2386 3382 ΒΑιε.
2408 3329 2705 3400 Interroga
2716 3333 2806 3382 tus
2824 3333 3084 3392 sanctus,
3111 3328 3158 3383 si
3180 3329 3249 3394 is,
3272 3328 3370 3398 qui
3394 3343 3514 3382 non
3533 3332 3623 3382 est
3638 3343 3798 3381 sanas

2153 3419 2392 3484 mentis,
2427 3417 2529 3472 sed
2562 3424 2792 3483 emotze,
2827 3417 2937 3472 sibi
2995 3425 3244 3473 mortem
3298 3418 3672 3484 consciverit,
3704 3417 3795 3471 vel

2154 3526 2215 3564 se
2249 3510 2525 3564 deorsum
2558 3508 2921 3580 praecipitem
2944 3508 3210 3564 dederit:
3236 3525 3310 3563 an
3343 3525 3448 3580 pro
3482 3526 3550 3563 eo
3580 3508 3800 3563 facien-

2152 3599 2228 3654 da
2275 3601 2352 3653 sit
2409 3599 2595 3653 oratio
2653 3599 2741 3652 vel
2786 3599 3004 3654 oblatio
3038 3598 3066 3652 ?
3110 3599 3258 3653 dixit
3297 3599 3454 3670 quod
3515 3600 3563 3654 si
3623 3599 3798 3654 homo

2152 3688 2392 3759 quidem
2415 3705 2616 3743 revera
2633 3695 2844 3742 emotaa
2868 3689 3105 3752 mentis,
3131 3688 3476 3742 etnesciens
3501 3688 3642 3758 quid
3666 3704 3798 3756 age-

2151 3783 2262 3844 ret,
2281 3777 2390 3832 sibi
2413 3793 2656 3832 manum
2689 3777 2974 3843 attulerit,
2998 3777 3088 3831 vel
3113 3795 3172 3832 se
3204 3776 3674 3848 prmcipitaverit,
3705 3776 3796 3830 vel

2151 3865 2351 3936 aliquo
2369 3865 2543 3921 modo
2563 3866 2926 3921 interemerit
2952 3885 2965 3931 ;
2992 3866 3214 3938 ﬁetpro
3235 3883 3302 3920 eo
3334 3865 3553 3920 oblatio
3585 3870 3643 3918 et
3663 3881 3814 3919 ora-'

2152 3955 2254 4010 tio.
2287 3955 2530 4026 Oportet
2557 3961 2754 4010 autem
2789 3972 2911 4016 eos.
2940 3959 3040 4026 qui
3075 3956 3149 4010 ad
3180 3955 3511 4010 orationem
3545 3970 3791 4009 evocan-

2149 4050 2265 4113 tur,
2313 4045 2609 4099 subtiliter
2647 4046 3040 4117 investigare;
3099 4044 3371 4116 nunquid
3419 4044 3507 4098 vel
3559 4049 3797 4114 propter

2149 4133 2333 4188 animi
2353 4132 2753 4198 timiditatem,
2776 4134 2867 4190 vel
2890 4134 3195 4189 hominum
3216 4133 3684 4196 insultationem,
3705 4133 3794 4202 vel

2149 4221 2349 4292 aliquo
2367 4222 2482 4276 ali)
2535 4221 2732 4284 modo,
2757 4222 3019 4293 prudens
3040 4239 3106 4277 ac
3158 4223 3352 4277 sciens
3393 4221 3534 4293 quid
3575 4226 3796 4293 ageret,

2149 4310 2261 4364 sibi
2284 4327 2527 4366 manum
2559 4311 2841 4365 attulerit.
2869 4313 2978 4366 Pro
3012 4311 3112 4366 tali
3136 4311 3296 4366 enim
3329 4327 3438 4366 nec
3459 4326 3649 4376 orare,
3685 4325 3795 4364 nec

2146 4400 2358 4454 offerre
2389 4405 2640 4470 oportet,
2672 4401 2954 4471 quoniam
2987 4402 3075 4455 sui
3098 4400 3396 4455 homicida
3427 4406 3534 4455 est.

2766 4488 3158 4558 Interrogatio.

461 4597 488 4623 ‹‹
524 4573 648 4628 Ἐάν
700 4593 848 4634 τινος
907 4574 1040 4647 γυνή
1098 4578 1401 4646 πνευματιᾷ
1435 4617 1448 4641 ,
1509 4571 1646 4628 ὥστε
1696 4573 1782 4628 καὶ
1845 4573 2038 4652 σίδηρα

2218 4600 2244 4626 ‹‹
2277 4577 2333 4632 Si
2365 4577 2618 4650 alicujus
2648 4595 2797 4633 uxor
2839 4579 3049 4649 spiritu
3102 4578 3439 4650 corripitur,
3464 4583 3530 4632 ut
3564 4577 3788 4633 ferreos

391 4668 598 4740 φορεῖν,
631 4663 659 4717 6
691 4659 747 4716 δὲ
778 4663 914 4736 ἀνὴρ
967 4659 1135 4736 λέγει⁹
1195 4665 1277 4718 δτι
1309 4662 1386 4719 Οὐ
1426 4660 1658 4736 δύναμαι
1719 4662 2034 4738 ἐγκρατεύε-

388 4754 532 4822 σθαι,
564 4751 654 4806 καὶ
687 4751 832 4815 θέλει
862 4746 1053 4806 λαϐεῖν
1083 4749 1283 4821 ἄλλην
1347 4753 1555 4829 ὀφείλει
1613 4747 1796 4808 λαϐεῖν
1830 4754 2035 4829 ἑτέραν,

386 4837 622 4910 ἢοῧςι

1043 4929 1245 5004 Ἀπὸκρ
1256 4951 1380 4993 ισις·

459 5043 486 5070 ‹‹
522 5018 762 5093 Μοιχεία
796 5013 1098 5090 μεσολαϐεῖ
1137 5023 1216 5089 τῷ
1272 5019 1574 5094 πράγματι·
1636 5018 1724 5074 καὶ
1754 5019 1876 5095 περὶ
1906 5021 2033 5076 τού-

382 5129 480 5164 του
507 5108 558 5163 τί
589 5107 965 5182 ἀποκρίνεσθαι
998 5107 1100 5161 οὐκ
1128 5104 1264 5183 ἔχω,
1297 5109 1333 5178 ἢ
1365 5107 1687 5186 ἐφευρίσκω.
1719 5132 1747 5159 ››

455 5202 660 5254 ΒΑΛΣ.
715 5196 844 5270 Περὶ
903 5193 1161 5270 ἀνδρὸςὴ
1195 5196 1462 5272 ἐρώτησις
1519 5194 1747 5274 ἔχοντος
1806 5204 2034 5266 γυναῖκα

377 5290 836 5360 Μευματιῶσαν,
893 5282 1064 5361 ἤγουν
1122 5285 1384 5360 πνεύματι
1443 5292 1672 5362 πονηρῷ
1727 5289 2032 5364 συνεχομὲ-

375 5398 499 5446 ντ,ν,
528 5375 620 5430 καὶ
653 5372 827 5436 οὕτως
889 5372 1249 5448 μαινομένην,
1281 5375 1357 5438 ὡς
1385 5374 1475 5431 καὶ
1531 5373 1778 5446 σιδήροις
1812 5375 2031 5451 δεσμεῖ-

377 5467 526 5536 σθαι,
553 5461 648 5519 ἳνα
704 5464 782 5536 μὴ
840 5463 1034 5532 ἑαυτὴν
1087 5461 1332 5538 ἀπολέσῃ
1393 5465 1429 5533 ἢ
1489 5465 1703 5537 ὶτὲρους
1758 5463 1962 5543 βλάψῃ,
1992 5465 2028 5537 ἦ

448 5591 474 5626 ⁸
501 5593 524 5649 I
553 5591 684 5648 Cor.
716 5605 820 5658 vn,
848 5591 902 5648 5.

447 5717 520 5790 (7)
551 5712 649 5773 Τό.
684 5715 853 5787 Lege,
881 5708 930 5768 ct
958 5713 1040 5771 τό.
1078 5713 1227 5772 Enrr.

2149 4666 2326 4721 etiam
2359 4667 2677 4738 compedes
2707 4673 2913 4738 gestet,
2947 4667 3032 4721 vir
3058 4673 3254 4722 autem
3282 4667 3474 4722 dicat:
3511 4669 3634 4721 Non
3666 4683 3790 4738 pos-

2148 4773 2278 4810 sum
2311 4757 2638 4822 continere,
2690 4763 2747 4810 et
2795 4757 2934 4811 velit
2989 4757 3168 4812 aliam
3197 4758 3503 4827 accipere:
3540 4756 3792 4810 debetne

2148 4844 2325 4900 aliam
2356 4847 2629 4918 accipere
2661 4863 2738 4901 an
2768 4862 2890 4900 non
2922 4846 2950 4900 ‘I
2982 4865 3006 4896 ι

2805 4934 3100 5004 Responsio
3119 4979 3131 4991 .

2216 5047 2244 5073 «
2279 5025 2342 5078 In
2374 5026 2484 5079 hac
2515 5041 2578 5079 re
2612 5024 2853 5094 quidem
2903 5025 3262 5079 adulterium
3313 5025 3647 5086 intercedit.
3682 5042 3792 5080 nec

2145 5113 2354 5180 habeo,
2378 5120 2479 5167 aut
2511 5114 2745 5167 invenio
2776 5113 2916 5182 quid
2945 5116 3017 5167 de
3050 5130 3117 5168 ea
3147 5115 3559 5185 respondeam.
3597 5137 3624 5163 ››

2214 5202 2375 5256 ΒΑιε.
2407 5202 2791 5271 Interrogatio
2823 5207 2910 5255 est
2940 5201 3011 5256 de
3044 5203 3279 5268 marito,
3312 5203 3411 5272 qui
3441 5202 3619 5258 habet
3648 5220 3789 5258 uxo~

2139 5307 2266 5347 rem
2299 5291 2508 5362 spiritu
2540 5295 2898 5362 correptam,
2929 5308 3032 5345 seu
3055 5291 3265 5363 spiritu
3294 5292 3451 5348 mala
3482 5293 3786 5362 agitatam,

2139 5388 2198 5438 et
2228 5383 2309 5438 ita
2338 5381 2656 5447 furentem,
2689 5388 2754 5436 ut
2784 5382 2960 5436 etiam
2990 5381 3198 5438 ferreis
3229 5383 3636 5455 compedibus,
3661 5401 3787 5439 ma-

2134 5471 2405 5544 nicisque
2435 5471 2670 5544 ligetur,
2721 5487 2796 5526 ne
2841 5471 3099 5544 seipsam
3157 5473 3495 5540 interﬁciat,
3530 5473 3616 5530 vel
3639 5472 3786 5527 alios
