4128 6268
425 335 582 438 1307

1110 377 1504 442 ΤΙΜΟΤΗΕΙ
1547 379 1773 443 ALEX.
1818 371 2063 437 EPISG.

2197 369 2496 435 ’ISTOLA
2536 377 2642 435 AD
2687 375 3133 438 DlODORUM.

3675 377 3838 438 1308

423 509 618 577 ludat,
647 525 784 566 cum
816 527 934 582 qua
962 511 1088 584 ipse
1120 530 1248 568 rem
1276 514 1494 570 habere
1526 532 1646 570 non
1678 517 1905 587 potest;
1928 507 2070 563 dicit

2197 502 2454 569 ῐυνελθεῖν
2487 505 2645 562 αὐτὸν
2694 503 2974 579 ἀδύνατον,
3033 507 3119 562 καὶ
3183 505 3441 582 λέγοντος
3502 515 3831 587 σωφρονεῖν,

421 603 624 654 autem
655 615 717 654 se
751 615 870 654 non
899 616 1070 672 posse
1101 603 1432 665 continere,
1476 609 1535 658 et
1569 603 1694 658 vult
1723 603 1900 657 aliam
1924 618 2072 656 uxo-

420 703 550 744 rem
573 686 900 759 legitimam
939 690 1229 761 accipere.
1263 693 1588 764 Responsio
1639 698 1837 748 autem
1869 696 1977 755 est,
2010 706 2073 746 se

426 778 582 835 nihil
619 794 792 850 posse
823 779 1040 835 dicere.
1074 783 1174 836 Est
1209 783 1368 837 enim
1400 782 1781 848 adulterium,
1817 783 1864 837 si
1887 777 2070 837 'cons-

425 873 588 924 tante
629 867 1034 935 matrimonio,
1067 870 1152 924 vir
1197 871 1375 926 aliam
1430 872 1744 927 mulierem
1795 872 1971 926 ducat
2009 870 2070 924 in

423 956 892 1014 matrimonium.
927 959 1008 1013 Ex
1039 959 1271 1015 novella
1311 967 1510 1016 autem
1558 961 1934 1034 imperatoris
1965 960 2072 1014 do-

418 1045 569 1101 mini
601 1045 811 1101 Leonis
833 1046 1175 1120 Philosophi
1201 1050 1414 1105 marito
1437 1067 1786 1106 concessum
1805 1056 1913 1112 est,
1939 1065 2072 1105 mu-

419 1134 589 1192 lieris
627 1151 758 1207 quas
788 1143 1075 1208 perpetua
1097 1138 1332 1194 insania
1357 1139 1606 1208 laborat,
1631 1141 1855 1196 solvere
1868 1138 2070 1195 matri-

419 1223 732 1281 monium:
767 1226 961 1281 soluto
990 1232 1189 1282 autem
1251 1228 1655 1296 matrimonio,
1687 1229 1830 1284 licet
1857 1229 2071 1285 marito

422 1313 601 1372 aliam
630 1331 877 1372 uxorem
927 1316 1323 1375 introducere.

1051 1408 1438 1479 Interrogatio.

488 1515 518 1543 «
555 1493 614 1549 Si
645 1494 781 1566 quis
805 1493 1113 1566 jejunans,
1155 1501 1222 1551 ut
1277 1497 1698 1558 communicet.
1749 1514 1815 1554 os
1844 1497 2070 1564 levans,

420 1581 518 1638 vel
546 1582 607 1637 in
639 1581 855 1639 balneo
887 1599 1104 1656 aquam
1142 1584 1296 1642 bibit
1324 1585 1575 1642 nolens:
1625 1585 1879 1643 debetne
1909 1603 2073 1642 com-

421 1669 728 1727 municare
751 1671 779 1726 ?
811 1693 840 1723 »

1085 1765 1380 1833 Responsio
1395 1805 1410 1821 .

491 1868 520 1896 α
560 1846 708 1912 Quia
739 1848 918 1904 etiam
949 1849 1176 1906 invenit
1197 1852 1442 1908 Satanas
1473 1853 1847 1908 occasionem
1869 1852 2068 1924 prohi-
2100 1873 2149 1939 Β

419 1933 604 1992 bendi
636 1951 772 1992 eum
797 1953 831 1993 a
847 1940 1799 2013 communione,frequentiushoc
1821 1941 2017 1998 faciet.
2037 1962 2066 1992 »

1045 2030 1434 2100 Interrogatio.

493 2134 523 2164 «
556 2113 900 2172 Sermonem
929 2117 1033 2172 Dei
1065 2134 1220 2189 saape
1251 2117 1560 2174 audientes
1588 2121 1648 2173 et
1683 2134 1804 2174 non
1846 2117 2068 2174 facien-

421 2204 532 2270 tes,
563 2217 641 2258 an
672 2219 878 2259 sumus
895 2203 1125 2275 judicio
1157 2205 1442 2262 obnoxii?
1467 2226 1496 2259 ο

1087 2294 1401 2365 Responsio.

490 2401 520 2430 κ
554 2381 612 2436 Si
643 2397 764 2438 non
790 2380 1102 2448 faciamus,
1135 2401 1245 2439 nec
1293 2400 1402 2440 nos
1449 2402 1726 2442 accusare
1757 2387 2067 2460 contingit,

417 2467 580 2541 quod
623 2469 937 2525 audientes
993 2487 1114 2526 non
1173 2489 1506 2544 pareamus.
1541 2476 1642 2529 Est
1688 2480 1887 2531 autem
1930 2493 2068 2548 pars

427 2556 636 2612 salutis
670 2558 897 2630 seipsos
926 2577 1224 2618 accusare.
1259 2583 1289 2612 »

1044 2651 1414 2722 Interrogatio
1430 2693 1443 2707 .

491 2758 519 2787 ιι
553 2737 637 2792 Ex
661 2753 922 2809 quanam
953 2745 1125 2795 astate
1147 2756 1182 2796 a
1201 2740 1320 2796 Deo
1342 2741 1693 2813 judicantur
1722 2749 1964 2816 peccata
1989 2743 2016 2800 ?
2037 2765 2068 2795 »

1082 2921 1376 2990 Responsio
1389 2958 1405 2976 .

481 3028 512 3058 «
540 3009 624 3064 Ex
646 3008 1122 3081 uniuscujusque
1152 3010 1489 3082 cognitione
1514 3017 1572 3066 et
1593 3011 1946 3084 prudentia:
1980 3013 2069 3069 illi

418 3096 667 3170 quidem
697 3114 732 3152 a
761 3096 1055 3154 decennio
1085 3115 1098 3151 :
1132 3099 1192 3153 hi
1221 3116 1357 3156 vero
1389 3116 1424 3155 a
1451 3101 1662 3173 majori
1693 3107 1886 3160 etate.
1923 3124 1947 3153 ν

485 3187 651 3241 Βλιε.
686 3187 767 3240 Ex
807 3186 1280 3259 uniuscujusque
1302 3190 1637 3260 cognitione
1656 3196 1715 3245 et
1735 3191 2067 3264 intelligen-

412 3275 497 3331 tia
528 3273 672 3330 dicit
703 3291 739 3330 a
769 3275 886 3330 Deo
929 3282 1172 3346 peccata
1210 3277 1489 3347 judicari.
1529 3279 1695 3333 Pueri
1737 3281 1916 3347 enim,
1962 3282 2063 3353 qui

416 3368 557 3419 sunt
573 3363 819 3419 acrioris
843 3369 901 3418 et
930 3365 1318 3436 vigilantioris
1341 3372 1566 3421 natur-aa
1599 3367 1818 3423 bonum
1851 3376 1910 3424 et
1936 3387 2061 3426 ma-

412 3452 543 3508 lum
571 3452 747 3507 citius
775 3452 1154 3508 discernunt:
1181 3455 1282 3525 qui
1329 3460 1526 3510 autem
1563 3462 1704 3511 sunt
1741 3457 2060 3515 hebetioris

411 3541 810 3613 tardiorisque
866 3543 1110 3612 ingenii,
1155 3545 1305 3599 tardi
1356 3551 1495 3600 sunt
1541 3545 1614 3600 ad
1662 3548 2062 3620 cognitionem

411 3631 542 3702 ejus
574 3630 732 3702 quod
765 3631 892 3686 fieri
925 3638 1175 3704 oportet.
1210 3633 1347 3688 Ideo
1380 3633 1500 3688 illis
1530 3634 1770 3706 quidem
1803 3636 1950 3691 dicit
1988 3637 2060 3692 ab

411 3736 569 3777 anno
600 3719 828 3776 decimo
860 3723 1120 3793 reputari
1153 3728 1496 3794 peccatum:
1521 3724 1614 3780 his
1645 3742 1779 3780 vero
1811 3743 1845 3782 a
1876 3727 2064 3799 majo-

409 3810 461 3866 ri
493 3815 552 3866 et
570 3810 910 3882 perfectiori
942 3815 1134 3866 astate.

483 3986 561 4059 (8)
591 3982 852 4048 Θέλοντός
882 4004 942 4040 τε
972 3987 1162 4054 Forte,
1197 3984 1456 4048 θέλοντος
1487 3983 1563 4044 δέ.
1605 3990 1761 4047 Eutr.

2097 3230 2238 3342 οεθ

2183 590 2438 656 θέλοντός
2495 616 2553 650 τε
2610 599 2688 670 (8)
2741 592 2927 650 λαϐεῖν
3014 602 3238 670 γυναῖκα
3309 597 3490 670 ἑτέραν
3550 598 3828 672 νομίμως.

2181 683 2244 737 Ἦ
2276 679 2332 737 δὲ
2356 685 2664 758 ἀπόκρισις⁹
2723 685 2804 741 ὅτι
2861 685 2924 740 οὐ
2979 683 3198 741 δύναταί
3255 707 3312 741 τε
3370 686 3562 743 εἰπεῖν.
3593 690 3834 764 Μοιχεία

2179 772 2281 846 γάρ
2339 772 2472 845 ἐστι,
2528 776 2611 845 τὸ,
2668 772 2745 830 ἔτι
2803 777 3194 848 συνισταμένου
3249 779 3347 830 τοῦ
3379 777 3582 849 γάμου,
3643 777 3828 852 ἑτέραν

2180 861 2475 937 ἀγαγέσθαι
2507 864 2600 918 τὸν
2633 862 2799 938 ἄνδρα
2849 871 3073 940 γυναῖκα
3139 864 3216 926 εἷς
3283 860 3608 936 συμϐίωσιν.
3640 870 3743 924 Ἐκ
3776 865 3832 922 δὲ

2179 957 2281 1020 τῆς
2311 958 2505 1027 νεαρᾶς
2530 958 2625 1009 τοῦ
2661 954 2928 1029 βασιλέως
2961 954 3152 1030 κυρίου
3183 953 3410 1016 Λέοντος
3455 960 3549 1010 τοῦ
3581 955 3830 1012 Φιλοσό-

2181 1060 2306 1116 φου,
2340 1037 2552 1097 δέδοται
2606 1043 2683 1116 τῷ
2713 1041 2888 1115 ἀνδρὶ,
2951 1045 3287 1116 μαινομένης
3345 1040 3568 1113 διηνεκῆ
3629 1049 3827 1117 μανίαν

2178 1131 2278 1198 τῆς
2333 1132 2605 1206 γυναικὸς,
2665 1132 2814 1188 λύειν
2861 1134 2954 1188 τὸν
3004 1135 3201 1210 γάμον·
3255 1137 3354 1189 τοῦ
3409 1137 3590 1209 γάμου
3639 1135 3695 1193 δὲ
3727 1137 3833 1193 λυ-

2181 1216 2382 1286 θέντος,
2436 1213 2603 1290 ἔξεστι
2668 1225 2747 1293 τῷ
2805 1219 2958 1294 ἀνδρὶ
3019 1221 3200 1297 ἑτέραν
3273 1223 3530 1294 νομίμως
3597 1225 3824 1282 εἰσοικί-

2180 1317 2391 1370 σασθαι.

2838 1400 3166 1472 Ἐρώτησις.

2251 1515 2280 1542 ‹‹
2313 1491 2438 1548 Ἐὰν
2472 1487 2861 1560 νηστεύωνιτις
2917 1487 3003 1542 ἐπὶ
3063 1494 3144 1560 τῷ
3173 1501 3530 1562 κοινωνῆσαι,
3561 1493 3832 1566 νιπτόμε-

2178 1599 2267 1642 νος
2299 1579 2361 1634 τὸ
2408 1578 2584 1652 στόμα
2622 1579 2656 1649 ἢ
2689 1579 2740 1632 έν
2799 1581 2879 1649 τῷ
2930 1575 3203 1652 βαλανείῷ
3259 1583 3508 1637 κατέπιεν
3568 1580 3712 1655 ὕδωρ
3752 1584 3829 1656 μή

2181 1665 2378 1734 θέλων·
2413 1667 2624 1744 ὀφείλει
2655 1673 2984 1736 κοινωνῆσαι
3019 1689 3033 1736 ;

2832 1754 3168 1830 Ἀπόκρισις.

2255 1846 2463 1906 αἘπεὶ
2521 1848 2669 1923 εὗρεν
2721 1848 2747 1902 ὁ
2792 1852 3035 1908 Σατανᾶς
3098 1848 3351 1925 ἀφορμὴν
3410 1849 3508 1905 τοῦ
3564 1849 3826 1906 κωλεύειν

2180 1941 2338 1998 αὐτὸν
2370 1947 2470 2011 τῆς
2501 1939 2813 2008 κοινωνίας,
2837 1941 3162 2015 συχνότερον
3195 1945 3356 1997 τοῦτο
3387 1945 3628 2014 ποιήσει.
3665 1967 3694 1994 ιι

2841 2027 3163 2104 Ἐρώτησις.

2252 2144 2280 2170 u
2315 2123 2542 2196 Συχνῶς
2602 2116 2890 2182 ἀκούοντες
2916 2119 3008 2173 τὸν
3039 2115 3202 2193 λόγον
3257 2124 3354 2174 τοῦ
3412 2124 3565 2188 Θεοῦ,
3625 2120 3713 2174 καὶ
3751 2120 3828 2193 μὴ

2176 2213 2481 2277 ποιοῦντες,
2519 2210 2622 2282 ἄρα
2656 2208 2759 2262 ὑπὸ
2788 2207 3103 2282 κατάκρισίν
3136 2208 3293 2281 ἐσμεν
3326 2229 3339 2278 ;
3377 2233 3404 2260 ››

2835 2298 3173 2370 Ἀπόκρισις.

2248 2410 2278 2439 «
2318 2385 2386 2444 Εἰ
2416 2385 2506 2440 καὶ
2541 2387 2617 2458 μή
2651 2390 2940 2458 ποιοῦμεν,
2973 2385 3100 2440 ἀλλ’
3132 2385 3229 2440 οὐκ
3251 2384 3524 2462 ἐνδέχεται
3562 2389 3636 2459 μὴ
3674 2388 3828 2460 μέμ-

2176 2477 2365 2550 φεσθαι
2416 2474 2659 2546 ἑαυτοὺς,
2712 2474 2794 2528 ὅτι
2855 2474 3144 2538 ἀκούοντες
3194 2475 3595 2549 παρακούομεν·
3661 2476 3827 2552 μέρος

2177 2561 2235 2620 δὲ
2259 2564 2534 2639 σωτηρίας
2568 2563 2676 2618 ἐστὶ
2709 2564 2796 2618 καὶ
2832 2563 2894 2617 τὸ
2931 2564 3236 2637 μέμφεσθαι
3265 2563 3509 2626 ἑαυτούς.
3551 2589 3572 2616 ι

2840 2652 3189 2727 Ἐρώτησις.ῗ

2253 2765 2282 2795 ι(
2313 2742 2410 2800 Ἐκ
2437 2739 2600 2803 ποίας
2638 2740 2822 2816 κείρας
2880 2740 3155 2816 κρίνονται
3213 2739 3359 2816 παρὰ
3389 2745 3522 2797 Θεοῦ
3552 2740 3618 2795 τὰ
3645 2742 3822 2817 ἁμαρ-

2177 2833 2245 2904 τή
2256 2852 2398 2906 ματα
2421 2849 2434 2900 ;
2471 2856 2500 2884 ››

2830 2917 3167 2992 Ἀπόκρισις.

2255 3034 2282 3062 α
2314 3010 2455 3082 Πρὸς
2483 3009 2580 3077 τὴν
2615 3013 2808 3084 γνῶσιν
2867 3009 3092 3063 ἑκάστου
3147 3009 3237 3063 καὶ
3289 3011 3388 3078 τήν
3441 3008 3806 3086 φρόνησιν.οὶ

2183 3101 2279 3172 μὶν
2312 3101 2417 3154 ἀπὸ
2451 3095 2734 3160 δεκαετοῦς
2761 3097 2965 3171 κείρας,
2999 3099 3050 3151 οἱ
3084 3096 3139 3152 δὲ
3164 3098 3252 3151 καὶ
3288 3097 3558 3170 μείζονος,
3597 3123 3623 3150 ››

2253 3191 2457 3246 ΒΑΛΣ.
2493 3187 2634 3261 Πρὸς
2677 3189 2776 3256 τήν
2819 3191 3015 3260 γνῶσιν
3071 3186 3296 3241 ἑκάστου
3354 3187 3442 3241 καὶ
3472 3187 3534 3242 τὸ
3567 3189 3822 3265 φρόνημα

2244 3277 2575 3352 ηκρίνεσθαι
2615 3280 2695 3347 τῷ
2753 3279 2869 3347 Θεῷ
2927 3275 2990 3328 τὰ
3046 3277 3536 3348 ἁμαρτήματα.Οἱ
3597 3279 3690 3349 μὲν
3719 3277 3822 3350 γὰρ

2173 3367 2424 3437 οξυτέρας
2498 3385 2708 3440 φυσεως
2793 3360 2940 3424 ὄντες
3003 3369 3110 3418 τῶν
3175 3362 3384 3420 παίδων
3462 3367 3551 3419 καὶ
3611 3365 3827 3437 μᾶλλον

2169 3454 2532 3531 ἐγρηγορυίας
2569 3498 2582 3518 ,
2642 3455 3053 3527 συντομώτερον
3116 3450 3456 3527 διακρίνουσι
3539 3456 3601 3509 τὸ
3657 3454 3824 3509 καλὸν

2170 3543 2258 3600 καὶ
2290 3543 2343 3598 τὶ
2372 3545 2435 3598 τὸ
2469 3548 2677 3618 χεῖρον*
2731 3543 2782 3596 οἱ
2815 3540 2872 3596 δὲ
2902 3543 3244 3618 νωθροτέρας
3297 3544 3552 3618 τυχόντες
3580 3543 3669 3596 καὶ
3701 3543 3828 3596 ἀνα-

2170 3633 2518 3693 πεπτωκυίας
2549 3628 2730 3705 ἕξεως,
2769 3628 2984 3707 βραδεῖς
3039 3631 3140 3685 εἶσι
3196 3632 3332 3706 πρὸς
3363 3633 3462 3700 τὴν
3497 3636 3694 3706 γνῶσιν
3726 3635 3828 3687 τοῦ

2173 3720 2410 3783 δέοντος.
2441 3721 2534 3776 Διὸ
2563 3726 2684 3784 τοῖς
2718 3720 2810 3793 μὲν
2859 3720 2964 3774 ἀπὸ
3008 3721 3232 3794 γικάτου
3291 3720 3533 3775 ἐνιαυτοῦ
3562 3727 3662 3789 τῆς
3692 3719 3821 3789 ἡλι-

2171 3812 2290 3874 κίας
2321 3811 2497 3866 αὐτῶν
2531 3809 2848 3885 λογίζεσθαι
2901 3810 3017 3863 εἷπε
3073 3809 3140 3864 τὰ
3190 3809 3583 3883 ἁμαρτήματα,
3615 3815 3731 3871 τοῖς
3767 3806 3826 3864 δὲ

2173 3901 2232 3958 ἰκ
2265 3900 2508 3975 μείζονος
2541 3900 2630 3953 καὶ
2658 3897 3009 3973 τελεωτέρας.

852 4370 1854 4524 ΤΙΜΟΤΗΕΙ
1909 4373 2070 4524 Αξ

2197 4372 3381 4524 EXANDRINI

1808 4613 2413 4711 EPISTOLA

1425 4825 1522 4880 AD
1562 4822 1935 4883 DIODORUM
1973 4823 2346 4882 TYRENSEM
2385 4823 2804 4881 EPISCOPUM.

902 4977 1095 5052 (Apud
1123 4976 1467 5037 Facundum
1492 4977 2023 5047 Hermianensem;
2057 4978 2204 5052 Opp.
2237 4976 2559 5047 Sirmondi,
2591 4981 2633 5032 t.
2666 4978 2735 5046 II,
2768 4994 2826 5049 p.
2863 4981 2967 5033 512
2993 4977 3085 5034 ed.
3122 4978 3333 5050 Paris.)

482 5332 734 5393 Domino
766 5351 927 5404 meo,
956 5353 1063 5409 per
1091 5340 1305 5392 cuncta
1351 5332 1692 5390 honorabili
1723 5338 1782 5389 et
1812 5333 2064 5389 sanctis-

410 5425 564 5482 simo
588 5421 864 5496 episcopo
881 5423 1360 5481 etconsacerdoti
1384 5423 1659 5492 Diodoro,
1678 5423 2064 5478 Thimotheus

412 5513 476 5571 in
507 5510 739 5568 Christo
771 5511 1046 5567 salutem.

486 5601 774 5658 Virtutem
831 5606 992 5658 tuam
1023 5607 1081 5658 et
1117 5602 1248 5657 vitae
1300 5599 1723 5672 perfectionem
1777 5605 1835 5655 et
1875 5598 2065 5656 zelum

415 5695 592 5750 recte
633 5697 693 5748 et
720 5690 1059 5765 apostolica:
1091 5695 1205 5746 tua;
1229 5687 1390 5758 fidei,
1412 5705 1517 5761 pro
1546 5687 1832 5761 dignitate
1850 5686 2071 5760 praedi-

2175 5348 2308 5390 care
2332 5348 2715 5404 nequaquam
2735 5337 2960 5404 potero,
2987 5334 3167 5388 etiam
3187 5331 3235 5387 si
3255 5332 3508 5388 nimium
3540 5351 3828 5406 propera-

2173 5438 2310 5477 vero
2337 5439 2350 5478 :
2385 5438 2503 5478 non
2536 5423 2695 5478 enim
2728 5431 3042 5494 sequantur
3075 5439 3380 5479 sermones
3414 5431 3470 5478 et
3502 5441 3616 5480 res.
3655 5425 3828 5482 Vobis

2178 5527 2248 5568 ex
2279 5517 2440 5565 certo
2471 5511 2752 5566 donatum
2789 5518 2896 5574 est,
2931 5513 3051 5566 non
3075 5511 3267 5566 solum
3299 5512 3540 5567 credere
3573 5514 3634 5568 in
3663 5513 3828 5569 Chri-

2179 5603 2336 5654 stum
2377 5600 2600 5667 Jesum,
2633 5601 2735 5656 sed
2769 5600 2945 5655 etiam
2989 5617 3094 5672 pro
3125 5601 3252 5671 ipso
3283 5601 3427 5672 pati.
3469 5601 3630 5658 Hanc
3661 5610 3830 5659 tuam

2176 5691 2403 5748 rectam
2421 5693 2478 5746 et
2507 5689 2742 5746 beatam
2764 5688 2922 5746 circa
2951 5690 3137 5750 Deum
3168 5689 3552 5762 voluntatem,
3586 5696 3646 5748 et
3663 5691 3832 5750 inde-
