4128 6268
315 384 478 445 1309

310 515 665 576 clinabilem
693 515 852 571 circa
882 512 1117 585 pietatis
1142 513 1494 584 mysterium
1522 511 1974 576 conscientiam,

314 609 463 665 olim
498 607 660 662 vobis
691 607 885 660 inesse
919 609 976 659 et
1004 603 1239 658 divinus
1274 620 1424 675 papa
1469 609 1672 658 noster
1719 602 1976 658 Athana-

315 699 447 754 sius
477 702 791 753 attestatus
823 700 914 750 est
943 699 1149 748 vestra
1181 693 1577 767 religiositati,
1611 698 1670 749 et
1699 710 1808 748 nos
1841 709 1979 748 suos

314 786 647 859 discipulos
661 784 992 841 adduxitad
1012 783 1330 840 amandam
1348 788 1508 839 tuam
1527 782 1976 856 perfectionem,

978 376 1526 441 APOLINARIUS
1568 374 1993 440 EPISCOPUS
2037 375 2553 438 LAODICENUS.
2601 408 2678 420 ——
2721 374 3074 439 NOTITIA.

3585 381 3741 443 1310

2085 516 2144 565 et
2172 526 2340 566 orare
2371 525 2405 564 a
2434 510 2549 564 Deo
2581 508 2640 565 in
2672 508 2892 564 multos
2923 525 3219 565 annorum
3250 511 3534 568 circuitus
3574 531 3734 585 pra-

2088 599 2306 658 servari
2338 604 2588 655 vestram
2620 598 2819 668 vitam,
2852 598 2926 654 ad
2956 599 3278 655 utilitatem
3337 601 3734 661 Ecclesiarum

2086 690 2324 747 Christi.

1704 1155 1853 1194 ANNO
1893 1154 2081 1194 DOHlNl
2123 1154 2412 1194 CCCLXXXI.

1153 1368 2902 1558 APOLINARIUS

1237 1735 2044 1834 LAODICENUS
2118 1733 2809 1833 EPISCOPUS

1785 2136 2313 2253 NOTITIA,

884 2399 1210 2470 (GALLAND.,
1252 2400 1506 2455 Veterum
1535 2400 1760 2454 Patrum
1789 2397 2077 2468 Biblioth.,
2109 2401 2154 2455 t.
2185 2399 2249 2466 V,
2283 2397 2513 2472 Proleg.
2544 2415 2603 2471 p.
2635 2416 2810 2467 xxvu,
2847 2404 2904 2456 et
2930 2417 2988 2472 p.
3023 2401 3170 2472 359.)

390 2554 432 2608 Ι.
469 2553 874 2625 Apolinarius,
901 2561 1061 2624 patre
1083 2555 1402 2624 presbytero
1458 2553 1535 2623 (a)
1588 2551 1698 2607 sibi
1755 2569 1971 2625 cogno-
2004 2553 2050 2619 B
2078 2553 2436 2630 πεμφθέντες.
2469 2554 2758 2610 Caterum
2791 2572 2926 2610 cum
2983 2561 3240 2621 constet,
3284 2572 3352 2611 eo
3403 2555 3531 2627 ipso
3580 2559 3736 2609 tem-

324 2643 508 2709 mine,
540 2642 840 2698 Laodicea
882 2644 943 2697 in
1005 2642 1172 2714 Syria
1227 2648 1412 2706 ortus,
1471 2641 1658 2697 lector
1710 2641 1971 2714 primum

326 2731 665 2786 Laodicena
698 2731 861 2787 illius
891 2731 1192 2800 Ecclesia,
1225 2738 1290 2786 ut
1337 2731 1544 2787 scribit
1572 2731 1840 2787 Socrates
1873 2732 1969 2802 (ὁ),

315 2819 430 2875 fuit
458 2820 787 2877 ordinatus.
823 2821 1252 2876 Humaniorum
1285 2819 1734 2892 disciplinarum
1762 2819 1975 2890 peritia

324 2911 672 2976 instructus,
699 2913 874 2981 poeta
904 2925 1141 2980 quoque
1163 2909 1416 2964 eximius
1446 2914 1622 2980 atque
1655 2913 1855 2964 orator
1881 2907 1974 2962 in-

317 2999 503 3073 signis
537 2998 628 3070 (c),
661 2998 922 3069 ingenio,
977 2997 1422 3064 exercitatione,
1473 2997 1743 3052 doctrina
1784 2997 1969 3068 pluri-

317 3104 482 3144 mum
515 3086 814 3157 excelluit,
846 3087 1233 3157 omniumque
1251 3086 1607 3158 scriptorum
1627 3085 1969 3158 cOpiosissi-

322 3195 455 3232 mus
485 3175 675 3232 audiit
705 3176 807 3248 (ἁ).
841 3177 910 3231 Et
940 3193 1170 3249 magna
1201 3175 1443 3247 quidem
1476 3175 1536 3231 in
1558 3175 1821 3232 Ecclesia
1851 3177 1975 3231 exi-

320 3265 680 3320 stimationis
711 3263 880 3318 illum
911 3264 1116 3331 fuisse,
1141 3265 1363 3335 passim
1387 3279 1456 3318 ex
1479 3264 1774 3319 veteribus
1796 3263 1974 3318 intel-

314 3355 552 3428 ligimus
585 3354 693 3424 (e);
729 3353 828 3424 qui
874 3360 1190 3425 propterea
1236 3352 1415 3408 fuerit
1463 3353 1536 3407 ad
1582 3353 1969 3408 Laodicenam

319 3443 641 3500 Ecclesiam
671 3442 991 3514 regendam
1018 3447 1276 3498 evectus.
1301 3443 1500 3512 Neque
1524 3442 1684 3496 enim
1717 3442 1787 3495 de
1819 3444 1971 3514 Apo-

314 3532 515 3589 linarii
549 3532 894 3604 episcopatu
925 3530 1198 3586 dubitare
1230 3547 1362 3585 cum
1406 3531 1612 3585 Photio
1645 3531 1715 3601 (f)
1743 3529 1830 3586 fas
1861 3536 1970 3588 est.

318 3621 504 3676 Silent
533 3619 771 3690 quidem
797 3620 907 3674 hac
963 3617 1033 3673 de
1083 3636 1145 3673 re
1193 3619 1508 3691 Gregorius
1549 3619 1968 3686 Nazianzenus,

326 3709 599 3775 Basilius,
633 3707 1020 3779 Epiphanius,
1053 3707 1461 3778 Theodoritus,
1486 3708 1755 3762 Socrates
1785 3724 1852 3763 ac
1869 3709 1973 3762 So-

323 3814 626 3864 zomenus;
654 3798 798 3868 quin
813 3802 868 3851 et
894 3797 1172 3851 Leontius
1197 3795 1548 3867 Byzantinus
1572 3812 1704 3850 eum
1727 3797 1973 3867 presby-

323 3893 516 3942 terum
547 3885 835 3941 duntaxat
861 3884 1124 3956 appellat
1152 3886 1230 3954 (θ)
1259 3901 1271 3939 :
1307 3891 1367 3940 at
1395 3900 1528 3938 vero
1561 3885 1970 3956 Apolinarium
2001 3917 2042 3984 Ο

321 3976 502 4032 fuisse
533 3974 860 4030 antistitem
884 3973 1277 4029 Laodicenum
1303 3978 1552 4028 testatur
1577 3975 1969 4045 Hieronymus

323 4064 402 4135 (ἢ)
436 4064 537 4136 qui
569 4081 702 4119 eum
738 4063 917 4134 probe
937 4067 1204 4131 noverat,
1237 4063 1454 4134 quippe
1504 4079 1637 4118 cum
1662 4065 1841 4133 ipsum
1869 4081 1968 4119 au-

325 4154 488 4208 dierit
518 4152 828 4209 Antiochia
857 4155 1174 4221 frequenter
1229 4158 1282 4205 et
1338 4153 1569 4207 coluerit
1627 4153 1708 4221 (i).
1771 4155 1969 4224 Neque

325 4243 495 4299 aliter
524 4242 772 4299 Ruﬁnus
803 4243 892 4312 (j),
935 4241 1246 4295 Nemesius
1305 4242 1399 4312 (k),
1451 4241 1879 4314 Philostorgius
1907 4243 1969 4313 (ι)

322 4334 558 4406 aliique.
578 4331 962 4400 Quandonam
985 4348 1120 4386 vero
1147 4332 1206 4386 id
1225 4333 1556 4404 contigerit,
1572 4333 1737 4387 valde
1761 4351 1967 4404 opero-

325 4441 452 4478 sum
474 4429 562 4478 est
583 4422 852 4489 definire,
879 4422 924 4477 si
949 4420 1158 4478 audias
1178 4421 1565 4492 Lequienium
1590 4422 1704 4493 (γη).
1727 4425 1798 4476 At
1821 4422 1970 4478 illud

323 4513 532 4568 saltem
564 4511 934 4584 exploratum
966 4512 1256 4566 habemus
1286 4511 1539 4566 concilio
1569 4511 1970 4568 Alexandrino

322 4620 479 4660 anno
511 4603 616 4658 362
646 4603 718 4658 ab
750 4602 1070 4658 Athanasio
1103 4601 1400 4657 celebrato
1431 4600 1720 4672 quosdam
1763 4618 1973 4658 mona-

320 4692 458 4746 chos
491 4689 832 4746 interfuisse
878 4689 950 4744 ab
1005 4688 1350 4760 Apolinario
1409 4688 1682 4760 episcopo
1742 4689 1802 4742 in
1861 4689 1971 4744 hoc

318 4781 516 4852 ipsum
563 4779 777 4833 missos
809 4777 931 4848 (n):
967 4779 1221 4849 Παρῆσαν
1247 4774 1338 4830 καί
1393 4794 1535 4838 τινες
1581 4771 1972 4850 ’Λπολιναρίου

317 4873 414 4923 τοῦ
473 4867 777 4922 ἐπισκόπου
867 4865 1216 4936 μονάζοντες,
1269 4884 1403 4939 παρ,
1459 4863 1624 4919 αὐτοῦ
1681 4864 1756 4926 εἷς
1809 4868 1971 4920 τοῦτο

411 5011 467 5069 a)
498 5001 759 5065 Hieron,
791 4997 899 5070 lib.
911 4999 1006 5070 *οε
1043 4997 1165 5053 Vir.
1198 4998 1400 5054 illustr.
1434 5015 1562 5070 cap.
1598 5000 1720 5054 105.

411 5011 467 5069 α)
498 5004 759 5065 Hieron.,
793 5004 897 5054 lib.
931 5004 1006 5054 De
1045 5004 1165 5053 Vir.
1198 5004 1349 5054 iuuet

391 5004 472 5144 ib)
504 5073 643 5144 [list
681 5071 838 5144 ecclt,
867 5067 966 5144 lib.
1001 5085 1062 5135 ιι,
1094 5085 1222 5140 cap.
1262 5071 1351 5144 156.

416 5135 464 5214 (ε)
497 5141 683 5214 811ὶᾲ.,
714 5159 766 5194 ν.
801 5135 1068 5214 Ἀπολὲνςν
1103 5135 1483 5214 ῐρὶιξχίνφιεο
1524 5141 1649 5196 280-

416 5149 464 5214 r)
497 5149 683 5206 Suid.,
714 5159 766 5194 ν.
804 5149 1068 5204 Ἀπολιν.,
1103 5149 1241 5194 tom.
1275 5149 1322 5206 Ι,
1352 5154 1461 5211 pag

391 5149 470 5285 Ed)
502 5212 702 5285 Basil.,
735 5212 906 5283 epist.
940 5211 1062 5275 244,
1092 5211 1166 5266 al.
1191 5211 1288 5285 _82,
1321 5207 1351 5281 §
1383 5226 1461 5266 ιιι.

391 5283 461 5358 (e)
496 5284 730 5358 Epiph.,
765 5285 906 5358 har.
940 5297 1152 5358 Lxxyii,
1184 5283 1211 5349 §
1241 5297 1393 5358 xxix.

388 5351 453 5428 (ἶ
488 5351 682 5422 Ρῐιοὶη
709 5355 770 5410 in
803 5354 972 5425 epist.
1009 5352 1278 5419 Philost.,
1312 5351 1416 5408 lib.
1449 5367 1569 5420 vm,
1601 5369 1728 5424 cap.
1765 5356 1849 5410 l5.

388 5365 459 5498 [gl
493 5429 718 5494 Leont.,
749 5427 826 5479 De
854 5425 1046 5494 Sectis,
1078 5428 1190 5478 act.
1225 5440 1298 5490 ιν,
1351 5439 1481 5496 pag.
1533 5426 1658 5494 506,
1710 5430 1849 5480 tom.

383 5425 459 5498 (ᾖ)
493 5429 718 5494 Leont.,
749 5427 826 5479 De
854 5425 1046 5494 Sectis,
1078 5428 1190 5478 act.
1225 5440 1298 5490 ιν,
1351 5439 1481 5496 pag.
1533 5426 1658 5494 506,
1710 5430 1851 5480 tom.
1887 5426 1960 5492 XI

315 5500 453 5558 Bibl.
492 5501 600 5554 PP.
635 5499 814 5553 Paris.

379 5572 552 5643 (Ιι)
586 5585 632 5624 ο·

379 5636 736 5722 (ijllieronn
770 5637 940 5711 epist.
975 5638 1062 5706 84,
1096 5636 1172 5691 al.
1207 5641 1290 5690 6-5.
1328 5636 1400 5690 ad
1433 5638 1951 5722 PallllnaCh.,§lll,

375 5785 445 5861 (Ι)
468 5783 694 5858 nullm,
725 5783 868 5844 Hist.
898 5779 1051 5840 σοοι..
1084 5779 1188 5838 lib.
1222 5796 1284 5853 ιι,
1315 5796 1444 5855 cap.
1474 5780 1566 5838 20.

2078 2659 2223 2714 pore
2256 2642 2651 2700 Laodicenam
2682 2644 3006 2700 Ecclesiam
3042 2646 3270 2702 rexisse
3303 2661 3537 2716 quoque
3567 2643 3739 2699 Pela-

2075 2731 2261 2798 gium,
2297 2731 2399 2800 qui
2432 2747 2588 2786 anno
2613 2731 2968 2803 insequente
2988 2733 3089 2786 363
3110 2731 3183 2787 ad
3211 2731 3502 2804 synodum
3536 2729 3734 2784 Antio-

2079 2820 2333 2874 chenam
2364 2821 2644 2891 perrexit,
2678 2826 2744 2874 ut
2773 2837 2842 2874 ex
2869 2821 3104 2876 Socrate
3135 2825 3370 2876 constat
3390 2823 3458 2887 (ο)
3486 2835 3498 2885 ;
3533 2818 3733 2873 existi-

2078 2909 2292 2964 marim
2325 2908 2601 2980 equidem
2633 2925 2767 2963 cum
2796 2909 3172 2964 Tillemontio
3198 2910 3298 2980 (ρ),
3321 2907 3731 2980 Apolinarium

2079 2996 2379 3052 Laodicea
2399 2998 2473 3051 ad
2500 3013 2653 3051 mare
2675 2997 2822 3061 sita,
2850 2997 3159 3070 Pelagium
3201 3003 3398 3053 autem
3430 2994 3728 3051 Laodicea

2075 3086 2152 3140 ad
2178 3085 2469 3150 Libanum,
2504 3085 2813 3156 episcopos
2847 3085 3024 3140 simul
3056 3086 3353 3142 exstitisse

2150 3175 2216 3230 ΙΙ.
2251 3175 2431 3228 Porro
2450 3174 2848 3245 Apolinarius,
2868 3175 3114 3248 ingenii,
3137 3174 3491 3231 eruditionis
3515 3190 3581 3230 ac
3604 3174 3730 3246 pie.

2080 3263 2216 3319 tatis
2249 3262 2524 3318 laudibus
2557 3263 2752 3318 clarus
2779 3281 2792 3329 ;
2828 3265 2927 3334 qui
2950 3264 3236 3319 nimirum
3256 3263 3732 3319 haresesmultis

2078 3351 2480 3407 voluminibus
2499 3359 2896 3424 oppresserat,
2921 3359 2979 3409 et
3004 3354 3276 3408 inimicos
3301 3354 3438 3408 ﬁdei
3462 3352 3734 3408 confuta-

2077 3447 2170 3497 rat
2209 3458 2460 3510 errores,
2498 3447 2562 3496 ut
2591 3441 2675 3496 ait
2704 3441 3047 3496 Vincentius
3081 3443 3404 3498 Lirinensis
3439 3443 3556 3516 (q);
3604 3442 3734 3513 qui-

2081 3547 2215 3602 que.
2251 3529 2582 3602 Epiphanio
2604 3535 2750 3586 teste
2768 3531 2857 3602 (τ’),
2884 3531 3158 3586 exsilium
3182 3530 3728 3602 sustinuerat,quod

2079 3619 2315 3674 Arianis
2346 3620 2618 3674 assentiri
2653 3620 2858 3687 nollet,
2893 3621 3238 3676 orthodoxis
3267 3621 3544 3676 omnibus
3594 3637 3728 3691 pro-

2080 3712 2283 3776 pterea
2297 3707 2469 3779 longe
2488 3707 2876 3763 charissimus
2896 3708 3730 3780 :Apolinarius,inquam.talis

2081 3813 2147 3851 ac
2166 3802 2363 3851 tantus
2383 3796 2566 3862 vir,ab
2582 3797 2844 3853 Ecclesia
2859 3799 3096 3854 tandem
3116 3799 3408 3862 discessit,
3432 3815 3499 3854 ac
3523 3797 3732 3853 Dima-

2080 3885 2328 3940 ritarum
2351 3885 2626 3940 haeresim
2654 3902 2721 3940 ex
2754 3903 2859 3941 suo
2882 3889 3119 3942 nomine
3143 3887 3499 3960 appellatam
3529 3886 3734 3942 condi-

2081 3973 2168 4028 dit
2195 3975 2730 4047 propugnavitque.
2765 3976 2887 4040 Quo
2906 3982 3103 4031 autem
3129 3981 3395 4048 tempore
3418 3977 3477 4032 id
3497 3975 3732 4032 accide-

2078 4062 2176 4128 rit,
2209 4062 2365 4118 haud
2401 4063 2578 4135 plane
2613 4071 2983 4136 compertum
3015 4067 3324 4122 habemus.
3373 4065 3732 4121 Vaferrimus

2080 4152 2239 4207 enim
2273 4153 2449 4208 homo
2483 4152 2692 4207 sedulo
2726 4154 2970 4222 studuit,
3003 4160 3068 4209 ut
3095 4172 3332 4210 omnem
3365 4172 3555 4227 prava
3584 4170 3729 4210 sen-

2079 4243 2280 4296 tentia
2313 4241 2713 4313 suspicionem
2746 4243 2817 4297 ab
2851 4260 2912 4298 se
2944 4245 3329 4300 amoliretur:
3373 4244 3532 4316 quod
3565 4261 3730 4301 sane,

2079 4329 2152 4385 ad
2185 4335 2419 4400 tempus
2450 4330 2681 4397 saltem,
2716 4348 2784 4385 ex
2817 4337 2947 4387 voto
2979 4333 3064 4387 illi
3093 4333 3341 4388 cessisse
3362 4333 3730 4389 videtur.Ve-

2080 4435 2212 4474 rum
2247 4423 2384 4473 ante
2412 4434 2634 4474 annum
2665 4421 2788 4485 362,
2822 4437 2937 4492 quo
2971 4422 3270 4477 celebrata
3329 4427 3418 4477 est
3465 4421 3727 4494 synodus

2079 4505 2638 4574 Alexandrina,erro
2648 4507 2727 4562 ris
2741 4507 2830 4562 sui
2845 4509 3074 4564 semina
3090 4511 3376 4582 sparsisse
3388 4510 3727 4566 clanculum

2079 4595 2477 4651 haresiarcha
2507 4596 2605 4651 ille
2633 4599 3015 4668 comperitur.
3040 4600 3105 4653 ln
3129 4615 3198 4656 ea
3219 4615 3475 4671 namque
3501 4599 3726 4670 synodo

2081 4701 2215 4740 cum
2243 4684 2631 4755 expendenda
2661 4693 2819 4741 esset
2837 4687 3161 4759 Apolinarii
3193 4688 3484 4755 doctrina,
3516 4707 3724 4746 mona-

2081 4773 2176 4829 chi
2208 4773 2280 4828 ab
2312 4789 2380 4829 eo
2412 4773 2610 4846 legati,
2642 4781 2709 4829 ut
2737 4776 3011 4847 superius
3037 4776 3580 4845 diximus,doctoris
3601 4779 3728 4850 qui-

2081 4861 2215 4918 dem
2229 4862 2317 4916 sui
2338 4863 2695 4918 sententiam
2720 4863 3178 4934 exposuere,sed
3190 4866 3346 4921 vafro
3367 4882 3436 4922 ac
3453 4867 3720 4933 subdolo,
3749 4921 3754 4926 .

2151 4997 2226 5078 (It)
2259 4995 2650 5078 ljemesttlib.
2688 5014 2704 5051 ι
2739 4999 2810 5053 De
2838 4999 2966 5054 Nat.
3007 4999 3178 5070 hom.,
3239 5016 3367 5073 cap.
3425 5005 3475 5070 1,
3525 5017 3656 5075 pag.
3689 5005 3724 5059 8

2081 5066 2220 5124 edit.
2255 5068 2437 5122 Oxon.
2473 5071 2629 5122 1671.

2151 5138 2517 5215 (_l)AP_hilos_t.,
2551 5142 2696 5215 Hist.
2729 5139 2986 5215 e_cl_..ilib.
3019 5158 3133 5207 vm,
3167 5159 3296 5215 cap.
3333 5148 3417 5200 15.

2152 5210 2246 5286 (τῃ)
2275 5209 2584 5286 Lequien.,
2617 5213 2708 5267 0r.
2744 5213 2968 5286 Christ,
3001 5218 3144 5269 tom.
3178 5209 3256 5283 Il,
3280 5233 3338 5286 p.
3381 5219 3505 5272 ⁸796.

1995 5291 2044 5355 ι)
2145 5281 2224 5351 (n)
2254 5281 2494 5360 Athan”
2529 5288 2674 5337 tom.
2704 5283 2774 5337 ad
2799 5285 3060 5340 Antioch.
3096 5281 3244 5359 Opp.
3275 5281 3412 5344 tom.
3462 5287 3530 5357 Il,
3563 5293 3716 5360 part.

2070 5366 2135 5418 ιι,
2158 5369 2215 5424 p.
2251 5355 2373 5406 776.
3145 5355 3160 5357 “
3184 5355 3201 5359 “

2142 5426 2216 5500 (ο.
2251 5423 2435 5500 §o_cr.,
2467 5425 2609 5500 Hist.
2643 5426 2797 5492 εδει,
2823 5424 2929 5500 lib.
2963 5444 3048 5492 ιιι,
3081 5444 3210 5500 cap.
3245 5432 3334 5486 25.
3390 5473 3416 5500 ,.

2065 5489 2699 5636 δυςρέϐξὶἓέἓῖἑῆἕέηι.
2734 5489 2887 5565 eccl.,
2925 5489 3063 5554 tom.
3101 5489 3214 5568 νΠ,
3248 5519 3305 5573 p.
3349 5489 3474 5566 700,
3507 5507 3632 5563 not.
3664 5502 3718 5563 ι,

2156 5640 2211 5719 q)
2234 5629 2427 5719 fine...
2448 5638 2584 5719 Li_r.,
2618 5629 3087 5719 Common.,l;ca’p.
3121 5647 3206 5702 11.
3235 5637 3240 5642 ’

2155 5706 2201 5778 ἓ)
2234 5706 2469 5781 Ερὶρῌ.,
2501 5709 2645 5767 har.
2679 5706 2957 5785 Lxxvu,'§
2987 5706 3138 5770 x'xiv.
