4134 6268
391 345 544 408 1311

1047 340 1584 404 APOLINARIUS
1627 339 2054 404 EPISCOPUS
2097 342 2612 405 LAODICENUS.
2660 374 2738 385 —
2781 340 3124 402 NOTITIA.

3644 345 3804 404 1312

393 476 688 534 occultato
711 466 934 530 scilicet
959 474 1252 530 hmreseos
1277 490 1526 530 veneno.
1563 475 1727 540 Quod
1761 492 1904 532 sane
1927 473 2042 531 col-
2067 474 2118 540 Α
2150 472 2281 529 ticas
2313 475 2676 530 curiositatis
2707 473 2956 528 libidine
2986 473 3185 529 nescio
3211 472 3350 544 quid
3375 473 3807 538 adinvenisset,

390 566 576 640 ligere
607 566 668 620 in
701 568 979 635 promptu
1011 568 1100 617 est
1127 579 1196 618 ex
1219 563 1405 634 ipsius
1435 564 1764 635 Apolinarii
1796 563 2046 636 epistola

393 655 468 712 ad
490 654 797 726 episcopos
820 653 1199 708 Diocaasarem
1221 658 1625 726 congregatos,
1659 671 1837 724 quam
1858 655 2042 708 Leon-

389 746 509 800 tius
540 742 894 816 Byzantinus
925 741 1098 796 nobis
1147 743 1394 796 servavit
1446 743 1546 813 (a).
1605 743 1928 814 Siquidem,
1980 747 2046 796 ut

390 834 665 890 observat
692 831 778 886 vir
805 831 1014 886 doctus
1033 831 1125 902 (b),
1159 847 1228 886 ea
1259 831 1318 885 in
1350 831 1619 902 epistola,
1663 837 1878 886 caetera
1908 831 2044 903 qui-

392 923 529 980 dem
551 928 618 977 ut
640 938 674 977 a
695 921 1002 976 monachis
1025 920 1443 975 Alexandriam
1466 921 1537 974 ab
1561 938 1630 975 eo
1645 921 1843 976 missis
1865 921 2046 976 allata

390 1014 632 1069 fuerant
658 1010 1008 1084 profitetur;
1041 1010 1246 1079 adjicit
1276 1015 1474 1064 tamen
1508 1033 1534 1058 ‹‹
1569 1011 1765 1080 ipsum
1788 1011 2042 1065 Verbum

390 1118 630 1159 carnem
661 1117 790 1156 esse
811 1099 1056 1165 factum,
1079 1115 1199 1152 non
1224 1105 1525 1170 assumpta
1539 1104 1737 1153 mente
1761 1099 2040 1164 humana,

388 1197 589 1247 mente
620 1189 916 1253 mutabili,
950 1206 1080 1259 quas
1114 1188 1387 1259 turpibus
1445 1188 1901 1260 cogitationibus
1946 1205 2038 1244 ca-

387 1280 549 1353 ptiva
575 1278 832 1342 ducitur,
861 1277 962 1330 sed
986 1277 1184 1330 divina
1210 1282 1408 1330 mente
1433 1276 1812 1342 immutabili,
1847 1282 1904 1331 et
1934 1293 2042 1332 cm-

388 1367 547 1423 lesti.
583 1389 610 1416 »
642 1368 710 1421 In
739 1364 992 1421 concilio
1026 1365 1206 1436 igitur
1261 1365 1662 1420 Alexandrino
1712 1365 2040 1436 Apolinarii

388 1457 678 1519 doctrina,
712 1460 777 1509 ut
807 1471 841 1509 a
870 1454 1180 1508 monachis
1217 1455 1482 1525 exposita
1509 1460 1826 1526 est,utpote
1847 1456 2040 1510 catho-

383 1546 520 1609 lica,
553 1544 817 1601 admissa
845 1543 976 1599 fuit.
1009 1545 1078 1597 Et
1123 1559 1257 1598 vero
1302 1542 1443 1598 licet
1477 1544 1836 1599 Athanasius
1883 1545 2041 1600 haud

386 1633 575 1691 semel
607 1638 814 1705 postea
845 1633 904 1687 in
937 1632 1475 1702 Apolinaristarum
1509 1649 1740 1687 errores
1776 1633 2038 1688 invectus

389 1723 466 1781 sit
495 1722 589 1795 (ε),
617 1738 924 1792 nunquam
957 1727 1155 1776 tamen
1188 1721 1593 1792 Apolinarium
1619 1722 1814 1792 ipsum
1842 1723 2037 1778 nomi-

2154 580 2269 634 quo
2301 569 2360 618 et
2389 569 2635 619 cunctos
2665 563 2900 618 labores
2933 579 3070 617 suos
3093 562 3254 617 velut
3279 563 3590 633 cujusdam
3621 563 3808 634 leprze

2152 652 2507 708 admistione
2524 653 2790 715 fcedaret,
2809 658 2868 707 et
2885 652 3361 707 committeretut
3377 652 3650 708 doctrina
3673 653 3724 724 ej
3737 670 3807 707 us

2152 758 2272 796 nou
2295 747 2412 797 tam
2460 741 2774 797 azditicatio
2808 758 2984 812 quam
3021 741 3265 796 tentatio
3289 743 3486 812 potius
3520 742 3808 797 ecclesia-

2151 831 2629 888 sticadiceretur.
2656 854 2682 880 ››
2709 831 2897 885 Verba
2909 830 3354 884 suntVincentii
3378 831 3702 886 Lirinensis
3720 832 3810 903 lj).

2150 923 2221 975 Et
2260 922 2673 992 Hieronymus,
2731 923 2787 973 in
2841 927 3058 975 sanctas
3107 921 3428 989 Scripturas
3483 922 3813 975 innumera-

2153 1009 2287 1065 bilia
2317 1011 2508 1081 ipsum
2541 1011 2817 1080 scripsisse
2846 1008 3126 1062 volumina
3160 1008 3339 1062 tradit
3368 1010 3462 1078 (k).
3499 1010 3714 1064 Verum
3742 1026 3812 1064 ex

2149 1103 2238 1153 tot
2269 1099 2569 1170 tantisque
2629 1098 2954 1170 Apolinarii
3011 1097 3345 1151 litterarum
3395 1100 3813 1153 monumentis

2150 1203 2270 1242 una
2291 1193 2532 1258 superat
2553 1187 2893 1244 Psalmo—rum
2919 1186 3282 1255 metaphrasis
3304 1186 3558 1240 heroicis
3582 1188 3810 1242 carmi-

2150 1275 2326 1330 nibus
2359 1277 2715 1346 conscripta.
2742 1275 3095 1329 Dubitarunt
3124 1275 3398 1328 nonnulli
3425 1292 3493 1328 ex
3516 1276 3817 1330 recentio-

2150 1363 2333 1430 ribus,
2352 1381 2502 1435 quos
2526 1365 2682 1418 inter
2699 1363 2948 1420 Jacobus
2973 1363 3442 1433 Duportus(l),an
3467 1365 3817 1435 metaphra-

2149 1469 2283 1508 seos
2313 1470 2445 1523 quas
2467 1452 2904 1519 circumfertur,
2926 1452 3308 1523 Apolinarius
3336 1458 3546 1506 auctor
3567 1454 3813 1507 exstite-

2147 1543 2263 1607 rit;
2296 1549 2611 1614 propterea
2643 1542 2824 1613 quod,
2859 1542 3052 1612 inquit
3083 1564 3111 1591 «
3144 1558 3278 1595 cum
3311 1557 3342 1594 e
3364 1541 3660 1597 veteribus
3685 1560 3817 1598 non

2146 1633 2317 1704 pauci
2344 1633 2671 1704 Apolinarii
2691 1649 2936 1704 operum
2959 1631 3367 1698 meminerint,
3386 1632 3813 1704 Hieronymus,

2146 1722 2435 1791 Socrates,
2470 1723 2845 1786 Sozomenus,
2907 1721 3360 1793 Philostorgius,
3421 1721 3557 1776 alii:
3601 1738 3814 1777 eorum

385 1813 575 1870 natim
608 1817 700 1866 est
728 1810 1009 1877 adortus;
1045 1811 1328 1882 quoniam
1361 1811 1659 1879 videlicet,
1691 1815 1757 1865 ut
1795 1812 2036 1882 quidem
2066 1829 2109 1894 Β
2150 1811 2742 1877 tamen,nemoistius
2767 1810 3813 1881 metaphraseosmentionemfacit.»

389 1902 728 1974 opinamur,
784 1900 926 1954 dum
985 1900 1127 1954 vixit
1209 1901 1589 1956 Athanasius.
1657 1900 2038 1972 Apolinarius

389 1989 620 2048 occulte
643 2005 1147 2061 serpens,errores
1169 1989 1732 2062 spargebatquidem
1747 1996 2039 2060 quantum

390 2081 455 2136 in
469 2080 596 2150 ipso
612 2079 788 2133 situm
806 2077 934 2144 fuit;
950 2078 1105 2148 apud
1120 2077 1507 2132 Athanasium
1525 2084 1719 2132 autem
1735 2079 2039 2134 catholicas

394 2174 454 2226 et
483 2169 730 2223 sincerae
763 2166 899 2222 fidei
931 2167 1192 2222 studium
1223 2167 1677 2236 ementiebatur,
1709 2175 1774 2223 ut
1800 2169 2040 2240 patetin

393 2256 604 2329 primis
637 2272 703 2310 ex
756 2254 983 2310 duabus
1036 2255 1304 2326 epistolis
1364 2256 1666 2327 Serapioni
1721 2257 2040 2312 Thmuensi

394 2347 672 2419 episcopo
703 2343 1005 2415 inscriptis
1034 2344 1139 2414 (ά).
1175 2346 1498 2400 Athanasio
1541 2346 1782 2401 demum
1830 2347 2040 2402 defun-

395 2441 510 2504 cto,
546 2435 742 2506 palam
771 2434 1111 2506 apertisque
1140 2434 1333 2488 verbis
1360 2435 1420 2488 in
1447 2435 1573 2505 ipsa
1594 2436 2040 2492 Diocaasariensi

396 2524 621 2598 synodo
652 2523 831 2578 homo
873 2522 1126 2578 callidus
1167 2524 1326 2578 virus
1369 2523 1666 2580 hwreseos
1709 2542 1809 2580 ore
1857 2526 2042 2598 impio

396 2613 675 2669 evomuit.

464 2704 561 2758 III.
592 2702 946 2773 Supremum
978 2717 1154 2772 porro
1189 2701 1348 2757 diem
1373 2701 1591 2757 obiisse
1631 2702 2044 2775 Apolinarium

392 2792 726 2864 imperante
753 2789 1106 2856 Theodosio,
1140 2790 1322 2846 tradit
1350 2792 1744 2863 Hieronymus
1775 2797 1866 2861 (e),
1886 2809 2042 2848 anno

397 2880 652 2946 circiter,
686 2885 754 2935 ut
775 2879 1008 2934 videtur
1038 2880 1128 2949 (Γ),
1183 2881 1309 2947 382,
1367 2881 1714 2952 grandaevus
1757 2882 2042 2936 nimirum

398 2970 689 3040 senioque
721 2970 1046 3034 confectus,
1081 2969 1560 3042 καταγεγηρακώς,
1611 2971 1860 3025 testibus
1907 2973 2043 3044 Ερί-

2142 1914 2265 1968 imo
2286 1917 2446 1967 vero,
2471 1900 2869 1955 aitFabricius
2893 1901 3012 1968 (m),
3039 1900 3816 1967 memineruntmanifeste,

2146 1989 2284 2045 dum
2322 1990 2498 2044 Vetus
2541 1995 2599 2043 et
2654 1990 2875 2042 Novum
2932 1990 3375 2043 Testamentum
3438 1990 3557 2044 sive
3615 1997 3810 2045 meta-

2145 2079 2348 2152 phrasi
2380 2077 2451 2133 ab
2477 2079 2821 2149 Apolinario
2854 2093 3223 2148 expressum,
3244 2078 3360 2132 sive
3383 2078 3499 2133 alio
3527 2081 3816 2149 scriptio—

2146 2168 2241 2223 nis
2270 2183 2484 2236 genere
2517 2167 2878 2221 illustratum
2912 2171 3224 2220 testantur.
3259 2168 3382 2230 Qua
3415 2168 3485 2221 de
3506 2185 3568 2222 re
3593 2168 3652 2221 in
3677 2168 3810 2239 pri-

2147 2261 2261 2316 mis
2292 2261 2674 2315 Sozomenum
2706 2259 2907 2314 videas
2942 2259 3042 2329 (n).
3069 2261 3273 2329 Itaque
3295 2276 3328 2314 a
3354 2260 3626 2314 codicum
3653 2277 3808 2315 mss.

2148 2349 2521 2413 auctoritate,
2555 2365 2809 2420 quorum
2870 2353 3002 2403 octo
3063 2348 3266 2403 laudat
3314 2348 3387 2402 cl.
3434 2348 3809 2404 Montfauco-

2147 2439 2283 2494 nius
2314 2438 2414 2509 [0),
2445 2439 2665 2509 quique
2697 2437 3070 2492 Psalmorum
3092 2437 3498 2507 metaphrasin
3525 2437 3809 2508 Apolina-

2146 2528 2260 2592 rio,
2294 2533 2352 2583 et
2381 2527 2622 2598 quidem
2654 2527 2930 2598 episc0po
2957 2526 3284 2581 Laodiceno
3310 2526 3808 2592 ascribunt,haud

2147 2616 2545 2672 recedendum
2579 2617 2932 2687 putaverim.

2224 2707 2283 2759 V.
2316 2706 2394 2760 De
2417 2706 2613 2777 operis
2633 2706 2822 2777 pretio
2845 2706 3004 2760 varia
3024 2703 3296 2759 feruntur
3312 2705 3802 2778 eruditorumju-

2149 2795 2324 2850 dicia.
2360 2795 2473 2850 Alii
2509 2811 2731 2862 severe,
2767 2801 2824 2850 et
2854 2796 3049 2850 aerius
3080 2795 3329 2850 fortasse
3360 2812 3537 2866 quam
3561 2813 3669 2867 par
3701 2799 3796 2866 sit,

2150 2885 2558 2956 Metaphrastae
2580 2885 2797 2957 stylum
2819 2885 3045 2957 virgula
3074 2886 3347 2940 censoria
3367 2885 3796 2956 castigant.Alii

2149 2990 2285 3029 vero
2311 2975 2568 3029 Graecam
2599 2975 2838 3044 quidem
2864 2991 2991 3029 esse
3014 2975 3343 3029 orationem
3363 2979 3420 3028 et
3445 2977 3588 3030 satis
3618 2976 3794 3047 poeti-

397 3059 620 3132 pbanio
654 3057 731 3128 (ρ)
762 3063 820 3112 et
849 3057 978 3112 Nilo
1009 3057 1109 3123 (h).
1145 3059 1226 3112 Ex
1253 3058 1467 3128 quibus
1499 3075 1634 3131 ergo
1665 3059 1863 3114 videas
1903 3060 2041 3131 quid

2157 3078 2301 3130 cam,
2334 3063 2453 3116 imo
2487 3063 2784 3116 interdum
2816 3065 3283 3129 ποιητικωτάτην,
3310 3063 3410 3118 sed
3439 3080 3594 3134 saepe
3624 3065 3794 3119 etiam

389 3145 774 3203 sentiendum
804 3145 874 3200 de
909 3146 1021 3200 his.
1056 3146 1248 3200 Procli
1277 3147 1467 3202 verbis
1495 3165 1625 3218 quae
1670 3148 1946 3220 leguntur
1975 3150 2034 3203 in
2073 3180 2114 3246 ρ
2155 3153 2367 3207 Graacze
2399 3167 2645 3222 poeseos
2667 3152 2904 3222 genium
2929 3152 2990 3205 in
3017 3152 3301 3223 scriptore
3330 3152 3653 3208 desiderari
3673 3170 3802 3207 cen-

387 3235 653 3292 oratione
685 3235 755 3290 ab
788 3251 855 3289 eo
886 3234 1088 3290 habita
1119 3235 1178 3290 in
1209 3235 1434 3306 synodo
1467 3237 1728 3293 secunda
1750 3239 2039 3293 Constan-
2077 3234 2114 3246 “”
2154 3245 2306 3295 sent.
2341 3240 2451 3293 Alii
2477 3246 2702 3306 contra,
2726 3240 2967 3310 plurimi
2996 3258 3143 3310 opus
3171 3240 3413 3296 ducunt.
3439 3245 3510 3295 At
3531 3242 3806 3310 equidem

384 3323 785 3395 tinopolitana
815 3326 899 3391 (ἱ).
935 3346 959 3370 α
994 3325 1064 3376 Et
1096 3324 1476 3391 Athanasius,
1511 3324 1728 3395 inquit,
1785 3325 2044 3381 diversas
2153 3329 2393 3383 illorum
2425 3329 2737 3384 sententias
2770 3332 3146 3385 accesserim.
3182 3332 3398 3401 quibus
3422 3348 3537 3385 non
3561 3331 3809 3402 perinde

385 3413 668 3486 epistolas
690 3413 764 3468 ad
780 3413 1193 3484 Apolinarium
1219 3414 1740 3485 scribit,tanquam
1763 3416 2045 3471 eademin
2153 3418 2375 3490 ubique
2411 3418 2778 3473 elaboratum
2811 3437 2959 3490 opus
2986 3421 3216 3474 videtur
3239 3439 3250 3475 ε
3289 3421 3580 3490 siquidem
3602 3421 3662 3475 in
3685 3423 3810 3476 suis

387 3502 506 3560 ﬁde
530 3502 856 3573 sapientem
883 3509 1182 3558 :ettamen
1205 3503 1611 3574 postealibros
1633 3505 1892 3577 integros
1915 3511 2048 3576 post
2154 3507 2598 3564 conscribendis
2626 3508 2796 3562 libris
2830 3508 3257 3580 deproperasse
3283 3510 3716 3580 Apolinarium,
3741 3528 3809 3565 ex

386 3597 640 3648 mortem
672 3591 1004 3663 Apolinarii
1039 3592 1276 3663 scripsit
1299 3592 1580 3647 adversus
1605 3610 1763 3658 eum,
1795 3594 2045 3667 cognitis

385 3680 550 3737 illius
582 3681 642 3735 in
675 3681 913 3752 scriptis
944 3681 1354 3751 blasphemiis.
1389 3683 1458 3734 Et
1503 3681 1654 3736 nihil
1702 3683 2044 3753 Apolinario

385 3768 745 3843 profuerunt
774 3786 904 3840 quae
935 3775 1072 3824 ante
1105 3769 1177 3824 ad
1208 3770 1402 3838 illum,
1433 3775 1719 3841 tanquam
1744 3771 1948 3826 eadem
1981 3772 2044 3826 in

389 3858 508 3915 ﬂde
543 3859 899 3930 sapientem,
935 3859 1154 3930 scripta
1186 3864 1340 3912 sunt.
1378 3881 1403 3906 ››
1427 3859 1668 3915 Censuit
1690 3859 1889 3931 itaque
1912 3862 2047 3914 Pro-

382 3948 684 4012 clus.ante
717 3947 1111 4002 Athanasium
1139 3948 1254 4001 vita
1273 3947 1541 4002 functum
1566 3948 1747 4003 fuisse
1771 3949 2048 4020 Apolina‘

382 4035 560 4092 rium.
587 4036 725 4101 Qum
751 4035 994 4106 quidem
1025 4036 1321 4090 sententia
1345 4052 1481 4090 cum
1503 4037 1922 4093 vetustioribus
1951 4055 2046 4093 ec-

385 4123 737 4180 clesiasticis
779 4122 1169 4193 scriptoribus
1225 4139 1487 4196 pugnare
1535 4123 1923 4196 dignoscitur,
1976 4143 2044 4181 ex

390 4211 606 4285 quibus
639 4211 969 4276 erudimur,
1001 4211 1390 4267 Athanasium
1423 4217 1599 4268 antea
1628 4213 1736 4267 sub
1778 4214 2044 4285 Valente,

385 4307 594 4374 postea
623 4317 761 4356 vero
798 4299 906 4355 sub
930 4300 1256 4356 Theodosio
1284 4301 1696 4372 Apolinarium
1729 4321 1758 4358 e
1793 4303 1930 4358 vivis
1955 4321 2047 4360 ex-

381 4391 659 4446 cessisse.

454 4480 545 4536 IV.
583 4504 608 4531 ι(
641 4480 903 4554 Longum
937 4485 1028 4536 est
1046 4481 1669 4552 universaApolinarii
1693 4499 1871 4554 Opera
1888 4499 2045 4539 com‘

2156 3596 2372 3650 Basilio
2406 3596 2796 3668 intelligimus
2827 3599 2945 3667 (p3:
2981 3621 3007 3646 ‹‹
3041 3598 3181 3652 Cum
3218 3598 3340 3663 ille,
3401 3600 3614 3668 inquit,
3668 3601 3809 3654 scri-

2154 3685 2334 3740 bendi
2368 3685 2650 3740 facilitate
2701 3685 2961 3758 linguam
3021 3687 3093 3741 ad
3155 3703 3330 3741 omne
3387 3694 3806 3759 argumentum

2153 3779 2487 3847 promptam
2512 3774 3021 3847 haberet,scriptis
3045 3777 3167 3831 suis
3191 3783 3478 3831 terrarum
3494 3776 3697 3832 orbem
3711 3795 3807 3833 re-

2156 3864 2355 3935 plevit,
2389 3868 2729 3934 contempta
2758 3863 3168 3937 objurgatione
3199 3865 3360 3919 illius
3393 3866 3492 3936 qui
3525 3865 3669 3920 dicit
3693 3867 3804 3938 (q):

2157 3955 2294 4008 Cave
2323 3956 2502 4022 facere
2532 3953 2695 4007 libros
2725 3954 2968 4008 multos.
3001 3975 3029 4002 »

2229 4043 2317 4095 VI.
2352 4042 2572 4096 Praeter
2601 4041 2940 4096 Psalmorum
2965 4043 3362 4112 metaphrasin,
3392 4043 3524 4097 duaa
3557 4044 3804 4114 quidem

2159 4135 2392 4186 exstant
2423 4130 2750 4201 Apolinarii
2785 4131 3046 4202 epistolas
3079 4147 3290 4203 magno
3323 4131 3538 4187 Basilio
3584 4132 3804 4187 inscri-

2155 4226 2292 4291 ptae,
2314 4236 2461 4291 quas
2485 4219 2699 4274 saeculo
2724 4220 3028 4290 superiore
3050 4219 3360 4274 desinente
3384 4221 3652 4276 inlucem
3673 4238 3805 4292 pro-

2155 4309 2292 4364 tulit
2320 4308 2644 4364 Cotelerius
2673 4308 2766 4379 (τ’).
2803 4308 2912 4363 Sed
2935 4325 3040 4379 pro
3059 4309 3312 4363 instituti
3338 4309 3523 4363 nostri
3549 4311 3802 4378 ratione,

2157 4412 2334 4467 quam
2365 4397 2426 4451 in
2478 4397 2823 4468 praefatione
2867 4398 3126 4469 generali
3178 4398 3578 4468 exposuimus,
3628 4398 3700 4454 ab
3733 4400 3806 4456 iis

2157 4485 2516 4542 excudendis
2548 4486 2999 4557 temperandum
3029 4487 3162 4551 fuit,
3181 4486 3254 4540 ob
3278 4503 3376 4540 eas
3400 4487 3460 4540 in
3483 4487 3692 4558 primis
3711 4505 3804 4544 ra-

383 4585 754 4636 memorare;
780 4569 995 4640 quibus
1017 4569 1280 4640 profecto
1305 4571 1552 4625 summis
1577 4571 2036 4628 aedificatoribus
2074 4546 2116 4610 θ
2147 4575 2363 4642 tiones,
2385 4576 2607 4647 quasin
2640 4575 2902 4630 medium
2935 4577 3106 4630 atl'ert
3138 4574 3577 4632 eruditissimus
3608 4576 3800 4632 editor

383 4657 664 4715 Ecclesiae
690 4675 797 4730 par
819 4675 946 4715 esse
970 4658 1279 4729 potuisset,
1307 4657 1420 4712 nisi
1451 4658 1698 4730 profana
1718 4660 1823 4715 illa
1848 4661 2034 4716 haare-

457 4822 536 4886 (a)
567 4822 768 4877 Leont.
805 4822 958 4893 Byz.,
990 4820 1092 4876 lib.
1127 4822 1252 4876 adv.
1284 4822 1476 4890 fraud.
1534 4822 1853 4892 Apolinar.,
1889 4830 2031 4880 tom.

385 4892 411 4946 Ι
445 4893 596 4964 Thes.
629 4892 939 4964 Canisq’p.
975 4894 1098 4948 608.

457 4963 534 5034 (b)
563 4963 790 5037 Montf.,
819 4963 902 5037 ini
924 4965 1033 5020 Vit.
1067 4965 1288 5037 Athan,
1314 4979 1445 5037 pag.
1477 4981 1666 5032 Lnlx,
1695 4966 1724 5037 §
1754 4983 1830 5021 ιι.

439 5033 782 5104 (ωλιὴειῐιη
814 5036 875 5091 in
913 5037 1086 5105 πρίει.
1123 5036 1197 5090 ad
1224 5033 1460 5106 Epictét.
1497 5042 1554 5091 et
1583 5037 1642 5091 in
1692 5033 1869 5094 duob.
1927 5037 2028 5095 lib.

385 5111 581 5166 contra
608 5107 851 5176 Apolin.,
882 5107 1027 5178 Opp.
1063 5112 1202 5161 tom.
1234 5108 1279 5172 Ι,
1312 5112 1462 5178 part.
1500 5125 1559 5173 n,
1591 5124 1722 5181 pag.
1755 5111 1878 5177 901,
1930 5113 2035 5166 922

388 5191 552 5322 “ad
571 5245 737 5322 Apud
779 5247 977 5322 Leont.
1011 5248 1166 5320 Byz..
1200 5251 1273 5304 De
1298 5265 1516 5319 suppos.
1553 5249 1621 5305 ab
1647 5254 1686 5306 Α
1696 5253 1873 5322 polin.

385 5319 555 5386 script
584 5356 598 5378 ,
621 5321 780 5395 Itom.
810 5318 904 5378 Xl,
937 5318 1070 5402 pag.
1104 5322 1232 5403 1031
1271 5318 1415 5374 Bibl:
1448 5323 1559 5375 PP.
1594 5318 1770 5379 Par—is.

462 5386 530 5448 te)
571 5389 832 5448 llieron.,
863 5389 939 5441 De
977 5390 1092 5444 Vir.
1126 5391 1354 5448 illusit.
1386 5409 1512 5448 can.
1548 5393 1670 5448 104.

462 5386 530 5456 (e)
571 5386 832 5452 llieron.,
863 5386 955 5441 De
977 5386 1092 5444 Vir.
1126 5391 1354 5451 illustr..
1386 5409 1512 5463 cap.
1548 5393 1670 5448 104.

462 5460 530 5536 (Γ)
556 5455 998 5536 ἸξιξθᾳιηιΜέτη.
1032 5461 1156 5514 eccl.
1191 5468 1332 5517 tom.
1369 5465 1483 5533 Vll,
1511 5481 1568 5535 p.
1603 5466 1725 5518 627.

483 5527 541 5656 ἕ)
569 5527 779 5609 Ερὶρὶιἶ
810 5527 960 5584 haer.
998 5545 1200 5612 nxxvn,
1233 5536 1260 5600 §
1288 5550 1345 5587 ιι.

523 5598 540 5656 l
571 5597 708 5656 N11..
741 5596 844 5653 11b.
878 5615 918 5656 ι.
953 5608 1125 5656 emst.
1157 5605 1282 5656 256.

521 5598 540 5671 )
571 5596 708 5672 ML,
741 5596 844 5653 lib.
878 5615 918 5668 ι,
953 5601 1125 5672 epist.
1157 5596 1282 5659 256.

463 5668 530 5744 (ἥ
555 5668 740 5737 Cana,
771 5673 913 5727 tom.
947 5668 1012 5739 V',
1037 5689 1095 5744 p.
1129 5674 1271 5742 459;
1303 5673 1460 5746 apud
1489 5677 1690 5732 Montf.
1715 5676 1790 5736 ad
1813 5678 2028 5738 Athan.

2145 4664 2233 4735 (ε).
2268 4687 2297 4714 ‹‹
2329 4664 2554 4719 Adduci
2587 4681 2708 4718 non
2739 4680 3007 4734 possum,
3050 4664 3265 4734 inquit,
3299 4669 3365 4718 ut
3403 4665 3641 4720 credam
3692 4666 3800 4721 has

2145 4825 2292 4896 Opp.
2323 4827 2480 4896 tom.
2511 4823 2740 4896 I_,_part.
2766 4839 2822 4889 ιι,
2855 4837 2985 4896 pag.
3016 4824 3140 4876 921.

2215 4893 2288 4965 (3')
2321 4893 2486 4948 Vinc.
2522 4893 2660 4956 Lir.,
2695 4895 3037 4965 Communia,
3072 4908 3200 4964 cap.
3237 4893 3324 4951 11.

2215 4964 2294 5036 (k)
2327 4965 2588 5034 Hieron.,
2620 4967 2697 5020 De
2732 4966 2839 5020 Vir.
2873 4964 3074 5036 illuslr.
3105 4981 3232 5034 cap.
3269 4965 3389 5021 104.

2179 5038 2284 5164 θςιὶ
2310 5037 2577 5107 Duport.,
2609 5037 2835 5108 praefat.
2897 5035 2972 5091 ad
3024 5038 3225 5091 Psalm.
3281 5039 3550 5109 metaphr.
3616 5037 3792 5094 Lond.

2228 5136 2240 5163 ι
2290 5152 2302 5164 .

2147 5112 2302 5164 1674.

2217 5183 2306 5248 (m)
2338 5177 2590 5247 Fabric.,
2623 5178 2763 5234 Bibl.
2793 5180 2912 5245 Gr.,
2945 5185 3085 5233 tom.
3123 5180 3238 5238 VII.
3273 5195 3403 5250 pag.
3438 5182 3563 5250 667,
3598 5186 3722 5238 not.

2212 5252 2294 5320 (ni
2325 5250 2571 5316 Sozom.,
2603 5251 2744 5306 Hist.
2778 5251 2928 5316 βοείη
2959 5250 3056 5304 lib.
3096 5266 3146 5310 v,
3182 5267 3307 5321 cap.
3347 5253 3434 5307 18.

2215 5323 2288 5394 (ο)
2321 5321 2655 5394 Montfauc.,
2689 5323 2748 5376 in
2781 5321 2906 5376 lnd.
2942 5323 3014 5374 ad
3047 5327 3186 5376 tom.
3221 5323 3412 5376 IBibl.
3447 5322 3716 5377 Biblioth.

2215 5393 2292 5465 (p)
2327 5393 2524 5453 Basil..
2561 5394 2732 5464 epist.
2765 5395 2890 5459 2'73,
2923 5394 3000 5446 al.
3035 5395 3121 5457 74,
3150 5409 3314 5449 num.
3349 5396 3404 5455 4,
3454 5395 3600 5466 Opp.
3648 5401 3789 5450 tom.

2142 5466 2242 5533 ΙΙΙ,
2315 5480 2402 5518 a-.
2439 5467 2562 5518 406.

2213 5481 2514 5607 (ρξέῖιοὶθ.
2548 5552 2648 5595 xn.
2679 5538 2764 5588 12.

2236 5537 2293 5607 q)
2324 5537 2514 5590 Eccle.
2548 5552 2648 5595 χιι.
2679 5538 2764 5588 12.

2967 5607 3086 5674 Gn,
3117 5609 3260 5662 tom.
3293 5607 3366 5674 II,
3396 5622 3528 5681 pag.
3560 5608 3650 5676 86,
3701 5609 3787 5664 90.

2232 5679 2282 5752 ε)
2307 5677 2393 5734 Id.
2425 5677 2597 5748 ibid.,
2629 5693 2760 5750 pag.
2789 5678 2915 5734 553.
