4134 6268
397 361 552 420 1313

836 355 1291 418 APOLINARII
1338 352 1685 414 EPISCOPI
1729 346 2155 411 LAODICENI
2201 347 2838 414 INTERPRETATIO
2882 355 2960 416 lN
3003 355 3376 418 PSALTEM

3651 362 3806 421 1314

401 499 656 564 quatuor
687 490 984 562 epistolas,
1011 489 1209 544 Basilii
1244 489 1389 543 duas
1423 493 1480 542 et
1507 487 1644 540 duas
1674 482 2043 554 Apollinaris,
2077 483 2126 546 Α
2160 485 2281 535 tum
2313 482 2622 553 epistolam
2656 485 2824 542 illam
2848 487 2908 542 in
2926 504 3138 544 manus
3161 491 3634 562 interpolatrices
3658 495 3814 550 inci-

393 582 692 656 genuinas
726 596 853 635 esse
886 597 897 632 :
931 579 1188 634 arbitror
1218 577 1405 648 magis
1449 575 1733 631 conﬁctas
1761 571 1944 626 fuisse
1975 569 2048 626 ab

395 670 635 726 Arianis
664 669 753 722 vel
785 669 856 722 ab
891 667 1335 737 Apolinaristis,
1363 663 1605 719 famosis
1636 658 2048 733 hujuscemodi

400 758 879 828 suppositionum
903 755 1373 824 artiﬁcibus,quo
1393 749 1764 807 celeberrimi
1788 747 2048 803 nominis

399 848 672 902 doctores
697 845 1121 916 Apolinarismi
1145 849 1450 915 suspectos
1472 841 1819 896 redderent:
1843 854 1961 908 qua
1977 837 2048 892 de

399 934 738 1006 suspicione
799 938 1248 1004 conqueruntur
1304 930 1618 1002 Gregorius
1677 927 1845 998 epist.
1886 927 1930 992 Ι,
1975 923 2049 978 ad

399 1022 770 1084 Cledonium,
809 1028 868 1076 et
894 1021 1144 1076 Basilius
1176 1020 1344 1091 epist.
1372 1021 1460 1083 73,
1485 1016 1718 1084 82,293,
1748 1016 1872 1081 345,
1905 1015 2045 1079 392;

400 1118 528 1167 tum
559 1128 695 1167 vero
724 1116 896 1182 epist.
931 1113 1017 1164 59.
1050 1109 1370 1164 Sententia)
1401 1123 1548 1161 meae
1580 1105 1730 1160 ratio
1759 1109 1863 1170 est,
1891 1100 2050 1173 quod

401 1219 538 1258 cum
573 1201 788 1256 Basilio
846 1200 1247 1270 objicerentur
1303 1197 1516 1251 litteras
1564 1194 1638 1249 ad
1665 1192 2049 1264 Apolinarem

401 1292 658 1363 scriptae,
688 1289 997 1360 respondit
1025 1288 1146 1356 ille,
1181 1303 1279 1342 eas
1311 1287 1382 1341 de
1415 1284 1530 1340 ﬁde
1558 1299 1678 1338 non
1709 1283 1912 1348 fuisse,
1945 1279 2049 1336 sed

401 1380 692 1452 simplicis
723 1385 782 1434 et
801 1379 1006 1433 amicae
1031 1376 1424 1439 salutationis,
1451 1390 1559 1428 nec
1584 1389 1644 1428 se
1668 1369 2050 1444 praeceptoris

399 1469 489 1524 vel
521 1468 798 1539 discipuli
831 1468 1027 1522 locum
1058 1482 1320 1537 unquam
1352 1463 1680 1519 obtinuisse
1704 1476 1841 1531 erga
1869 1475 2004 1515 eum
2031 1474 2047 1526 ;

472 1611 545 1682 (α)
578 1611 822 1679 Maran.,
861 1611 966 1663 Vit.
998 1607 1192 1675 Basil.,
1217 1624 1347 1680 pag.
1385 1608 1506 1673 173,
1540 1606 1566 1673 §
1595 1621 1668 1658 IV.

2077 1587 2125 1652 Β

2159 569 2338 636 disse,
2374 577 2444 626 At
2473 573 2741 644 epistola
2790 583 3009 632 nostra)
3041 578 3114 634 de
3147 580 3263 634 ﬁde
3295 587 3354 635 et
3382 587 3586 638 sancta
3617 582 3811 639 Trini-

2160 664 2276 714 tate
2309 667 2466 728 sunt,
2491 678 2558 717 ac
2591 662 2660 717 de
2694 664 3009 736 Scriptura)
3036 684 3219 722 sacrae
3262 669 3412 725 locis
3443 670 3812 740 difﬁcilibus,

2160 756 2620 822 supponuntque
2642 769 2917 824 magnum
2943 755 3127 811 fuisse
3145 774 3272 812 com
3285 760 3569 822 mercium
3589 760 3816 816 littera-

2157 855 2289 892 rum
2316 838 2473 892 inter
2493 840 2879 911 Apolinarem
2909 849 2968 897 et
2990 840 3272 900 Basilium
3305 847 3765 919 Gregoriumque
3793 864 3806 902 :

2159 925 2261 980 sed
2285 933 2343 982 et
2364 927 2424 982 in
2452 928 2524 982 iis
2541 930 2879 1000 Apolinaris
2904 936 3188 1004 tanquam
3215 936 3497 1008 magister
3517 943 3576 992 et
3595 937 3808 994 unicus

2157 1015 2434 1071 Ecclesiae
2456 1017 2664 1073 doctor
2684 1019 3100 1092 interrogatur.
3121 1023 3272 1088 Quid
3302 1025 3460 1095 quod
3484 1026 3806 1082 Arianismi

2159 1108 2218 1158 et
2238 1105 2659 1175 Apolinarismi
2685 1108 2842 1163 velut
2866 1126 3072 1181 sparsa
3096 1111 3372 1167 videntur
3392 1114 3700 1168 continere
3722 1130 3810 1169 se-

2159 1192 2363 1248 mina?
2389 1216 2416 1244 »
2451 1195 2584 1250 Haac
2614 1196 2945 1267 ille.Neque
2972 1199 3147 1254 aliter
3169 1216 3310 1256 sane
3333 1203 3567 1257 censuit
3594 1204 3682 1257 vir
3711 1202 3810 1258 do-

2158 1283 2479 1349 ctissimus,
2514 1285 2612 1354 qui
2637 1286 2692 1341 S.
2722 1287 2924 1342 Basilii
2953 1304 3198 1359 operum
3231 1295 3460 1346 tomum
3493 1293 3566 1347 lIl
3599 1307 3810 1347 recens

2157 1371 2446 1442 evulgavit
2474 1374 2572 1443 (a),
2606 1375 2826 1446 quique
2858 1383 3174 1448 propterea
3207 1378 3446 1434 easdem
3478 1380 3812 1452 Apolinarii

2159 1465 2217 1515 et
2246 1461 2448 1515 Basilii
2481 1462 2764 1533 epistolas
2812 1465 3031 1536 spuriis
3078 1468 3476 1524 ascensendas
3517 1469 3685 1525 duxit
3715 1470 3812 1540 (b).

2227 1601 2304 1674 (b)
2336 1603 2510 1658 Basil.
2546 1605 2691 1676 Opp.
2727 1610 2871 1662 tom.
2906 1608 3002 1675 ΙΙΙ,
3037 1625 3166 1681 pag.
3201 1609 3303 1664 463
3337 1625 3505 1682 seqq.

853 1953 2096 2091 ΑΠΟΛΙΝΑΡΙΟΥ
2245 1955 3372 2087 ΜΕΤΑΦΡΑΣΙΣ

1519 2217 1716 2310 ΕΙΣ
1800 2211 2053 2309 TON
2131 2212 2740 2309 ΨΑΑΤΗΡΑ

987 2589 1553 2682 APOLINARII
1668 2581 2462 2675 INTERPBETATIO
2558 2585 2660 2674 IN
2750 2586 3236 2682 PSALTEM.

1018 2780 1321 2837 ΨΑΛΜΟΣ
1376 2781 1455 2834 Α’.

658 2867 822 2925 Δαυΐδ
855 2869 1141 2943 προφήτου
1173 2866 1261 2922 καὶ
1312 2864 1584 2941 βασιλεως
1619 2859 1810 2936 μέλος.

411 2955 648 3022 Ὄλϐιος
681 2959 746 3014 οὗ
779 2959 1106 3032 πεπόρευται
1141 2950 1441 3011 δυσσεϐἐων
1473 2953 1551 3009 ἐνὶ
1587 2950 1787 3028 βουλῇ,

415 3047 544 3109 0...,
572 3047 597 3069 ν
765 3047 779 3068 τ
1074 3046 1086 3062 .
1312 3044 1322 3062 .
1645 3040 1658 3060 1

463 3065 526 3105 υο
575 3069 729 3124 ιχνος
763 3049 1040 3120 εστήριξεν
1069 3045 1135 3101 αλ
1149 3065 1472 3116 ιτροτατοισι
1503 3039 1800 3110 κελευθοις,

415 3136 548 3197 Οὐδ’
581 3136 753 3211 ὀλοῇς
785 3133 1006 3212 ἓδρῃσιν
1041 3135 1251 3208 ἐφίζετο
1283 3133 1672 3206 λυμαντήριυνο

419 3225 579 3283 Ἀλλ’
610 3225 732 3302 ἔχεν
766 3225 938 3297 ἠϊοέῳ
966 3220 1194 3300 κραδίην
1224 3218 1616 3297 συμφράδμονα
1647 3219 1852 3288 θεσμῷ,

417 3318 696 3374 Θειπέσιον
731 3316 924 3377 νύκτας
955 3336 1014 3369 τε
1042 3315 1132 3368 καὶ
1164 3315 1349 3385 ἤματα
1380 3311 1578 3383 θεσμὸν
1612 3305 1826 3364 ἀείδων.

417 3413 670 3467 ’Ἑσσεται
703 3405 895 3481 οἷάπερ
927 3401 1077 3480 ἔρνος
1109 3405 1187 3480 ἐφ’
1223 3401 1512 3478 ὑδρηλοῖσι
1549 3397 1855 3463 κελεύθοις,

414 3498 643 3572 Καίριον
676 3495 942 3552 ἀντέλλον
972 3494 1224 3572 σφέτερον
1262 3489 1528 3565 μελιηδέα
1555 3487 1785 3562 καρπὸν,

418 3585 736 3659 Νωλεμὲως
771 3583 1064 3661 φύλλοισιν
1096 3580 1500 3654 ἀκειρεκόμοισι
1527 3576 1784 3645 τεθηλός.

420 3675 598 3732 Πάντα
629 3675 680 3728 οἱ
714 3673 952 3738 ἷθῦνοιτο
984 3671 1120 3726 κατὰ
1150 3670 1313 3744 χρέος
1345 3669 1478 3723 ’ὀσσα
1504 3664 1768 3722 τελέσσει.

421 3767 498 3825 Οὐ
523 3771 664 3820 τοῖοι
693 3770 951 3838 γεγάασιν
986 3759 1307 3830 ἀτάσθαλοι,
1340 3757 1538 3813 οὔποτε
1565 3761 1731 3811 τοῖον

418 3852 600 3911 Ἀλλά
629 3853 775 3908 κόνει
804 3851 1008 3922 ἳκελοι,
1038 3853 1138 3921 τήν
1170 3849 1234 3926 ῥα
1265 3849 1464 3924 χθονὸς
1495 3845 1659 3901 mea
1697 3843 1891 3914 ἀήτης.

418 4030 683 4092 Τοῦνεκεν
718 4030 795 4094 εἲς
827 4031 1002 4106 κρίσιν
1039 4026 1287 4084 ουδὲποτ¹
1319 4028 1675 4097 ἀνστήσονται
1696 4021 1931 4088 ἆλεῖται,

422 4120 558 4181 Οὐδ’
588 4119 672 4194 ἄρ’
702 4119 1022 4195 ἁμαρτίνοοι
1057 4123 1294 4173 πινυτῶν
1332 4114 1565 4192 βουλῇσι
1597 4111 1845 4169 δικαίων.

425 4299 654 4358 Οὕνεκεν
689 4297 922 4374 εὖαγὲων
955 4295 1209 4372 βασιλεὺς
1239 4296 1406 4350 πάτον
1439 4290 1555 4348 οἶδε
1585 4289 1829 4346 δικαίων

423 4386 659 4444 Τοῦνεκα
692 4386 969 4459 δυστήνων
1003 4387 1162 4462 γενεή
1196 4383 1577 4458 προθέλυμνος
1609 4379 1838 4436 ὀλεῖται.

1038 4476 1341 4531 ΨΑΛΜΟΣ
1394 4474 1469 4528 Β’.

499 4569 840 4642 Ἐπιγραφῆς
872 4566 898 4618 ὁ
930 4563 1152 4639 ψαλμὸς
1183 4562 1374 4639 capth
1407 4557 1560 4635 δίχα,

496 4656 804 4730 Ἦνωμένος
839 4653 897 4710 δὲ
924 4660 1042 4716 τοῖς
1072 4656 1197 4727 παρ’
1227 4648 1503 4726 Ἑϐραίοις
1536 4648 1772 4724 στίχοις*

501 4744 662 4804 Ἀλλ²
694 4743 766 4806 ὥς
800 4743 855 4798 δὲ
880 4741 1188 4817 δευτέρευσε
1219 4740 1449 4796 Δαυίδου
1480 4739 1722 4815 κρότοις,

505 4835 653 4890 Ἐπεὶ
685 4836 809 4906 παρ’
841 4833 1026 4894 αὐτοῖς
1057 4832 1226 4887 τίεται
1257 4832 1460 4901 ταῦτης
1485 4826 1634 4904 δίχα.

429 4926 583 5000 Τίφθ’
611 4923 954 5000 ὑπεροπλίην
987 4945 1309 5000 κενεοφρονα
1341 4921 1559 4976 σύνθετο
1592 4919 1758 4997 φῦλα,

433 5016 528 5069 Καὶ
564 5016 723 5090 γαίης
759 5012 1020 5089 βασιλῆες
1052 5011 1426 5082 ἀολλίσθησαν
1461 5012 1712 5082 ἑτοῖμοις

432 5105 530 5158 Καί
563 5125 736 5176 σφεων
770 5101 1094 5176 ἠγερέθοντο
1127 5098 1453 5155 δικασπόλοι
1485 5099 1560 5162 εἷς
1587 5095 1643 5152 ἓν
1675 5096 1869 5166 ἰόντες,

432 5187 833 5264 ΙΙαμϐασιλῆος
867 5192 956 5245 Eoi}
986 5211 1045 5244 τε
1073 5191 1211 5244 κατά
1242 5191 1502 5261 Χριστοῖο
1534 5191 1691 5242 Θεοῖο
1721 5206 1736 5255 ;

435 5281 676 5355 Δεσμους
711 5281 806 5354 μὶν
839 5281 1134 5352 σπάσομεν,
1167 5275 1471 5354 ζυγόδεσμα
1502 5274 1558 5331 δὲ
1590 5275 1822 5352 ῥίψομεν
1881 5273 2079 5330 αὐτῶν.

433 5456 739 5531 Ὑψιμέδων
773 5460 900 5519 Θεὸς
931 5456 1217 5532 οὐρανόθεν
1253 5453 1300 5510 δ’
1332 5453 1609 5530 ἐγελοίασε
1637 5452 1850 5523 τούσδε,

430 5549 785 5624 Ἐξαθερίζων
817 5549 865 5602 τ’
894 5545 959 5601 αὖ
995 5545 1350 5618 μυκτηρίσατ’
1383 5541 1770 5618 ἀφραδέοντας.

432 5633 621 5702 Τῆμος
653 5627 921 5706 ἂμείλιχα
951 5632 1081 5682 πᾶσι
1114 5630 1510 5700 κοτεσσάμενος
1541 5625 1843 5700 καταλέξει,

2794 2775 3115 2831 PSALMUS
3156 2781 3196 2832 Ι.

2457 2862 2685 2917 Davidis
2705 2864 2992 2934 praphetz
3021 2872 3071 2920 et
3109 2864 3256 2934 regis
3288 2882 3532 2922 carnem.

2177 2950 2390 3006 Beatus
2419 2967 2539 3006 non
2571 2950 2897 3007 ambulavit
2925 2952 3247 3024 impiorum
3279 2955 3340 3009 in
3372 2953 3646 3024 consilio,

2177 3039 2378 3110 Neque
2411 3039 2724 3111 vestigium
2751 3041 3007 3096 ﬁrmavit
3031 3041 3474 3099 scelestissimis
3503 3043 3632 3112 viis,

2178 3131 2378 3199 Neque
2407 3130 2758 3200 perniciosis
2789 3131 3029 3187 sedibus
3063 3132 3216 3188 sedit
3244 3140 3658 3206 corruptorum
3685 3151 3698 3188 :

2179 3217 2290 3272 Sed
2317 3217 2495 3272 habet
2523 3217 2734 3274 divinas
2765 3236 2867 3275 cor
2891 3222 3274 3276 consentiens
3307 3222 3444 3294 legi,

2180 3307 2448 3362 Divinam
2478 3313 2801 3379 noctesque
2833 3315 2892 3364 et
2921 3309 3047 3364 dies
3074 3310 3265 3383 legem
3299 3328 3541 3368 canens.

2181 3397 2306 3450 Erit
2338 3395 2513 3451 veluti
2545 3397 2748 3467 planta
2775 3396 2836 3452 in
2867 3399 3109 3468 aquosis
3141 3400 3391 3470 semitis,

2180 3485 2614 3557 Tempestivum
2645 3486 2978 3557 producens
3011 3504 3184 3543 suum
3213 3489 3448 3544 dulcem
3479 3489 3758 3559 fructum,

2182 3576 2474 3645 Perpetuo
2506 3574 2669 3629 foliis
2699 3575 2956 3631 intonsis
2986 3576 3202 3633 virens.

2183 3663 2395 3718 Omnia
2423 3663 2536 3734 ipsi
2568 3663 2903 3735 dirigantur
2922 3682 3206 3736 prospere
3229 3683 3603 3739 quascunque
3633 3667 3828 3724 faciet.

2182 3755 2307 3808 Non
2341 3752 2490 3807 tales
2522 3759 2661 3806 sunt
2685 3753 2962 3824 improbi,
2996 3771 3303 3826 nunquam
3338 3757 3523 3812 tales:

2185 3840 2297 3895 Sed
2322 3840 2546 3912 pulveri
2589 3840 2838 3908 similes,
2873 3859 3049 3913 quem
3099 3842 3306 3914 utique
3354 3850 3526 3898 terra:
3576 3845 3837 3916 perdidit

3427 3932 3681 4003 (ventus.

2181 4020 2387 4090 Itaque
2416 4017 2477 4071 in
2501 4016 2798 4088 judicium
2837 4034 3146 4089 nunquam
3193 4025 3508 4092 resurgent
3535 4020 3835 4090 scelerati,

2107 4130 2151 4194 Β
2186 4108 2384 4177 Neque
2416 4105 2620 4177 utique
2651 4113 2992 4178 peccatores
3029 4107 3394 4180 prudentum
3444 4107 3712 4164 consiliis
3733 4110 3832 4182 ju-

3413 4202 3643 4254 storum
3669 4214 3683 4252 :

3413 4202 3473 4252 sti

2185 4284 2321 4340 ldeo
2350 4285 2582 4357 piorum
2619 4284 2741 4338 Rex
2769 4284 2922 4339 viam
2955 4285 3118 4339 novit
3130 4196 3473 4357 ⁸Ῐιιειῐοινιιιξιε

2183 4375 2407 4430 Idcirco
2439 4374 2792 4428 miserorum
2823 4374 3123 4445 generatio
3156 4375 3440 4430 radicitus
3470 4374 3708 4448 peribit.

2790 4461 3109 4517 PSALMUS
3160 4465 3228 4518 ΙΙ.

2256 4555 2617 4623 Inscriptione
2634 4551 2888 4622 psalmus
2917 4561 3166 4623 repertus
3197 4559 3273 4608 est
3299 4554 3523 4624 absque,

2261 4643 2597 4712 Conjunctus
2624 4646 2804 4694 autem
2835 4640 2987 4710 apud
3017 4641 3269 4698 Hebraeos
3297 4643 3560 4697 versibus.

2265 4734 2651 4787 Verumtamen
2680 4731 2944 4785 secundus
2972 4737 3049 4785 est
3076 4731 3298 4786 Davidis
3327 4733 3387 4786 in
3412 4732 3688 4802 pulsibus,

2262 4823 2531 4886 Quoniam
2560 4819 2712 4890 apud
2735 4820 2879 4889 ipsos
2906 4819 2965 4873 in
2990 4819 3195 4874 honore
3225 4820 3456 4875 habetur
3481 4822 3583 4876 hac
3613 4822 3834 4893 absque.

2191 4910 2264 4964 Ut
2283 4909 2426 4980 quid
2443 4907 2783 4978 superbiam
2807 4907 3036 4961 stolidas
3054 4916 3521 4979 composuerunt
3538 4910 3841 4981 nationes,

2190 5000 2260 5053 Et
2287 5004 2454 5052 terrae
2483 5012 2652 5069 reges
2687 4997 3024 5068 congregati
3057 5002 3197 5051 sunt
3227 4999 3416 5069 parati
3442 5016 3456 5052 :

2190 5090 2260 5142 Et
2281 5088 2544 5159 ipsorum
2567 5085 2877 5156 glomerati
2906 5086 3292 5157 suntjudices
3315 5087 3375 5142 in
3398 5105 3582 5144 unum
3608 5096 3841 5159 euntes,

2193 5178 2544 5248 Supremum
2567 5190 2763 5245 regem
2783 5190 3074 5245 suumque
3093 5182 3299 5231 contra
3311 5177 3610 5234 Christum
3626 5177 3842 5235 Deum?

2193 5264 2442 5321 Vincula
2470 5263 2710 5334 quidem
2761 5279 3162 5333 amoveamus,
3197 5271 3255 5321 et
3276 5266 3419 5339 juga
3451 5269 3839 5340 projiciamus

3404 5355 3716 5428 [ipsorum.

2193 5446 2583 5516 Alteregnans
2613 5441 2768 5496 Deus
2801 5441 2872 5497 de
2905 5442 3050 5498 ccelo
3081 5448 3281 5499 autem
3313 5445 3500 5500 irrisit
3529 5462 3651 5514 eos,

2194 5532 2659 5606 Despiciensque
2691 5547 2930 5586 rursum
2964 5531 3350 5589 subsannavit
3381 5534 3614 5590 stultos.

2194 5626 2357 5682 Tunc
2389 5617 2852 5692 implacabiliter
2876 5619 3157 5678 omnibus
3189 5637 3548 5678 succensens
3577 5620 3756 5693 dicet,
