4134 6268
461 405 614 463 1327

1025 535 1340 590 PSALMUS
1380 535 1528 590 XIII.

457 626 683 682 Davidis
707 627 953 696 potentis
981 625 1220 679 decimus
1251 628 1446 679 tertius
1474 631 1550 679 est
1580 625 1828 692 hymnus.

457 719 582 772 Non
606 732 734 771 esse
759 717 941 770 Deum
967 714 1112 769 dixit
1142 716 1265 769 suis
1298 716 1357 768 in
1390 715 1731 786 prmcordils
1763 713 2072 784 insipiens,

455 805 672 877 Turpia
702 805 998 860 fabricans
1033 804 1273 858 odiosus
1303 810 1549 875 apparet
1577 803 1766 858 factis.

459 895 745 966 Operator
775 910 894 948 non
930 899 1020 950 est
1050 910 1239 963 usque
1268 893 1340 948 ad
1371 909 1560 947 unum
1593 892 1964 962 mquitatum.

459 985 668 1038 Pastor
698 982 770 1036 de
802 982 948 1036 cuslo
976 981 1228 1035 mortale
1259 981 1562 1052 prospexit
1587 997 1794 1051 genus,

459 1072 705 1126 Visurus
732 1071 866 1141 quis
896 1087 1091 1140 regem
1124 1071 1306 1124 Deum
1339 1069 1652 1140 requirens
1682 1073 1857 1123 esset.

459 1163 677 1218 Omnes
703 1161 1073 1216 declinantes
1105 1161 1284 1215 simili
1316 1160 1619 1214 constricti
1654 1165 1791 1214 sunt
1823 1159 1960 1213 vitio
1987 1175 2000 1212 :

463 1252 750 1323 Operator
780 1267 901 1305 non
932 1256 1021 1305 est
1048 1266 1238 1320 usque
1270 1249 1344 1304 ad
1374 1266 1559 1303 unum
1591 1249 1960 1318 equitatum.

454 1340 753 1395 Bonorum
775 1355 909 1394 vero
932 1339 1144 1411 ignari,
1170 1354 1407 1410 semper
1430 1338 1878 1394 consentientes
1896 1336 2105 1406 nequi-

1893 1425 2034 1496 [tiaa,

1551 397 2010 459 APOLINARII
2057 396 2297 460 EPISC.
2343 400 2761 464 LAODICENI

2130 537 2183 601 Α
2819 539 3120 594 ΨΑΑΜΟΣ
3164 543 3259 594 ll“.

3714 401 3874 464 1328

2216 620 2451 678 Δαυΐδου
2483 626 2744 700 σθεναροῦ
2770 624 3215 699 τρισκαιδέκατος
3245 625 3408 681 πέλεν
3439 624 3632 698 ὕμνος.

2216 713 2336 770 Οὐκ
2366 712 2499 767 εἶναι
2531 715 2659 768 Θεὸν
2694 715 2837 770 εἶπεν
2871 716 2983 778 ὲοὶς
3012 714 3064 770 έν
3097 718 3346 786 στήθεσιν
3380 714 3586 792 ἄφρων·

2217 802 2429 878 Αῗσχεα
2456 805 2746 859 τεκταίνων
2781 806 3032 879 στυγερὸς
3064 812 3446 882 καταφαίνεται
3480 803 3684 878 ἔργοις.

2216 892 2541 966 Ἐργατίνης
2572 893 2670 948 οὐκ
2701 891 2843 949 ἔστιν
2876 893 2980 956 ἓως
3013 894 3129 956 ὲνὸς
3161 894 3486 968 εὐνομιάων.

2217 984 2432 1054 Ποιμήν
2469 982 2762 1056 οὐρανόθεν
2801 984 3024 1060 βρότεον
3056 983 3422 1039 σκοπιάσσατο
3455 981 3650 1060 φῦλον,

2215 1071 2518 1143 Ὀψόμενος
2547 1071 2627 1134 τίς
2659 1070 2859 1127 ἂνακτα
2890 1073 3017 1128 Θεὸν
3054 1070 3346 1146 διζήμενος
3377 1070 3485 1142 εἷή.

2216 1161 2418 1221 Πάντες
2449 1160 2844 1223 ἀποκλίναντες
2877 1163 2990 1236 ὁμῇ
3023 1158 3299 1235 δεδμήατο
3332 1155 3513 1235 λώϐῃ·

2216 1249 2532 1324 Ἐργατίνης
2567 1250 2665 1305 οὐκ
2695 1245 2836 1305 ἔστιν
2867 1247 2974 1313 ἕως
3000 1251 3115 1312 ἑνὸς
3147 1250 3468 1322 εὐνομιάων.

2212 1341 2332 1392 Τῶν
2367 1336 2412 1394 δ’
2443 1339 2655 1415 ἀγαθῶν
2690 1341 2944 1416 ἀγνῶτες,
2977 1341 3055 1396 ἀεὶ
3090 1338 3511 1414 συμφράδμονες
3544 1337 3697 1410 ἄτης,

451 1520 685 1576 Plebem
731 1534 928 1574 meam
976 1517 1324 1573 devorantes
1365 1517 1518 1571 sicut
1571 1515 1745 1571 facile
1800 1520 2070 1571 sananter

2214 1517 2354 1572 Λαὸν
2385 1517 2515 1590 ὲμὸν
2547 1517 2887 1590 κατέδοντες,
2919 1519 3070 1583 ὅπως
3100 1517 3330 1575 εὐαλθέα
3361 1524 3529 1578 σῖτον.

1888 1605 2107 1678 [cibum

450 1696 866 1768 Imprudenter
895 1695 1060 1751 obliti
1097 1699 1237 1750 sunt
1267 1695 1450 1748 Deum
1483 1709 1679 1765 regem
1712 1693 1989 1748 invocare
2020 1709 2033 1747 :

448 1785 913 1856 Trepidaverunt
932 1785 1096 1844 satis.
1121 1781 1361 1854 quando
1386 1799 1596 1852 pavore
1622 1799 1742 1836 non
1768 1799 1916 1852 opus
1943 1786 2102 1836 erat:

2214 1604 2524 1684 Ἀφραδέως
2559 1607 2818 1664 ἐλάθοντο
2847 1610 2978 1664 Θεὸν
3013 1607 3252 1684 βασιλῆα
3277 1607 3537 1663 λιτέσθαι·

2211 1784 2592 1857 Δειμαίνεσκον
2622 1785 2779 1859 ἄδην,
2813 1787 2902 1842 ὅτε
2931 1784 3188 1860 δείματος
3219 1787 3280 1842 οὐ
3313 1787 3476 1863 χρέος
3508 1787 3625 1856 ἦεν·

451 1874 740 1937 Quoniam
764 1875 919 1928 Deus
935 1873 996 1926 in
1015 1870 1582 1941 mediisjustissimis
1597 1869 2070 1941 generationibus

2177 1907 2180 1950 ι
2209 1873 2297 1936 Ὧς
2326 1875 2456 1938 Θεὸς
2485 1875 2536 1930 έν
2573 1875 2797 1950 μέσσῃσι
2830 1874 3197 1951 δικαιοτάτῃσι
3229 1875 3488 1952 γενέθλης

454 1962 703 2031 Inopum
733 1976 805 2014 ne
837 1959 983 2015 mihi
1017 1960 1150 2030 quis
1183 1957 1471 2029 despiciat
1499 1957 1770 2026 consilia,

451 2049 739 2113 Quoniam
771 2048 1125 2103 immortalis
1156 2047 1395 2101 illorum
1432 2046 1584 2100 Deus
1613 2062 1746 2116 spes
1778 2052 1886 2101 est.

451 2137 590 2202 Quis
619 2136 782 2192 dabit
813 2152 881 2190 ex
914 2137 1052 2191 Sion
1086 2135 1344 2191 salutare
1373 2134 1553 2189 Israel
1580 2134 1607 2188 ?

448 2224 646 2280 Plebis
677 2242 811 2280 cum
841 2225 1121 2280 averterit
1155 2225 1308 2278 Deus
1335 2223 1608 2278 servilem
1634 2222 1816 2290 diem,

445 2315 605 2370 Tunc
631 2315 887 2370 exsultet
915 2314 1298 2368 vehementer
1327 2311 1532 2366 Israel.

1014 2402 1334 2456 PSALMUS
1383 2403 1526 2454 XIV.

551 2491 773 2546 Davidis
799 2491 1094 2560 prudentis
1127 2489 1366 2544 decimus
1397 2496 1446 2543 et
1471 2497 1704 2559 quartus
1733 2490 1986 2560 hymnus.

444 2579 584 2644 Quis
617 2579 676 2634 in
707 2579 1128 2644 tabernaculis,
1159 2578 1541 2646 Immortalis,
1571 2579 1862 2634 habitabit
1886 2580 2024 2648 tuis,

446 2673 562 2724 Aut
591 2675 690 2724 tuo
721 2669 1126 2740 frequentabit
1157 2669 1290 2739 quis
1321 2668 1383 2722 in
1415 2676 1617 2723 monte
1649 2675 1853 2725 sancto
1875 2669 1902 2725 ?

446 2759 801 2829 Equitatem
834 2765 893 2814 et
922 2758 1243 2830 puritatem
1273 2774 1490 2812 curans
1519 2759 1625 2820 vir,

446 2847 792 2903 Pectoribus
824 2846 1044 2902 sanctis
1077 2862 1312 2917 semper
1343 2861 1480 2900 vera
1508 2845 1781 2918 loquens,

446 2935 840 2991 Vehementer
868 2934 1088 2990 dolosas
1120 2935 1254 2990 odio
1285 2949 1650 3006 persequens
1708 2937 2096 3008 cogitationes

1741 3025 1980 3098 [lingua
2005 3043 2020 3082 :

442 3113 550 3179 Qui
583 3113 809 3169 malum
839 3130 960 3168 non
991 3113 1151 3179 fecit,
1187 3130 1290 3168 suo
1322 3121 1521 3170 autem
1555 3114 1789 3170 afﬁnxit
1818 3115 2017 3170 socio:

438 3203 640 3273 Neque
671 3203 843 3258 malis
868 3202 1013 3257 rixis
1038 3203 1488 3259 contumeliosis
1517 3203 1845 3259 absentem.

438 3291 841 3362 Vituperabile
873 3291 1012 3364 Regi
1045 3291 1371 3363 malignum
1404 3297 1494 3347 est
1513 3309 1720 3364 genus.

436 3379 804 3435 Timentibus
833 3387 1032 3436 autem
1067 3397 1208 3436 sane
1241 3381 1395 3436 Deus
1422 3397 1696 3454 magnam
1714 3381 1963 3452 gloriam
1985 3381 2090 3436 tri-

1845 3469 2016 3541 [buit.

436 3556 544 3623 Qui
575 3574 710 3613 vero
741 3557 790 3613 si
814 3559 1308 3630 juraverit,etiam
1323 3558 1749 3630 jusjurandum
1766 3557 1942 3614 ﬁdele
1966 3576 2089 3615 ser-

1814 3647 2014 3721 habit,

440 3737 642 3808 Neque
671 3752 915 3793 usuram
945 3737 1162 3793 evitatu
1184 3736 1488 3793 difﬁcilem
1519 3737 1640 3792 suis
1661 3736 1936 3793 manibus
1957 3754 2092 3794 con-

1772 3827 2014 3899 [gregat,

435 3916 634 3986 Neque
649 3913 878 3986 judicio
901 3914 1078 3969 laedet
1097 3914 1478 3970 innocentem
1494 3915 1682 3969 virum
1697 3915 2046 3972 muneribus
2070 3933 2083 3972 :

434 4005 750 4077 Nunquam
780 4003 1100 4072 vacillabit,
1137 4010 1398 4058 tremens
1427 4005 1558 4059 vitae
1580 4003 1891 4075 procellas.

1016 4091 1336 4146 PSALMUS
1376 4093 1490 4148 XV.

427 4181 655 4237 Davidis
685 4183 857 4252 lepidi
885 4197 1050 4246 super
1077 4181 1332 4235 columna
1355 4183 1618 4251 pretiosa,

493 4254 575 4308 Ad
605 4254 876 4308 decimum
905 4255 1132 4324 quintus
1165 4253 1253 4306 hic
1282 4259 1472 4308 cantus
1501 4269 1745 4308 sonoras.

422 4341 803 4410 Immortalis,
827 4357 1110 4397 conserva
1129 4359 1246 4409 me,
1273 4342 1560 4413 quonlam
1585 4348 1647 4398 tu
1675 4360 1807 4399 mea
1828 4361 1962 4416 spes
1991 4359 2074 4400 es.

419 4432 547 4487 Dixi
587 4433 704 4486 Deo
737 4432 857 4504 regi
889 4449 901 4486 :
934 4433 1015 4486 Tu
1045 4448 1214 4486 meus
1247 4433 1400 4486 Deus
1434 4449 1497 4486 es
1530 4431 1730 4487 solus:

420 4522 620 4591 Neque
653 4521 814 4576 enim
847 4526 1188 4576 nostrorum
1220 4520 1515 4576 bonorum
1550 4537 1685 4593 eges
1718 4522 1860 4593 ipse.

2213 1963 2512 2018 ’Δκτεάνων
2549 1967 2624 2037 μή
2664 1965 2758 2038 μοί
2787 1985 2872 2030 τις
2897 1967 3182 2040 ἀτιμήσειε
3216 1967 3502 2042 μερίμνας,

2211 2051 2434 2109 Οὕνεκεν
2467 2053 2731 2116 ἀθάνατος
2759 2055 2954 2110 κείνων
2985 2056 3117 2120 Θεὸς
3148 2053 3306 2117 ἐλπὶς
3335 2054 3560 2129 ἐτύχθη.

2207 2140 2298 2204 Τίς
2329 2146 2490 2218 πόροι
2526 2143 2585 2199 έκ
2611 2149 2818 2207 Σιῶνος
2849 2144 3134 2221 ὲπίῤῥοθον
3166 2143 3498 2220 Ἰσραήλους

2207 2231 2354 2286 Λαοῦ
2385 2230 2509 2286 ὅταν
2545 2233 2791 2308 στρέψειε
2822 2236 2952 2296 Θεὸς
2981 2237 3116 2290 κάτα
3146 2232 3366 2289 δούλιον
3398 2233 3572 2309 ἦμαρ,

2205 2322 2398 2392 Τῆμος
2425 2319 2558 2395 ἀγα)
2573 2320 2750 2386 λέσθω
2779 2324 3070 2398 περιὼσιον
3105 2321 3408 2399 Ἰσραῆλος,

2806 2414 3109 2470 ΨΑΛΜΟΣ
3152 2415 3248 2470 1Δ’.

2207 2495 2437 2554 Δαυΐδου
2469 2506 2692 2556 πινυτοῢ
2725 2499 2949 2563 δέκατος
2979 2503 3068 2557 καὶ
3088 2509 3340 2574 τέτρατος
3377 2502 3566 2570 ὕμνος.

2203 2589 2299 2652 Τίς
2330 2588 2578 2668 κλισίῃς,
2609 2595 2900 2671 Ἀφθαρτε,
2933 2595 3330 2667 παραυλίσοιτο
3360 2598 3566 2668 τεῇσιν,

2203 2683 2273 2737 ’Ἡ
2307 2681 2394 2736 σέο
2424 2683 2661 2739 ναιετάοι
2692 2685 2774 2747 τίς
2805 2685 2886 2740 ἐπ’
2919 2683 3108 2760 οὔρεος
3137 2686 3432 2760 ἁχράντοιο
3463 2704 3476 2754 ;

2201 2768 2429 2846 Εὖδικίῃ
2458 2775 2546 2828 καὶ
2583 2774 2850 2849 ἀκηρασίῃ
2887 2775 3270 2848 μεμελημένος
3301 2776 3459 2850 ἀνὴρ,

2203 2861 2465 2929 Στήθεσιν
2499 2861 2802 2937 εὐαγέεσσιε
2829 2863 2910 2918 ἀεὶ
2942 2864 3210 2938 νημερτέα
3245 2863 3446 2939 βάζων,

2202 2947 2522 3024 Ἐκπάγλως
2551 2948 2787 3028 δολερῆς
2812 2953 3046 3026 στυγέων
3083 2951 3436 3026 μελεδήπατα
3464 2953 3745 3030 γλώττης,

2197 3128 2294 3188 Ὀς
2320 3129 2482 3183 κακὸν
2519 3129 2581 3184 οὐ
2612 3130 2884 3201 τέκτηνεν,
2920 3131 2992 3202 ὲῷ
3022 3130 3068 3186 δ’
3091 3128 3316 3208 ἕρῥαψεν
3341 3132 3555 3207 ἑταίρω·

2197 3213 2340 3274 Οὐδὲ
2368 3224 2555 3280 κακοῖς
2585 3218 2842 3275 νείκεσσιν
2875 3218 3179 3275 ὀνειδείοισι
3210 3227 3451 3294 θυραῖον.

2195 3311 2475 3379 Μωμητὸν
2512 3307 2734 3382 βασιλῆι
2763 3309 3100 3387 κακορῥαφὲς
3130 3305 3326 3366 ἔπλετο
3357 3309 3556 3389 φῦλον.

2192 3395 2324 3458 Τοῖς
2356 3391 2405 3449 δ’
2430 3393 2532 3471 ἄρα
2567 3394 2904 3472 δειμαίνουσι
2937 3400 3068 3461 Θεὸς
3107 3399 3247 3474 μέγα
3277 3396 3439 3462 κῦδος
3471 3399 3666 3470 ὀπάζοι
3707 3404 3844 3476 (12).

2193 3573 2294 3636 ’Ός
2322 3569 2379 3628 δὲ
2402 3572 2463 3628 κέ
2492 3595 2598 3630 που
2629 3575 2872 3649 ὀμόσειε,
2903 3576 2992 3632 καὶ
3023 3577 3181 3651 ὅρκια
3210 3577 3373 3632 πιστὰ
3403 3576 3653 3655 φυλάξοι,

2192 3747 2351 3821 Μηδὲ
2378 3751 2537 3807 τόκον
2564 3750 2892 3811 δυσάλευτον
2923 3754 3037 3820 ἑαῖς
3061 3755 3375 3829 παλάμῃσιν
3407 3753 3591 3832 ἂγείρε
3629 3759 3770 3831 (13),

2187 3925 2342 3998 Μηδὲ
2373 3927 2493 4005 δίκῃ
2523 3931 2777 4006 βλάψειεν
2809 3933 3049 3990 ἀναίτιον
3077 3933 3238 4010 ἀνέρα
3271 3931 3490 4008 δώροις’

2186 4016 2388 4078 Οὕποτ⁹
2421 4019 2658 4096 ὀρινθείη
2691 4025 2941 4098 τρομέων
2975 4023 3186 4100 βιότοιο
3219 4023 3472 4089 θυέλλας.

2781 4115 3085 4170 ΨΑΛΜΟΣ
3129 4115 3228 4171 ΙΕ“.

2183 4196 2415 4290 nep-1890
2433 4199 2728 4290 χαρίεντος
2758 4200 2843 4256 έπὶ
2879 4199 3089 4289 στήλῃς
3120 4201 3392 4290 έριιτίμου,

2252 4270 2396 4334 Πρὸς
2429 4270 2639 4345 δεκᾶτῳ
2668 4273 2916 4345 πέμπτον
2947 4270 3108 4329 τοῦτο
3149 4270 3318 4348 μέλος
3347 4273 3590 4348 λιγυρόν.

2182 4361 2431 4436 "Aperta,
2464 4360 2772 4438 φρούρησόν
2803 4383 2889 4435 με,
2921 4361 3036 4418 ἐπεὶ
3069 4363 3131 4417 σύ
3163 4385 3262 4436 μευ
3290 4361 3447 4424 ἐλπὶς
3478 4362 3740 4438 έτύχθης.

2179 4446 2322 4502 Εῖπα
2352 4452 2470 4520 Θεῷ
2505 4447 2753 4524 βασιλῆυ
2791 4449 2867 4505 Σύ
2902 4471 3000 4524 μευ
3032 4453 3160 4512 Θεὸς
3193 4447 3357 4506 ἔπλεο
3391 4455 3612 4525 μοῦνος·

2179 4531 2322 4591 Οὐδὲ
2349 4537 2450 4612 γὰρ
2484 4538 2766 4612 ἡμετέρων
2795 4540 3005 4616 ἀγαθῶν
3037 4537 3309 4595 ἐπιδεύεαι
3341 4540 3522 4602 αὐτός.

421 4608 852 4666 Admirabilem
876 4615 1218 4665 sanctorum
1244 4610 1496 4665 terrenis
1515 4609 1943 4666 demonstravit
1969 4628 2070 4685 ge-

2178 4608 2400 4696 Θηητῆν
2424 4608 2600 4682 ’ὁσίων
2631 4608 2878 4692 χθονίοίς
2908 4628 3136 4704 ἀνέφηνε
3165 4628 3451 4705 γενέθλην,

1561 4697 1955 4769 [nerationem
1981 4717 1995 4755 :

419 4788 810 4844 Committens
877 4788 1308 4860 prudentisque
1374 4787 1532 4858 apud
1591 4787 1753 4859 ipsos
1819 4790 2070 4847 consilia

419 4878 622 4935 animi.
671 4877 1057 4935 lnﬂrmitates
1106 4877 1516 4950 multiplicata;
1563 4883 1719 4946 sunt,
1755 4885 1812 4934 et
1843 4881 1904 4935 in
1939 4881 2062 4936 suis

1548 4967 1714 5040 [sunt
1742 4968 1988 5025 celeres.

412 5057 685 5111 Virorum
718 5057 955 5130 piorum
984 5058 1215 5112 veloces
1245 5057 1527 5129 ingruunt
1559 5056 1773 5112 morbi.

405 5145 644 5215 Absque
698 5145 960 5202 caedibus
1015 5145 1237 5218 iniquis
1287 5145 1699 5201 conventicula
1740 5162 1945 5202 eorum
1996 5147 2056 5202 in

1358 5236 1567 5308 [unum
1599 5252 1983 5310 congregans,

404 5322 773 5394 Nominaque
804 5323 866 5377 in
911 5322 1255 5394 prwcordiis
1303 5341 1423 5380 non
1480 5323 1654 5380 labiis
1700 5325 2058 5382 recordabar

1727 5414 1980 5486 [eorum.

402 5503 536 5575 Ipse
567 5503 688 5558 Rex
718 5501 1058 5564 hmredilas,
1093 5507 1151 5556 et
1181 5503 1295 5557 mei
1329 5509 1418 5558 est
1445 5520 1584 5574 pars
1614 5503 1852 5558 calicis:

396 5594 530 5666 Ipse
560 5591 708 5647 mihi
739 5597 860 5650 Rex
891 5591 1293 5648 sufﬁcientem
1325 5599 1545 5648 sortem
1577 5592 1870 5662 prmbens.

393 5682 586 5736 Funes
619 5682 762 5736 mihi
796 5679 1098 5753 praeclaris
1130 5679 1473 5734 ceciderunt
1499 5681 1561 5734 in
1591 5681 1890 5751 operibus.

471 5787 581 5857 (l2)
619 5787 871 5857 ξΟπαςοι.
911 5787 1109 5857 forte,
1136 5781 1349 5857 ρπᾴζει.
1380 5787 1530 5840 Enn.

474 5850 589 5926 (13)
617 5854 872 5931 ἰλ-τείρει.
907 5855 1103 5920 Forte,
1125 5850 1351 5926 ἀγείροι.
1383 5857 1463 5911 In.

2180 4803 2525 4878 Παρθέμενος
2554 4813 2784 4876 πινυτῆς
2817 4810 2832 4879 (
2874 4811 2926 4880 4)
2951 4829 3008 4864 τε
3037 4808 3170 4882 μετὰ
3199 4807 3347 4887 σφίσι
3383 4807 3560 4884 μήδεα
3588 4812 3790 4886 θυμοῦ.

2173 4889 2455 4967 Ἀδρανίαι
2485 4890 2785 4966 πλήθουσι,
2817 4896 2907 4951 καὶ
2940 4895 2993 4952 έν
3026 4898 3202 4976 σφίσιν
3230 4898 3336 4953 εἰσὶ
3365 4904 3606 4974 ταχεῖαι.

2171 5066 2408 5142 Ἀνδρῶν
2437 5067 2702 5128 εὐσεϐέων
2727 5075 2949 5150 ταχιναὶ
2986 5071 3267 5152 βεϐρίθασι
3299 5081 3505 5134 νοῦσοι.

2169 5157 2344 5234 Νόσφι
2379 5162 2557 5239 φόνων
2589 5159 2812 5235 ἀδίκων,
2847 5163 3061 5228 κλισίας
3091 5166 3268 5241 σφέων
3301 5166 3378 5229 εἰς
3409 5162 3462 5221 ἔν
3491 5167 3747 5244 ἀγειρων,

2163 5333 2387 5412 Οὕνομά
2413 5341 2464 5394 τ’
2493 5338 2553 5395 έκ
2581 5339 2867 5415 πραπίδων
2902 5343 2962 5398 οὐ
2997 5344 3206 5419 χείλεσι
3237 5347 3518 5419 μνήσομαι
3545 5344 3745 5404 αὐτῶν.

2164 5513 2339 5576 Αὐτὸς
2370 5516 2531 5588 Ἀναξ
2559 5515 2798 5588 πλῆθος,
2831 5518 2920 5573 καὶ
2955 5519 3084 5592 ἐμεῦ
3113 5518 3268 5576 πέλει
3302 5523 3427 5576 αἶσα
3457 5519 3746 5576 κυπέλλου

2159 5600 2336 5663 Αὐτὸς
2366 5599 2490 5674 ἐμοὶ
2521 5603 2785 5667 Βασιλεὺς
2818 5606 3060 5680 ζωαρκέα
3087 5605 3293 5683 κλῆρον
3322 5607 3561 5677 ὀπάζων.

2161 5693 2393 5767 Σχοῖνοί
2426 5715 2521 5766 μοι
2549 5702 2896 5772 κρατεροῖσιν
2930 5697 3320 5776 έφορμήθησαν
3347 5697 3432 5754 ἐπ’
3462 5697 3664 5774 ἔργοις.

2230 5794 2341 5865 (Mr)
2371 5796 2627 5864 υινυτῆς.
2659 5797 2854 5872 Forte,
2884 5802 3159 5862 πινυτοῖς.
3191 5801 3270 5858 In.
