4134 6268
371 325 525 389 1331

378 462 609 543 Quaado
641 461 707 515 ab
737 459 975 514 inimicis
1006 473 1127 513 eum
1158 460 1273 513 Rea:
1300 459 1507 530 eripuit
1536 456 1805 512 omnibus.

384 603 653 673 Sauleque
671 603 985 673 pernicioso
1008 603 1264 670 cupiente
1287 617 1408 656 eum
1433 601 1684 672 perdere.

379 672 684 746 Septimum
711 674 875 729 simul
904 679 956 729 et
995 674 1262 728 decimum
1300 673 1577 728 dedicavit
1605 672 1885 742 hymnum.

380 889 685 946 Fortitudo
708 904 872 944 mea:
898 892 952 942 te
976 888 1135 943 enim
1160 888 1353 944 solum
1383 884 2029 961 semper,Deus,diligo:

382 981 511 1052 Ipse
526 976 971 1057 firmamentum
987 982 1044 1032 et
1057 978 1347 1033 auxilium
1362 993 1561 1032 meum
1582 975 1928 1030 etdefensor
1945 991 2028 1029 es.

384 1069 528 1141 Spes
559 1084 692 1122 mea
722 1083 806 1134 es,
840 1073 899 1122 et
929 1083 1197 1127 meorum
1222 1072 1524 1139 protector
1553 1080 1801 1137 Operum
1835 1082 1848 1120 :

381 1148 647 1213 SOlidum
674 1156 804 1211 vita:
834 1173 1018 1211 cornu
1051 1161 1109 1211 et
1133 1172 1514 1229 propugnans
1545 1153 1745 1209 robur.

384 1247 655 1302 Laudans
685 1251 741 1300 te
774 1245 1048 1319 precibus
1091 1246 1351 1301 hostium
1381 1260 1597 1308 manus
1629 1243 1925 1315 eﬂ‘ugiam.

387 1335 631 1391 Dolores
663 1334 870 1389 mortis
901 1333 1426 1389 circumdederunt
1453 1349 1676 1403 graves.

382 1426 815 1494 Torrentesque
846 1421 1279 1477 conturbarunt
1318 1421 1596 1477 immensi
1628 1420 2034 1491 iniquitatum.

387 1514 802 1568 Tartareorum
843 1527 939 1566 me
970 1511 1268 1567 cruciatus
1314 1510 1839 1579 circumdederunt
1865 1508 2036 1565 bara-

1629 1600 1923 1671 [throrum
1948 1615 1963 1653 :

387 1692 549 1748 Texti
580 1708 715 1746 vero
749 1707 840 1745 me
868 1689 1287 1762 praemiserunt
1316 1705 1541 1761 asperae
1598 1688 1797 1760 laquei
1827 1688 2039 1745 mortis

390 1781 503 1837 Sed
531 1798 637 1853 ego
668 1781 929 1835 invocavi
963 1779 1253 1837 sollicitus
1286 1766 1471 1837 Deum
1503 1779 1566 1833 in
1610 1779 1901 1851 angustia,

390 1872 469 1926 De
501 1870 647 1941 cqalo
676 1870 847 1953 Regis
878 1869 1311 1941 auxiliatricem
1345 1884 1587 1924 manum
1621 1868 1907 1923 clamans.

388 1961 469 2015 De
502 1964 705 2014 sancto
728 1959 987 2014 vocantis
1018 1975 1212 2014 meam
1242 1974 1444 2013 vocem
1467 1956 1765 2013 exaudivit
1791 1956 2034 2028 templo:

393 2048 629 2105 Clamor
657 2065 826 2103 meus
856 2054 1054 2104 currat
1092 2048 1152 2102 in
1184 2063 1358 2103 aures
1388 2046 1595 2102 ﬁdeles
1625 2045 1748 2101 Dei.

391 2138 567 2192 Terra
590 2137 779 2211 gravis
809 2142 1105 2192 commota
1134 2141 1223 2192 est
1253 2154 1266 2191 :
1301 2140 1523 2191 tremor
1543 2152 1678 2191 vero
1709 2150 1839 2190 eam
1861 2151 2039 2190 occu-

1532 2225 1713 2298 [pavit
1743 2229 1924 2279 totam
1951 2241 1964 2279 :

391 2314 686 2370 Alicunde
720 2313 1093 2369 excelsorum
1151 2312 1446 2369 montium
1495 2312 1846 2368 conturbata
1903 2314 2042 2365 sunt

1067 2463 1074 2469 _
1530 2400 1964 2474 [fundamenta.

389 2493 658 2550 Divinam
689 2491 995 2548 horrentia
1023 2490 1205 2546 bilem
1237 2494 1296 2545 et
1316 2490 1465 2546 iram
1495 2490 1668 2562 Regis

386 2581 748 2637 Immortalis
779 2580 1091 2635 irascentis
1122 2580 1332 2652 ingens
1363 2579 1729 2635 excitabatur
1748 2578 1966 2646 fumus,

390 2673 461 2727 Et
491 2671 609 2743 igni
643 2670 994 2725 illuminans
1023 2668 1181 2723 beati
1214 2667 1396 2723 robur
1427 2668 1705 2741 surgebat
1732 2667 1929 2722 vultus
1955 2684 1968 2720 :

394 2849 691 2906 Carhoues
716 2847 789 2903 ab
823 2864 890 2902 eo
923 2847 1203 2903 ardentes
1240 2846 1511 2903 succensi
1559 2851 1716 2901 sunt.

395 2940 476 2995 De
508 2938 654 2994 caelo
690 2937 1016 3003 descendit,
1050 2936 1265 2992 coelum
1314 2937 1565 3011 ignitum
1598 2935 1933 2990 inclinans:

394 3027 754 3085 Immortalis
776 3026 1077 3081 ferebatur
1099 3026 1284 3098 caligo
1318 3016 1427 3080 sub
1458 3024 1710 3097 pedibus
1745 3025 1846 3079 Dei
1883 3040 1895 3078 :

392 3116 734 3173 Ascendens
765 3114 1039 3172 curribus
1071 3114 1194 3170 suis
1225 3114 1440 3169 volavit
1471 3131 1650 3185 super
1685 3112 1991 3168 cherubim
2023 3127 2037 3167 :

392 3205 926 3261 Volavitvelocium
958 3209 1271 3259 ventorum
1305 3204 1520 3275 pennis
1552 3202 1832 3269 elevatus,

391 3296 599 3351 Tectus
620 3294 907 3367 caligine:
940 3293 1054 3348 hoc
1087 3293 1251 3348 enim
1275 3293 1461 3348 voluit
1502 3292 1791 3347 auxilium
1807 3308 2039 3364 capere.

392 3383 627 3439 Circum
652 3383 850 3456 ipsum
882 3382 1263 3439 circumdans
1322 3381 1612 3452 inclytum
1652 3382 1850 3451 posuit
1881 3387 2041 3454 tegu-

1655 3470 1968 3542 [mentum,

400 3559 589 3615 Veluti
617 3559 887 3615 aetherem
921 3560 1099 3615 nubis
1122 3559 1315 3615 latens
1347 3575 1520 3630 aqua,

396 3649 783 3705 Transierunt
813 3648 1002 3704 nubes
1030 3649 1154 3704 suis
1190 3666 1310 3720 prae
1332 3647 1701 3721 fulgoribus;

398 3739 697 3794 Carbones
726 3738 1004 3793 concitati
1039 3738 1193 3810 ignis
1227 3736 1629 3792 miscebantur
1648 3736 1942 3810 grandini.

399 3828 560 3883 Tunc
590 3828 852 3882 intonuit
881 3832 939 3881 et
969 3826 1042 3881 de
1065 3825 1214 3881 caelo
1247 3827 1400 3881 Deus
1432 3826 1579 3897 ipse.

402 3917 727 3972 lmmorlali
757 3933 887 3969 vero
925 3916 1263 3970 Altissimus
1277 3915 1349 3969 ab
1366 3913 1583 3969 aethere
1605 3915 2042 3970 resonuitvoce:

401 4006 622 4063 Divinis
654 4005 963 4077 dissipavit
991 4003 1352 4058 volubilibus
1380 4003 1626 4076 sagittis.

401 4097 616 4151 Omnes
633 4095 804 4149 simul
823 4093 1155 4148 conturbati
1173 4098 1309 4148 sunt
1322 4110 1441 4162 prae
1462 4091 1790 4163 fulguribus
1803 4093 2046 4148 crebris:

404 4184 637 4240 Humidi
668 4200 803 4237 vero
828 4187 1233 4253 apparuerunt
1264 4181 1396 4252 puri
1428 4186 1571 4235 tunc
1601 4181 1815 4245 fontes,

401 4274 470 4328 Et
495 4274 674 4329 totius
698 4270 918 4325 feracia
948 4269 1340 4325 fundamenta
1362 4270 1489 4323 visa
1522 4275 1661 4324 sunt
1690 4276 1883 4337 terrm,

398 4361 759 4418 Immortalis
786 4377 799 4415 :
837 4366 995 4415 tuam
1028 4360 1187 4414 enim
1221 4360 1422 4413 omnia
1452 4360 1665 4415 timent
1688 4360 2046 4431 increpatio-

1764 4449 1925 4521 [nem
1962 4467 1975 4505 :

1468 319 1935 385 APOLINARII
1975 315 2224 387 EPISC.
2269 316 2686 385 LAODIGENI

2052 455 2108 523 Α
2134 448 2376 507 Ὁππότε

3627 315 3790 377 1332

2456 446 2762 523 δυσμενέων
2851 469 2944 522 μιν
3026 448 3193 521 ’Δναξ
3249 447 3573 523 ἀπελύσατο
3642 450 3786 504 πάν-

2141 591 2392 666 Σαούλου
2421 593 2469 648 τ’
2501 590 2692 666 ὀλοοῖο
2731 590 3096 666 λιλαιομένου
3131 613 3221 666 μιν
3255 590 3499 666 ὀλέσσαι⁹
3552 520 3710 666 μέν,

2138 664 2296 738 ⁶Εφθ⁹
2356 665 2470 738 ἅμα
2551 664 2642 720 καὶ
2728 661 2950 721 δέκατον
3028 661 3437 744 προσφθέγξατο
3475 661 3792 810 [avaritiam

3498 756 3712 810 κωμον.

2139 877 2353 955 Κάρτος
2383 878 2539 952 ἐμόν·
2575 879 2634 934 σὶ
2660 880 2764 955 γὰρ
2796 880 2909 935 οἷον
2943 880 3047 950 ἀεὶ,
3079 879 3232 949 Θεὸς,
3265 878 3676 957 ἃμφαγαπάζω’

2139 967 2316 1030 Αὐτὸς
2347 962 2571 1042 ἔρεισμα
2594 969 2682 1023 γαὶ
2716 967 2890 1043 ἂλκαρ
2921 969 3052 1042 ἐμὸν
3075 968 3164 1023 καὶ
3205 970 3421 1043 ἀρωγὸς
3450 968 3713 1044 έτύχθης.
3778 1004 3781 1007 -

2139 1055 2334 1120 Ἐλπὶς
2362 1056 2469 1129 έμή
2499 1056 2759 1128 τελέθεις,
2789 1058 2879 1112 καὶ
2910 1059 3057 1130 ἐμῶν
3090 1056 3449 1137 ἐπιτάρροθος
3480 1054 3679 1133 ἔργων,

2138 1144 2443 1221 ’Δρῥηκτον
2476 1146 2685 1222 βιότοιο
2714 1145 2874 1221 κέρας
2903 1146 2994 1201 καὶ
3027 1145 3346 1221 ὑπέρμαχος
3377 1143 3545 1217 ἀλκή,

2139 1232 2400 1306 ’Υμνείων
2431 1254 2488 1288 σε
2517 1232 2721 1305 λιταῖς,
2751 1231 2922 1305 δηίων
2955 1234 3062 1289 ἀπὸ
3092 1240 3283 1310 χεῖρας
3313 1232 3516 1305 ἀλύξω.

2143 1325 2345 1388 Ὠδῖνες
2375 1326 2623 1390 θανάτοιο
2674 1327 3111 1401 περιστιχόωντο
3160 1327 3393 1403 βαρεῖαι.

2141 1415 2444 1492 Χείμαῤῥοί
2472 1418 2522 1470 τ’
2551 1414 2811 1493 ὀρόθυνον
2840 1416 3123 1489 ἀμήχανοι
3155 1414 3544 1491 ἀμπλακιάων.

2142 1504 2462 1580 Ταρταρίων
2500 1506 2554 1578 μ’
2580 1503 2775 1581 ὠδῖνες
2806 1502 3184 1560 ἐκυκλώσαντο
3234 1503 3501 1583 βερέθρων

2144 1682 2360 1742 Πλεκτὰ
2390 1684 2447 1743 δέ
2479 1708 2547 1761 με
2575 1684 2902 1763 προῦπεμψε
2921 1687 3252 1764 τανηλεγέος
3284 1687 3411 1745 λίνα
3439 1688 3684 1763 πότμου.

2064 1812 2111 1879 Β
2146 1774 2329 1848 Αὐτὰρ
2363 1775 2469 1849 ἐγὼ
2500 1774 2800 1848 κίκλησκον
2834 1776 3184 1853 ἐπειγόμενος
3229 1779 3360 1833 Θεὸν
3392 1776 3513 1851 ἄτῃ,

2080 1864 2111 1921 i':
2147 1864 2450 1940 Οὐρανόθεν
2480 1865 2757 1936 Βασιλῆος
2791 1868 3029 1944 άρηγόνα
3088 1873 3249 1942 χεῖρα
3283 1868 3508 1943 βοήσας·

2146 1954 2391 2030 Εὐαγέος
2420 1955 2714 2019 καλέοντας
2733 1954 2862 2028 ἐμὸν
2897 1956 3060 2031 θρόον
3094 1954 3254 2012 ἔκλυε
3282 1959 3442 2025 νηοῦ·

2148 2044 2399 2118 Φθόγγος
2425 2043 2558 2117 ἐμὸς
2590 2044 2792 2100 θύνειεν
2824 2045 2876 2107 ές
2909 2042 3074 2100 οἷςατα
3104 2046 3268 2100 πιστὰ
3298 2050 3475 2102 Θεοῖο.

2149 2135 2314 2198 Χθὼν
2351 2134 2549 2210 βριαρὴ
2580 2131 2866 2206 δεδόνητο,
2888 2135 3098 2210 τρόμος
3131 2131 3188 2190 δέ
3223 2155 3313 2208 μιν
3371 2133 3546 2190 ε’ἰλετο
3594 2138 3797 2189 πᾶσαν·

2148 2313 2413 2370 Ἐκποθεν
2441 2307 2723 2383 ἠλιϐάτων
2747 2312 2917 2389 ὀρέων
2934 2313 3228 2388 τετάρακτο
3253 2310 3509 2386 θέμεθλα,

2150 2494 2440 2549 Θεσπέσιον
2467 2495 2772 2569 τρομέοντα
2802 2492 2977 2569 χόλον
3007 2494 3098 2549 καὶ
3132 2500 3295 2567 μῆνιν
3333 2495 3614 2556 Ἀνακτος.

2152 2585 2450 2648 ’Δθανάτου
2471 2584 2755 2647 κοτέοντος
2787 2584 3066 2659 ἀπείριτος
3096 2580 3290 2659 ὄρνυτο
3317 2584 3520 2645 καπνὸς

2153 2674 2257 2731 Καὶ
2288 2673 2418 2748 πυρῖ
2451 2671 2808 2747 λαμπόμενον
2868 2673 3124 2751 Μάκαρος
3184 2674 3370 2738 σθένος
3424 2671 3567 2748 ὦρτο
3626 2693 3806 2748 προσ-

3522 2761 3723 2837 [ώπου.

2151 2855 2441 2930 Ἀνθρακες
2472 2853 2523 2924 ἐξ
2554 2853 2742 2908 αὐτοῖο
2773 2851 3260 2931 πυριφλεγέθοντες
3291 2854 3545 2928 ἀνῆφθεν,

2151 2942 2447 3020 Οὐρανόθεν
2488 2941 2818 3012 κατέπαλτο,
2850 2940 3023 2998 πόλον
3054 2939 3377 3019 φλογοειδέα
3405 2940 3617 3004 κλίνας’

2151 3033 2443 3090 Ἀθανάτου
2474 3032 2754 3107 πεφόρητο
2788 3034 2995 3110 γνόφος
3023 3034 3169 3108 παρά
3218 3032 3383 3087 ποσσὶ
3438 3037 3618 3087 Θεοῖο·

2154 3116 2478 3195 Ἐμϐεϐαὼς
2508 3121 2753 3197 ὀχέεσσιν
2786 3123 2899 3184 ἑοῖς
2931 3121 3211 3193 πεπότητο
3245 3117 3543 3197 χερουϐίμο

2149 3218 2371 3268 Ὶπτατο
2413 3212 2657 3286 βυκτάων
2693 3211 2905 3284 ἂνέμων
2939 3210 3293 3285 πτερύγεσσιν
3318 3210 3526 3283 ἀερθεὶς

2146 3300 2487 3372 Κευθόμενος
2518 3299 2730 3377 κνέφαϊ·
2761 3299 2823 3353 τὸ
2853 3301 2955 3374 γὰρ
2987 3298 3177 3369 ἢθελεν
3210 3298 3382 3374 ἃλκαρ
3415 3298 3650 3355 έλέσθαν

2147 3390 2208 3444 Ἀ
2221 3388 2321 3466 μφί
2352 3388 2377 3443 ἑ
2408 3387 2764 3444 κυκλώουσαν
2799 3386 3040 3464 ἀγακλέα
3071 3390 3203 3459 θῆκε
3231 3387 3571 3463 καλύπτρην,

2148 3567 2355 3641 Οἷάπερ
2388 3566 2631 3641 αἰθερίης
2660 3566 2890 3643 νεφέλης
2919 3565 3290 3640 κεκρυμμένον
3324 3564 3492 3643 ὕδωρ.

2146 3658 2422 3730 Ὠρμηθεν
2453 3652 2672 3733 νεφέλαι
2706 3658 2974 3733 σφετέρων
3010 3657 3113 3712 ὑπὸ
3148 3657 3577 3731 μαρμαρυγάωνο

2148 3750 2445 3822 ’Άνθρακες
2478 3746 2803 3822 ὀρνυμένοιο
2833 3748 3002 3822 πυρὸς
3037 3746 3289 3823 μίγνυντο
3320 3748 3559 3822 χαλάζῃ.

2146 3841 2332 3907 Τῆμος
2357 3832 2677 3909 ἐϐρόντησεν
2709 3836 2798 3890 καὶ
2831 3837 2921 3891 ἀπ’
2972 3835 3257 3911 οὐρανόθεν
3291 3836 3422 3899 Θεὸς
3450 3834 3628 3898 αὐτός.

2152 3926 2417 3998 Ἀθανάτῃ
2449 3922 2495 3979 δ’
2524 3928 2783 3998 Ὕψιστος
2814 3925 2904 3980 ἀπ’
2935 3926 3149 3999 αἰθέρος
3181 3924 3334 3999 ἴαχεν
3364 3923 3524 3998 αὐδῇ³

2151 4014 2466 4076 Θεσπεσίυις
2499 4013 2744 4069 ἐκέδασεν
2778 4015 3180 4090 ἐπιτροχόωσιν
3218 4014 3440 4078 ὀϊστοῖς.

2151 4103 2354 4167 Ηάντες
2385 4105 2478 4176 ἅμ’
2511 4104 2815 4177 ὠρίνθησαν
2849 4104 2937 4158 ὑπ’
2969 4105 3299 4180 ἆστεροπῇσι
3334 4106 3610 4175 θαμειαῖς’

2151 4191 2462 4263 Ὑδροτόκοι
2497 4191 2542 4247 δ’
2567 4192 2855 4249 ἀνέτελλον
2889 4194 3179 4267 άκηράσιοι
3209 4195 3331 4250 τότε
3361 4193 3554 4270 πηγαὶ,

2154 4283 2253 4338 Καὶ
2279 4284 2455 4352 πάσης
2488 4278 2730 4357 έρίϐωλα
2758 4283 3009 4355 θεμείλια
3039 4284 3257 4358 φαίνετο
3288 4285 3473 4359 γαίης,

2151 4372 2396 4448 Ἀφθιτε·
2424 4373 2524 4441 σὴν
2551 4373 2654 4447 γὰρ
2688 4375 2898 4427 ἅπαντα
2927 4373 3377 4449 περιτρομέεσκεν
3410 4372 3690 4446 ὁμοκλήν·

402 4540 656 4614 Spiritus
711 4539 1039 4594 timuerunt
1090 4537 1175 4593 tui
1218 4542 1441 4594 tantam
1496 4538 1947 4611 inspirationem
1990 4549 2030 4594 e‘

2161 4548 2474 4622 Πνεύματος
2505 4547 2797 4621 ἐπτοίηντο
2820 4555 2943 4606 τεοῦ
2971 4550 3130 4605 τόσον
3164 4551 3343 4623 ἆσθμα
3371 4552 3460 4606 καὶ
3494 4551 3692 4626 ὀργήν.

1819 4628 2011 4699 [iram.

407 4722 485 4776 De
515 4719 661 4774 caalo
682 4716 866 4784 misit,
900 4715 1016 4771 cito
1060 4732 1195 4770 vero
1229 4733 1323 4771 me
1350 4716 1623 4771 liberavit
1647 4717 2000 4771 necessitate
2036 4731 2049 4770 :

404 4811 486 4866 De
517 4825 651 4863 vero
683 4806 919 4863 sonoris
950 4822 1045 4860 me
1078 4807 1193 4860 cito
1226 4806 1553 4877 assumpsit
1581 4806 1823 4861 ﬂuentis
1859 4823 1871 4860 :

404 4897 627 4969 Eripiet
658 4896 727 4950 de
760 4893 1019 4949 inimicis
1050 4911 1167 4961 me,
1198 4894 1417 4966 quibus
1444 4895 1652 4967 ingens
1685 4895 1884 4961 robur,

404 4987 677 5058 Virisque
705 4983 1031 5052 malevolis,
1066 4985 1349 5055 quoniam
1380 4984 1654 5041 fortiores
1686 4992 1824 5041 sunt
1862 5003 1978 5041 me.

401 5074 593 5132 Debili
627 5077 1043 5145 praavenerunt
1075 5073 1135 5127 in
1168 5072 1262 5128 die
1282 5074 1516 5145 armati,

398 5166 471 5219 Et
500 5178 666 5216 meus
702 5165 819 5217 Rex
848 5161 1109 5230 protexit
1144 5178 1156 5215 :
1190 5162 1714 5219 conﬁrmavitvero
1733 5166 2048 5218 conatum:

401 5250 736 5309 Audentem
768 5264 901 5303 vero
936 5250 1142 5304 statuit
1173 5249 1235 5303 in
1266 5250 1400 5305 latis
1422 5252 1551 5307 viis.

402 5339 629 5410 Eripiet
659 5337 730 5392 de
763 5337 1023 5394 inimicis
1057 5345 1464 5402 me,ca:aterum
1495 5357 1696 5396 osores
1716 5340 2048 5410 redarguet.

404 5425 736 5486 Mercedem
765 5425 1095 5480 secundum
1120 5427 1440 5497 justitiam,
1464 5434 1521 5483 et
1549 5429 1783 5501 dignam
1804 5429 2052 5501 gloriam

1695 5518 1940 5591 [tribuat
1965 5534 1976 5571 :

409 5606 757 5666 Nostrarum
787 5601 899 5657 hoc
928 5600 1162 5657 lucrum
1186 5604 1459 5674 puritatis
1490 5623 1797 5662 manuum.

409 5693 701 5763 Quoniam
730 5690 1086 5748 Immortalis
1118 5693 1328 5747 charas
1357 5696 1641 5750 custodivi
1666 5696 1785 5751 vias
1820 5713 1833 5750 :

2159 4709 2464 4784 Οὐρανόθεν
2498 4711 2760 4785 προέηκε,
2785 4711 2926 4771 θοῶς
2955 4707 3013 4764 δέ
3050 4731 3119 4783 με
3149 4710 3333 4786 ῥύσατ’
3364 4712 3624 4786 ἀνάγκης’

2156 4802 2254 4856 Ἐκ
2284 4797 2342 4854 δὲ
2371 4797 2811 4875 πολυσμαράγων
2847 4820 2914 4871 με
2935 4804 3077 4864 θοῶς
3108 4799 3434 4874 προσέδεκτο
3472 4801 3700 4877 ῥεέθρων

2158 4892 2401 4952 Ῥὐσεται
2432 4893 2492 4947 έκ
2522 4889 2695 4962 δηίων
2726 4893 2803 4965 μ’,
2831 4895 2974 4947 οἷσιν
3004 4894 3300 4970 περιώσιος
3327 4896 3495 4964 ἀλκὴ,

2160 4978 2395 5057 Ἀνδρῶν
2421 4982 2469 5036 τ’
2499 4979 2838 5056 έχθομένων,
2871 4980 2954 5036 ὅτι
2986 4981 3233 5059 φέρτεροί
3259 4983 3391 5037 εἰσιν
3416 4983 3589 5058 ἐμεῖο.

2161 5068 2442 5141 Ἥπεδανῷ
2470 5065 2784 5146 προῦτυψαν
2832 5068 2884 5124 έν
2916 5070 3089 5145 ¹ἤματι
3122 5072 3515 5145 θωρηχθέντες,

2158 5162 2262 5217 Καί
2296 5180 2394 5233 μευ
2426 5161 2581 5232 Ἀναξ
2612 5161 2981 5235 προμάχιζεν,
3017 5161 3331 5236 ἐπεστήριξε
3360 5159 3408 5216 δ’
3453 5163 3634 5236 ἐρωήν
3738 5190 3741 5193 ν

2160 5248 2469 5322 Θαρσαλέον
2501 5245 2549 5303 δ’
2580 5244 2799 5318 ἔστησεν
2830 5249 2912 5304 ἐπ’
2944 5249 3326 5325 εὐρυχόροισιν
3353 5250 3638 5319 ἀταρποῖς.

2159 5338 2401 5393 Ῥὐσεται
2437 5336 2495 5392 ἐκ
2526 5336 2696 5407 δηίων
2733 5359 2818 5411 με,
2847 5338 2979 5413 ἀτὰρ
3000 5340 3323 5411 πυγέοντας
3350 5338 3571 5415 ἐλέγξει,

2160 5427 2366 5487 Μισθὸν
2399 5426 2484 5482 ἐπ’
2515 5425 2728 5500 εὐδικίῃ
2754 5428 2843 5481 καὶ
2879 5426 3094 5498 ἐπάξιον
3122 5427 3285 5490 εὖχος
3310 5427 3528 5497 (imitor

2158 5604 2468 5679 Ἦμετέρων
2498 5602 2623 5660 τόδε
2652 5603 2845 5681 κέρδος
2879 5604 3182 5680 ἄκηρασίης
3202 5603 3530 5677 παλαμάων,

2158 5690 2384 5751 Οὕνεκεν
2417 5692 2737 5749 Ἀθανάτοιο
2759 5693 2919 5772 φίλας
2942 5693 3180 5773 έφύλαξα
3206 5693 3512 5756 κελεύθους·
