4134 6268
359 350 519 414 1333

358 479 500 538 Οὐδὶ
527 480 639 552 νόῳ
668 478 957 556 φρασάμην
989 495 1169 551 ετερον
1203 475 1344 531 θεόν’
1379 472 1504 530 οὐδὲ
1531 475 1631 550 γὰρ
1661 478 1776 546 ἦενο

361 569 571 630 Οὕνεκά
603 570 655 624 οἱ
689 567 858 637 ζωοὺς
888 565 1034 640 ὁρόω
1064 567 1218 643 φρεσὶ
1249 565 1479 620 πάντοτε
1511 565 1767 638 Occiso-5c:

359 657 505 721 Οὐδέ
537 660 588 713 οἱ
619 656 903 732 ἀχράντων
937 652 1184 734 φυλακῆν
1218 652 1378 709 λίπον
1415 652 1741 727 εὐνομιάων⁹

361 751 469 810 Καὶ
499 751 551 805 οἱ
582 748 938 819 ἀμωμήτοισι
972 744 1312 820 παρέσσομαι
1344 744 1555 820 ’ἰχνεσιν
1597 744 1722 800 αῗεί·

362 837 712 913 Ἀμπλακίης
742 835 1009 910 ἀπάνευφε
1037 833 1166 888 νόον
1201 832 1435 902 Βασιλῆι
1469 832 1711 909 φυλάξω.

361 932 571 993 Πισθὸν
603 929 687 985 ἐπ’
719 925 930 1002 εὐδικίῃ
963 926 1052 981 καὶ
1081 925 1296 1000 ἐπαξιον
1327 926 1490 1001 εὖχος
1523 927 1743 995 ὀπάζοι·

357 1109 670 1184 ,υμετέρων
706 1105 954 1179 δέρκοιτο
987 1104 1287 1178 ἀκηρασίην
1315 1102 1647 1176 παλαμάων.

355 1200 456 1256 ἼΙν
489 1196 650 1252 ὁσίων
681 1194 954 1270 ξυνέριοος
984 1191 1046 1267 ἔῃ
1079 1198 1309 1267 (16-17),
1341 1192 1505 1247 δσίων
1533 1213 1592 1247 κε
1621 1193 1828 1266 γένοιο,

360 1286 461 1344 Καί
489 1307 551 1342 κε
579 1286 692 1358 νόῳ
718 1283 953 1358 ξυνέοντι
986 1286 1100 1357 (18)
1125 1283 1317 1355 μάθοις
1339 1283 1467 1356 παρ’
1486 1282 1664 1336 ἀθῶον
1693 1281 1895 1336 ἀθώου·

351 1466 573 1539 Ἐσθλῷ
605 1467 750 1542 ἀνέρι
782 1484 952 1520 παντα
981 1460 1340 1538 μεμιγμένος,
1372 1456 1539 1514 ἐσθλά
1563 1457 1837 1520 ἀκούσαις·

352 1555 496 1616 Οὑδὶ
525 1554 691 1610 πάλιν
724 1557 972 1629 στρεπτῴ
1029 1552 1266 1627 παρειὼν
1330 1550 1510 1625 βροτῷ
1542 1544 1835 1624 εὔστροφος
1866 1545 2001 1617 εἴης.

354 1643 530 1704 Αὐτὸς
564 1641 696 1698 λαὸν
729 1640 811 1696 ἀεὶ
838 1638 1274 1716 χθαμαλόφρονα
1305 1636 1490 1711 ῥύσεαι
1523 1632 1681 1706 ἄτης⁶

354 1730 672 1810 Ὀφθαλμὸν
709 1728 756 1785 δ’
785 1729 1052 1804 ἀκόρητον
1092 1724 1444 1805 ὑπερφιάλων
1479 1725 1732 1786 ἀλαώσας
1767 1728 1896 1797 (19).

354 1822 524 1884 Αὐτὸς
557 1821 762 1896 λύχνον
797 1819 928 1893 ἐμὸν
961 1817 1304 1893 πολυφεγγέα
1337 1818 1568 1871 πάντοτε
1595 1815 1822 1888 τεύξοιςσ

351 1912 535 1984 Ἀμμι
570 1908 889 1984 διαστράῴοι
943 1905 1200 1984 δνοφερὸν
1242 1907 1436 1982 κνέφας
1466 1903 1525 1960 ἐκ
1556 1905 1700 1968 σέθεν
1733 1901 1921 1979 αἴγλη.

353 2001 593 2073 Νιύματι
623 2003 704 2071 σῷ
732 1999 1070 2074 προφύγοιμι
1101 1999 1278 2050 κακῶν
1308 1992 1680 2065 πολυπήμονα
1709 1993 1923 2066 πείρην.

352 2094 559 2166 Πῦργον
597 2083 893 2163 ὑπερϐαίην
923 2087 1145 2147 πίσυνος
1189 2088 1304 2154 Θεῷ
1325 2083 1435 2138 αίὶν
1467 2081 1629 2139 ἐόντι.

352 2181 648 2236 ’Λθανάτου
680 2177 954 2245 Βασιλῆος
983 2175 1249 2249 ἀκήρατοί
1273 2174 1373 2229 εἰσι
1400 2173 1673 2243 κέλευθοι,

352 2270 451 2325 Καὶ
481 2273 643 2342 μῦθοι
674 2266 962 2333 πυρόεντες
992 2265 1326 2334 ἀναζείουσιν
1357 2265 1644 2324 Ἄνακτος.

346 2362 466 2418 Τῶν
501 2355 546 2413 δ’
580 2355 1031 2430 ὑπεραθλεύῃσιν,
1065 2353 1214 2415 ὅσοις
1245 2351 1400 2407 πέλει
1430 2350 1588 2413 ἐλπὶς
1611 2349 1694 2406 ἐπ’
1716 2351 1885 2424 αὐτῷ.

343 2449 439 2512 Τίς
467 2448 643 2523 μάκαρ
677 2447 962 2511 ἀθάνατος,
993 2443 1138 2513 πλὴν
1170 2443 1440 2507 ἀθανάτου
1472 2440 1744 2511 Βασιλῆος
1782 2461 1797 2509 ς

347 2541 441 2598 Ἤὲ
469 2538 552 2599 τίς
584 2538 878 2612 ἡμετέροιο
910 2537 1044 2589 Θεοῦ
1075 2533 1205 2594 Θεὸς
1237 2530 1389 2593 ἐκτὸς
1416 2529 1622 2604 ἐτύχθη
1658 2557 1672 2599 ;

347 2622 714 2705 ’Λμφιϐαλὼν
753 2626 809 2698 μ’
837 2621 1002 2693 ἕζωσε
1030 2623 1160 2682 Θεὸς
1189 2621 1486 2696 περιώσιον
1519 2619 1692 2690 ἀλκήν
1710 2637 1722 2650 ·

345 2721 560 2790 Θήκατο
594 2715 639 2771 δ’
670 2715 944 2789 ἡμετέρην
975 2713 1213 2787 καθαρὴν
1244 2712 1333 2766 καὶ
1364 2709 1596 2784 ἄμωμον
1627 2710 1886 2784 ἀταρπὸν,

344 2807 566 2882 Τεύχων
601 2801 941 2859 ὠκυπόδεσσι
971 2800 1142 2862 πόδας
1174 2797 1494 2872 κεμάδεσσιν
1521 2799 1772 2873 ὁμοίους,

349 2897 534 2970 Αὐτὰρ
565 2895 646 2972 ἐφ’
671 2895 970 2968 ὑψίστοισιν
1003 2890 1125 2964 ἐμὶν
1160 2889 1316 2961 φίλον
1351 2890 1507 2965 ἴχνος
1533 2886 1777 2965 ἐρείδων,

348 2987 547 3059 Χεῖρας
573 2983 707 3056 ἐμὰς
743 2980 968 3059 βριαράς
996 3001 1054 3036 τε
1079 2979 1524 3054 μενεπτολέμους
1545 2999 1603 3032 τε
1632 2975 1918 3037 διδάσκων.

346 3071 730 3148 Παγχάλκειον
769 3067 942 3141 ἔτευξε
977 3068 1270 3146 βραχίονας
1300 3066 1432 3138 ἠῢτε
1457 3067 1634 3141 τόξον.

346 3162 443 3218 Καί
479 3183 546 3236 με
575 3161 740 3235 πόρες
776 3160 1066 3235 μερόπεσσι
1098 3158 1268 3236 φόως,
1299 3158 1548 3232 ἀλκτῆρα
1573 3158 1623 3213 τ’
1653 3155 1910 3234 ἀνάγκης,
2013 3195 2057 3261 C

338 3339 438 3396 Καὶ
469 3339 558 3394 σέο
591 3335 830 3411 δεξιτερή
863 3337 1081 3411 πρόμος
1115 3331 1310 3390 ἔπλετο
1342 3335 1561 3390 πάντοτ⁹
1588 3334 1762 3407 ἐμεῖο.

337 3434 485 3498 Σεῖο,
513 3428 729 3502 Μάκαρ,
763 3426 929 3500 σοφίῃ
957 3423 1188 3499 κραδίην
1220 3424 1473 3496 ἷθύνομαι
1507 3423 1632 3479 αίεί·

334 3519 578 3577 Πάντοτε
605 3513 916 3590 κυδιάνειρα
945 3515 1040 3582 τεή
1075 3512 1239 3591 σοφίη
1265 3533 1332 3585 με
1363 3509 1622 3569 διδάσκει.

330 3604 607 3680 Ἐμπεδον
640 3604 802 3680 ΐχνος
830 3602 966 3680 ἔχω,
1000 3602 1062 3657 σὺ
1095 3600 1143 3658 δ’
1169 3601 1304 3675 έμάς
1336 3597 1556 3676 εὐρυνας
1586 3601 1878 3675 ἀταρποὺς.

335 3693 501 3757 Οὕτις
534 3693 894 3767 ἐλαυνόμενόν
932 3713 998 3765 με
1029 3689 1219 3766 δρόμῳ
1248 3689 1633 3764 παρελεύσεται
1664 3690 1898 3765 ἔχθρῶν.

335 3783 478 3844 Οὐδὶ
511 3783 633 3859 βίης
665 3783 922 3854 λήξαιμι,
953 3782 1126 3854 πάρος
1159 3779 1386 3851 λήξουσι
1418 3777 1696 3852 δαμέντες·

336 3872 475 3930 Οὐδὲ
495 3871 839 3945 πιεζομένοις
865 3871 1118 3944 στατερὸν
1142 3869 1317 3948 σφίσιν
1342 3867 1555 3944 ἴσχεται
1578 3869 1763 3944 ἴχνος

339 3963 513 4022 Ἀλλὰ
542 3964 669 4017 ποσὶ
702 3959 996 4035 δμηθέντες
1029 3962 1116 4038 ὑφ’
1146 3962 1464 4036 ἡμετέροισι
1496 3963 1726 4018 πέσοιεν.

338 4055 566 4128 Ἦνορέῃ
603 4073 670 4125 με
698 4053 962 4126 κόρυσσας
1001 4050 1338 4125 ἀριστοπόνῳ
1367 4049 1502 4104 κατά
1533 4046 1711 4122 δῆριν·

335 4137 644 4204 Ἀντιὸίους
678 4138 964 4214 ξυνέδησας
994 4139 1140 4212 ἐμῶν
1175 4138 1431 4213 ὑπένερθε
1448 4135 1710 4198 πεδίλων.

335 4230 627 4305 Δυσμενέες
659 4225 972 4308 πεφόϐηντο
1005 4231 1147 4306 φυγῇ
1179 4227 1313 4300 μετὰ
1339 4232 1484 4283 νῶτα
1519 4226 1800 4304 βαλόντες.

337 4321 514 4395 Δύτάρ
547 4318 982 4396 ἀπεχθαίροντας
1013 4314 1229 4372 ἀδευκέϊ
1252 4325 1445 4394 πεφνες
1477 4314 1710 4392 ὀλέθρῳ.

332 4409 499 4469 Αὐτοὶ
533 4408 626 4482 μὶν
663 4411 956 4484 βοάασκον,
984 4408 1012 4462 ὁ
1044 4403 1090 4461 δ’
1121 4405 1183 4461 οὕ
1217 4427 1394 4480 σφισιν
1425 4405 1519 4475 ἦεν
1553 4406 1834 4480 ἀμύντωρ.

333 4589 628 4654 Ἀθάνατον
660 4585 974 4655 καλέεσκον,
1003 4586 1032 4641 ὁ
1063 4581 1110 4640 δ’
1137 4584 1240 4641 οὐκ
1266 4583 1445 4641 αΐεσκε
1469 4582 1692 4640 λιτάων.

333 4765 471 4829 Τοὺς
503 4762 934 4838 διαλικμήσαιμι
967 4764 1058 4819 ἅτε
1082 4762 1248 4838 χνόον
1277 4757 1404 4817 ὄντα
1429 4760 1691 4834 θύελλης,

334 4854 522 4927 Πηλὸν
551 4853 700 4916 ὅπως
732 4855 956 4925 πεζῇσιν
977 4853 1322 4926 έπιστίῲαιμι
1353 4849 1656 4915 κελεύθοις.

335 4946 665 5021 Δημοτέρων
696 4940 873 5019 ἔριδός
908 4963 973 5016 με
1004 4940 1360 5017 διχοστασίης
1386 4963 1445 4997 τε
1473 4943 1854 5017 σαώσεις(20),

332 5032 440 5093 Καί
473 5055 540 5108 με
568 5034 978 5104 καταστήσειας,
1008 5031 1194 5103 "Aug,
1225 5031 1546 5106 κοσμήτορα
1577 5029 1747 5088 λαῶν.

331 5124 472 5186 Διὸς
501 5124 559 5179 ’ὀν
593 5123 877 5200 ἀγνώσσω,
905 5121 1026 5176 θέτο
1062 5141 1160 5194 μευ
1197 5124 1343 5194 ζυγῷ
1372 5120 1580 5194 αὐχένα
1612 5117 1830 5175 δοῦλον’

326 5299 524 5360 Οὐασιν
556 5300 834 5374 ἡμετέρην
863 5298 1216 5374 ταχυπιιθεσι
1250 5293 1434 5367 δέξατο
1479 5297 1688 5374 φωνήν.

331 5388 676 5446 Ἀλλοδαποὶ
705 5392 980 5466 γεγαῶτας
1011 5385 1373 5461 ἐπεψεύσαντό
1407 5406 1474 5460 με
1513 5384 1725 5457 παῖδες,

409 5588 628 5658 (46-17)
660 5587 780 5659 "En.
816 5588 1005 5659 Forte,
1037 5580 1149 5659 i135.
1180 5585 1334 5659 Em.

410 5654 525 5732 (18)
551 5654 833 5714 Ξυνέοντι.
865 5654 1328 5727 ΡοΓῒ-θίξυνιέντι.
1363 5655 1441 5713 ID.

1473 340 2108 406 INTERPRETA'I‘IO
2135 325 2229 404 IN
2278 345 2660 409 PSALTEM.

3621 353 3779 414 1334

2035 477 2090 544 Α
2122 478 2321 550 Neque
2351 480 2552 535 animo
2583 481 2830 554 cogitavi
2861 481 3046 538 alium
3078 484 3264 538 Deum
3289 501 3303 539 :
3332 499 3452 540 non
3477 484 3638 539 enim
3657 489 3769 555 est,

2115 569 2406 633 Quoniam
2439 571 2548 641 ipsi
2583 571 2737 625 vivas
2766 571 2935 627 video
2967 573 3183 628 animis
3214 590 3451 645 semper
3491 573 3652 646 leges
3680 593 3694 631 :

2115 660 2315 730 Neque
2338 660 2449 730 ipsi
2482 677 2764 731 purarum
2787 663 3116 718 custodiam
3139 663 3352 734 reliqui
3374 663 3721 734 aequitatum
3753 683 3767 720 :

2114 750 2185 803 Et
2213 749 2323 820 ipsi
2359 750 2760 807 immaculatis
2786 751 2964 807 adero
2991 753 3248 821 vestigiis
3272 770 3508 825 semper
3535 771 3548 810 :

2113 839 2161 893 Α
2199 845 2438 909 peccato
2461 839 2634 912 longe
2665 841 2930 896 animum
2963 841 3101 912 Regi
3136 842 3400 896 servabo.

2113 928 2440 984 Mercedem
2468 930 2795 986 secundum
2819 931 3138 1002 justitiam,
3172 937 3232 987 et
3250 932 3487 1004 dignam
3511 933 3762 1005 gloriam

3404 1021 3651 1093 [tribuat
3675 1038 3690 1077 :

2112 1108 2456 1162 Nostrarum
2483 1107 2683 1164 videat
2701 1109 3024 1180 puritatem
3057 1125 3321 1164 manum.

2112 1196 2170 1251 Si
2202 1203 2543 1252 sanctorum
2576 1199 2773 1253 socius
2804 1198 3011 1264 fueris,
3043 1205 3286 1255 sanctus
3319 1199 3458 1267 eris,

2111 1286 2182 1340 Et
2211 1286 2260 1340 si
2293 1292 2492 1342 mente
2522 1287 2798 1358 prudenti
2831 1286 3026 1342 discas
3057 1288 3466 1344 innocentiam
3492 1289 3565 1344 ab
3596 1289 3766 1346 inno-

3447 1377 3642 1449 [cente
3672 1394 3685 1432 :

2109 1461 2300 1518 Probo
2331 1462 2454 1518 viro
2485 1464 2689 1520 omnia
2719 1464 2961 1534 mixtus,
2993 1463 3180 1536 proba
3209 1463 3418 1521 audias
3444 1482 3456 1520 :

2107 1554 2308 1624 Neque
2340 1569 2548 1608 rursus
2580 1569 2854 1624 perverso
2876 1569 3233 1609 conversans
3255 1553 3447 1608 facilis
3478 1553 3683 1610 fueris.

2111 1645 2238 1715 Ipse
2269 1644 2554 1715 populum
2586 1643 2875 1699 humilem
2906 1643 3188 1698 liberabis
3212 1659 3246 1698 a
3275 1659 3468 1700 noxa:

2109 1732 2357 1789 Oculum
2383 1749 2516 1787 vero
2549 1733 2949 1787 insatiabilem
2982 1732 3375 1804 superborum
3405 1734 3752 1790 excecabis.

2034 1830 2076 1894 Β
2107 1825 2238 1895 Ipse
2269 1821 2575 1877 lucernam
2608 1837 2801 1877 meam
2832 1821 3131 1876 lucentem
3162 1821 3427 1892 undique
3457 1822 3639 1878 facias
3667 1839 3678 1879 :

2107 1911 2285 1966 Nobis
2307 1911 2608 1966 illuminet
2635 1911 2920 1966 obscuras
2960 1909 3238 1965 tenebras
3269 1927 3340 1966 ex
3369 1916 3425 1966 te
3469 1911 3756 1984 splendor

2104 1999 2260 2056 Nutu
2283 2006 2382 2054 tuo
2405 2000 2680 2072 effugiam
2702 1999 2995 2054 malorum
3018 1998 3372 2054 damnosum
3397 2001 3750 2071 periculum.

2103 2090 2334 2146 Turrim
2366 2089 2768 2162 transgrediar
2795 2089 2982 2144 fretus
3013 2091 3130 2145 Deo
3155 2105 3391 2161 semper
3419 2091 3752 2147 exsistenti.

2101 2179 2464 2235 Immortalis
2496 2179 2669 2252 Regis
2690 2179 3019 2251 impolluta:
3054 2185 3194 2234 sunt
3220 2180 3348 2247 vim,

2101 2271 2172 2325 Et
2191 2269 2366 2325 verba
2395 2269 2580 2342 ignita
2610 2269 2910 2324 ebulliunt
2937 2269 3130 2341 Regis.

2102 2360 2215 2414 Eos
2244 2374 2380 2413 vero
2411 2359 2683 2432 protegit,
2724 2358 2944 2429 quibus
2966 2365 3057 2414 est
3085 2375 3220 2430 spes
3252 2359 3314 2413 in
3345 2358 3496 2431 ipso.

2101 2449 2242 2514 Quis
2262 2447 2470 2503 beatus
2493 2447 2848 2504 immortalis
2870 2454 3086 2520 praeter
3105 2447 3505 2503 immortalem
3529 2449 3748 2521 Regem

2101 2543 2216 2594 Aut
2246 2537 2379 2608 quis
2401 2541 2673 2592 nostrum
2707 2539 2891 2592 Deum
2923 2539 3079 2592 Deus
3111 2543 3280 2592 extra
3309 2543 3400 2592 est
3429 2536 3457 2592 ?

2098 2626 2512 2698 Complectens
2544 2642 2638 2680 me
2667 2626 2856 2682 cinxit
2876 2627 3030 2681 Deus
3059 2626 3287 2698 ingenti
3313 2625 3526 2682 robore
3553 2642 3567 2680 :

2099 2716 2302 2771 Posuit
2329 2731 2464 2770 vero
2487 2721 2754 2770 nostram
2782 2731 2992 2787 puram
3024 2721 3082 2770 et
3102 2715 3544 2770 immaculatam
3565 2715 3743 2785 viam,

2099 2804 2424 2860 Perﬁciens
2441 2805 2575 2860 citis
2607 2805 2797 2876 pedes.
2815 2805 3004 2860 cervis
3034 2805 3300 2859 similes:

2099 2893 2212 2948 Sed
2239 2893 2302 2948 in
2321 2893 2630 2948 altissimis
2651 2910 2850 2948 meum
2873 2894 3118 2948 charum
3142 2893 3450 2965 vestigium
3473 2893 3747 2962 firmans,

2100 2984 2306 3038 Manus
2331 2998 2495 3038 meas
2524 2983 2826 3053 fortesque
2857 2981 3292 3053 bellicosasque
3323 2981 3562 3050 docens,

2097 3074 2334 3128 Ereum
2363 3070 2504 3126 fecit
2533 3071 2776 3126 brachia
2803 3076 2870 3125 ut
2899 3087 3124 3126 arcum.

2098 3161 2169 3220 Et
2199 3176 2292 3215 me
2342 3159 2648 3231 praebuisti
2699 3159 3050 3215 mortalibus
3092 3159 3316 3223 lumen,
3367 3159 3743 3232 prepulsato-

2971 3250 3240 3321 [remque
3269 3249 3669 3314 necessitatis,

2091 3340 2163 3395 Et
2190 3343 2292 3395 tua
2319 3339 2562 3394 dextera
2585 3339 3010 3410 propugnatrix
3040 3337 3154 3393 fuit
3180 3354 3413 3410 semper
3437 3355 3590 3395 mea.

2091 3432 2233 3497 Tua,
2265 3430 2460 3496 Beate,
2485 3429 2780 3500 sapientia
2809 3445 2912 3484 cor
2943 3428 3130 3501 dirigo
3162 3445 3434 3501 semper:

2091 3520 2337 3592 Semper
2365 3519 2618 3574 illustris
2646 3525 2748 3574 tua
2777 3519 3070 3591 sapientia
3101 3536 3195 3575 me
3220 3519 3411 3576 docet.

2089 3610 2352 3665 Firmum
2366 3609 2676 3682 vestigium
2690 3607 2898 3677 habeo,
2913 3614 2977 3663 tu
2989 3625 3124 3664 vero
3142 3626 3304 3665 meas
3317 3609 3576 3667 dilatasti
3589 3612 3733 3668 vias.

2094 3697 2304 3754 Nullus
2325 3698 2608 3770 agitatum
2633 3714 2727 3752 me
2757 3714 2933 3753 cursu
2965 3699 3292 3769 praeteribit
3320 3699 3603 3756 hostium.

2089 3789 2289 3858 Neque
2311 3804 2346 3841 a
2376 3787 2425 3840 vi
2457 3788 2764 3854 cessarim,
2797 3792 3118 3858 antequam
3147 3788 3457 3844 dessinent
3485 3789 3692 3846 donari
3717 3807 3737 3846 :

2090 3878 2290 3947 Neque
2321 3875 2621 3947 Oppressis
2655 3876 2892 3931 ﬁrmum
2923 3877 3067 3947 ipsis
3097 3877 3284 3933 haeret
3312 3878 3622 3952 vestigium
3650 3896 3663 3933 :

2091 3963 2204 4020 Sed
2234 3965 2486 4036 pedibus
2515 3964 2723 4019 domiti
2752 3965 2862 4020 sub
2888 3967 3108 4022 nostris
3138 3965 3374 4023 cadant.

2093 4054 2319 4109 Virtute
2347 4070 2443 4109 me
2473 4053 2718 4110 armasti
2747 4055 2942 4111 valida
2970 4055 3045 4111 ad
3074 4055 3316 4125 bellam,

2091 4144 2300 4200 Hostes
2331 4144 2726 4216 supplantasti
2757 4145 2906 4201 meis
2933 4145 3042 4200 sub
3075 4146 3349 4218 pedibus.

2089 4233 2319 4288 Inimici
2352 4233 2541 4288 territi
2573 4239 2714 4288 sunt
2733 4233 2870 4305 fuga
2890 4241 3053 4306 terga
3081 4241 3410 4292 vertentes:

2090 4321 2203 4376 Sed
2233 4337 2438 4376 osores
2457 4337 2662 4376 amaro
2683 4321 2994 4393 perdidisti
3025 4323 3224 4378 exitio.

2091 4410 2207 4483 Ipsi
2236 4409 2477 4482 quidem
2534 4409 2958 4478 clamaverunt,
2992 4427 3114 4467 non
3162 4416 3362 4469 autem
3409 4414 3556 4486 ipsis
3609 4423 3736 4472 erat

3384 4503 3621 4574 [vindex
3645 4521 3658 4559 :

2009 4562 2058 4628 Ῑ)
2090 4586 2492 4645 Immortalem
2536 4594 2909 4658 vocaverunt,
2941 4588 3069 4660 ipse
3102 4605 3234 4646 vero
3265 4562 3401 4646 non‘
3437 4591 3736 4649 exaudivit

3381 4680 3613 4752 [preces
3638 4698 3652 4738 :

2087 4768 2200 4822 Eos
2229 4765 2630 4822 comminuam
2648 4771 2714 4822 ut
2735 4765 3036 4837 pulverem
3059 4767 3410 4824 existentem
3431 4769 3730 4842 procella,

2089 4856 2299 4911 Lutum
2331 4861 2399 4910 ut
2423 4853 2802 4910 terrestribus
2833 4854 3073 4911 calcabo
3098 4855 3229 4912 viis.

2087 4944 2469 5015 Popularium
2501 4943 2882 4998 contentione
2914 4960 3008 4999 me
3057 4944 3470 5017 discordiaque
3507 4965 3728 5018 serves,

2086 5036 2156 5088 Et
2185 5049 2278 5088 me
2311 5033 2656 5099 constituas,
2691 5034 2830 5098 Rex,
2863 5032 3075 5089 ducem
3107 5035 3484 5106 populorum.

2087 5121 2347 5193 Populus
2377 5137 2553 5192 quem
2587 5121 2814 5192 ignoro,
2846 5122 3045 5192 posuit
3081 5139 3214 5178 meo
3255 5123 3401 5197 jugo
3439 5127 3730 5185 cervicem

3363 5212 3615 5285 [servam
3642 5233 3656 5272 :

2085 5299 2344 5358 Auribus
2372 5304 2639 5356 nostram
2671 5299 2930 5355 credulis
2961 5300 3190 5373 accepit
3217 5318 3442 5362 vocem.

2085 5389 2284 5445 Alieni
2316 5388 2454 5445 facti
2485 5389 2718 5444 mentiti
2750 5395 2890 5445 sunt
2919 5390 3064 5446 mihi
3097 5389 3229 5460 ﬁlii,

2155 5588 2269 5735 (19)
2301 5585 2611 5648 Ἀλαώσας.
2642 5589 2834 5657 Forte,
2865 5585 3158 5657 ἀλαώσιις,
3190 5591 3282 5648 vel
3315 5589 3616 5652 ἀλαώσαις.
3646 5594 3727 5648 ι».

2180 5661 2268 5734 20)
2300 5659 2564 5722 Σαώσεις.
2595 5661 2789 5732 Forte,
2818 5661 3074 5726 σαώσαις.
3103 5662 3184 5720 In.

2180 5659 2268 5734 20)
2300 5659 2564 5722 Σαώσεις.
2595 5661 2789 5732 Forte,
2818 5661 3074 5726 σαώσαις.
3103 5662 3184 5720 In.
