4134 6268
365 377 521 440 1335

365 511 673 564 Incassum
705 507 781 562 ad
811 512 1178 564 senectutem
1213 508 1447 564 iverunt
1474 509 1656 565 alieni
1689 508 1819 575 ﬁlii,

371 599 615 669 Semper
644 597 1049 652 claudicantes
1073 599 1197 652 suis
1225 598 1396 670 longe
1419 601 1550 654 viis.

373 686 524 740 Vivit
554 686 699 740 mihi
733 688 873 750 Rex,
907 691 965 742 et
994 702 1229 758 semper
1261 688 1514 743 multum
1544 686 1878 743 laudandus
1910 689 2018 741 est.

377 780 599 834 Nostrae
632 778 762 831 vita;
795 778 950 833 Deus
982 795 1251 833 summus
1285 779 1379 834 sit.

378 868 603 923 Vindex
635 884 872 938 sempor
903 867 1179 921 similiter
1206 868 1396 923 factus
1425 869 1626 924 hostes
1652 867 1926 931 trucidet,

379 960 588 1013 Nostro
620 957 869 1012 domans
901 957 1097 1012 divino
1129 958 1339 1013 robore
1369 959 1673 1030 papulum.

377 1048 667 1102 Iratorum
698 1047 769 1100 ab
801 1046 1180 1117 improbitate
1211 1048 1468 1102 hostium
1502 1065 1595 1102 me
1628 1052 1840 1114 servet~

381 1136 493 1190 Sed
527 1135 994 1206 insurgentibus,
1020 1138 1158 1200 Rex,
1191 1136 1366 1208 longe
1397 1137 1774 1208 praestantior
1803 1136 1916 1191 sim

380 1225 497 1278 Viri
531 1224 603 1280 ab
635 1223 823 1294 iniqui
853 1224 1080 1279 malitia
1109 1242 1202 1280 me
1234 1242 1450 1280 serves.

380 1316 700 1386 PrOpterea
730 1319 890 1369 tuam
924 1314 1119 1384 palam
1151 1314 1426 1386 gentibus
1474 1315 1798 1372 edisseram
1830 1314 1982 1370 viam
2009 1331 2020 1368 :

381 1405 607 1459 Nomen
639 1420 772 1457 vero
805 1403 1164 1458 altissimum
1196 1404 1422 1459 cithara
1449 1411 1614 1460 tuum
1668 1404 1977 1460 celebrabo
2011 1421 2022 1457 :

381 1492 521 1548 Ideo
555 1493 759 1546 lumen
793 1492 1053 1548 extulisti
1085 1493 1372 1550 auxiliare
1404 1496 1598 1567 Regis,

383 1582 790 1638 Immortalem
819 1599 956 1636 vero
989 1583 1464 1638 misericordiam
1491 1585 1683 1639 fecisti
1717 1589 1894 1640 uncto

385 1671 609 1739 Davidi,
644 1677 701 1726 et
730 1673 860 1743 ejus
887 1673 1190 1743 perpetuis
1220 1673 1725 1744 generationibus.

930 1762 1249 1816 PSALMUS
1291 1761 1481 1817 XVIII.

628 1851 876 1905 Decimus
905 1856 1125 1906 octavus
1155 1852 1380 1906 Davidis
1403 1852 1652 1920 psalmus
1681 1859 1778 1908 est.

386 1939 526 1995 lei
560 1939 958 1994 immortalem
988 1940 1238 2011 gloriam
1270 1946 1553 1996 enarrant
1580 1943 1705 2011 Dei,

389 2031 626 2085 Manum
648 2046 781 2083 vero
804 2030 1232 2085 immortalium
1255 2031 1426 2087 sedes
1458 2032 1588 2087 caeli
1611 2049 1790 2103 opera
1811 2038 2030 2090 cantat.

391 2119 514 2174 Diei
550 2119 910 2174 honoratum
935 2119 1179 2174 verbum
1214 2122 1499 2176 eructavit
1531 2121 1678 2184 dies,

387 2211 458 2263 Et
485 2225 600 2262 nox
633 2207 891 2263 divinam
922 2209 1276 2280 sapientiam
1310 2212 1622 2283 supposuit
1651 2212 1830 2266 nocti.

390 2298 516 2352 Non
549 2313 731 2351 sonus
757 2302 1037 2351 externus
1064 2304 1191 2352 erat
1220 2299 1465 2368 multus,
1494 2316 1686 2369 neque
1713 2316 2033 2355 sermones.

392 2386 650 2451 Quorum
685 2385 840 2440 vocis
889 2385 1336 2456 obliviscantur,
1372 2394 1430 2442 et
1461 2405 1581 2443 non
1633 2388 1878 2443 audiant
1907 2404 2036 2442 om-

1749 2481 1960 2548 [nium.

396 2566 545 2621 Suus
572 2567 752 2637 igitur
783 2582 965 2620 sonus
998 2571 1181 2621 totam
1213 2569 1470 2639 pervasit
1498 2575 1737 2637 terram,

393 2657 463 2709 Et
483 2655 657 2708 verba
684 2654 956 2708 volarunt
985 2672 1092 2726 per
1119 2656 1351 2710 nobiles
1383 2659 1666 2714 terminos
1699 2665 1890 2727 terrai,

394 2743 864 2800 Tabernaculum
895 2743 1004 2798 soli
1037 2747 1314 2816 apposuit
1342 2747 1698 2803 honoratum
1731 2767 1744 2803 :

393 2835 645 2908 Fulgens
677 2851 809 2889 vero
841 2835 966 2906 ipse
1001 2835 1274 2891 thalamis
1307 2842 1584 2908 tanquam
1620 2857 1873 2912 sponsus
1905 2861 2038 2914 pro-

1670 2931 1960 3001 [cedebat.

393 3014 678 3069 Similiter
707 3015 1021 3069 exsultavit
1051 3032 1286 3071 cursum
1322 3019 1653 3088 perficienti
1685 3022 1925 3094 giganti.

395 3103 628 3160 Caelesti
661 3120 727 3158 ex
756 3103 999 3160 adverso
1035 3121 1242 3161 means
1275 3107 1609 3178 egredietur
1635 3126 1767 3166 arce
1794 3129 1806 3165 :

392 3195 593 3264 Neque
608 3200 697 3248 est
719 3194 819 3264 qui
836 3193 1377 3266 fugiatflammeum
1400 3197 1629 3252 radium
1649 3208 2033 3271 apparentem

392 3282 506 3337 Lex
529 3282 911 3338 immaculata
941 3289 1286 3340 convertens
1316 3286 1548 3341 animas
1579 3295 1669 3343 est
1699 3290 1888 3362 Regis,

393 3371 592 3427 Fidele
634 3373 1041 3427 testimonium
1092 3375 1444 3445 sapientiam
1490 3379 1748 3446 parvulis
1780 3387 2038 3450 praestat.

400 3461 686 3516 Laetitiam
721 3462 1263 3532 cordibusjustitiaa
1297 3463 1522 3520 faciunt
1544 3467 1666 3521 Dei.

399 3552 770 3621 Praeceptum
801 3551 1064 3605 lucidum
1095 3554 1272 3608 etiam
1306 3554 1493 3609 oculis
1525 3555 1726 3612 lumen
1759 3565 1967 3631 auget:

400 3639 640 3694 Divinus
673 3655 907 3710 semper
939 3657 1238 3712 purusque
1271 3649 1328 3697 et
1358 3643 1566 3699 ﬁrmus
1597 3652 1688 3700 est
1709 3647 1886 3703 timor
1918 3666 1930 3702 :

397 3729 677 3800 Cognovit
685 3729 916 3798 judicia
946 3747 1078 3785 vera
1109 3747 1344 3802 semper
1373 3734 1563 3806 Regis,

399 3820 557 3873 Auro
591 3823 648 3872 et
676 3833 911 3890 gemma
941 3819 1191 3874 meliora
1222 3821 1432 3889 nobili,

396 3910 464 3964 Et
494 3909 679 3964 multo
706 3910 1068 3979 jucundiora
1097 3911 1224 3965 favo
1258 3914 1439 3969 suavi.

395 4002 528 4071 Ipsa
559 4006 693 4054 tuus
725 4016 926 4053 servus
955 4001 1219 4071 gaudens
1252 4003 1414 4056 novit
1445 4019 1696 4066 servare,

395 4089 720 4143 Mercedem
756 4089 980 4144 habens
1011 4089 1295 4144 custodias
1312 4091 1604 4146 bonorum
1630 4093 1878 4148 multam
1906 4113 2040 4168 0pc-

1791 4184 1878 4254 [ιί]
1891 4201 1965 4239 rn.

394 4265 500 4330 Qui
529 4265 821 4336 intelligat
849 4265 1297 4321 multitudinem
1327 4268 1595 4323 mortalis
1640 4269 1991 4327 delictorum
2013 4273 2041 4328 ?

397 4355 660 4425 Semper,
697 4357 835 4418 Rex,
871 4354 942 4409 ab
975 4355 1220 4409 occultis
1255 4373 1347 4409 me
1388 4357 1544 4411 vitiis
1588 4358 1759 4432 longe
1791 4377 1992 4417 arceas
2023 4379 2037 4420 :

392 4446 592 4516 Neque
626 4444 768 4498 mihi
802 4443 1135 4499 alienarum
1167 4447 1614 4516 possessionum
1642 4451 1841 4504 animo
1883 4453 2037 4507 desi-

1582 4539 1836 4608 [derium
1867 4543 1960 4596 sit.

395 4627 451 4682 Si
482 4643 601 4682 non
633 4627 749 4682 mei
781 4625 1184 4694 dominentur,
1214 4629 1628 4685 immaculatus
1661 4632 1820 4701 fiam,

392 4716 761 4772 Emundatus
791 4733 825 4772 a
854 4716 992 4771 vitio
1026 4716 1424 4788 superbiaque
1455 4719 1631 4790 gravi.

394 4805 709 4859 Sermones
739 4821 873 4859 vero
901 4822 1196 4876 propensa
1219 4806 1520 4861 voluntate
1537 4808 1684 4879 grati
1707 4808 2039 4882 dirigantur

397 4895 468 4948 Et
498 4899 734 4949 tuorum
763 4895 879 4948 mei
911 4894 1106 4949 cordis
1148 4894 1453 4950 meditatio
1485 4912 1515 4950 e
1545 4897 1786 4969 regione
1833 4900 2039 4955 oculo-

1794 4989 1950 5060 [rum
1982 5007 1996 5047 :

393 5074 638 5144 Semper
657 5074 934 5130 defensor
965 5082 1022 5131 et
1043 5075 1281 5148 adjutor
1310 5094 1372 5132 es
1404 5094 1591 5134 meus.

960 5166 1302 5221 PSALMUS'
1322 5168 1472 5222 XIX.

606 5253 786 5306 Nonus
820 5259 870 5306 et
899 5253 1138 5309 decimus
1187 5256 1410 5309 Davidis
1447 5257 1694 5325 psalmus
1724 5265 1819 5312 est.

390 5341 661 5396 Precanti
694 5341 847 5394 Deus
877 5341 937 5394 in
969 5343 1063 5397 die
1094 5344 1414 5398 auxiliatur
1443 5347 1837 5414 necessitatis,

389 5434 461 5487 Et
489 5435 626 5484 tuus
653 5430 850 5485 Jacobi
884 5430 1160 5487 defensor
1194 5435 1345 5489 Deus
1377 5435 1733 5490 immortalis
1765 5437 1859 5492 sit.

390 5521 471 5574 De
507 5525 710 5573 sancto
741 5517 1029 5591 indigenti
1062 5523 1305 5577 charum
1329 5525 1590 5595 prmbeat
1619 5526 1928 5593 auxilium,

462 5645 576 5714 (21)
605 5643 741 5702 Ὑπ’.
777 5647 967 5707 Forte,
1001 5645 1092 5700 ἀπ’
1125 5651 1276 5704 Emr.

460 5717 572 5788 (22)
606 5715 932 5779 Λελάθοντο.
964 5717 1155 5786 Forte,
1191 5717 1532 5776 λελάθοιντο.
1563 5723 1641 5776 ID.

1445 342 1924 439 APOLINARII
1968 369 2216 434 EPISC.
2263 370 2692 433 LAODIGENI

2060 1869 2107 1934 B

3620 373 3783 434 I336

2045 505 2099 570 Α
2131 498 2420 574 Μαψιδίως
2449 502 2583 575 μετά
2611 508 2784 575 γῆρας
2813 495 2938 556 ἔϐαν
2973 500 3260 576 ἀλλότριοι
3283 504 3417 573 υἷες,

2131 591 2371 646 Πάντοτε
2401 590 2746 666 χωλεῦοντες
2775 592 2876 646 έῶν
2908 591 3169 655 ἀπάνευθε
3196 591 3490 666 κελεύθων,

2129 677 2264 734 Ζώει
2297 678 2421 752 ἐμοὶ
2454 678 2742 747 Βασιλεὺς,
2774 679 2862 733 καὶ
2892 679 2973 734 ἀεὶ
3004 679 3301 745 πολύαινος
3331 682 3558 758 ἐτύχθη.

2130 769 2436 842 Ἠμετὲρου
2467 764 2678 823 ϐιότοιο
2710 770 2838 831 Θεὸς
2869 772 3275 844 πανυπέρτατος
3309 770 3417 841 εἴη.

2131 855 2390 922 Ἔκδικος
2417 857 2530 912 αἶ’ἒν
2565 859 2717 930 ὁμῶς
2746 879 2949 933 γεγαως
2981 857 3168 930 Βηίους
3197 860 3458 936 κεραΐζοι.

2130 948 2411 1022 Ἦμετέρῳ
2436 944 2680 1020 δαμάσας
2702 950 2981 1022 θεοτερπέϊ
3006 961 3193 1022 καρτεϊ
3221 951 3377 1008 λαον.

2133 1037 2438 1109 Χωομένων
2470 1037 2772 1106 κακότητος
2805 1039 2891 1093 ὐπ’
2941 1043 3048 1111 (21)
3107 1035 3362 1095 ἀντιϐίων
3398 1062 3462 1114 με
3483 1040 3780 1119 φυλάσσοι·

2132 1124 2289 1183 Ἀλλ’
2316 1125 2739 1200 ἐπαειρομὲνων,
2775 1127 3031 1194 Βασιλεῦ,
3063 1127 3206 1183 πολὺ
3239 1130 3492 1206 φέρτερος
3523 1131 3662 1200 εἷήν.

2135 1214 2357 1289 Ἀνέρος
2385 1213 2436 1286 ἐξ
2469 1215 2660 1270 ὅλοοῖο
2690 1215 3060 1293 κακορραφίης
3097 1239 3163 1291 με
3194 1220 3443 1282 σαώσοις.

2132 1302 2370 1359 Τοῦνεκα
2400 1306 2496 1373 σὴν
2533 1303 2828 1382 ἀναφανδιά
2859 1303 3104 1378 δείξομαι
3135 1302 3333 1362 ἔθνεσιν
3367 1309 3557 1382 οἷ’μην·

2134 1389 2356 1466 Οὕνομα
2388 1391 2434 1447 δ’
2465 1392 2687 1466 ὕψιστον
2714 1393 2907 1468 κιθάρῃ
2938 1396 3084 1458 σέθεν
3120 1395 3534 1468 ὑμνοπολεύσω’

2134 1478 2343 1538 Οὕνεκα
2373 1480 2571 1558 φέγγος
2601 1480 2782 1556 ἅειρας
2814 1481 3130 1554 ἀλεξίκακον
3165 1485 3454 1554 Βασιλῆος,

2138 1571 2436 1640 Ἀθανάτην
2469 1568 2515 1625 δ’
2545 1569 2918 1643 ἐλεημοσύνην
2950 1575 3215 1643 τεκτήναο
3239 1581 3448 1650 χριστῷ

2140 1658 2372 1734 Δαυΐδῳ,
2405 1659 2494 1714 καὶ
2523 1665 2643 1714 τοῖο
2676 1657 3002 1728 διηνεκέεσσι
3033 1662 3330 1737 γενέθλαις.

2727 1752 3032 1808 ΨΑΛΜΟΣ
3077 1754 3180 1812 ῙΗ’.

2329 1836 2829 1901 Ὀκτιυκαιδέκατος
2862 1838 3094 1896 Δαυΐδου
3125 1841 3346 1916 ψαλμὸς
3378 1843 3605 1920 ἐτύχθη.

2139 1929 2373 2006 Οὐρανοὶ
2407 1930 2626 2005 άφθιτον
2661 1929 2824 2004 εὖχος
2856 1930 3230 2004 ἀπαγγέλουσι
3261 1939 3441 2004 Θεοῖο,

2140 2021 2349 2094 Χειρῶν
2380 2015 2427 2073 δ’
2457 2019 2732 2082 ἀθανάτων
2765 2017 2902 2082 ἔδως
2933 2020 3165 2094 οὐρανοῦ
3194 2020 3324 2096 ἔργα
3355 2021 3608 2098 λιγαίνει.

2141 2114 2348 2180 ’Ἦματι
2377 2109 2646 2180 τιμήεντα
2676 2107 2846 2183 λόγον
2875 2112 3268 2184 προσερεύξατο
3301 2113 3472 2185 ἦμαρ,

2142 2199 2242 2255 Καὶ
2278 2197 2367 2270 νὺξ
2401 2192 2709 2273 ἀμϐροσίην
2741 2198 2936 2273 σοφίην
2972 2199 3277 2270 ὑπεθήκατο
3308 2201 3476 2260 νυκτί.

2142 2285 2219 2344 Οὐ
2251 2287 2412 2362 θρόος
2447 2284 2851 2360 ἀλλόγλωσσος
2885 2285 2977 2359 ἔην
3009 2289 3205 2360 πολὺς,
3239 2289 3365 2347 οὐδέ
3393 2313 3446 2347 τι
3480 2297 3665 2366 μῦθοι,

2141 2377 2237 2431 Ὧν
2269 2373 2442 2445 αὐδῆς
2467 2374 2762 2432 Λελάθοντο
2795 2381 2930 2452 (22),
2958 2377 3049 2433 καὶ
3081 2377 3181 2434 οὐκ
3201 2378 3368 2436 ἀΐοιεν
3400 2382 3668 2440 ἀπάντων.

2146 2553 2457 2632 Σφωίτερος
2493 2555 2586 2628 μὲν
2621 2556 2854 2631 φθογγος
2885 2556 3022 2627 ὅλην
3055 2560 3395 2631 μετενίσσετο
3426 2565 3604 2634 γαῖαν,

2144 2644 2247 2703 Καὶ
2278 2649 2441 2718 μῦθοι
2471 2645 2779 2716 πεπότηντο
2810 2644 2900 2701 διὰ
2927 2645 3100 2703 κλυτὰ
3130 2649 3356 2724 πείρατα
3385 2651 3567 2726 γαίης.

2147 2734 2367 2802 Σκηνήν
2389 2732 2563 2807 ἠελίῳ
2593 2737 2937 2809 παρεθήκατο
2964 2739 3287 2808 τιμήεσσανο

2145 2822 2514 2895 Λαμπόμενος
2547 2819 2595 2876 δ’
2625 2822 2788 2886 αὐτὸς
2821 2823 3086 2897 θαλάμων
3119 2825 3210 2881 ἅτε
3239 2826 3474 2905 νυμφὶος
3500 2828 3666 2901 ὦρτο.

2145 2997 2344 3058 Εῗκελα
2375 3001 2637 3073 γηθήσειε
2662 2997 2865 3074 δρόμον
2887 2998 3129 3057 τελέοντι
3161 3003 3393 3078 γίγαντι.

2145 3090 2420 3163 Οὐρανίης
2449 3087 2707 3163 ἑτέρωθεν
2741 3090 2837 3144 ἰὼν
2866 3089 3250 3163 προελεύσεται
3272 3092 3463 3168 ἄκρης·

2147 3177 2277 3235 Οὐδ’
2307 3177 2410 3234 ἔσθ’
2448 3177 2505 3239 ὅς
2536 3199 2594 3233 κε
2626 3179 2767 3253 φύγῃ
2801 3181 3075 3255 φλογερῆν
3109 3181 3296 3236 ἀκτῖνα
3336 3188 3610 3258 φανεῖσαν.

2147 3267 2356 3339 Θεσμὸς
2402 3267 2702 3340 ἀκηράσιος
2755 3268 3139 3341 ψυχοστρόφος
3172 3274 3285 3339 (23)
3315 3269 3455 3326 ἐστῖν
3507 3276 3798 3342 Ἄνακτος,

2146 3356 2318 3422 Πιστῆ
2357 3355 2626 3428 μαρτυρίη
2662 3354 2854 3431 σοφίην
2889 3356 3165 3430 βρεφέεσσι
3197 3357 3433 3432 φυτεύει.

2145 3443 2500 3516 Εὐφροσύνην
2537 3439 2790 3518 κραδίῃσι
2819 3441 2962 3500 δίκαι
2991 3446 3254 3520 τεύχουσι
3281 3453 3458 3506 Θεοῖο.

2144 3531 2390 3601 Ἐννεσίη
2426 3527 2723 3586 στίλϐουσα
2750 3533 2839 3588 καὶ
2872 3532 3084 3606 ὄμμασι
3112 3536 3310 3612 φέγγος
3340 3537 3496 3610 ἀέξει·

2145 3627 2298 3677 Θεῖον
2331 3620 2409 3676 ἀεὶ
2443 3621 2675 3695 καθαρόν
2702 3643 2760 3677 τε
2790 3622 2880 3677 καὶ
2912 3621 3146 3695 ἔμπεδον
3174 3620 3370 3681 ἔπλετο
3399 3625 3579 3700 δεῖμα·

2143 3712 2353 3786 Ἔγνων
2383 3707 2619 3772 εὐδικίας
2652 3708 2998 3780 παναληθέας
3030 3713 3140 3768 αἰὲν
3174 3718 3465 3782 "Avarum,

2144 3802 2358 3875 Χρυσοῦ
2389 3799 2478 3854 καὶ
2513 3799 2754 3877 ψηφῖδος
2787 3801 3096 3876 ἀρειοτέρας
3126 3802 3391 3876 ὲριτίμου,

2144 3889 2242 3944 Καὶ
2275 3885 2420 3943 πολὺ
2451 3890 2808 3964 τερπνοτέρας
2841 3889 3198 3965 μελικηρίδος
3228 3893 3570 3967 ἱμεροέσσης.

2142 3981 2320 4035 Ταῦτα
2352 3980 2471 4040 τεός
2503 3978 2749 4054 θεράπων
2781 3980 3160 4054 κεχαρημένος
3185 3979 3303 4036 οἶδε
3331 3981 3644 4058 φυλάσσειν,

2141 4069 2346 4132 Μισθὸν
2375 4063 2520 4142 ἔχων
2551 4067 2800 4143 φυλακῆς
2832 4066 3044 4142 ἀγαθῶν
3079 4072 3369 4142 περιώσιον
3393 4067 3589 4147 ἔργων.

2142 4246 2238 4309 Τίς
2268 4269 2357 4302 κεν
2389 4245 2648 4321 ἀναγνοίη
2682 4246 2898 4318 πληθὺν
2931 4248 3126 4322 βροτὸς
3159 4247 3520 4320 ἂμπλακιάων
3556 4269 3570 4318 ;

2141 4336 2286 4404 Λίἒν,
2320 4336 2506 4406 Ἀναξ,
2537 4334 2778 4412 κρυφίων
2815 4357 2880 4407 με
2911 4341 3086 4390 κακῶν
3120 4336 3410 4401 ἀπάνευθεν
3443 4338 3679 4412 ἐρύκοιςο

2142 4423 2294 4496 Μηδέ
2328 4447 2420 4498 μοι
2453 4423 2763 4500 ἀλλοτρίων
2796 4427 3028 4480 κτεάνων
3064 4427 3218 4504 φρεσὶ
3243 4425 3438 4502 ’ίμερος
3468 4427 3576 4496 εἷή.

2071 4607 2116 4669 D
2145 4605 2210 4662 Ei
2245 4609 2320 4678 μή
2360 4627 2458 4678 μευ
2491 4602 2792 4680 κρατέοιεν,
2826 4606 3134 4678 ἀμώμητός
3160 4627 3220 4661 κε
3250 4607 3537 4680 γενοίμην,

2145 4695 2462 4766 Νιψάμενος
2495 4693 2826 4762 κακότητος,
2860 4692 3189 4762 ἀτασθαλίης
3220 4697 3267 4750 τ’
3297 4694 3606 4770 ἀλεγεινῆς.

2147 4788 2323 4849 Μῦθοι
2355 4782 2399 4839 δ’
2432 4783 2650 4858 εὐδοκίῃ
2683 4783 3060 4857 μεμελημένοι
3097 4785 3388 4855 ἷθύνοιντο,

2150 4874 2245 4932 Καί
2277 4895 2367 4929 σευ
2397 4873 2534 4946 ἐμῆς
2563 4870 2792 4948 κραδίης
2824 4873 3022 4944 μελέτη
3046 4876 3382 4930 κατεναντίον
3414 4871 3610 4930 ὅσσωνο

2148 5053 2272 5108 Αῗὶν
2307 5052 2585 5126 ἀλεξητῆρ
2616 5051 2706 5106 καὶ
2742 5051 3036 5127 ἐπίρροθος
3067 5047 3234 5108 ἔπλευ
3258 5051 3433 5127 ἐμεῖο.

2749 5143 3052 5198 ΨΔΛΜΟΣ
3088 5143 3185 5200 ΙΘ’.

2326 5227 2832 5291 Ἐννεακαιδέκατος
2867 5228 3100 5285 Δαυλίδου
3132 5228 3353 5304 ψαλμὸς
3385 5233 3610 5309 ἐτύχθη.

2148 5321 2461 5394 Ἐυξαμένῳ
2492 5320 2621 5380 Θεὸς
2653 5319 2805 5391 ἦμαρ
2839 5319 3146 5390 ἀλεξήσειεν
3181 5318 3437 5393 ἀνάγκης,

2147 5410 2248 5468 Καί
2282 5430 2370 5464 σευ
2394 5403 2664 5464 Ἰακώϐου
2695 5408 2990 5482 πρόμαχος
3020 5409 3149 5471 Θεὸς
3180 5405 3402 5486 ἄφθιτος
3434 5410 3540 5480 εἴη.

2151 5500 2237 5570 Ἐξ
2269 5498 2427 5574 ἁγίου
2461 5497 2712 5574 χατέοντι
2745 5495 2912 5574 φίλην
2949 5496 3198 5552 όπάσειεν
3231 5499 3472 5575 ἀρωγὴν,

2215 5645 2327 5715 (23)
2360 5641 2780 5718 Ψυχοστρόφος.
2816 5644 3007 5709 Forte,
3040 5643 3408 5721 ψυχοτρὸφος-
3443 5648 3520 5702 ID-
