  <div class='ocr_page' id='page_1' title='image "/cluster/home/n/w/nwhite01/storage/ocr_20150623/33/mdp.39015078384412/677.png"; bbox 0 0 4134 6268; ppageno 0'>
   <div class='ocr_carea' id='block_1_1' title="bbox 1447 314 2664 378">
    <p class='ocr_par' dir='ltr' id='par_1_1' title="bbox 1447 314 2664 378">
     <span class='ocr_line' id='line_1_1' title="bbox 1447 314 2664 378; baseline -0.002 -2"><span class='ocrx_word' id='word_1_1' title='bbox 1447 314 1906 378; x_wconf 80' lang='lat' dir='ltr'>APOLINARll</span> <span class='ocrx_word' id='word_1_2' title='bbox 1953 314 2196 377; x_wconf 84' lang='lat' dir='ltr'>EPISC.</span> <span class='ocrx_word' id='word_1_3' title='bbox 2244 314 2664 378; x_wconf 71' lang='lat' dir='ltr'>LAODICE-Nl</span> 
     </span>
    </p>
   </div>
   <div class='ocr_carea' id='block_1_2' title="bbox 3606 314 3766 376">
    <p class='ocr_par' dir='ltr' id='par_1_2' title="bbox 3606 314 3766 376">
     <span class='ocr_line' id='line_1_2' title="bbox 3606 314 3766 376; baseline 0 -2"><span class='ocrx_word' id='word_1_4' title='bbox 3606 318 3631 374; x_wconf 75' lang='grc'><strong>1</strong></span> <span class='ocrx_word' id='word_1_5' title='bbox 3645 314 3766 376; x_wconf 68' lang='grc'>340</span> 
     </span>
    </p>
   </div>
   <div class='ocr_carea' id='block_1_3' title="bbox 353 443 1996 522">
    <p class='ocr_par' dir='ltr' id='par_1_3' title="bbox 353 449 1996 519">
     <span class='ocr_line' id='line_1_3' title="bbox 353 449 1996 519; baseline -0.001 -11"><span class='ocrx_word' id='word_1_6' title='bbox 353 452 440 508; x_wconf 78' lang='lat' dir='ltr'>Ad</span> <span class='ocrx_word' id='word_1_7' title='bbox 471 456 548 519; x_wconf 91' lang='lat' dir='ltr'>te,</span> <span class='ocrx_word' id='word_1_8' title='bbox 578 451 772 515; x_wconf 83' lang='lat' dir='ltr'>Beate,</span> <span class='ocrx_word' id='word_1_9' title='bbox 806 449 1176 505; x_wconf 83' lang='lat' dir='ltr'>clamabam:</span> <span class='ocrx_word' id='word_1_10' title='bbox 1213 465 1407 504; x_wconf 90' lang='lat' dir='ltr'>meam</span> <span class='ocrx_word' id='word_1_11' title='bbox 1436 466 1574 504; x_wconf 90' lang='lat' dir='ltr'>vero</span> <span class='ocrx_word' id='word_1_12' title='bbox 1613 465 1733 509; x_wconf 78' lang='lat' dir='ltr'>non</span> <span class='ocrx_word' id='word_1_13' title='bbox 1794 449 1996 506; x_wconf 83' lang='lat' dir='ltr'>audies</span> 
     </span>
    </p>
   </div>
   <div class='ocr_carea' id='block_1_4' title="bbox 2117 443 3763 522">
    <p class='ocr_par' dir='ltr' id='par_1_4' title="bbox 2117 443 3763 522">
     <span class='ocr_line' id='line_1_4' title="bbox 2117 443 3763 522; baseline -0.001 -19"><span class='ocrx_word' id='word_1_14' title='bbox 2117 447 2257 522; x_wconf 87' lang='grc' dir='ltr'>Πρὸς</span> <span class='ocrx_word' id='word_1_15' title='bbox 2285 446 2362 515; x_wconf 53' lang='lat' dir='ltr'>at,</span> <span class='ocrx_word' id='word_1_16' title='bbox 2394 444 2614 522; x_wconf 77' lang='grc' dir='ltr'>Μάκαρ,</span> <span class='ocrx_word' id='word_1_17' title='bbox 2649 446 2940 521; x_wconf 88' lang='grc' dir='ltr'>βοαασκον,</span> <span class='ocrx_word' id='word_1_18' title='bbox 2990 443 3128 517; x_wconf 78' lang='grc' dir='ltr'>έμὴν</span> <span class='ocrx_word' id='word_1_19' title='bbox 3183 443 3230 501; x_wconf 86' lang='grc' dir='ltr'>δ’</span> <span class='ocrx_word' id='word_1_20' title='bbox 3283 444 3382 501; x_wconf 90' lang='grc' dir='ltr'>οὐκ</span> <span class='ocrx_word' id='word_1_21' title='bbox 3438 443 3601 502; x_wconf 71' lang='grc' dir='ltr'>εἴσεαι</span> <span class='ocrx_word' id='word_1_22' title='bbox 3656 445 3763 502; x_wconf 78' lang='grc' dir='ltr'>αὐ-</span> 
     </span>
    </p>
   </div>
   <div class='ocr_carea' id='block_1_5' title="bbox 355 320 508 379">
    <p class='ocr_par' dir='ltr' id='par_1_5' title="bbox 355 320 508 379">
     <span class='ocr_line' id='line_1_5' title="bbox 355 320 508 379; baseline 0.007 -2"><span class='ocrx_word' id='word_1_23' title='bbox 355 320 508 379; x_wconf 68' lang='lat'>1-339</span> 
     </span>
    </p>
   </div>
   <div class='ocr_carea' id='block_1_6' title="bbox 1671 539 1932 610">
    <p class='ocr_par' dir='ltr' id='par_1_6' title="bbox 1671 539 1932 610">
     <span class='ocr_line' id='line_1_6' title="bbox 1671 539 1932 610; baseline 0.008 -18"><span class='ocrx_word' id='word_1_24' title='bbox 1671 539 1897 610; x_wconf 84' lang='lat' dir='ltr'>[vocem</span> <span class='ocrx_word' id='word_1_25' title='bbox 1919 555 1932 594; x_wconf 90' lang='lat'>:</span> 
     </span>
    </p>
   </div>
   <div class='ocr_carea' id='block_1_7' title="bbox 357 629 2008 703">
    <p class='ocr_par' dir='ltr' id='par_1_7' title="bbox 357 629 2008 703">
     <span class='ocr_line' id='line_1_7' title="bbox 357 629 2008 703; baseline -0.002 -15"><span class='ocrx_word' id='word_1_26' title='bbox 357 635 557 703; x_wconf 86' lang='lat' dir='ltr'>Neque</span> <span class='ocrx_word' id='word_1_27' title='bbox 588 632 756 688; x_wconf 86' lang='lat' dir='ltr'>valde</span> <span class='ocrx_word' id='word_1_28' title='bbox 787 630 1045 702; x_wconf 73' lang='lat' dir='ltr'>ignoravi</span> <span class='ocrx_word' id='word_1_29' title='bbox 1082 636 1247 686; x_wconf 90' lang='lat' dir='ltr'>tuum</span> <span class='ocrx_word' id='word_1_30' title='bbox 1281 645 1523 686; x_wconf 79' lang='lat' dir='ltr'><strong>sensum</strong></span> <span class='ocrx_word' id='word_1_31' title='bbox 1554 630 1616 686; x_wconf 76' lang='lat' dir='ltr'>in</span> <span class='ocrx_word' id='word_1_32' title='bbox 1663 629 2008 701; x_wconf 82' lang='lat' dir='ltr'>praecordiis</span> 
     </span>
    </p>
   </div>
   <div class='ocr_carea' id='block_1_8' title="bbox 1717 721 1932 790">
    <p class='ocr_par' dir='ltr' id='par_1_8' title="bbox 1717 721 1932 790">
     <span class='ocr_line' id='line_1_8' title="bbox 1717 721 1932 790; baseline 0.005 -17"><span class='ocrx_word' id='word_1_33' title='bbox 1717 721 1932 790; x_wconf 89' lang='lat' dir='ltr'>[nocte.</span> 
     </span>
    </p>
   </div>
   <div class='ocr_carea' id='block_1_9' title="bbox 358 809 1874 882">
    <p class='ocr_par' dir='ltr' id='par_1_9' title="bbox 358 809 1874 882">
     <span class='ocr_line' id='line_1_9' title="bbox 358 809 1874 882; baseline -0.003 -14"><span class='ocrx_word' id='word_1_34' title='bbox 358 813 424 869; x_wconf 91' lang='lat' dir='ltr'>In</span> <span class='ocrx_word' id='word_1_35' title='bbox 456 816 652 867; x_wconf 89' lang='lat' dir='ltr'>autem</span> <span class='ocrx_word' id='word_1_36' title='bbox 686 816 888 866; x_wconf 90' lang='lat' dir='ltr'>sancto</span> <span class='ocrx_word' id='word_1_37' title='bbox 919 810 1173 875; x_wconf 87' lang='lat' dir='ltr'>habitas,</span> <span class='ocrx_word' id='word_1_38' title='bbox 1208 810 1337 865; x_wconf 88' lang='lat' dir='ltr'>laus</span> <span class='ocrx_word' id='word_1_39' title='bbox 1369 825 1581 882; x_wconf 88' lang='lat' dir='ltr'>magna</span> <span class='ocrx_word' id='word_1_40' title='bbox 1617 809 1874 874; x_wconf 86' lang='lat' dir='ltr'>lsraelis,</span> 
     </span>
    </p>
   </div>
   <div class='ocr_carea' id='block_1_10' title="bbox 360 899 1740 971">
    <p class='ocr_par' dir='ltr' id='par_1_10' title="bbox 360 899 1740 971">
     <span class='ocr_line' id='line_1_10' title="bbox 360 899 1740 971; baseline -0.004 -14"><span class='ocrx_word' id='word_1_41' title='bbox 360 905 705 957; x_wconf 49' lang='lat' dir='ltr'>Nostrarum</span> <span class='ocrx_word' id='word_1_42' title='bbox 739 907 973 971; x_wconf 81' lang='lat' dir='ltr'>patrum</span> <span class='ocrx_word' id='word_1_43' title='bbox 1005 899 1320 954; x_wconf 86' lang='lat' dir='ltr'>manifesta</span> <span class='ocrx_word' id='word_1_44' title='bbox 1349 915 1484 968; x_wconf 84' lang='lat' dir='ltr'>spes</span> <span class='ocrx_word' id='word_1_45' title='bbox 1517 899 1740 966; x_wconf 76' lang='lat' dir='ltr'>existis,</span> 
     </span>
    </p>
   </div>
   <div class='ocr_carea' id='block_1_11' title="bbox 360 987 1872 1061">
    <p class='ocr_par' dir='ltr' id='par_1_11' title="bbox 360 987 1872 1061">
     <span class='ocr_line' id='line_1_11' title="bbox 360 987 1872 1061; baseline -0.001 -18"><span class='ocrx_word' id='word_1_46' title='bbox 360 992 431 1044; x_wconf 88' lang='lat' dir='ltr'>Et</span> <span class='ocrx_word' id='word_1_47' title='bbox 452 990 611 1061; x_wconf 91' lang='lat' dir='ltr'>ipsos</span> <span class='ocrx_word' id='word_1_48' title='bbox 644 996 950 1060; x_wconf 81' lang='lat' dir='ltr'>sperantes</span> <span class='ocrx_word' id='word_1_49' title='bbox 973 989 1241 1043; x_wconf 83' lang='lat' dir='ltr'>molestis</span> <span class='ocrx_word' id='word_1_50' title='bbox 1271 987 1538 1043; x_wconf 88' lang='lat' dir='ltr'>liberasti</span> <span class='ocrx_word' id='word_1_51' title='bbox 1569 988 1872 1042; x_wconf 73' lang='lat' dir='ltr'>aerumnis.</span> 
     </span>
    </p>
   </div>
   <div class='ocr_carea' id='block_1_12' title="bbox 361 1077 2012 1148">
    <p class='ocr_par' dir='ltr' id='par_1_12' title="bbox 361 1077 2012 1148">
     <span class='ocr_line' id='line_1_12' title="bbox 361 1077 2012 1148; baseline -0.001 -15"><span class='ocrx_word' id='word_1_52' title='bbox 361 1079 449 1134; x_wconf 81' lang='lat' dir='ltr'>Ad</span> <span class='ocrx_word' id='word_1_53' title='bbox 482 1085 559 1148; x_wconf 89' lang='lat' dir='ltr'>te,</span> <span class='ocrx_word' id='word_1_54' title='bbox 595 1081 790 1145; x_wconf 81' lang='lat' dir='ltr'><strong>Beate,</strong></span> <span class='ocrx_word' id='word_1_55' title='bbox 823 1078 1245 1143; x_wconf 88' lang='lat' dir='ltr'>clamaverunt,</span> <span class='ocrx_word' id='word_1_56' title='bbox 1281 1094 1388 1132; x_wconf 88' lang='lat' dir='ltr'>sua</span> <span class='ocrx_word' id='word_1_57' title='bbox 1417 1093 1551 1131; x_wconf 87' lang='lat' dir='ltr'>vero</span> <span class='ocrx_word' id='word_1_58' title='bbox 1609 1077 1822 1132; x_wconf 83' lang='lat' dir='ltr'>servati</span> <span class='ocrx_word' id='word_1_59' title='bbox 1870 1081 2012 1133; x_wconf 88' lang='lat' dir='ltr'>sunt</span> 
     </span>
    </p>
   </div>
   <div class='ocr_carea' id='block_1_13' title="bbox 1533 1165 1937 1238">
    <p class='ocr_par' dir='ltr' id='par_1_13' title="bbox 1533 1165 1937 1238">
     <span class='ocr_line' id='line_1_13' title="bbox 1533 1165 1937 1238; baseline 0.005 -18"><span class='ocrx_word' id='word_1_60' title='bbox 1533 1165 1937 1238; x_wconf 88' lang='lat' dir='ltr'>[necessitate,</span> 
     </span>
    </p>
   </div>
   <div class='ocr_carea' id='block_1_14' title="bbox 362 1255 2007 1328">
    <p class='ocr_par' dir='ltr' id='par_1_14' title="bbox 362 1255 2007 1328">
     <span class='ocr_line' id='line_1_14' title="bbox 362 1255 2007 1328; baseline -0.002 -14"><span class='ocrx_word' id='word_1_61' title='bbox 362 1261 562 1328; x_wconf 85' lang='lat' dir='ltr'><strong>Neque</strong></span> <span class='ocrx_word' id='word_1_62' title='bbox 594 1263 696 1312; x_wconf 88' lang='lat' dir='ltr'>tua</span> <span class='ocrx_word' id='word_1_63' title='bbox 724 1257 1046 1312; x_wconf 81' lang='lat' dir='ltr'>immortali</span> <span class='ocrx_word' id='word_1_64' title='bbox 1069 1273 1173 1326; x_wconf 90' lang='lat' dir='ltr'>pro</span> <span class='ocrx_word' id='word_1_65' title='bbox 1206 1273 1309 1326; x_wconf 88' lang='lat' dir='ltr'>spe</span> <span class='ocrx_word' id='word_1_66' title='bbox 1334 1255 1590 1311; x_wconf 89' lang='lat' dir='ltr'>dedecus</span> <span class='ocrx_word' id='word_1_67' title='bbox 1608 1261 2007 1326; x_wconf 89' lang='lat' dir='ltr'>reportarunt.</span> 
     </span>
    </p>
   </div>
   <div class='ocr_carea' id='block_1_15' title="bbox 363 1345 1594 1416">
    <p class='ocr_par' dir='ltr' id='par_1_15' title="bbox 363 1345 1594 1416">
     <span class='ocr_line' id='line_1_15' title="bbox 363 1345 1594 1416; baseline -0.003 -15"><span class='ocrx_word' id='word_1_68' title='bbox 363 1349 578 1402; x_wconf 88' lang='lat' dir='ltr'>Verum</span> <span class='ocrx_word' id='word_1_69' title='bbox 614 1363 717 1416; x_wconf 80' lang='lat' dir='ltr'>ego</span> <span class='ocrx_word' id='word_1_70' title='bbox 749 1346 965 1401; x_wconf 89' lang='lat' dir='ltr'>vermis</span> <span class='ocrx_word' id='word_1_71' title='bbox 996 1351 1054 1399; x_wconf 87' lang='lat' dir='ltr'>et</span> <span class='ocrx_word' id='word_1_72' title='bbox 1083 1361 1200 1398; x_wconf 92' lang='lat' dir='ltr'>non</span> <span class='ocrx_word' id='word_1_73' title='bbox 1235 1345 1409 1399; x_wconf 87' lang='lat' dir='ltr'>homo</span> <span class='ocrx_word' id='word_1_74' title='bbox 1442 1360 1594 1412; x_wconf 90' lang='lat' dir='ltr'>sum,</span> 
     </span>
    </p>
   </div>
   <div class='ocr_carea' id='block_1_16' title="bbox 367 1432 2006 1508">
    <p class='ocr_par' dir='ltr' id='par_1_16' title="bbox 367 1432 2006 1508">
     <span class='ocr_line' id='line_1_16' title="bbox 367 1432 2006 1508; baseline -0.002 -16"><span class='ocrx_word' id='word_1_75' title='bbox 367 1435 762 1508; x_wconf 90' lang='lat' dir='ltr'>Opprobrium</span> <span class='ocrx_word' id='word_1_76' title='bbox 793 1435 854 1489; x_wconf 93' lang='lat' dir='ltr'>in</span> <span class='ocrx_word' id='word_1_77' title='bbox 886 1433 1250 1500; x_wconf 88' lang='lat' dir='ltr'>hominibus,</span> <span class='ocrx_word' id='word_1_78' title='bbox 1281 1432 1442 1504; x_wconf 87' lang='lat' dir='ltr'>plebi</span> <span class='ocrx_word' id='word_1_79' title='bbox 1473 1450 1610 1489; x_wconf 86' lang='lat' dir='ltr'>vero</span> <span class='ocrx_word' id='word_1_80' title='bbox 1663 1432 1880 1490; x_wconf 88' lang='lat' dir='ltr'>stolida</span> <span class='ocrx_word' id='word_1_81' title='bbox 1907 1433 2006 1489; x_wconf 86' lang='lat' dir='ltr'>ab-</span> 
     </span>
    </p>
   </div>
   <div class='ocr_carea' id='block_1_17' title="bbox 1714 1523 1938 1594">
    <p class='ocr_par' dir='ltr' id='par_1_17' title="bbox 1714 1523 1938 1594">
     <span class='ocr_line' id='line_1_17' title="bbox 1714 1523 1938 1594; baseline 0.004 -17"><span class='ocrx_word' id='word_1_82' title='bbox 1714 1523 1756 1594; x_wconf 86' lang='lat' dir='ltr'>[j</span> <span class='ocrx_word' id='word_1_83' title='bbox 1766 1523 1938 1578; x_wconf 88' lang='lat' dir='ltr'>ectio.</span> 
     </span>
    </p>
   </div>
   <div class='ocr_carea' id='block_1_18' title="bbox 364 1608 2009 1681">
    <p class='ocr_par' dir='ltr' id='par_1_18' title="bbox 364 1608 2009 1681">
     <span class='ocr_line' id='line_1_18' title="bbox 364 1608 2009 1681; baseline -0.004 -9"><span class='ocrx_word' id='word_1_84' title='bbox 364 1615 616 1672; x_wconf 90' lang='lat' dir='ltr'>Omnino</span> <span class='ocrx_word' id='word_1_85' title='bbox 648 1629 742 1668; x_wconf 91' lang='lat' dir='ltr'>me</span> <span class='ocrx_word' id='word_1_86' title='bbox 764 1612 1122 1678; x_wconf 85' lang='lat' dir='ltr'>deriserunt,</span> <span class='ocrx_word' id='word_1_87' title='bbox 1154 1613 1251 1681; x_wconf 82' lang='lat' dir='ltr'>qui</span> <span class='ocrx_word' id='word_1_88' title='bbox 1283 1617 1458 1668; x_wconf 85' lang='lat' dir='ltr'>antea</span> <span class='ocrx_word' id='word_1_89' title='bbox 1476 1608 1772 1678; x_wconf 48' lang='lat' dir='ltr'>Lvidebant</span> <span class='ocrx_word' id='word_1_90' title='bbox 1799 1612 2009 1681; x_wconf 83' lang='lat' dir='ltr'>oculis,</span> 
     </span>
    </p>
   </div>
   <div class='ocr_carea' id='block_1_19' title="bbox 363 1701 1937 1772">
    <p class='ocr_par' dir='ltr' id='par_1_19' title="bbox 363 1701 1937 1772">
     <span class='ocr_line' id='line_1_19' title="bbox 363 1701 1937 1772; baseline -0.003 -12"><span class='ocrx_word' id='word_1_91' title='bbox 363 1703 555 1760; x_wconf 86' lang='lat' dir='ltr'>Labiis</span> <span class='ocrx_word' id='word_1_92' title='bbox 586 1701 767 1757; x_wconf 89' lang='lat' dir='ltr'>locuti</span> <span class='ocrx_word' id='word_1_93' title='bbox 795 1708 953 1768; x_wconf 91' lang='lat' dir='ltr'>sunt,</span> <span class='ocrx_word' id='word_1_94' title='bbox 984 1708 1163 1772; x_wconf 87' lang='lat' dir='ltr'>caput</span> <span class='ocrx_word' id='word_1_95' title='bbox 1192 1717 1324 1757; x_wconf 89' lang='lat' dir='ltr'>vero</span> <span class='ocrx_word' id='word_1_96' title='bbox 1357 1701 1578 1756; x_wconf 87' lang='lat' dir='ltr'>elatum</span> <span class='ocrx_word' id='word_1_97' title='bbox 1611 1707 1937 1756; x_wconf 88' lang='lat' dir='ltr'>moverunt.</span> 
     </span>
    </p>
   </div>
   <div class='ocr_carea' id='block_1_20' title="bbox 2110 534 3688 702">
    <p class='ocr_par' dir='ltr' id='par_1_20' title="bbox 2110 534 3688 702">
     <span class='ocr_line' id='line_1_20' title="bbox 2110 534 3688 702; baseline 0.001 -20"><span class='ocrx_word' id='word_1_98' title='bbox 2110 625 2254 683; x_wconf 72' lang='grc' dir='ltr'>Οὐδὲ</span> <span class='ocrx_word' id='word_1_99' title='bbox 2286 623 2417 700; x_wconf 85' lang='grc' dir='ltr'>μάλ’</span> <span class='ocrx_word' id='word_1_100' title='bbox 2446 627 2719 701; x_wconf 80' lang='grc' dir='ltr'>ἠγνοίησα</span> <span class='ocrx_word' id='word_1_101' title='bbox 2745 626 2866 682; x_wconf 88' lang='grc' dir='ltr'>τεὸν</span> <span class='ocrx_word' id='word_1_102' title='bbox 2899 624 3024 680; x_wconf 85' lang='grc' dir='ltr'>νόον</span> <span class='ocrx_word' id='word_1_103' title='bbox 3053 622 3104 679; x_wconf 71' lang='grc' dir='ltr'>ἐν</span> <span class='ocrx_word' id='word_1_104' title='bbox 3138 624 3295 702; x_wconf 86' lang='grc' dir='ltr'>φρεσὶ</span> <span class='ocrx_word' id='word_1_105' title='bbox 3325 534 3688 690; x_wconf 45' lang='grc' dir='ltr'>νυκτόςάδήν.</span> 
     </span>
    </p>
   </div>
   <div class='ocr_carea' id='block_1_21' title="bbox 2112 803 3472 880">
    <p class='ocr_par' dir='ltr' id='par_1_21' title="bbox 2112 803 3472 880">
     <span class='ocr_line' id='line_1_21' title="bbox 2112 803 3472 880; baseline 0 -18"><span class='ocrx_word' id='word_1_106' title='bbox 2112 808 2200 863; x_wconf 88' lang='grc' dir='ltr'>Ἐν</span> <span class='ocrx_word' id='word_1_107' title='bbox 2234 803 2279 860; x_wconf 84' lang='grc' dir='ltr'>δ’</span> <span class='ocrx_word' id='word_1_108' title='bbox 2313 804 2450 880; x_wconf 86' lang='grc' dir='ltr'>ἀγίῳ</span> <span class='ocrx_word' id='word_1_109' title='bbox 2483 809 2670 874; x_wconf 78' lang='grc' dir='ltr'>ναιετς,</span> <span class='ocrx_word' id='word_1_110' title='bbox 2702 803 2862 865; x_wconf 81' lang='grc' dir='ltr'>κλέος</span> <span class='ocrx_word' id='word_1_111' title='bbox 2893 804 3119 859; x_wconf 79' lang='grc' dir='ltr'>ἂσπετον</span> <span class='ocrx_word' id='word_1_112' title='bbox 3151 804 3472 880; x_wconf 81' lang='grc' dir='ltr'>Ἰσραήλου.</span> 
     </span>
    </p>
   </div>
   <div class='ocr_carea' id='block_1_22' title="bbox 2109 893 3541 971">
    <p class='ocr_par' dir='ltr' id='par_1_22' title="bbox 2109 893 3541 971">
     <span class='ocr_line' id='line_1_22' title="bbox 2109 893 3541 971; baseline -0.001 -20"><span class='ocrx_word' id='word_1_113' title='bbox 2109 895 2420 971; x_wconf 81' lang='grc' dir='ltr'>Ἣμετέρων</span> <span class='ocrx_word' id='word_1_114' title='bbox 2453 895 2700 969; x_wconf 85' lang='grc' dir='ltr'>πατέρων</span> <span class='ocrx_word' id='word_1_115' title='bbox 2729 895 3062 968; x_wconf 71' lang='grc' dir='ltr'>ἀριδείκετος</span> <span class='ocrx_word' id='word_1_116' title='bbox 3094 894 3250 956; x_wconf 82' lang='grc' dir='ltr'>ἐλπὶς</span> <span class='ocrx_word' id='word_1_117' title='bbox 3282 893 3541 971; x_wconf 86' lang='grc' dir='ltr'>ἐτύχθης,</span> 
     </span>
    </p>
   </div>
   <div class='ocr_carea' id='block_1_23' title="bbox 2112 982 3629 1060">
    <p class='ocr_par' dir='ltr' id='par_1_23' title="bbox 2112 982 3629 1060">
     <span class='ocr_line' id='line_1_23' title="bbox 2112 982 3629 1060; baseline 0.001 -22"><span class='ocrx_word' id='word_1_118' title='bbox 2112 985 2214 1042; x_wconf 88' lang='grc' dir='ltr'>Καί</span> <span class='ocrx_word' id='word_1_119' title='bbox 2245 1005 2407 1060; x_wconf 87' lang='grc' dir='ltr'>σφεας</span> <span class='ocrx_word' id='word_1_120' title='bbox 2440 983 2779 1056; x_wconf 78' lang='grc' dir='ltr'>ἐλπομένους</span> <span class='ocrx_word' id='word_1_121' title='bbox 2807 988 3078 1057; x_wconf 80' lang='grc' dir='ltr'>στυγερῶν</span> <span class='ocrx_word' id='word_1_122' title='bbox 3112 982 3341 1059; x_wconf 76' lang='grc' dir='ltr'>ἐρῥύσαο</span> <span class='ocrx_word' id='word_1_123' title='bbox 3375 984 3629 1059; x_wconf 84' lang='grc' dir='ltr'>μόχθων.</span> 
     </span>
    </p>
   </div>
   <div class='ocr_carea' id='block_1_24' title="bbox 2112 1069 3688 1149">
    <p class='ocr_par' dir='ltr' id='par_1_24' title="bbox 2112 1069 3688 1149">
     <span class='ocr_line' id='line_1_24' title="bbox 2112 1069 3688 1149; baseline 0.001 -21"><span class='ocrx_word' id='word_1_124' title='bbox 2112 1075 2256 1149; x_wconf 84' lang='grc' dir='ltr'>Πρὸς</span> <span class='ocrx_word' id='word_1_125' title='bbox 2287 1073 2363 1144; x_wconf 76' lang='grc' dir='ltr'>σὲ,</span> <span class='ocrx_word' id='word_1_126' title='bbox 2398 1075 2608 1148; x_wconf 80' lang='grc' dir='ltr'>Μάκαρ,</span> <span class='ocrx_word' id='word_1_127' title='bbox 2646 1073 2932 1148; x_wconf 82' lang='grc' dir='ltr'>βοάασκον,</span> <span class='ocrx_word' id='word_1_128' title='bbox 2966 1073 3058 1140; x_wconf 76' lang='grc' dir='ltr'>ἑῆς</span> <span class='ocrx_word' id='word_1_129' title='bbox 3093 1069 3150 1127; x_wconf 75' lang='grc' dir='ltr'>δὲ</span> <span class='ocrx_word' id='word_1_130' title='bbox 3181 1073 3386 1136; x_wconf 85' lang='grc' dir='ltr'>σάωθεν</span> <span class='ocrx_word' id='word_1_131' title='bbox 3419 1075 3688 1149; x_wconf 76' lang='grc' dir='ltr'>ἀνάγκης,</span> 
     </span>
    </p>
   </div>
   <div class='ocr_carea' id='block_1_25' title="bbox 2112 1249 3584 1328">
    <p class='ocr_par' dir='ltr' id='par_1_25' title="bbox 2112 1249 3584 1328">
     <span class='ocr_line' id='line_1_25' title="bbox 2112 1249 3584 1328; baseline 0 -20"><span class='ocrx_word' id='word_1_132' title='bbox 2112 1249 2256 1309; x_wconf 79' lang='grc' dir='ltr'>Οὐδέ</span> <span class='ocrx_word' id='word_1_133' title='bbox 2288 1272 2378 1306; x_wconf 87' lang='grc' dir='ltr'>σευ</span> <span class='ocrx_word' id='word_1_134' title='bbox 2406 1250 2676 1321; x_wconf 74' lang='grc' dir='ltr'>ἀθανάτης</span> <span class='ocrx_word' id='word_1_135' title='bbox 2704 1251 2815 1305; x_wconf 81' lang='grc' dir='ltr'>ἀντ’</span> <span class='ocrx_word' id='word_1_136' title='bbox 2847 1249 3072 1312; x_wconf 78' lang='grc' dir='ltr'>ἐλπίδος</span> <span class='ocrx_word' id='word_1_137' title='bbox 3107 1249 3302 1325; x_wconf 80' lang='grc' dir='ltr'>αἶσχος</span> <span class='ocrx_word' id='word_1_138' title='bbox 3335 1250 3584 1328; x_wconf 79' lang='grc' dir='ltr'>ἐφεῦρον.</span> 
     </span>
    </p>
   </div>
   <div class='ocr_carea' id='block_1_26' title="bbox 2111 1339 3628 1416">
    <p class='ocr_par' dir='ltr' id='par_1_26' title="bbox 2111 1339 3628 1416">
     <span class='ocr_line' id='line_1_26' title="bbox 2111 1339 3628 1416; baseline -0.001 -18"><span class='ocrx_word' id='word_1_139' title='bbox 2111 1339 2291 1414; x_wconf 76' lang='grc' dir='ltr'>Αὐτὰρ</span> <span class='ocrx_word' id='word_1_140' title='bbox 2322 1339 2427 1415; x_wconf 78' lang='grc' dir='ltr'>ἐγὼ</span> <span class='ocrx_word' id='word_1_141' title='bbox 2457 1340 2679 1412; x_wconf 78' lang='grc' dir='ltr'>σκώληξ</span> <span class='ocrx_word' id='word_1_142' title='bbox 2710 1360 2768 1395; x_wconf 86' lang='grc' dir='ltr'>τε</span> <span class='ocrx_word' id='word_1_143' title='bbox 2797 1341 2882 1394; x_wconf 84' lang='grc' dir='ltr'>καὶ</span> <span class='ocrx_word' id='word_1_144' title='bbox 2919 1340 3018 1394; x_wconf 89' lang='grc' dir='ltr'>οὐκ</span> <span class='ocrx_word' id='word_1_145' title='bbox 3049 1339 3335 1412; x_wconf 79' lang='grc' dir='ltr'>ἅνθρωπος</span> <span class='ocrx_word' id='word_1_146' title='bbox 3369 1340 3628 1416; x_wconf 79' lang='grc' dir='ltr'>ἐτύχθην,</span> 
     </span>
    </p>
   </div>
   <div class='ocr_carea' id='block_1_27' title="bbox 2113 1425 3581 1505">
    <p class='ocr_par' dir='ltr' id='par_1_27' title="bbox 2113 1425 3581 1505">
     <span class='ocr_line' id='line_1_27' title="bbox 2113 1425 3581 1505; baseline 0.001 -22"><span class='ocrx_word' id='word_1_147' title='bbox 2113 1433 2320 1502; x_wconf 79' lang='grc' dir='ltr'>Μῶμος</span> <span class='ocrx_word' id='word_1_148' title='bbox 2354 1427 2406 1484; x_wconf 69' lang='grc' dir='ltr'>ἰν</span> <span class='ocrx_word' id='word_1_149' title='bbox 2437 1428 2797 1504; x_wconf 83' lang='grc' dir='ltr'>ἀνθρώποισι,</span> <span class='ocrx_word' id='word_1_150' title='bbox 2831 1427 2950 1500; x_wconf 87' lang='grc' dir='ltr'>λαῷ</span> <span class='ocrx_word' id='word_1_151' title='bbox 2971 1425 3020 1483; x_wconf 89' lang='grc' dir='ltr'>δ’</span> <span class='ocrx_word' id='word_1_152' title='bbox 3049 1428 3373 1504; x_wconf 86' lang='grc' dir='ltr'>ἀποφώλιος</span> <span class='ocrx_word' id='word_1_153' title='bbox 3405 1425 3581 1505; x_wconf 75' lang='grc' dir='ltr'>ὕϐρις,</span> 
     </span>
    </p>
   </div>
   <div class='ocr_carea' id='block_1_28' title="bbox 2117 1606 3656 1684">
    <p class='ocr_par' dir='ltr' id='par_1_28' title="bbox 2117 1606 3656 1684">
     <span class='ocr_line' id='line_1_28' title="bbox 2117 1606 3656 1684; baseline 0 -19"><span class='ocrx_word' id='word_1_154' title='bbox 2117 1606 2389 1681; x_wconf 76' lang='grc' dir='ltr'>ηανσυδίη</span> <span class='ocrx_word' id='word_1_155' title='bbox 2426 1610 2482 1682; x_wconf 87' lang='grc' dir='ltr'>μ’</span> <span class='ocrx_word' id='word_1_156' title='bbox 2513 1607 2807 1681; x_wconf 68' lang='grc' dir='ltr'>ἐπέμυξαν,</span> <span class='ocrx_word' id='word_1_157' title='bbox 2840 1608 2958 1663; x_wconf 79' lang='grc' dir='ltr'>ὅσοι</span> <span class='ocrx_word' id='word_1_158' title='bbox 2989 1610 3162 1684; x_wconf 83' lang='grc' dir='ltr'>πάρος</span> <span class='ocrx_word' id='word_1_159' title='bbox 3191 1606 3416 1684; x_wconf 70' lang='grc' dir='ltr'>ἔδρακον</span> <span class='ocrx_word' id='word_1_160' title='bbox 3448 1609 3656 1678; x_wconf 77' lang='grc' dir='ltr'>ὅσσοις,</span> 
     </span>
    </p>
   </div>
   <div class='ocr_carea' id='block_1_29' title="bbox 2113 1694 3588 1775">
    <p class='ocr_par' dir='ltr' id='par_1_29' title="bbox 2113 1694 3588 1775">
     <span class='ocr_line' id='line_1_29' title="bbox 2113 1694 3588 1775; baseline -0.002 -19"><span class='ocrx_word' id='word_1_161' title='bbox 2113 1697 2359 1756; x_wconf 83' lang='grc' dir='ltr'>Χείλεσιν</span> <span class='ocrx_word' id='word_1_162' title='bbox 2390 1697 2734 1775; x_wconf 71' lang='grc' dir='ltr'>ἐφθέγξαντο,</span> <span class='ocrx_word' id='word_1_163' title='bbox 2766 1699 2905 1772; x_wconf 83' lang='grc' dir='ltr'>κάρη</span> <span class='ocrx_word' id='word_1_164' title='bbox 2942 1696 2989 1753; x_wconf 90' lang='grc' dir='ltr'>δ’</span> <span class='ocrx_word' id='word_1_165' title='bbox 3019 1698 3327 1773; x_wconf 82' lang='grc' dir='ltr'>ὑπέροπλον</span> <span class='ocrx_word' id='word_1_166' title='bbox 3359 1694 3588 1755; x_wconf 80' lang='grc' dir='ltr'>ἔσεισαν·</span> 
     </span>
    </p>
   </div>
   <div class='ocr_carea' id='block_1_30' title="bbox 366 1785 1996 1873">
    <p class='ocr_par' dir='ltr' id='par_1_30' title="bbox 366 1791 1996 1863">
     <span class='ocr_line' id='line_1_30' title="bbox 366 1791 1996 1863; baseline -0.003 -12"><span class='ocrx_word' id='word_1_167' title='bbox 366 1795 430 1852; x_wconf 91' lang='lat' dir='ltr'>ln</span> <span class='ocrx_word' id='word_1_168' title='bbox 464 1795 646 1849; x_wconf 90' lang='lat' dir='ltr'>Deum</span> <span class='ocrx_word' id='word_1_169' title='bbox 667 1809 833 1863; x_wconf 89' lang='lat' dir='ltr'>spem</span> <span class='ocrx_word' id='word_1_170' title='bbox 857 1793 1100 1846; x_wconf 90' lang='lat' dir='ltr'>sortitus</span> <span class='ocrx_word' id='word_1_171' title='bbox 1127 1797 1236 1858; x_wconf 90' lang='lat' dir='ltr'>est,</span> <span class='ocrx_word' id='word_1_172' title='bbox 1265 1791 1476 1862; x_wconf 87' lang='lat' dir='ltr'>eripiat</span> <span class='ocrx_word' id='word_1_173' title='bbox 1501 1807 1634 1846; x_wconf 91' lang='lat' dir='ltr'>eum</span> <span class='ocrx_word' id='word_1_174' title='bbox 1648 1792 1996 1848; x_wconf 80' lang='lat' dir='ltr'>calamitate:</span> 
     </span>
    </p>
   </div>
   <div class='ocr_carea' id='block_1_31' title="bbox 2117 1785 3472 1873">
    <p class='ocr_par' dir='ltr' id='par_1_31' title="bbox 2117 1785 3472 1864">
     <span class='ocr_line' id='line_1_31' title="bbox 2117 1785 3472 1864; baseline 0 -21"><span class='ocrx_word' id='word_1_175' title='bbox 2117 1787 2210 1850; x_wconf 64' lang='lat' dir='ltr'>hic</span> <span class='ocrx_word' id='word_1_176' title='bbox 2242 1788 2370 1844; x_wconf 81' lang='grc' dir='ltr'>Θεὸν</span> <span class='ocrx_word' id='word_1_177' title='bbox 2402 1786 2658 1862; x_wconf 77' lang='grc' dir='ltr'>ἐλπωρήν</span> <span class='ocrx_word' id='word_1_178' title='bbox 2687 1785 2910 1863; x_wconf 81' lang='grc' dir='ltr'>ἔλαχεν,</span> <span class='ocrx_word' id='word_1_179' title='bbox 2945 1787 3164 1864; x_wconf 71' lang='grc' dir='ltr'>ῥύσαιτό</span> <span class='ocrx_word' id='word_1_180' title='bbox 3198 1811 3288 1860; x_wconf 91' lang='grc' dir='ltr'>μιν</span> <span class='ocrx_word' id='word_1_181' title='bbox 3319 1787 3472 1859; x_wconf 74' lang='grc' dir='ltr'>ἄτης·</span> 
     </span>
    </p>
   </div>
   <div class='ocr_carea' id='block_1_32' title="bbox 367 1881 1474 1952">
    <p class='ocr_par' dir='ltr' id='par_1_32' title="bbox 367 1881 1474 1952">
     <span class='ocr_line' id='line_1_32' title="bbox 367 1881 1474 1952; baseline -0.004 -14"><span class='ocrx_word' id='word_1_182' title='bbox 367 1883 610 1938; x_wconf 83' lang='lat' dir='ltr'>Auferat</span> <span class='ocrx_word' id='word_1_183' title='bbox 638 1899 672 1936; x_wconf 90' lang='lat' dir='ltr'>a</span> <span class='ocrx_word' id='word_1_184' title='bbox 702 1881 880 1948; x_wconf 88' lang='lat' dir='ltr'>malo,</span> <span class='ocrx_word' id='word_1_185' title='bbox 914 1882 962 1935; x_wconf 93' lang='lat' dir='ltr'>si</span> <span class='ocrx_word' id='word_1_186' title='bbox 993 1881 1104 1952; x_wconf 89' lang='lat' dir='ltr'>ipsi</span> <span class='ocrx_word' id='word_1_187' title='bbox 1135 1887 1336 1952; x_wconf 88' lang='lat' dir='ltr'>gratus</span> <span class='ocrx_word' id='word_1_188' title='bbox 1366 1887 1474 1935; x_wconf 91' lang='lat' dir='ltr'>est.</span> 
     </span>
    </p>
   </div>
   <div class='ocr_carea' id='block_1_33' title="bbox 365 1969 1972 2037">
    <p class='ocr_par' dir='ltr' id='par_1_33' title="bbox 365 1969 1972 2037">
     <span class='ocr_line' id='line_1_33' title="bbox 365 1969 1972 2037; baseline -0.001 -10"><span class='ocrx_word' id='word_1_189' title='bbox 365 1972 708 2027; x_wconf 90' lang='lat' dir='ltr'>Fetiﬁcante</span> <span class='ocrx_word' id='word_1_190' title='bbox 732 1969 1000 2034; x_wconf 89' lang='lat' dir='ltr'>latibulo,</span> <span class='ocrx_word' id='word_1_191' title='bbox 1027 1972 1167 2037; x_wconf 82' lang='lat' dir='ltr'>Rex,</span> <span class='ocrx_word' id='word_1_192' title='bbox 1192 1975 1254 2024; x_wconf 90' lang='lat' dir='ltr'>tu</span> <span class='ocrx_word' id='word_1_193' title='bbox 1275 1987 1372 2025; x_wconf 90' lang='lat' dir='ltr'>me</span> <span class='ocrx_word' id='word_1_194' title='bbox 1402 1969 1706 2024; x_wconf 79' lang='lat' dir='ltr'>extraxisti</span> <span class='ocrx_word' id='word_1_195' title='bbox 1737 1975 1972 2026; x_wconf 81' lang='lat' dir='ltr'>ventre:</span> 
     </span>
    </p>
   </div>
   <div class='ocr_carea' id='block_1_34' title="bbox 367 2059 1651 2133">
    <p class='ocr_par' dir='ltr' id='par_1_34' title="bbox 367 2059 1651 2133">
     <span class='ocr_line' id='line_1_34' title="bbox 367 2059 1651 2133; baseline -0.002 -17"><span class='ocrx_word' id='word_1_196' title='bbox 367 2062 541 2133; x_wconf 92' lang='lat' dir='ltr'>Spem</span> <span class='ocrx_word' id='word_1_197' title='bbox 567 2077 708 2115; x_wconf 91' lang='lat' dir='ltr'>voco</span> <span class='ocrx_word' id='word_1_198' title='bbox 739 2065 795 2114; x_wconf 90' lang='lat' dir='ltr'>te</span> <span class='ocrx_word' id='word_1_199' title='bbox 827 2065 885 2114; x_wconf 90' lang='lat' dir='ltr'>et</span> <span class='ocrx_word' id='word_1_200' title='bbox 913 2059 984 2114; x_wconf 90' lang='lat' dir='ltr'>ab</span> <span class='ocrx_word' id='word_1_201' title='bbox 1018 2059 1299 2114; x_wconf 86' lang='lat' dir='ltr'>uberibus</span> <span class='ocrx_word' id='word_1_202' title='bbox 1330 2059 1651 2129; x_wconf 86' lang='lat' dir='ltr'>parientis:</span> 
     </span>
    </p>
   </div>
   <div class='ocr_carea' id='block_1_35' title="bbox 365 2147 2007 2219">
    <p class='ocr_par' dir='ltr' id='par_1_35' title="bbox 365 2147 2007 2219">
     <span class='ocr_line' id='line_1_35' title="bbox 365 2147 2007 2219; baseline -0.001 -15"><span class='ocrx_word' id='word_1_203' title='bbox 365 2150 488 2204; x_wconf 91' lang='lat' dir='ltr'>Tibi</span> <span class='ocrx_word' id='word_1_204' title='bbox 515 2150 774 2204; x_wconf 92' lang='lat' dir='ltr'>conﬁsus</span> <span class='ocrx_word' id='word_1_205' title='bbox 797 2164 959 2203; x_wconf 91' lang='lat' dir='ltr'>eram</span> <span class='ocrx_word' id='word_1_206' title='bbox 981 2147 1310 2219; x_wconf 88' lang='lat' dir='ltr'>penetralia</span> <span class='ocrx_word' id='word_1_207' title='bbox 1331 2147 1483 2202; x_wconf 90' lang='lat' dir='ltr'>uteri</span> <span class='ocrx_word' id='word_1_208' title='bbox 1505 2147 1697 2202; x_wconf 87' lang='lat' dir='ltr'>adhuc</span> <span class='ocrx_word' id='word_1_209' title='bbox 1710 2147 2007 2203; x_wconf 72' lang='lat' dir='ltr'>habitans.</span> 
     </span>
    </p>
   </div>
   <div class='ocr_carea' id='block_1_36' title="bbox 364 2237 1772 2310">
    <p class='ocr_par' dir='ltr' id='par_1_36' title="bbox 364 2237 1772 2310">
     <span class='ocr_line' id='line_1_36' title="bbox 364 2237 1772 2310; baseline -0.003 -16"><span class='ocrx_word' id='word_1_210' title='bbox 364 2239 493 2310; x_wconf 88' lang='lat' dir='ltr'>Ipse</span> <span class='ocrx_word' id='word_1_211' title='bbox 526 2255 693 2293; x_wconf 90' lang='lat' dir='ltr'>meus</span> <span class='ocrx_word' id='word_1_212' title='bbox 723 2239 876 2292; x_wconf 90' lang='lat' dir='ltr'>Deus</span> <span class='ocrx_word' id='word_1_213' title='bbox 904 2254 964 2292; x_wconf 94' lang='lat' dir='ltr'>es</span> <span class='ocrx_word' id='word_1_214' title='bbox 995 2237 1190 2292; x_wconf 83' lang='lat' dir='ltr'>charae</span> <span class='ocrx_word' id='word_1_215' title='bbox 1222 2237 1282 2291; x_wconf 94' lang='lat' dir='ltr'>in</span> <span class='ocrx_word' id='word_1_216' title='bbox 1313 2243 1515 2292; x_wconf 86' lang='lat' dir='ltr'>ventre</span> <span class='ocrx_word' id='word_1_217' title='bbox 1544 2237 1772 2291; x_wconf 88' lang='lat' dir='ltr'>matris.</span> 
     </span>
    </p>
   </div>
   <div class='ocr_carea' id='block_1_37' title="bbox 366 2326 2011 2397">
    <p class='ocr_par' dir='ltr' id='par_1_37' title="bbox 366 2326 2011 2397">
     <span class='ocr_line' id='line_1_37' title="bbox 366 2326 2011 2397; baseline -0.002 -14"><span class='ocrx_word' id='word_1_218' title='bbox 366 2330 447 2383; x_wconf 87' lang='lat' dir='ltr'>Ne</span> <span class='ocrx_word' id='word_1_219' title='bbox 478 2345 512 2383; x_wconf 89' lang='lat' dir='ltr'>a</span> <span class='ocrx_word' id='word_1_220' title='bbox 540 2344 633 2382; x_wconf 90' lang='lat' dir='ltr'>me</span> <span class='ocrx_word' id='word_1_221' title='bbox 661 2327 950 2394; x_wconf 86' lang='lat' dir='ltr'>discedas,</span> <span class='ocrx_word' id='word_1_222' title='bbox 985 2327 1268 2396; x_wconf 90' lang='lat' dir='ltr'>quoniam</span> <span class='ocrx_word' id='word_1_223' title='bbox 1299 2326 1444 2381; x_wconf 85' lang='lat' dir='ltr'>mihi</span> <span class='ocrx_word' id='word_1_224' title='bbox 1503 2343 1682 2397; x_wconf 90' lang='lat' dir='ltr'>prope</span> <span class='ocrx_word' id='word_1_225' title='bbox 1727 2326 1854 2380; x_wconf 90' lang='lat' dir='ltr'>dies</span> <span class='ocrx_word' id='word_1_226' title='bbox 1906 2342 2011 2380; x_wconf 92' lang='lat' dir='ltr'>ne—</span> 
     </span>
    </p>
   </div>
   <div class='ocr_carea' id='block_1_38' title="bbox 1597 2417 1935 2488">
    <p class='ocr_par' dir='ltr' id='par_1_38' title="bbox 1597 2417 1935 2488">
     <span class='ocr_line' id='line_1_38' title="bbox 1597 2417 1935 2488; baseline 0 -16"><span class='ocrx_word' id='word_1_227' title='bbox 1597 2417 1935 2488; x_wconf 86' lang='lat' dir='ltr'>[cessitatis,</span> 
     </span>
    </p>
   </div>
   <div class='ocr_carea' id='block_1_39' title="bbox 364 2506 1556 2579">
    <p class='ocr_par' dir='ltr' id='par_1_39' title="bbox 364 2506 1556 2579">
     <span class='ocr_line' id='line_1_39' title="bbox 364 2506 1556 2579; baseline -0.004 -15"><span class='ocrx_word' id='word_1_228' title='bbox 364 2509 563 2579; x_wconf 72' lang='lat' dir='ltr'>Neque</span> <span class='ocrx_word' id='word_1_229' title='bbox 595 2507 787 2578; x_wconf 84' lang='lat' dir='ltr'>egenti</span> <span class='ocrx_word' id='word_1_230' title='bbox 819 2507 966 2560; x_wconf 88' lang='lat' dir='ltr'>mihi</span> <span class='ocrx_word' id='word_1_231' title='bbox 996 2506 1233 2577; x_wconf 86' lang='lat' dir='ltr'>adjutor</span> <span class='ocrx_word' id='word_1_232' title='bbox 1262 2506 1417 2562; x_wconf 91' lang='lat' dir='ltr'>alius</span> <span class='ocrx_word' id='word_1_233' title='bbox 1449 2512 1556 2561; x_wconf 86' lang='lat' dir='ltr'>est.</span> 
     </span>
    </p>
   </div>
   <div class='ocr_carea' id='block_1_40' title="bbox 365 2597 1866 2662">
    <p class='ocr_par' dir='ltr' id='par_1_40' title="bbox 365 2597 1866 2662">
     <span class='ocr_line' id='line_1_40' title="bbox 365 2597 1866 2662; baseline -0.001 -9"><span class='ocrx_word' id='word_1_234' title='bbox 365 2600 529 2654; x_wconf 87' lang='lat' dir='ltr'>Multi</span> <span class='ocrx_word' id='word_1_235' title='bbox 566 2615 708 2653; x_wconf 88' lang='lat' dir='ltr'>sane</span> <span class='ocrx_word' id='word_1_236' title='bbox 740 2599 970 2651; x_wconf 86' lang='lat' dir='ltr'>cornuti</span> <span class='ocrx_word' id='word_1_237' title='bbox 1004 2598 1526 2652; x_wconf 88' lang='lat' dir='ltr'>circumdederunt</span> <span class='ocrx_word' id='word_1_238' title='bbox 1553 2613 1648 2652; x_wconf 88' lang='lat' dir='ltr'>me</span> <span class='ocrx_word' id='word_1_239' title='bbox 1677 2597 1866 2662; x_wconf 89' lang='lat' dir='ltr'>vituli,</span> 
     </span>
    </p>
   </div>
   <div class='ocr_carea' id='block_1_41' title="bbox 367 2685 1724 2760">
    <p class='ocr_par' dir='ltr' id='par_1_41' title="bbox 367 2685 1724 2760">
     <span class='ocr_line' id='line_1_41' title="bbox 367 2685 1724 2760; baseline -0.002 -17"><span class='ocrx_word' id='word_1_240' title='bbox 367 2688 623 2760; x_wconf 80' lang='lat' dir='ltr'>Pingues</span> <span class='ocrx_word' id='word_1_241' title='bbox 654 2703 787 2741; x_wconf 88' lang='lat' dir='ltr'>vero</span> <span class='ocrx_word' id='word_1_242' title='bbox 821 2687 881 2741; x_wconf 93' lang='lat' dir='ltr'>in</span> <span class='ocrx_word' id='word_1_243' title='bbox 913 2686 1005 2741; x_wconf 91' lang='lat' dir='ltr'>his</span> <span class='ocrx_word' id='word_1_244' title='bbox 1035 2685 1397 2741; x_wconf 88' lang='lat' dir='ltr'>obsederunt</span> <span class='ocrx_word' id='word_1_245' title='bbox 1425 2703 1520 2742; x_wconf 86' lang='lat' dir='ltr'>me</span> <span class='ocrx_word' id='word_1_246' title='bbox 1551 2686 1724 2753; x_wconf 73' lang='lat' dir='ltr'>tauri,</span> 
     </span>
    </p>
   </div>
   <div class='ocr_carea' id='block_1_42' title="bbox 367 2775 2011 2847">
    <p class='ocr_par' dir='ltr' id='par_1_42' title="bbox 367 2775 2011 2847">
     <span class='ocr_line' id='line_1_42' title="bbox 367 2775 2011 2847; baseline 0 -17"><span class='ocrx_word' id='word_1_247' title='bbox 367 2777 599 2831; x_wconf 88' lang='lat' dir='ltr'>Circum</span> <span class='ocrx_word' id='word_1_248' title='bbox 625 2793 717 2830; x_wconf 89' lang='lat' dir='ltr'>me</span> <span class='ocrx_word' id='word_1_249' title='bbox 737 2777 1070 2830; x_wconf 76' lang='lat' dir='ltr'>excitarunt</span> <span class='ocrx_word' id='word_1_250' title='bbox 1091 2792 1262 2830; x_wconf 90' lang='lat' dir='ltr'>suum</span> <span class='ocrx_word' id='word_1_251' title='bbox 1288 2793 1352 2830; x_wconf 91' lang='lat' dir='ltr'>os</span> <span class='ocrx_word' id='word_1_252' title='bbox 1373 2776 1625 2847; x_wconf 79' lang='lat' dir='ltr'>graviter</span> <span class='ocrx_word' id='word_1_253' title='bbox 1653 2775 2011 2846; x_wconf 83' lang='lat' dir='ltr'>aperientes,</span> 
     </span>
    </p>
   </div>
   <div class='ocr_carea' id='block_1_43' title="bbox 365 2865 1798 2936">
    <p class='ocr_par' dir='ltr' id='par_1_43' title="bbox 365 2865 1798 2936">
     <span class='ocr_line' id='line_1_43' title="bbox 365 2865 1798 2936; baseline -0.001 -16"><span class='ocrx_word' id='word_1_254' title='bbox 365 2866 528 2920; x_wconf 87' lang='lat' dir='ltr'>Sicut</span> <span class='ocrx_word' id='word_1_255' title='bbox 557 2865 650 2919; x_wconf 90' lang='lat' dir='ltr'>leo</span> <span class='ocrx_word' id='word_1_256' title='bbox 679 2865 1048 2935; x_wconf 90' lang='lat' dir='ltr'>perniciosus</span> <span class='ocrx_word' id='word_1_257' title='bbox 1081 2865 1320 2936; x_wconf 81' lang='lat' dir='ltr'>rugiens</span> <span class='ocrx_word' id='word_1_258' title='bbox 1347 2865 1544 2936; x_wconf 91' lang='lat' dir='ltr'>rapaci</span> <span class='ocrx_word' id='word_1_259' title='bbox 1576 2865 1798 2920; x_wconf 91' lang='lat' dir='ltr'>animo.</span> 
     </span>
    </p>
   </div>
   <div class='ocr_carea' id='block_1_44' title="bbox 365 2953 2012 3025">
    <p class='ocr_par' dir='ltr' id='par_1_44' title="bbox 365 2953 2012 3025">
     <span class='ocr_line' id='line_1_44' title="bbox 365 2953 2012 3025; baseline -0.001 -15"><span class='ocrx_word' id='word_1_260' title='bbox 365 2956 528 3010; x_wconf 89' lang='lat' dir='ltr'>Sicut</span> <span class='ocrx_word' id='word_1_261' title='bbox 542 2971 677 3009; x_wconf 90' lang='lat' dir='ltr'>vero</span> <span class='ocrx_word' id='word_1_262' title='bbox 701 2971 854 3025; x_wconf 89' lang='lat' dir='ltr'>aqua</span> <span class='ocrx_word' id='word_1_263' title='bbox 865 2955 1054 3009; x_wconf 67' lang='lat' dir='ltr'>effusa</span> <span class='ocrx_word' id='word_1_264' title='bbox 1064 2953 1332 3025; x_wconf 89' lang='lat' dir='ltr'>dispersa</span> <span class='ocrx_word' id='word_1_265' title='bbox 1349 2958 1487 3009; x_wconf 90' lang='lat' dir='ltr'>sunt</span> <span class='ocrx_word' id='word_1_266' title='bbox 1499 2970 1632 3008; x_wconf 88' lang='lat' dir='ltr'>mea</span> <span class='ocrx_word' id='word_1_267' title='bbox 1642 2955 2012 3016; x_wconf 79' lang='lat' dir='ltr'>ossaomnia:</span> 
     </span>
    </p>
   </div>
   <div class='ocr_carea' id='block_1_45' title="bbox 368 3044 1796 3115">
    <p class='ocr_par' dir='ltr' id='par_1_45' title="bbox 368 3044 1796 3115">
     <span class='ocr_line' id='line_1_45' title="bbox 368 3044 1796 3115; baseline -0.001 -15"><span class='ocrx_word' id='word_1_268' title='bbox 368 3046 514 3100; x_wconf 88' lang='lat' dir='ltr'>Cera</span> <span class='ocrx_word' id='word_1_269' title='bbox 543 3050 850 3115; x_wconf 86' lang='lat' dir='ltr'>tanquam,</span> <span class='ocrx_word' id='word_1_270' title='bbox 885 3061 986 3099; x_wconf 90' lang='lat' dir='ltr'>cor</span> <span class='ocrx_word' id='word_1_271' title='bbox 1014 3045 1294 3115; x_wconf 90' lang='lat' dir='ltr'>liquescit</span> <span class='ocrx_word' id='word_1_272' title='bbox 1321 3049 1522 3100; x_wconf 88' lang='lat' dir='ltr'>ventre</span> <span class='ocrx_word' id='word_1_273' title='bbox 1551 3044 1751 3100; x_wconf 86' lang='lat' dir='ltr'>medio</span> <span class='ocrx_word' id='word_1_274' title='bbox 1784 3060 1796 3098; x_wconf 94' lang='lat'>:</span> 
     </span>
    </p>
   </div>
   <div class='ocr_carea' id='block_1_46' title="bbox 369 3133 1478 3189">
    <p class='ocr_par' dir='ltr' id='par_1_46' title="bbox 369 3133 1478 3189">
     <span class='ocr_line' id='line_1_46' title="bbox 369 3133 1478 3189; baseline -0.001 -1"><span class='ocrx_word' id='word_1_275' title='bbox 369 3134 540 3189; x_wconf 82' lang='lat' dir='ltr'>Aruit</span> <span class='ocrx_word' id='word_1_276' title='bbox 568 3133 820 3188; x_wconf 71' lang='lat' dir='ltr'>inﬁrmas</span> <span class='ocrx_word' id='word_1_277' title='bbox 847 3133 1059 3188; x_wconf 90' lang='lat' dir='ltr'>similis</span> <span class='ocrx_word' id='word_1_278' title='bbox 1090 3138 1255 3188; x_wconf 64' lang='lat' dir='ltr'>testa)</span> <span class='ocrx_word' id='word_1_279' title='bbox 1274 3134 1478 3188; x_wconf 73' lang='lat' dir='ltr'>virtus.</span> 
     </span>
    </p>
   </div>
   <div class='ocr_carea' id='block_1_47' title="bbox 367 3222 1834 3295">
    <p class='ocr_par' dir='ltr' id='par_1_47' title="bbox 367 3222 1834 3295">
     <span class='ocr_line' id='line_1_47' title="bbox 367 3222 1834 3295; baseline 0 -18"><span class='ocrx_word' id='word_1_280' title='bbox 367 3225 592 3295; x_wconf 81' lang='lat' dir='ltr'>Lingua</span> <span class='ocrx_word' id='word_1_281' title='bbox 624 3239 754 3278; x_wconf 91' lang='lat' dir='ltr'>mea</span> <span class='ocrx_word' id='word_1_282' title='bbox 782 3223 1002 3295; x_wconf 80' lang='lat' dir='ltr'>gutturi</span> <span class='ocrx_word' id='word_1_283' title='bbox 1036 3239 1168 3277; x_wconf 77' lang='lat' dir='ltr'>meo</span> <span class='ocrx_word' id='word_1_284' title='bbox 1199 3223 1469 3291; x_wconf 70' lang='lat' dir='ltr'>adhaesit,</span> <span class='ocrx_word' id='word_1_285' title='bbox 1503 3222 1786 3294; x_wconf 89' lang='lat' dir='ltr'>Princeps</span> <span class='ocrx_word' id='word_1_286' title='bbox 1821 3240 1834 3277; x_wconf 92' lang='lat'>:</span> 
     </span>
    </p>
   </div>
   <div class='ocr_carea' id='block_1_48' title="bbox 369 3311 1955 3384">
    <p class='ocr_par' dir='ltr' id='par_1_48' title="bbox 369 3311 1955 3384">
     <span class='ocr_line' id='line_1_48' title="bbox 369 3311 1955 3384; baseline 0 -16"><span class='ocrx_word' id='word_1_287' title='bbox 369 3315 435 3368; x_wconf 93' lang='lat' dir='ltr'>In</span> <span class='ocrx_word' id='word_1_288' title='bbox 458 3328 591 3366; x_wconf 88' lang='lat' dir='ltr'>vero</span> <span class='ocrx_word' id='word_1_289' title='bbox 623 3312 805 3366; x_wconf 87' lang='lat' dir='ltr'>ﬁnem</span> <span class='ocrx_word' id='word_1_290' title='bbox 836 3313 1044 3366; x_wconf 91' lang='lat' dir='ltr'>mortis</span> <span class='ocrx_word' id='word_1_291' title='bbox 1074 3328 1170 3366; x_wconf 92' lang='lat' dir='ltr'>me</span> <span class='ocrx_word' id='word_1_292' title='bbox 1201 3311 1562 3367; x_wconf 90' lang='lat' dir='ltr'>deducentes</span> <span class='ocrx_word' id='word_1_293' title='bbox 1592 3319 1955 3384; x_wconf 88' lang='lat' dir='ltr'>posuerunt:</span> 
     </span>
    </p>
   </div>
   <div class='ocr_carea' id='block_1_49' title="bbox 371 3400 1977 3468">
    <p class='ocr_par' dir='ltr' id='par_1_49' title="bbox 371 3400 1977 3468">
     <span class='ocr_line' id='line_1_49' title="bbox 371 3400 1977 3468; baseline 0.001 -13"><span class='ocrx_word' id='word_1_294' title='bbox 371 3401 681 3456; x_wconf 84' lang='lat' dir='ltr'>Multitudo</span> <span class='ocrx_word' id='word_1_295' title='bbox 712 3401 949 3456; x_wconf 88' lang='lat' dir='ltr'>inﬁnita</span> <span class='ocrx_word' id='word_1_296' title='bbox 978 3418 1072 3456; x_wconf 90' lang='lat' dir='ltr'>me</span> <span class='ocrx_word' id='word_1_297' title='bbox 1103 3418 1318 3456; x_wconf 90' lang='lat' dir='ltr'>canum</span> <span class='ocrx_word' id='word_1_298' title='bbox 1350 3400 1743 3456; x_wconf 81' lang='lat' dir='ltr'>circumdedit</span> <span class='ocrx_word' id='word_1_299' title='bbox 1768 3402 1977 3468; x_wconf 92' lang='lat' dir='ltr'>oculis,</span> 
     </span>
    </p>
   </div>
   <div class='ocr_carea' id='block_1_50' title="bbox 373 3487 1950 3562">
    <p class='ocr_par' dir='ltr' id='par_1_50' title="bbox 373 3487 1950 3562">
     <span class='ocr_line' id='line_1_50' title="bbox 373 3487 1950 3562; baseline 0 -17"><span class='ocrx_word' id='word_1_300' title='bbox 373 3491 442 3545; x_wconf 85' lang='lat' dir='ltr'>Et</span> <span class='ocrx_word' id='word_1_301' title='bbox 471 3506 564 3544; x_wconf 91' lang='lat' dir='ltr'>me</span> <span class='ocrx_word' id='word_1_302' title='bbox 596 3487 828 3544; x_wconf 88' lang='lat' dir='ltr'>obsedit</span> <span class='ocrx_word' id='word_1_303' title='bbox 856 3490 1230 3562; x_wconf 78' lang='lat' dir='ltr'>congregatio</span> <span class='ocrx_word' id='word_1_304' title='bbox 1262 3491 1522 3562; x_wconf 85' lang='lat' dir='ltr'>maligna</span> <span class='ocrx_word' id='word_1_305' title='bbox 1551 3497 1950 3562; x_wconf 89' lang='lat' dir='ltr'>peccatorum.</span> 
     </span>
    </p>
   </div>
   <div class='ocr_carea' id='block_1_51' title="bbox 372 3576 1870 3650">
    <p class='ocr_par' dir='ltr' id='par_1_51' title="bbox 372 3576 1870 3650">
     <span class='ocr_line' id='line_1_51' title="bbox 372 3576 1870 3650; baseline 0.001 -17"><span class='ocrx_word' id='word_1_306' title='bbox 372 3580 609 3633; x_wconf 87' lang='lat' dir='ltr'>Nostras</span> <span class='ocrx_word' id='word_1_307' title='bbox 639 3576 920 3633; x_wconf 82' lang='lat' dir='ltr'>foderunt</span> <span class='ocrx_word' id='word_1_308' title='bbox 949 3579 1127 3634; x_wconf 90' lang='lat' dir='ltr'>simul</span> <span class='ocrx_word' id='word_1_309' title='bbox 1158 3595 1490 3650; x_wconf 88' lang='lat' dir='ltr'>manusque</span> <span class='ocrx_word' id='word_1_310' title='bbox 1520 3578 1823 3650; x_wconf 86' lang='lat' dir='ltr'>pedesque</span> <span class='ocrx_word' id='word_1_311' title='bbox 1855 3597 1870 3634; x_wconf 90' lang='lat'><strong>:</strong></span> 
     </span>
    </p>
   </div>
   <div class='ocr_carea' id='block_1_52' title="bbox 371 3667 1702 3726">
    <p class='ocr_par' dir='ltr' id='par_1_52' title="bbox 371 3667 1702 3726">
     <span class='ocr_line' id='line_1_52' title="bbox 371 3667 1702 3726; baseline 0.003 -4"><span class='ocrx_word' id='word_1_312' title='bbox 371 3668 518 3723; x_wconf 90' lang='lat' dir='ltr'>Ossa</span> <span class='ocrx_word' id='word_1_313' title='bbox 547 3684 680 3722; x_wconf 91' lang='lat' dir='ltr'>vero</span> <span class='ocrx_word' id='word_1_314' title='bbox 710 3667 899 3723; x_wconf 92' lang='lat' dir='ltr'>oculis</span> <span class='ocrx_word' id='word_1_315' title='bbox 928 3668 1454 3724; x_wconf 70' lang='lat' dir='ltr'>alinumeraverunt</span> <span class='ocrx_word' id='word_1_316' title='bbox 1481 3669 1702 3726; x_wconf 88' lang='lat' dir='ltr'>omnia.</span> 
     </span>
    </p>
   </div>
   <div class='ocr_carea' id='block_1_53' title="bbox 375 3865 2014 3938">
    <p class='ocr_par' dir='ltr' id='par_1_53' title="bbox 375 3865 2014 3938">
     <span class='ocr_line' id='line_1_53' title="bbox 375 3865 2014 3938; baseline 0.002 -19"><span class='ocrx_word' id='word_1_317' title='bbox 375 3867 547 3920; x_wconf 90' lang='lat' dir='ltr'>Etme</span> <span class='ocrx_word' id='word_1_318' title='bbox 567 3865 951 3936; x_wconf 90' lang='lat' dir='ltr'>inspicientes</span> <span class='ocrx_word' id='word_1_319' title='bbox 961 3866 1295 3938; x_wconf 90' lang='lat' dir='ltr'>neglectum</span> <span class='ocrx_word' id='word_1_320' title='bbox 1311 3866 1759 3937; x_wconf 88' lang='lat' dir='ltr'>dereliquerunt</span> <span class='ocrx_word' id='word_1_321' title='bbox 1773 3868 2014 3938; x_wconf 89' lang='lat' dir='ltr'>pariter:</span> 
     </span>
    </p>
   </div>
   <div class='ocr_carea' id='block_1_54' title="bbox 377 3953 1881 4024">
    <p class='ocr_par' dir='ltr' id='par_1_54' title="bbox 377 3953 1881 4024">
     <span class='ocr_line' id='line_1_54' title="bbox 377 3953 1881 4024; baseline 0.002 -17"><span class='ocrx_word' id='word_1_322' title='bbox 377 3953 673 4008; x_wconf 89' lang='lat' dir='ltr'>Immense</span> <span class='ocrx_word' id='word_1_323' title='bbox 704 3954 969 4010; x_wconf 90' lang='lat' dir='ltr'>furentes</span> <span class='ocrx_word' id='word_1_324' title='bbox 996 3971 1128 4010; x_wconf 92' lang='lat' dir='ltr'>mea</span> <span class='ocrx_word' id='word_1_325' title='bbox 1157 3955 1484 4010; x_wconf 87' lang='lat' dir='ltr'>diviserunt</span> <span class='ocrx_word' id='word_1_326' title='bbox 1512 3957 1881 4024; x_wconf 84' lang='lat' dir='ltr'>vestimenta,</span> 
     </span>
    </p>
   </div>
   <div class='ocr_carea' id='block_1_55' title="bbox 375 4044 2013 4117">
    <p class='ocr_par' dir='ltr' id='par_1_55' title="bbox 375 4044 2013 4117">
     <span class='ocr_line' id='line_1_55' title="bbox 375 4044 2013 4117; baseline 0.002 -19"><span class='ocrx_word' id='word_1_327' title='bbox 375 4046 445 4098; x_wconf 92' lang='lat' dir='ltr'>Et</span> <span class='ocrx_word' id='word_1_328' title='bbox 465 4044 722 4099; x_wconf 87' lang='lat' dir='ltr'>sortibus</span> <span class='ocrx_word' id='word_1_329' title='bbox 741 4044 933 4098; x_wconf 85' lang='lat' dir='ltr'>sortiti</span> <span class='ocrx_word' id='word_1_330' title='bbox 955 4045 1251 4115; x_wconf 91' lang='lat' dir='ltr'>sunt,quis</span> <span class='ocrx_word' id='word_1_331' title='bbox 1274 4061 1441 4099; x_wconf 91' lang='lat' dir='ltr'>meus</span> <span class='ocrx_word' id='word_1_332' title='bbox 1462 4046 1712 4100; x_wconf 85' lang='lat' dir='ltr'>amictus</span> <span class='ocrx_word' id='word_1_333' title='bbox 1736 4051 2013 4117; x_wconf 87' lang='lat' dir='ltr'>reportet.</span> 
     </span>
    </p>
   </div>
   <div class='ocr_carea' id='block_1_56' title="bbox 377 4132 1819 4206">
    <p class='ocr_par' dir='ltr' id='par_1_56' title="bbox 377 4132 1819 4206">
     <span class='ocr_line' id='line_1_56' title="bbox 377 4132 1819 4206; baseline 0.002 -18"><span class='ocrx_word' id='word_1_334' title='bbox 377 4135 590 4188; x_wconf 87' lang='lat' dir='ltr'>Verum</span> <span class='ocrx_word' id='word_1_335' title='bbox 624 4150 658 4188; x_wconf 91' lang='lat' dir='ltr'>a</span> <span class='ocrx_word' id='word_1_336' title='bbox 687 4151 779 4188; x_wconf 90' lang='lat' dir='ltr'>me</span> <span class='ocrx_word' id='word_1_337' title='bbox 811 4149 884 4187; x_wconf 89' lang='lat' dir='ltr'>ne</span> <span class='ocrx_word' id='word_1_338' title='bbox 918 4132 1089 4204; x_wconf 84' lang='lat' dir='ltr'>longe</span> <span class='ocrx_word' id='word_1_339' title='bbox 1120 4133 1484 4206; x_wconf 87' lang='lat' dir='ltr'>elongaveris</span> <span class='ocrx_word' id='word_1_340' title='bbox 1513 4134 1819 4191; x_wconf 83' lang='lat' dir='ltr'>auxilium.</span> 
     </span>
    </p>
   </div>
   <div class='ocr_carea' id='block_1_57' title="bbox 375 4221 1450 4294">
    <p class='ocr_par' dir='ltr' id='par_1_57' title="bbox 375 4221 1450 4294">
     <span class='ocr_line' id='line_1_57' title="bbox 375 4221 1450 4294; baseline 0.001 -18"><span class='ocrx_word' id='word_1_341' title='bbox 375 4224 648 4277; x_wconf 86' lang='lat' dir='ltr'>Nostrum</span> <span class='ocrx_word' id='word_1_342' title='bbox 682 4221 876 4294; x_wconf 90' lang='lat' dir='ltr'>gladio</span> <span class='ocrx_word' id='word_1_343' title='bbox 907 4226 1080 4276; x_wconf 89' lang='lat' dir='ltr'>acuto</span> <span class='ocrx_word' id='word_1_344' title='bbox 1113 4222 1274 4292; x_wconf 87' lang='lat' dir='ltr'>eripe</span> <span class='ocrx_word' id='word_1_345' title='bbox 1307 4239 1410 4277; x_wconf 90' lang='lat' dir='ltr'>cor</span> <span class='ocrx_word' id='word_1_346' title='bbox 1438 4241 1450 4277; x_wconf 94' lang='lat'><strong>:</strong></span> 
     </span>
    </p>
   </div>
   <div class='ocr_carea' id='block_1_58' title="bbox 374 4311 1730 4369">
    <p class='ocr_par' dir='ltr' id='par_1_58' title="bbox 374 4311 1730 4369">
     <span class='ocr_line' id='line_1_58' title="bbox 374 4311 1730 4369; baseline 0.003 -4"><span class='ocrx_word' id='word_1_347' title='bbox 374 4312 527 4366; x_wconf 83' lang='lat' dir='ltr'>Erue</span> <span class='ocrx_word' id='word_1_348' title='bbox 557 4311 792 4366; x_wconf 90' lang='lat' dir='ltr'>unicam</span> <span class='ocrx_word' id='word_1_349' title='bbox 831 4327 1022 4366; x_wconf 90' lang='lat' dir='ltr'>meam</span> <span class='ocrx_word' id='word_1_350' title='bbox 1053 4327 1088 4365; x_wconf 88' lang='lat' dir='ltr'>a</span> <span class='ocrx_word' id='word_1_351' title='bbox 1116 4327 1261 4366; x_wconf 90' lang='lat' dir='ltr'>cane</span> <span class='ocrx_word' id='word_1_352' title='bbox 1293 4312 1690 4369; x_wconf 90' lang='lat' dir='ltr'>insolescente</span> <span class='ocrx_word' id='word_1_353' title='bbox 1718 4331 1730 4368; x_wconf 90' lang='lat'><strong>:</strong></span> 
     </span>
    </p>
   </div>
   <div class='ocr_carea' id='block_1_59' title="bbox 379 4403 1704 4473">
    <p class='ocr_par' dir='ltr' id='par_1_59' title="bbox 379 4403 1704 4473">
     <span class='ocr_line' id='line_1_59' title="bbox 379 4403 1704 4473; baseline 0.002 -16"><span class='ocrx_word' id='word_1_354' title='bbox 379 4403 535 4457; x_wconf 89' lang='lat' dir='ltr'>Bene</span> <span class='ocrx_word' id='word_1_355' title='bbox 566 4419 659 4457; x_wconf 90' lang='lat' dir='ltr'>me</span> <span class='ocrx_word' id='word_1_356' title='bbox 694 4418 877 4468; x_wconf 82' lang='lat' dir='ltr'>serva,</span> <span class='ocrx_word' id='word_1_357' title='bbox 910 4403 1050 4470; x_wconf 82' lang='lat' dir='ltr'><strong>Rex,</strong></span> <span class='ocrx_word' id='word_1_358' title='bbox 1085 4419 1154 4457; x_wconf 85' lang='lat' dir='ltr'>ex</span> <span class='ocrx_word' id='word_1_359' title='bbox 1185 4419 1286 4457; x_wconf 90' lang='lat' dir='ltr'>ore</span> <span class='ocrx_word' id='word_1_360' title='bbox 1319 4403 1463 4458; x_wconf 89' lang='lat' dir='ltr'>torvi</span> <span class='ocrx_word' id='word_1_361' title='bbox 1495 4404 1704 4473; x_wconf 90' lang='lat' dir='ltr'>leonis,</span> 
     </span>
    </p>
   </div>
   <div class='ocr_carea' id='block_1_60' title="bbox 377 4490 1856 4562">
    <p class='ocr_par' dir='ltr' id='par_1_60' title="bbox 377 4490 1856 4562">
     <span class='ocr_line' id='line_1_60' title="bbox 377 4490 1856 4562; baseline 0.005 -16"><span class='ocrx_word' id='word_1_362' title='bbox 377 4493 424 4546; x_wconf 81' lang='grc' dir='ltr'><strong>Α</strong></span> <span class='ocrx_word' id='word_1_363' title='bbox 448 4491 802 4562; x_wconf 91' lang='lat' dir='ltr'>perniciosis</span> <span class='ocrx_word' id='word_1_364' title='bbox 833 4490 1114 4546; x_wconf 89' lang='lat' dir='ltr'>cornibus</span> <span class='ocrx_word' id='word_1_365' title='bbox 1144 4491 1302 4546; x_wconf 85' lang='lat' dir='ltr'>salva</span> <span class='ocrx_word' id='word_1_366' title='bbox 1331 4509 1426 4548; x_wconf 89' lang='lat' dir='ltr'>me</span> <span class='ocrx_word' id='word_1_367' title='bbox 1455 4494 1856 4554; x_wconf 89' lang='lat' dir='ltr'>unicornium.</span> 
     </span>
    </p>
   </div>
   <div class='ocr_carea' id='block_1_61' title="bbox 376 4580 1643 4649">
    <p class='ocr_par' dir='ltr' id='par_1_61' title="bbox 376 4580 1643 4649">
     <span class='ocr_line' id='line_1_61' title="bbox 376 4580 1643 4649; baseline 0.001 -12"><span class='ocrx_word' id='word_1_368' title='bbox 376 4583 564 4637; x_wconf 86' lang='lat' dir='ltr'>Tuum</span> <span class='ocrx_word' id='word_1_369' title='bbox 596 4596 815 4635; x_wconf 90' lang='lat' dir='ltr'>nomen</span> <span class='ocrx_word' id='word_1_370' title='bbox 845 4580 1132 4635; x_wconf 86' lang='lat' dir='ltr'>nuntiabo</span> <span class='ocrx_word' id='word_1_371' title='bbox 1161 4580 1443 4637; x_wconf 89' lang='lat' dir='ltr'>fratribus</span> <span class='ocrx_word' id='word_1_372' title='bbox 1475 4584 1643 4649; x_wconf 89' lang='lat' dir='ltr'>meis,</span> 
     </span>
    </p>
   </div>
   <div class='ocr_carea' id='block_1_62' title="bbox 373 4670 1900 4743">
    <p class='ocr_par' dir='ltr' id='par_1_62' title="bbox 373 4670 1900 4743">
     <span class='ocr_line' id='line_1_62' title="bbox 373 4670 1900 4743; baseline 0.001 -16"><span class='ocrx_word' id='word_1_373' title='bbox 373 4673 444 4728; x_wconf 91' lang='lat' dir='ltr'>Et</span> <span class='ocrx_word' id='word_1_374' title='bbox 474 4677 529 4725; x_wconf 92' lang='lat' dir='ltr'>te</span> <span class='ocrx_word' id='word_1_375' title='bbox 561 4671 622 4724; x_wconf 93' lang='lat' dir='ltr'>in</span> <span class='ocrx_word' id='word_1_376' title='bbox 654 4670 849 4725; x_wconf 92' lang='lat' dir='ltr'>medio</span> <span class='ocrx_word' id='word_1_377' title='bbox 880 4671 1353 4743; x_wconf 90' lang='lat' dir='ltr'>congregationis</span> <span class='ocrx_word' id='word_1_378' title='bbox 1383 4671 1594 4727; x_wconf 71' lang='lat' dir='ltr'>divinaa</span> <span class='ocrx_word' id='word_1_379' title='bbox 1624 4672 1900 4729; x_wconf 90' lang='lat' dir='ltr'>laudabo.</span> 
     </span>
    </p>
   </div>
   <div class='ocr_carea' id='block_1_63' title="bbox 375 4759 1856 4833">
    <p class='ocr_par' dir='ltr' id='par_1_63' title="bbox 375 4759 1856 4833">
     <span class='ocr_line' id='line_1_63' title="bbox 375 4759 1856 4833; baseline 0.002 -19"><span class='ocrx_word' id='word_1_380' title='bbox 375 4759 633 4815; x_wconf 89' lang='lat' dir='ltr'>Laudem</span> <span class='ocrx_word' id='word_1_381' title='bbox 664 4759 967 4815; x_wconf 89' lang='lat' dir='ltr'>celebrent</span> <span class='ocrx_word' id='word_1_382' title='bbox 996 4760 1333 4830; x_wconf 87' lang='lat' dir='ltr'>quicunque</span> <span class='ocrx_word' id='word_1_383' title='bbox 1361 4761 1575 4815; x_wconf 90' lang='lat' dir='ltr'>timent</span> <span class='ocrx_word' id='word_1_384' title='bbox 1601 4763 1816 4833; x_wconf 81' lang='lat' dir='ltr'>Regem</span> <span class='ocrx_word' id='word_1_385' title='bbox 1842 4779 1856 4818; x_wconf 88' lang='lat'><strong>:</strong></span> 
     </span>
    </p>
   </div>
   <div class='ocr_carea' id='block_1_64' title="bbox 377 4848 1780 4922">
    <p class='ocr_par' dir='ltr' id='par_1_64' title="bbox 377 4848 1780 4922">
     <span class='ocr_line' id='line_1_64' title="bbox 377 4848 1780 4922; baseline 0.002 -19"><span class='ocrx_word' id='word_1_386' title='bbox 377 4849 589 4903; x_wconf 90' lang='lat' dir='ltr'>Semen</span> <span class='ocrx_word' id='word_1_387' title='bbox 620 4865 755 4903; x_wconf 85' lang='lat' dir='ltr'>vero</span> <span class='ocrx_word' id='word_1_388' title='bbox 785 4848 984 4904; x_wconf 83' lang='lat' dir='ltr'>Jacobi</span> <span class='ocrx_word' id='word_1_389' title='bbox 1017 4850 1199 4904; x_wconf 91' lang='lat' dir='ltr'>Deum</span> <span class='ocrx_word' id='word_1_390' title='bbox 1229 4865 1428 4922; x_wconf 89' lang='lat' dir='ltr'>regem</span> <span class='ocrx_word' id='word_1_391' title='bbox 1453 4849 1780 4921; x_wconf 86' lang='lat' dir='ltr'>gloriﬁcet:</span> 
     </span>
    </p>
   </div>
   <div class='ocr_carea' id='block_1_65' title="bbox 374 4938 1580 4994">
    <p class='ocr_par' dir='ltr' id='par_1_65' title="bbox 374 4938 1580 4994">
     <span class='ocr_line' id='line_1_65' title="bbox 374 4938 1580 4994; baseline 0.002 -2"><span class='ocrx_word' id='word_1_392' title='bbox 374 4939 445 4992; x_wconf 90' lang='lat' dir='ltr'>Et</span> <span class='ocrx_word' id='word_1_393' title='bbox 475 4954 611 4992; x_wconf 90' lang='lat' dir='ltr'>eum</span> <span class='ocrx_word' id='word_1_394' title='bbox 644 4938 850 4993; x_wconf 88' lang='lat' dir='ltr'>timeat</span> <span class='ocrx_word' id='word_1_395' title='bbox 878 4954 1054 4992; x_wconf 68' lang='lat' dir='ltr'>omne</span> <span class='ocrx_word' id='word_1_396' title='bbox 1086 4955 1291 4994; x_wconf 91' lang='lat' dir='ltr'>semen</span> <span class='ocrx_word' id='word_1_397' title='bbox 1322 4940 1580 4994; x_wconf 89' lang='lat' dir='ltr'>Israetis.</span> 
     </span>
    </p>
   </div>
   <div class='ocr_carea' id='block_1_66' title="bbox 377 5027 2018 5102">
    <p class='ocr_par' dir='ltr' id='par_1_66' title="bbox 377 5027 2018 5102">
     <span class='ocr_line' id='line_1_66' title="bbox 377 5027 2018 5102; baseline 0.003 -20"><span class='ocrx_word' id='word_1_398' title='bbox 377 5029 502 5082; x_wconf 82' lang='lat' dir='ltr'>Non</span> <span class='ocrx_word' id='word_1_399' title='bbox 522 5027 683 5081; x_wconf 90' lang='lat' dir='ltr'>enim</span> <span class='ocrx_word' id='word_1_400' title='bbox 699 5027 1031 5098; x_wconf 90' lang='lat' dir='ltr'>despiciens</span> <span class='ocrx_word' id='word_1_401' title='bbox 1045 5029 1322 5099; x_wconf 88' lang='lat' dir='ltr'>pauperis</span> <span class='ocrx_word' id='word_1_402' title='bbox 1345 5034 1520 5084; x_wconf 89' lang='lat' dir='ltr'>antea</span> <span class='ocrx_word' id='word_1_403' title='bbox 1535 5028 1740 5085; x_wconf 89' lang='lat' dir='ltr'>oderat</span> <span class='ocrx_word' id='word_1_404' title='bbox 1759 5047 2018 5102; x_wconf 91' lang='lat' dir='ltr'>precem,</span> 
     </span>
    </p>
   </div>
   <div class='ocr_carea' id='block_1_67' title="bbox 378 5117 1769 5190">
    <p class='ocr_par' dir='ltr' id='par_1_67' title="bbox 378 5117 1769 5190">
     <span class='ocr_line' id='line_1_67' title="bbox 378 5117 1769 5190; baseline 0.001 -19"><span class='ocrx_word' id='word_1_405' title='bbox 378 5118 493 5171; x_wconf 78' lang='lat' dir='ltr'>Nec</span> <span class='ocrx_word' id='word_1_406' title='bbox 525 5133 558 5170; x_wconf 90' lang='lat' dir='ltr'>a</span> <span class='ocrx_word' id='word_1_407' title='bbox 589 5132 682 5169; x_wconf 93' lang='lat' dir='ltr'>me</span> <span class='ocrx_word' id='word_1_408' title='bbox 712 5117 922 5170; x_wconf 89' lang='lat' dir='ltr'>avertit</span> <span class='ocrx_word' id='word_1_409' title='bbox 951 5134 1124 5171; x_wconf 88' lang='lat' dir='ltr'>suum</span> <span class='ocrx_word' id='word_1_410' title='bbox 1155 5118 1478 5190; x_wconf 90' lang='lat' dir='ltr'>gratiosum</span> <span class='ocrx_word' id='word_1_411' title='bbox 1512 5119 1769 5174; x_wconf 85' lang='lat' dir='ltr'>vultum:</span> 
     </span>
    </p>
   </div>
   <div class='ocr_carea' id='block_1_68' title="bbox 378 5203 1839 5280">
    <p class='ocr_par' dir='ltr' id='par_1_68' title="bbox 378 5203 1839 5280">
     <span class='ocr_line' id='line_1_68' title="bbox 378 5203 1839 5280; baseline 0.003 -21"><span class='ocrx_word' id='word_1_412' title='bbox 378 5204 490 5259; x_wconf 90' lang='lat' dir='ltr'>Sed</span> <span class='ocrx_word' id='word_1_413' title='bbox 523 5203 708 5274; x_wconf 89' lang='lat' dir='ltr'>ipsius</span> <span class='ocrx_word' id='word_1_414' title='bbox 738 5205 1062 5260; x_wconf 87' lang='lat' dir='ltr'>invocantis</span> <span class='ocrx_word' id='word_1_415' title='bbox 1096 5223 1259 5261; x_wconf 88' lang='lat' dir='ltr'>meas</span> <span class='ocrx_word' id='word_1_416' title='bbox 1288 5208 1583 5262; x_wconf 67' lang='lat' dir='ltr'>exaudivit</span> <span class='ocrx_word' id='word_1_417' title='bbox 1612 5226 1839 5280; x_wconf 90' lang='lat' dir='ltr'>preces.</span> 
     </span>
    </p>
   </div>
   <div class='ocr_carea' id='block_1_69' title="bbox 376 5293 1716 5366">
    <p class='ocr_par' dir='ltr' id='par_1_69' title="bbox 376 5293 1716 5366">
     <span class='ocr_line' id='line_1_69' title="bbox 376 5293 1716 5366; baseline 0.003 -18"><span class='ocrx_word' id='word_1_418' title='bbox 376 5294 456 5348; x_wconf 93' lang='lat' dir='ltr'>De</span> <span class='ocrx_word' id='word_1_419' title='bbox 489 5297 543 5345; x_wconf 89' lang='lat' dir='ltr'>te</span> <span class='ocrx_word' id='word_1_420' title='bbox 575 5293 705 5346; x_wconf 91' lang='lat' dir='ltr'>laus</span> <span class='ocrx_word' id='word_1_421' title='bbox 737 5309 866 5348; x_wconf 89' lang='lat' dir='ltr'>mea</span> <span class='ocrx_word' id='word_1_422' title='bbox 908 5311 1120 5366; x_wconf 90' lang='lat' dir='ltr'>magno</span> <span class='ocrx_word' id='word_1_423' title='bbox 1149 5296 1207 5348; x_wconf 89' lang='lat' dir='ltr'>in</span> <span class='ocrx_word' id='word_1_424' title='bbox 1243 5302 1394 5351; x_wconf 68' lang='lat' dir='ltr'>caatu</span> <span class='ocrx_word' id='word_1_425' title='bbox 1422 5297 1716 5354; x_wconf 89' lang='lat' dir='ltr'>virorum:</span> 
     </span>
    </p>
   </div>
   <div class='ocr_carea' id='block_1_70' title="bbox 373 5379 1714 5452">
    <p class='ocr_par' dir='ltr' id='par_1_70' title="bbox 373 5379 1714 5452">
     <span class='ocr_line' id='line_1_70' title="bbox 373 5379 1714 5452; baseline 0.004 -16"><span class='ocrx_word' id='word_1_426' title='bbox 373 5382 614 5436; x_wconf 88' lang='lat' dir='ltr'>Piorum</span> <span class='ocrx_word' id='word_1_427' title='bbox 647 5379 708 5433; x_wconf 93' lang='lat' dir='ltr'>in</span> <span class='ocrx_word' id='word_1_428' title='bbox 739 5389 1057 5452; x_wconf 91' lang='lat' dir='ltr'>conspectu</span> <span class='ocrx_word' id='word_1_429' title='bbox 1089 5384 1267 5439; x_wconf 90' lang='lat' dir='ltr'>cbara</span> <span class='ocrx_word' id='word_1_430' title='bbox 1296 5385 1539 5440; x_wconf 87' lang='lat' dir='ltr'>reddam</span> <span class='ocrx_word' id='word_1_431' title='bbox 1565 5393 1714 5442; x_wconf 88' lang='lat' dir='ltr'>vota.</span> 
     </span>
    </p>
   </div>
   <div class='ocr_carea' id='block_1_71' title="bbox 376 5470 1838 5544">
    <p class='ocr_par' dir='ltr' id='par_1_71' title="bbox 376 5470 1838 5544">
     <span class='ocr_line' id='line_1_71' title="bbox 376 5470 1838 5544; baseline 0.003 -17"><span class='ocrx_word' id='word_1_432' title='bbox 376 5470 768 5527; x_wconf 90' lang='lat' dir='ltr'>Comedentes</span> <span class='ocrx_word' id='word_1_433' title='bbox 798 5473 966 5540; x_wconf 86' lang='lat' dir='ltr'>egeni</span> <span class='ocrx_word' id='word_1_434' title='bbox 1002 5489 1171 5525; x_wconf 81' lang='lat' dir='ltr'>suum</span> <span class='ocrx_word' id='word_1_435' title='bbox 1205 5475 1494 5544; x_wconf 85' lang='lat' dir='ltr'>impleant</span> <span class='ocrx_word' id='word_1_436' title='bbox 1530 5477 1838 5532; x_wconf 88' lang='lat' dir='ltr'>animum:</span> 
     </span>
    </p>
   </div>
   <div class='ocr_carea' id='block_1_72' title="bbox 376 5559 2016 5621">
    <p class='ocr_par' dir='ltr' id='par_1_72' title="bbox 376 5559 2016 5621">
     <span class='ocr_line' id='line_1_72' title="bbox 376 5559 2016 5621; baseline 0.002 -4"><span class='ocrx_word' id='word_1_437' title='bbox 376 5563 678 5620; x_wconf 79' lang='lat' dir='ltr'>Pastorem</span> <span class='ocrx_word' id='word_1_438' title='bbox 701 5576 834 5614; x_wconf 90' lang='lat' dir='ltr'>vero</span> <span class='ocrx_word' id='word_1_439' title='bbox 856 5559 1187 5616; x_wconf 87' lang='lat' dir='ltr'>laudabunt</span> <span class='ocrx_word' id='word_1_440' title='bbox 1207 5562 1388 5616; x_wconf 81' lang='lat' dir='ltr'>divini</span> <span class='ocrx_word' id='word_1_441' title='bbox 1415 5564 1814 5621; x_wconf 88' lang='lat' dir='ltr'>immortalem</span> <span class='ocrx_word' id='word_1_442' title='bbox 1869 5565 1976 5620; x_wconf 90' lang='lat' dir='ltr'>viri</span> <span class='ocrx_word' id='word_1_443' title='bbox 2004 5583 2016 5620; x_wconf 93' lang='lat'><strong>:</strong></span> 
     </span>
    </p>
   </div>
   <div class='ocr_carea' id='block_1_73' title="bbox 377 5649 1751 5722">
    <p class='ocr_par' dir='ltr' id='par_1_73' title="bbox 377 5649 1751 5722">
     <span class='ocr_line' id='line_1_73' title="bbox 377 5649 1751 5722; baseline 0.003 -15"><span class='ocrx_word' id='word_1_444' title='bbox 377 5651 592 5707; x_wconf 86' lang='lat' dir='ltr'>Eorum</span> <span class='ocrx_word' id='word_1_445' title='bbox 621 5649 856 5714; x_wconf 81' lang='lat' dir='ltr'>animus</span> <span class='ocrx_word' id='word_1_446' title='bbox 883 5649 1116 5721; x_wconf 80' lang='lat' dir='ltr'>fruatur</span> <span class='ocrx_word' id='word_1_447' title='bbox 1140 5649 1201 5714; x_wconf 86' lang='lat' dir='ltr'>in</span> <span class='ocrx_word' id='word_1_448' title='bbox 1231 5659 1582 5722; x_wconf 73' lang='lat' dir='ltr'>perpetuum</span> <span class='ocrx_word' id='word_1_449' title='bbox 1618 5655 1751 5711; x_wconf 80' lang='lat' dir='ltr'>vita.</span> 
     </span>
    </p>
   </div>
   <div class='ocr_carea' id='block_1_74' title="bbox 2119 1875 3412 1950">
    <p class='ocr_par' dir='ltr' id='par_1_74' title="bbox 2119 1875 3412 1950">
     <span class='ocr_line' id='line_1_74' title="bbox 2119 1875 3412 1950; baseline -0.001 -16"><span class='ocrx_word' id='word_1_450' title='bbox 2119 1876 2375 1950; x_wconf 78' lang='grc' dir='ltr'>Ἀρπᾶζοι</span> <span class='ocrx_word' id='word_1_451' title='bbox 2407 1878 2734 1945; x_wconf 73' lang='grc' dir='ltr'>κακότητος,</span> <span class='ocrx_word' id='word_1_452' title='bbox 2765 1875 2818 1930; x_wconf 83' lang='grc' dir='ltr'>εἷ’</span> <span class='ocrx_word' id='word_1_453' title='bbox 2843 1878 2894 1930; x_wconf 76' lang='grc' dir='ltr'>οἱ</span> <span class='ocrx_word' id='word_1_454' title='bbox 2924 1878 3256 1949; x_wconf 79' lang='grc' dir='ltr'>καταθύμιός</span> <span class='ocrx_word' id='word_1_455' title='bbox 3278 1877 3412 1946; x_wconf 82' lang='grc' dir='ltr'>ἐστι,</span> 
     </span>
    </p>
   </div>
   <div class='ocr_carea' id='block_1_75' title="bbox 2117 1965 3713 2043">
    <p class='ocr_par' dir='ltr' id='par_1_75' title="bbox 2117 1965 3713 2043">
     <span class='ocr_line' id='line_1_75' title="bbox 2117 1965 3713 2043; baseline 0.001 -21"><span class='ocrx_word' id='word_1_456' title='bbox 2117 1968 2454 2041; x_wconf 82' lang='grc' dir='ltr'>Τεκνογόνου</span> <span class='ocrx_word' id='word_1_457' title='bbox 2483 1967 2821 2039; x_wconf 79' lang='grc' dir='ltr'>κευθμῶνος,</span> <span class='ocrx_word' id='word_1_458' title='bbox 2850 1967 3034 2036; x_wconf 78' lang='grc' dir='ltr'>Ἀναξ,</span> <span class='ocrx_word' id='word_1_459' title='bbox 3067 1967 3130 2020; x_wconf 92' lang='grc' dir='ltr'>σύ</span> <span class='ocrx_word' id='word_1_460' title='bbox 3161 1987 3228 2038; x_wconf 91' lang='grc' dir='ltr'>με</span> <span class='ocrx_word' id='word_1_461' title='bbox 3257 1965 3426 2022; x_wconf 87' lang='grc' dir='ltr'>λύσαο</span> <span class='ocrx_word' id='word_1_462' title='bbox 3457 1967 3713 2043; x_wconf 80' lang='grc' dir='ltr'>γαστρός·</span> 
     </span>
    </p>
   </div>
   <div class='ocr_carea' id='block_1_76' title="bbox 2117 2053 3528 2126">
    <p class='ocr_par' dir='ltr' id='par_1_76' title="bbox 2117 2053 3528 2126">
     <span class='ocr_line' id='line_1_76' title="bbox 2117 2053 3528 2126; baseline -0.003 -12"><span class='ocrx_word' id='word_1_463' title='bbox 2117 2053 2348 2114; x_wconf 77' lang='grc' dir='ltr'>Ἐλπίδα</span> <span class='ocrx_word' id='word_1_464' title='bbox 2377 2054 2661 2125; x_wconf 85' lang='grc' dir='ltr'>κικλήσκω</span> <span class='ocrx_word' id='word_1_465' title='bbox 2695 2075 2752 2110; x_wconf 91' lang='grc' dir='ltr'>σε</span> <span class='ocrx_word' id='word_1_466' title='bbox 2780 2055 2870 2109; x_wconf 88' lang='grc' dir='ltr'>καὶ</span> <span class='ocrx_word' id='word_1_467' title='bbox 2902 2054 2953 2108; x_wconf 82' lang='grc' dir='ltr'>ἐν</span> <span class='ocrx_word' id='word_1_468' title='bbox 2988 2060 3206 2126; x_wconf 86' lang='grc' dir='ltr'>μαζοῖσι</span> <span class='ocrx_word' id='word_1_469' title='bbox 3246 2056 3528 2124; x_wconf 76' lang='grc' dir='ltr'>τεκούσης·</span> 
     </span>
    </p>
   </div>
   <div class='ocr_carea' id='block_1_77' title="bbox 2121 2140 3561 2218">
    <p class='ocr_par' dir='ltr' id='par_1_77' title="bbox 2121 2140 3561 2218">
     <span class='ocr_line' id='line_1_77' title="bbox 2121 2140 3561 2218; baseline 0 -18"><span class='ocrx_word' id='word_1_470' title='bbox 2121 2147 2217 2200; x_wconf 89' lang='grc' dir='ltr'><strong>Σοὶ</strong></span> <span class='ocrx_word' id='word_1_471' title='bbox 2249 2145 2471 2206; x_wconf 82' lang='grc' dir='ltr'>πίσυνος</span> <span class='ocrx_word' id='word_1_472' title='bbox 2499 2144 2738 2216; x_wconf 81' lang='grc' dir='ltr'>γενόμην</span> <span class='ocrx_word' id='word_1_473' title='bbox 2771 2145 2924 2218; x_wconf 79' lang='grc' dir='ltr'>μυχᾶ</span> <span class='ocrx_word' id='word_1_474' title='bbox 2952 2140 3151 2213; x_wconf 79' lang='grc' dir='ltr'>νηδύος</span> <span class='ocrx_word' id='word_1_475' title='bbox 3182 2143 3342 2198; x_wconf 75' lang='grc' dir='ltr'>εἰσέτι</span> <span class='ocrx_word' id='word_1_476' title='bbox 3373 2145 3561 2202; x_wconf 81' lang='grc' dir='ltr'>ναίων.</span> 
     </span>
    </p>
   </div>
   <div class='ocr_carea' id='block_1_78' title="bbox 2119 2232 3549 2308">
    <p class='ocr_par' dir='ltr' id='par_1_78' title="bbox 2119 2232 3549 2308">
     <span class='ocr_line' id='line_1_78' title="bbox 2119 2232 3549 2308; baseline -0.001 -17"><span class='ocrx_word' id='word_1_477' title='bbox 2119 2233 2287 2296; x_wconf 82' lang='grc' dir='ltr'>Αὐτὸς</span> <span class='ocrx_word' id='word_1_478' title='bbox 2317 2237 2446 2307; x_wconf 70' lang='grc' dir='ltr'>ἐμὸς</span> <span class='ocrx_word' id='word_1_479' title='bbox 2477 2234 2607 2295; x_wconf 89' lang='grc' dir='ltr'>Θεός</span> <span class='ocrx_word' id='word_1_480' title='bbox 2640 2233 2752 2288; x_wconf 80' lang='grc' dir='ltr'>ἐσσι</span> <span class='ocrx_word' id='word_1_481' title='bbox 2785 2233 2950 2304; x_wconf 75' lang='grc' dir='ltr'>φίλης</span> <span class='ocrx_word' id='word_1_482' title='bbox 2981 2232 3031 2287; x_wconf 83' lang='grc' dir='ltr'>ἐν</span> <span class='ocrx_word' id='word_1_483' title='bbox 3063 2235 3280 2308; x_wconf 76' lang='grc' dir='ltr'>γαστέρι</span> <span class='ocrx_word' id='word_1_484' title='bbox 3317 2234 3549 2308; x_wconf 83' lang='grc' dir='ltr'>μητρός.</span> 
     </span>
    </p>
   </div>
   <div class='ocr_carea' id='block_1_79' title="bbox 2120 2321 3624 2397">
    <p class='ocr_par' dir='ltr' id='par_1_79' title="bbox 2120 2321 3624 2397">
     <span class='ocr_line' id='line_1_79' title="bbox 2120 2321 3624 2397; baseline 0.001 -21"><span class='ocrx_word' id='word_1_485' title='bbox 2120 2325 2212 2394; x_wconf 88' lang='grc' dir='ltr'>Μή</span> <span class='ocrx_word' id='word_1_486' title='bbox 2251 2343 2348 2395; x_wconf 88' lang='grc' dir='ltr'>μευ</span> <span class='ocrx_word' id='word_1_487' title='bbox 2379 2321 2707 2394; x_wconf 83' lang='grc' dir='ltr'>ἀποσταίης,</span> <span class='ocrx_word' id='word_1_488' title='bbox 2739 2322 2821 2377; x_wconf 80' lang='grc' dir='ltr'>ὅτι</span> <span class='ocrx_word' id='word_1_489' title='bbox 2859 2344 2953 2394; x_wconf 86' lang='grc' dir='ltr'>μοι</span> <span class='ocrx_word' id='word_1_490' title='bbox 2982 2321 3153 2386; x_wconf 78' lang='grc' dir='ltr'>πέλας</span> <span class='ocrx_word' id='word_1_491' title='bbox 3176 2323 3330 2396; x_wconf 84' lang='grc' dir='ltr'>ἦμαρ</span> <span class='ocrx_word' id='word_1_492' title='bbox 3361 2323 3624 2397; x_wconf 83' lang='grc' dir='ltr'>ἀνάγκης,</span> 
     </span>
    </p>
   </div>
   <div class='ocr_carea' id='block_1_80' title="bbox 2121 2497 3570 2576">
    <p class='ocr_par' dir='ltr' id='par_1_80' title="bbox 2121 2497 3570 2576">
     <span class='ocr_line' id='line_1_80' title="bbox 2121 2497 3570 2576; baseline -0.003 -18"><span class='ocrx_word' id='word_1_493' title='bbox 2121 2498 2251 2559; x_wconf 85' lang='grc' dir='ltr'>Οὐδ’</span> <span class='ocrx_word' id='word_1_494' title='bbox 2282 2497 2654 2573; x_wconf 74' lang='grc' dir='ltr'>έπιδευομένῳ</span> <span class='ocrx_word' id='word_1_495' title='bbox 2688 2519 2780 2572; x_wconf 90' lang='grc' dir='ltr'>μοι</span> <span class='ocrx_word' id='word_1_496' title='bbox 2813 2498 3102 2576; x_wconf 76' lang='grc' dir='ltr'>ἐπίρῥοθος</span> <span class='ocrx_word' id='word_1_497' title='bbox 3134 2497 3310 2562; x_wconf 75' lang='grc' dir='ltr'>ἄλλος</span> <span class='ocrx_word' id='word_1_498' title='bbox 3342 2499 3570 2575; x_wconf 70' lang='grc' dir='ltr'>ἐτύχθην</span> 
     </span>
    </p>
   </div>
   <div class='ocr_carea' id='block_1_81' title="bbox 2122 2586 3543 2664">
    <p class='ocr_par' dir='ltr' id='par_1_81' title="bbox 2122 2586 3543 2664">
     <span class='ocr_line' id='line_1_81' title="bbox 2122 2586 3543 2664; baseline -0.002 -18"><span class='ocrx_word' id='word_1_499' title='bbox 2122 2587 2335 2646; x_wconf 82' lang='grc' dir='ltr'>Πολλοὶ</span> <span class='ocrx_word' id='word_1_500' title='bbox 2369 2592 2462 2663; x_wconf 78' lang='grc' dir='ltr'>μὲν</span> <span class='ocrx_word' id='word_1_501' title='bbox 2495 2590 2768 2664; x_wconf 84' lang='grc' dir='ltr'>κερόεντες</span> <span class='ocrx_word' id='word_1_502' title='bbox 2801 2586 3179 2644; x_wconf 81' lang='grc' dir='ltr'>ἐκυκλώσαντό</span> <span class='ocrx_word' id='word_1_503' title='bbox 3213 2610 3282 2660; x_wconf 86' lang='grc' dir='ltr'>με</span> <span class='ocrx_word' id='word_1_504' title='bbox 3313 2590 3543 2664; x_wconf 85' lang='grc' dir='ltr'>μόσχοι,</span> 
     </span>
    </p>
   </div>
   <div class='ocr_carea' id='block_1_82' title="bbox 2123 2677 3590 2757">
    <p class='ocr_par' dir='ltr' id='par_1_82' title="bbox 2123 2677 3590 2757">
     <span class='ocr_line' id='line_1_82' title="bbox 2123 2677 3590 2757; baseline -0.002 -23"><span class='ocrx_word' id='word_1_505' title='bbox 2123 2679 2413 2757; x_wconf 88' lang='grc' dir='ltr'>Ζατρεφέες</span> <span class='ocrx_word' id='word_1_506' title='bbox 2447 2677 2491 2734; x_wconf 85' lang='grc' dir='ltr'>δ’</span> <span class='ocrx_word' id='word_1_507' title='bbox 2525 2679 2614 2733; x_wconf 77' lang='grc' dir='ltr'>ἐπὶ</span> <span class='ocrx_word' id='word_1_508' title='bbox 2643 2683 2786 2733; x_wconf 86' lang='grc' dir='ltr'>τοῖσι</span> <span class='ocrx_word' id='word_1_509' title='bbox 2818 2678 3253 2752; x_wconf 84' lang='grc' dir='ltr'>περιστιχόωντό</span> <span class='ocrx_word' id='word_1_510' title='bbox 3285 2699 3351 2750; x_wconf 85' lang='grc' dir='ltr'>με</span> <span class='ocrx_word' id='word_1_511' title='bbox 3379 2682 3590 2752; x_wconf 69' lang='grc' dir='ltr'>ταῦροι,</span> 
     </span>
    </p>
   </div>
   <div class='ocr_carea' id='block_1_83' title="bbox 2124 2765 3594 2846">
    <p class='ocr_par' dir='ltr' id='par_1_83' title="bbox 2124 2765 3594 2846">
     <span class='ocr_line' id='line_1_83' title="bbox 2124 2765 3594 2846; baseline -0.001 -23"><span class='ocrx_word' id='word_1_512' title='bbox 2124 2772 2178 2826; x_wconf 81' lang='grc' dir='ltr'><strong>Ἀ</strong></span> <span class='ocrx_word' id='word_1_513' title='bbox 2191 2769 2291 2846; x_wconf 86' lang='grc' dir='ltr'>μφί</span> <span class='ocrx_word' id='word_1_514' title='bbox 2327 2789 2420 2841; x_wconf 88' lang='grc' dir='ltr'>μοι</span> <span class='ocrx_word' id='word_1_515' title='bbox 2453 2768 2792 2842; x_wconf 73' lang='grc' dir='ltr'>ὡρμήθησαν</span> <span class='ocrx_word' id='word_1_516' title='bbox 2825 2767 2911 2822; x_wconf 72' lang='grc' dir='ltr'>ἑὸν</span> <span class='ocrx_word' id='word_1_517' title='bbox 2940 2767 3110 2822; x_wconf 86' lang='grc' dir='ltr'>στόπα</span> <span class='ocrx_word' id='word_1_518' title='bbox 3141 2765 3290 2822; x_wconf 85' lang='grc' dir='ltr'>δεινὰ</span> <span class='ocrx_word' id='word_1_519' title='bbox 3317 2767 3594 2842; x_wconf 87' lang='grc' dir='ltr'>χανόντες,</span> 
     </span>
    </p>
   </div>
   <div class='ocr_carea' id='block_1_84' title="bbox 2125 2857 3443 2932">
    <p class='ocr_par' dir='ltr' id='par_1_84' title="bbox 2125 2857 3443 2932">
     <span class='ocr_line' id='line_1_84' title="bbox 2125 2857 3443 2932; baseline 0 -20"><span class='ocrx_word' id='word_1_520' title='bbox 2125 2861 2223 2913; x_wconf 80' lang='grc' dir='ltr'>Οἷα</span> <span class='ocrx_word' id='word_1_521' title='bbox 2254 2857 2392 2913; x_wconf 86' lang='grc' dir='ltr'>λέων</span> <span class='ocrx_word' id='word_1_522' title='bbox 2429 2857 2592 2919; x_wconf 83' lang='grc' dir='ltr'>ὀλοὸς</span> <span class='ocrx_word' id='word_1_523' title='bbox 2639 2858 3002 2931; x_wconf 83' lang='grc' dir='ltr'>βρυχώμενος</span> <span class='ocrx_word' id='word_1_524' title='bbox 3033 2858 3232 2932; x_wconf 81' lang='grc' dir='ltr'>ἅρπαγι</span> <span class='ocrx_word' id='word_1_525' title='bbox 3265 2858 3443 2929; x_wconf 81' lang='grc' dir='ltr'>θυμῷ.</span> 
     </span>
    </p>
   </div>
   <div class='ocr_carea' id='block_1_85' title="bbox 2122 2943 3640 3022">
    <p class='ocr_par' dir='ltr' id='par_1_85' title="bbox 2122 2943 3640 3022">
     <span class='ocr_line' id='line_1_85' title="bbox 2122 2943 3640 3022; baseline -0.002 -19"><span class='ocrx_word' id='word_1_526' title='bbox 2122 2949 2216 3009; x_wconf 84' lang='grc' dir='ltr'>Ὧς</span> <span class='ocrx_word' id='word_1_527' title='bbox 2250 2944 2297 3001; x_wconf 89' lang='grc' dir='ltr'>δ’</span> <span class='ocrx_word' id='word_1_528' title='bbox 2329 2944 2474 3022; x_wconf 79' lang='grc' dir='ltr'>ὕδωρ</span> <span class='ocrx_word' id='word_1_529' title='bbox 2503 2946 2777 3021; x_wconf 79' lang='grc' dir='ltr'>προχυθὶν</span> <span class='ocrx_word' id='word_1_530' title='bbox 2806 2943 3092 3000; x_wconf 85' lang='grc' dir='ltr'>κεκέδαστό</span> <span class='ocrx_word' id='word_1_531' title='bbox 3128 2966 3229 3017; x_wconf 87' lang='grc' dir='ltr'>μευ</span> <span class='ocrx_word' id='word_1_532' title='bbox 3255 2944 3413 3001; x_wconf 76' lang='grc' dir='ltr'>ὀστέα</span> <span class='ocrx_word' id='word_1_533' title='bbox 3442 2947 3640 3000; x_wconf 68' lang='grc' dir='ltr'>πάντα·</span> 
     </span>
    </p>
   </div>
   <div class='ocr_carea' id='block_1_86' title="bbox 2127 3035 3546 3112">
    <p class='ocr_par' dir='ltr' id='par_1_86' title="bbox 2127 3035 3546 3112">
     <span class='ocr_line' id='line_1_86' title="bbox 2127 3035 3546 3112; baseline -0.002 -19"><span class='ocrx_word' id='word_1_534' title='bbox 2127 3039 2310 3108; x_wconf 84' lang='grc' dir='ltr'>Κηρὸς</span> <span class='ocrx_word' id='word_1_535' title='bbox 2337 3039 2506 3105; x_wconf 72' lang='grc' dir='ltr'>ὃπως,</span> <span class='ocrx_word' id='word_1_536' title='bbox 2541 3035 2735 3110; x_wconf 87' lang='grc' dir='ltr'>κραδίη</span> <span class='ocrx_word' id='word_1_537' title='bbox 2767 3038 3095 3107; x_wconf 81' lang='grc' dir='ltr'>κατετήκετο</span> <span class='ocrx_word' id='word_1_538' title='bbox 3125 3036 3342 3112; x_wconf 91' lang='grc' dir='ltr'>γαστέρι</span> <span class='ocrx_word' id='word_1_539' title='bbox 3379 3035 3546 3111; x_wconf 79' lang='grc' dir='ltr'>μέσσῃ</span> 
     </span>
    </p>
   </div>
   <div class='ocr_carea' id='block_1_87' title="bbox 2047 3123 3488 3224">
    <p class='ocr_par' dir='ltr' id='par_1_87' title="bbox 2047 3123 3488 3224">
     <span class='ocr_line' id='line_1_87' title="bbox 2047 3123 3488 3224; baseline 0 -42"><span class='ocrx_word' id='word_1_540' title='bbox 2047 3157 2090 3224; x_wconf 78' lang='lat' dir='ltr'>C</span> <span class='ocrx_word' id='word_1_541' title='bbox 2124 3129 2351 3202; x_wconf 80' lang='grc' dir='ltr'>Τέρσετο</span> <span class='ocrx_word' id='word_1_542' title='bbox 2382 3124 2636 3197; x_wconf 77' lang='grc' dir='ltr'>ἠπεδανῷ</span> <span class='ocrx_word' id='word_1_543' title='bbox 2667 3125 3000 3198; x_wconf 86' lang='grc' dir='ltr'>πανομοίιος</span> <span class='ocrx_word' id='word_1_544' title='bbox 3032 3125 3282 3199; x_wconf 81' lang='grc' dir='ltr'>ὀστράκῳ</span> <span class='ocrx_word' id='word_1_545' title='bbox 3320 3123 3488 3196; x_wconf 85' lang='grc' dir='ltr'>ἀλκή.</span> 
     </span>
    </p>
   </div>
   <div class='ocr_carea' id='block_1_88' title="bbox 2127 3212 3632 3290">
    <p class='ocr_par' dir='ltr' id='par_1_88' title="bbox 2127 3212 3632 3290">
     <span class='ocr_line' id='line_1_88' title="bbox 2127 3212 3632 3290; baseline -0.004 -18"><span class='ocrx_word' id='word_1_546' title='bbox 2127 3216 2298 3278; x_wconf 77' lang='grc' dir='ltr'>Λαλῖς</span> <span class='ocrx_word' id='word_1_547' title='bbox 2330 3214 2483 3288; x_wconf 82' lang='grc' dir='ltr'>ἐμεῖο</span> <span class='ocrx_word' id='word_1_548' title='bbox 2515 3212 2748 3290; x_wconf 88' lang='grc' dir='ltr'>λάρυγγι</span> <span class='ocrx_word' id='word_1_549' title='bbox 2779 3213 2909 3287; x_wconf 76' lang='grc' dir='ltr'>έμεῦ</span> <span class='ocrx_word' id='word_1_550' title='bbox 2937 3235 2996 3268; x_wconf 89' lang='grc' dir='ltr'>νυ</span> <span class='ocrx_word' id='word_1_551' title='bbox 3026 3212 3384 3283; x_wconf 82' lang='grc' dir='ltr'>κεκόλληται,</span> <span class='ocrx_word' id='word_1_552' title='bbox 3417 3215 3632 3283; x_wconf 78' lang='grc' dir='ltr'>Ἐσσήν·</span> 
     </span>
    </p>
   </div>
   <div class='ocr_carea' id='block_1_89' title="bbox 2122 3297 3535 3376">
    <p class='ocr_par' dir='ltr' id='par_1_89' title="bbox 2122 3297 3535 3376">
     <span class='ocr_line' id='line_1_89' title="bbox 2122 3297 3535 3376; baseline -0.002 -16"><span class='ocrx_word' id='word_1_553' title='bbox 2122 3305 2209 3369; x_wconf 87' lang='grc' dir='ltr'>Ἐς</span> <span class='ocrx_word' id='word_1_554' title='bbox 2239 3303 2296 3359; x_wconf 73' lang='grc' dir='ltr'>δὲ</span> <span class='ocrx_word' id='word_1_555' title='bbox 2325 3303 2485 3367; x_wconf 85' lang='grc' dir='ltr'>τέλος</span> <span class='ocrx_word' id='word_1_556' title='bbox 2517 3305 2746 3366; x_wconf 83' lang='grc' dir='ltr'>θανάτου</span> <span class='ocrx_word' id='word_1_557' title='bbox 2782 3323 2847 3376; x_wconf 89' lang='grc' dir='ltr'>με</span> <span class='ocrx_word' id='word_1_558' title='bbox 2876 3302 3303 3367; x_wconf 81' lang='grc' dir='ltr'>καθελκύσαντες</span> <span class='ocrx_word' id='word_1_559' title='bbox 3333 3297 3535 3367; x_wconf 77' lang='grc' dir='ltr'>ἔθεντο·</span> 
     </span>
    </p>
   </div>
   <div class='ocr_carea' id='block_1_90' title="bbox 2121 3389 3555 3468">
    <p class='ocr_par' dir='ltr' id='par_1_90' title="bbox 2121 3389 3555 3468">
     <span class='ocr_line' id='line_1_90' title="bbox 2121 3389 3555 3468; baseline -0.003 -17"><span class='ocrx_word' id='word_1_560' title='bbox 2121 3395 2322 3468; x_wconf 86' lang='grc' dir='ltr'>Ἐσμὸς</span> <span class='ocrx_word' id='word_1_561' title='bbox 2355 3393 2661 3468; x_wconf 86' lang='grc' dir='ltr'>ἀπειρέσιός</span> <span class='ocrx_word' id='word_1_562' title='bbox 2695 3414 2762 3466; x_wconf 88' lang='grc' dir='ltr'>με</span> <span class='ocrx_word' id='word_1_563' title='bbox 2790 3396 2964 3448; x_wconf 84' lang='grc' dir='ltr'>κυνῶν</span> <span class='ocrx_word' id='word_1_564' title='bbox 2993 3392 3316 3448; x_wconf 85' lang='grc' dir='ltr'>κυκλώσατο</span> <span class='ocrx_word' id='word_1_565' title='bbox 3349 3389 3555 3463; x_wconf 78' lang='grc' dir='ltr'>ὄσσοις,</span> 
     </span>
    </p>
   </div>
   <div class='ocr_carea' id='block_1_91' title="bbox 2122 3479 3454 3558">
    <p class='ocr_par' dir='ltr' id='par_1_91' title="bbox 2122 3479 3454 3558">
     <span class='ocr_line' id='line_1_91' title="bbox 2122 3479 3454 3558; baseline -0.003 -17"><span class='ocrx_word' id='word_1_566' title='bbox 2122 3483 2223 3541; x_wconf 89' lang='grc' dir='ltr'>Καί</span> <span class='ocrx_word' id='word_1_567' title='bbox 2257 3505 2324 3555; x_wconf 86' lang='grc' dir='ltr'>με</span> <span class='ocrx_word' id='word_1_568' title='bbox 2352 3483 2620 3558; x_wconf 80' lang='grc' dir='ltr'>περίστιξε</span> <span class='ocrx_word' id='word_1_569' title='bbox 2649 3481 2835 3552; x_wconf 90' lang='grc' dir='ltr'>κλισίη</span> <span class='ocrx_word' id='word_1_570' title='bbox 2867 3479 3158 3557; x_wconf 81' lang='grc' dir='ltr'>κακοερδὸς</span> <span class='ocrx_word' id='word_1_571' title='bbox 3191 3481 3454 3556; x_wconf 89' lang='grc' dir='ltr'>ἀλιτρῶν.</span> 
     </span>
    </p>
   </div>
   <div class='ocr_carea' id='block_1_92' title="bbox 2118 3567 3474 3647">
    <p class='ocr_par' dir='ltr' id='par_1_92' title="bbox 2118 3567 3474 3647">
     <span class='ocr_line' id='line_1_92' title="bbox 2118 3567 3474 3647; baseline -0.001 -19"><span class='ocrx_word' id='word_1_572' title='bbox 2118 3574 2178 3628; x_wconf 84' lang='grc' dir='ltr'><strong>Ἦ</strong></span> <span class='ocrx_word' id='word_1_573' title='bbox 2191 3571 2446 3646; x_wconf 85' lang='grc' dir='ltr'>μετέρους</span> <span class='ocrx_word' id='word_1_574' title='bbox 2479 3567 2687 3645; x_wconf 80' lang='grc' dir='ltr'>ὤρυξαν</span> <span class='ocrx_word' id='word_1_575' title='bbox 2719 3573 2861 3643; x_wconf 79' lang='grc' dir='ltr'>ὁμοῦ</span> <span class='ocrx_word' id='word_1_576' title='bbox 2893 3573 3084 3647; x_wconf 87' lang='grc' dir='ltr'>χεῖράς</span> <span class='ocrx_word' id='word_1_577' title='bbox 3110 3591 3170 3625; x_wconf 88' lang='grc' dir='ltr'>τε</span> <span class='ocrx_word' id='word_1_578' title='bbox 3199 3567 3368 3632; x_wconf 90' lang='grc' dir='ltr'>πόδας</span> <span class='ocrx_word' id='word_1_579' title='bbox 3398 3589 3474 3626; x_wconf 80' lang='grc' dir='ltr'>τε·</span> 
     </span>
    </p>
   </div>
   <div class='ocr_carea' id='block_1_93' title="bbox 2119 3659 3467 3740">
    <p class='ocr_par' dir='ltr' id='par_1_93' title="bbox 2119 3659 3467 3740">
     <span class='ocr_line' id='line_1_93' title="bbox 2119 3659 3467 3740; baseline -0.001 -22"><span class='ocrx_word' id='word_1_580' title='bbox 2119 3662 2308 3719; x_wconf 84' lang='grc' dir='ltr'>Ὀστέα</span> <span class='ocrx_word' id='word_1_581' title='bbox 2340 3659 2384 3716; x_wconf 88' lang='grc' dir='ltr'>δ’</span> <span class='ocrx_word' id='word_1_582' title='bbox 2416 3659 2784 3740; x_wconf 78' lang='grc' dir='ltr'>ὀφθαλμοῖσιν</span> <span class='ocrx_word' id='word_1_583' title='bbox 2817 3660 3206 3734; x_wconf 80' lang='grc' dir='ltr'>ἀπηρίθμησαν</span> <span class='ocrx_word' id='word_1_584' title='bbox 3241 3660 3467 3717; x_wconf 70' lang='grc' dir='ltr'>ἅπαντα.</span> 
     </span>
    </p>
   </div>
   <div class='ocr_carea' id='block_1_94' title="bbox 2119 3852 3538 3931">
    <p class='ocr_par' dir='ltr' id='par_1_94' title="bbox 2119 3852 3538 3931">
     <span class='ocr_line' id='line_1_94' title="bbox 2119 3852 3538 3931; baseline -0.004 -16"><span class='ocrx_word' id='word_1_585' title='bbox 2119 3859 2221 3916; x_wconf 86' lang='grc' dir='ltr'>Καί</span> <span class='ocrx_word' id='word_1_586' title='bbox 2259 3879 2326 3931; x_wconf 86' lang='grc' dir='ltr'>με</span> <span class='ocrx_word' id='word_1_587' title='bbox 2357 3855 2770 3919; x_wconf 87' lang='grc' dir='ltr'>διοπτεύσαντες</span> <span class='ocrx_word' id='word_1_588' title='bbox 2800 3853 3006 3925; x_wconf 87' lang='grc' dir='ltr'>ἀκηδέα</span> <span class='ocrx_word' id='word_1_589' title='bbox 3035 3854 3308 3911; x_wconf 86' lang='grc' dir='ltr'>κάλλιπον</span> <span class='ocrx_word' id='word_1_590' title='bbox 3342 3852 3538 3917; x_wconf 75' lang='grc' dir='ltr'>αὕτως·</span> 
     </span>
    </p>
   </div>
   <div class='ocr_carea' id='block_1_95' title="bbox 2118 3943 3515 4020">
    <p class='ocr_par' dir='ltr' id='par_1_95' title="bbox 2118 3943 3515 4020">
     <span class='ocr_line' id='line_1_95' title="bbox 2118 3943 3515 4020; baseline -0.003 -17"><span class='ocrx_word' id='word_1_591' title='bbox 2118 3946 2358 4006; x_wconf 82' lang='grc' dir='ltr'>Ἀπλετα</span> <span class='ocrx_word' id='word_1_592' title='bbox 2390 3944 2732 4009; x_wconf 87' lang='grc' dir='ltr'>λυσσώοντες</span> <span class='ocrx_word' id='word_1_593' title='bbox 2760 3945 2927 4018; x_wconf 76' lang='grc' dir='ltr'>ἐμοὺς</span> <span class='ocrx_word' id='word_1_594' title='bbox 2963 3943 3225 4000; x_wconf 85' lang='grc' dir='ltr'>δάσσαντο</span> <span class='ocrx_word' id='word_1_595' title='bbox 3257 3949 3515 4020; x_wconf 84' lang='grc' dir='ltr'>χιτῶνας,</span> 
     </span>
    </p>
   </div>
   <div class='ocr_carea' id='block_1_96' title="bbox 2120 4032 3773 4112">
    <p class='ocr_par' dir='ltr' id='par_1_96' title="bbox 2120 4032 3773 4112">
     <span class='ocr_line' id='line_1_96' title="bbox 2120 4032 3773 4112; baseline -0.004 -18"><span class='ocrx_word' id='word_1_596' title='bbox 2120 4039 2224 4094; x_wconf 84' lang='grc' dir='ltr'>Καὶ</span> <span class='ocrx_word' id='word_1_597' title='bbox 2255 4035 2490 4112; x_wconf 86' lang='grc' dir='ltr'>κλήροις</span> <span class='ocrx_word' id='word_1_598' title='bbox 2521 4034 2896 4111; x_wconf 82' lang='grc' dir='ltr'>πεπάλαχθεο,</span> <span class='ocrx_word' id='word_1_599' title='bbox 2931 4037 3045 4090; x_wconf 76' lang='grc' dir='ltr'>ὅτις</span> <span class='ocrx_word' id='word_1_600' title='bbox 3075 4037 3124 4090; x_wconf 86' lang='grc' dir='ltr'>κ’</span> <span class='ocrx_word' id='word_1_601' title='bbox 3148 4034 3255 4108; x_wconf 76' lang='grc' dir='ltr'>ἐμὰ</span> <span class='ocrx_word' id='word_1_602' title='bbox 3283 4034 3464 4090; x_wconf 84' lang='grc' dir='ltr'>πέπλα</span> <span class='ocrx_word' id='word_1_603' title='bbox 3487 4032 3773 4107; x_wconf 83' lang='grc' dir='ltr'>κομίσσοι,</span> 
     </span>
    </p>
   </div>
   <div class='ocr_carea' id='block_1_97' title="bbox 2122 4123 3549 4201">
    <p class='ocr_par' dir='ltr' id='par_1_97' title="bbox 2122 4123 3549 4201">
     <span class='ocr_line' id='line_1_97' title="bbox 2122 4123 3549 4201; baseline -0.002 -17"><span class='ocrx_word' id='word_1_604' title='bbox 2122 4127 2281 4184; x_wconf 83' lang='grc' dir='ltr'>Ἀλλ’</span> <span class='ocrx_word' id='word_1_605' title='bbox 2313 4125 2500 4199; x_wconf 79' lang='grc' dir='ltr'>ἐμέθεν</span> <span class='ocrx_word' id='word_1_606' title='bbox 2535 4126 2610 4197; x_wconf 75' lang='grc' dir='ltr'>μὴ</span> <span class='ocrx_word' id='word_1_607' title='bbox 2644 4125 2832 4201; x_wconf 89' lang='grc' dir='ltr'>νόσφιν</span> <span class='ocrx_word' id='word_1_608' title='bbox 2866 4123 3267 4200; x_wconf 80' lang='grc' dir='ltr'>ἀποπλάγξειας</span> <span class='ocrx_word' id='word_1_609' title='bbox 3301 4125 3549 4200; x_wconf 87' lang='grc' dir='ltr'>ἀρωγήν.</span> 
     </span>
    </p>
   </div>
   <div class='ocr_carea' id='block_1_98' title="bbox 2115 4209 3400 4292">
    <p class='ocr_par' dir='ltr' id='par_1_98' title="bbox 2115 4209 3400 4292">
     <span class='ocr_line' id='line_1_98' title="bbox 2115 4209 3400 4292; baseline -0.005 -18"><span class='ocrx_word' id='word_1_610' title='bbox 2115 4209 2410 4292; x_wconf 77' lang='grc' dir='ltr'>Ἠμέτερον</span> <span class='ocrx_word' id='word_1_611' title='bbox 2443 4213 2622 4292; x_wconf 79' lang='grc' dir='ltr'>ξίφεος</span> <span class='ocrx_word' id='word_1_612' title='bbox 2644 4215 2938 4284; x_wconf 88' lang='grc' dir='ltr'>τανυήκεος</span> <span class='ocrx_word' id='word_1_613' title='bbox 2971 4215 3212 4288; x_wconf 74' lang='grc' dir='ltr'>ἅρπασον</span> <span class='ocrx_word' id='word_1_614' title='bbox 3240 4213 3400 4290; x_wconf 78' lang='grc' dir='ltr'>ἦτορ·</span> 
     </span>
    </p>
   </div>
   <div class='ocr_carea' id='block_1_99' title="bbox 2115 4298 3456 4378">
    <p class='ocr_par' dir='ltr' id='par_1_99' title="bbox 2115 4298 3456 4378">
     <span class='ocr_line' id='line_1_99' title="bbox 2115 4298 3456 4378; baseline -0.002 -17"><span class='ocrx_word' id='word_1_615' title='bbox 2115 4304 2302 4362; x_wconf 74' lang='grc' dir='ltr'>φύσεο</span> <span class='ocrx_word' id='word_1_616' title='bbox 2337 4305 2717 4378; x_wconf 85' lang='grc' dir='ltr'>μουνογένειαν</span> <span class='ocrx_word' id='word_1_617' title='bbox 2751 4302 2890 4375; x_wconf 74' lang='grc' dir='ltr'>ἐμὴν</span> <span class='ocrx_word' id='word_1_618' title='bbox 2914 4303 3074 4365; x_wconf 84' lang='grc' dir='ltr'>κυνὸς</span> <span class='ocrx_word' id='word_1_619' title='bbox 3108 4298 3456 4377; x_wconf 77' lang='grc' dir='ltr'>ὑϐριστῆρος·</span> 
     </span>
    </p>
   </div>
   <div class='ocr_carea' id='block_1_100' title="bbox 2121 4389 3661 4468">
    <p class='ocr_par' dir='ltr' id='par_1_100' title="bbox 2121 4389 3661 4468">
     <span class='ocr_line' id='line_1_100' title="bbox 2121 4389 3661 4468; baseline -0.003 -18"><span class='ocrx_word' id='word_1_620' title='bbox 2121 4393 2196 4453; x_wconf 81' lang='grc' dir='ltr'>Εὖ</span> <span class='ocrx_word' id='word_1_621' title='bbox 2230 4415 2296 4468; x_wconf 88' lang='grc' dir='ltr'>με</span> <span class='ocrx_word' id='word_1_622' title='bbox 2321 4395 2456 4461; x_wconf 85' lang='grc' dir='ltr'>σάω,</span> <span class='ocrx_word' id='word_1_623' title='bbox 2491 4395 2744 4462; x_wconf 73' lang='grc' dir='ltr'>Βασιλεῖ),</span> <span class='ocrx_word' id='word_1_624' title='bbox 2777 4394 3048 4465; x_wconf 87' lang='grc' dir='ltr'>στόματος</span> <span class='ocrx_word' id='word_1_625' title='bbox 3083 4392 3383 4467; x_wconf 85' lang='grc' dir='ltr'>βλοσυροῖο</span> <span class='ocrx_word' id='word_1_626' title='bbox 3417 4389 3661 4452; x_wconf 80' lang='grc' dir='ltr'>λέοντος.</span> 
     </span>
    </p>
   </div>
   <div class='ocr_carea' id='block_1_101' title="bbox 2050 4480 3414 4578">
    <p class='ocr_par' dir='ltr' id='par_1_101' title="bbox 2050 4480 3414 4578">
     <span class='ocr_line' id='line_1_101' title="bbox 2050 4480 3414 4578; baseline -0.004 -37"><span class='ocrx_word' id='word_1_627' title='bbox 2050 4515 2095 4578; x_wconf 77' lang='lat' dir='ltr'><strong>D</strong></span> <span class='ocrx_word' id='word_1_628' title='bbox 2123 4484 2212 4555; x_wconf 80' lang='grc' dir='ltr'>Ἐξ</span> <span class='ocrx_word' id='word_1_629' title='bbox 2245 4480 2422 4537; x_wconf 82' lang='grc' dir='ltr'>ὀλοῶν</span> <span class='ocrx_word' id='word_1_630' title='bbox 2454 4482 2662 4556; x_wconf 85' lang='grc' dir='ltr'>κεράων</span> <span class='ocrx_word' id='word_1_631' title='bbox 2691 4480 2878 4557; x_wconf 77' lang='grc' dir='ltr'>ῥύσαιό</span> <span class='ocrx_word' id='word_1_632' title='bbox 2913 4502 2979 4554; x_wconf 84' lang='grc' dir='ltr'>με</span> <span class='ocrx_word' id='word_1_633' title='bbox 3012 4483 3414 4557; x_wconf 86' lang='grc' dir='ltr'>μουνοκερήων.</span> 
     </span>
    </p>
   </div>
   <div class='ocr_carea' id='block_1_102' title="bbox 2131 4569 3437 4646">
    <p class='ocr_par' dir='ltr' id='par_1_102' title="bbox 2131 4569 3437 4646">
     <span class='ocr_line' id='line_1_102' title="bbox 2131 4569 3437 4646; baseline -0.003 -18"><span class='ocrx_word' id='word_1_634' title='bbox 2131 4573 2236 4628; x_wconf 83' lang='grc' dir='ltr'>Σοῦ</span> <span class='ocrx_word' id='word_1_635' title='bbox 2268 4570 2428 4644; x_wconf 68' lang='grc' dir='ltr'>ὄνομ’</span> <span class='ocrx_word' id='word_1_636' title='bbox 2457 4570 2775 4644; x_wconf 74' lang='grc' dir='ltr'>ἀγγείλαιμι</span> <span class='ocrx_word' id='word_1_637' title='bbox 2807 4572 3204 4646; x_wconf 70' lang='grc' dir='ltr'>κασιγνήτοισιν</span> <span class='ocrx_word' id='word_1_638' title='bbox 3233 4569 3437 4643; x_wconf 80' lang='grc' dir='ltr'>ἐμοῖσι,</span> 
     </span>
    </p>
   </div>
   <div class='ocr_carea' id='block_1_103' title="bbox 2128 4656 3552 4734">
    <p class='ocr_par' dir='ltr' id='par_1_103' title="bbox 2128 4656 3552 4734">
     <span class='ocr_line' id='line_1_103' title="bbox 2128 4656 3552 4734; baseline -0.001 -16"><span class='ocrx_word' id='word_1_639' title='bbox 2128 4662 2225 4719; x_wconf 77' lang='grc' dir='ltr'>Καί</span> <span class='ocrx_word' id='word_1_640' title='bbox 2253 4682 2310 4716; x_wconf 87' lang='grc' dir='ltr'>σε</span> <span class='ocrx_word' id='word_1_641' title='bbox 2343 4660 2500 4734; x_wconf 88' lang='grc' dir='ltr'>μέσον</span> <span class='ocrx_word' id='word_1_642' title='bbox 2532 4659 2752 4729; x_wconf 89' lang='grc' dir='ltr'>κλισίης</span> <span class='ocrx_word' id='word_1_643' title='bbox 2781 4660 3098 4734; x_wconf 81' lang='grc' dir='ltr'>θεοτερπέος</span> <span class='ocrx_word' id='word_1_644' title='bbox 3135 4656 3552 4732; x_wconf 85' lang='grc' dir='ltr'>ὑμνοπολεύσω.</span> 
     </span>
    </p>
   </div>
   <div class='ocr_carea' id='block_1_104' title="bbox 2127 4747 3461 4823">
    <p class='ocr_par' dir='ltr' id='par_1_104' title="bbox 2127 4747 3461 4823">
     <span class='ocr_line' id='line_1_104' title="bbox 2127 4747 3461 4823; baseline -0.004 -14"><span class='ocrx_word' id='word_1_645' title='bbox 2127 4753 2285 4809; x_wconf 80' lang='grc' dir='ltr'>Αἶνον</span> <span class='ocrx_word' id='word_1_646' title='bbox 2318 4749 2608 4806; x_wconf 84' lang='grc' dir='ltr'>ἀεισάντων</span> <span class='ocrx_word' id='word_1_647' title='bbox 2637 4750 2832 4803; x_wconf 81' lang='grc' dir='ltr'>ὁπόσοι</span> <span class='ocrx_word' id='word_1_648' title='bbox 2854 4747 3169 4823; x_wconf 79' lang='grc' dir='ltr'>φρίσσουσιν</span> <span class='ocrx_word' id='word_1_649' title='bbox 3201 4749 3461 4803; x_wconf 82' lang='grc' dir='ltr'>Ἀνακτα·</span> 
     </span>
    </p>
   </div>
   <div class='ocr_carea' id='block_1_105' title="bbox 2130 4833 3448 4916">
    <p class='ocr_par' dir='ltr' id='par_1_105' title="bbox 2130 4833 3448 4916">
     <span class='ocr_line' id='line_1_105' title="bbox 2130 4833 3448 4916; baseline -0.005 -18"><span class='ocrx_word' id='word_1_650' title='bbox 2130 4842 2358 4916; x_wconf 83' lang='grc' dir='ltr'>Σπέρμα</span> <span class='ocrx_word' id='word_1_651' title='bbox 2388 4837 2436 4894; x_wconf 85' lang='grc' dir='ltr'>δ’</span> <span class='ocrx_word' id='word_1_652' title='bbox 2467 4833 2730 4894; x_wconf 76' lang='grc' dir='ltr'>ιακώϐοιο</span> <span class='ocrx_word' id='word_1_653' title='bbox 2761 4839 2887 4894; x_wconf 87' lang='grc' dir='ltr'>Θεὸν</span> <span class='ocrx_word' id='word_1_654' title='bbox 2920 4837 3160 4912; x_wconf 81' lang='grc' dir='ltr'>βασιλῆα</span> <span class='ocrx_word' id='word_1_655' title='bbox 3185 4838 3448 4914; x_wconf 87' lang='grc' dir='ltr'>γεραίροι,</span> 
     </span>
    </p>
   </div>
   <div class='ocr_carea' id='block_1_106' title="bbox 2130 4926 3489 5005">
    <p class='ocr_par' dir='ltr' id='par_1_106' title="bbox 2130 4926 3489 5005">
     <span class='ocr_line' id='line_1_106' title="bbox 2130 4926 3489 5005; baseline -0.003 -16"><span class='ocrx_word' id='word_1_656' title='bbox 2130 4933 2228 4989; x_wconf 81' lang='grc' dir='ltr'>Καί</span> <span class='ocrx_word' id='word_1_657' title='bbox 2263 4954 2352 5005; x_wconf 89' lang='grc' dir='ltr'>μιν</span> <span class='ocrx_word' id='word_1_658' title='bbox 2387 4926 2747 4985; x_wconf 82' lang='grc' dir='ltr'>ὑποδδείσειεν</span> <span class='ocrx_word' id='word_1_659' title='bbox 2777 4930 2914 4990; x_wconf 77' lang='grc' dir='ltr'>ἅπας</span> <span class='ocrx_word' id='word_1_660' title='bbox 2945 4927 3148 5002; x_wconf 90' lang='grc' dir='ltr'>σπόρος</span> <span class='ocrx_word' id='word_1_661' title='bbox 3178 4927 3489 5003; x_wconf 81' lang='grc' dir='ltr'>Ἰσραήλου.</span> 
     </span>
    </p>
   </div>
   <div class='ocr_carea' id='block_1_107' title="bbox 2129 5012 3674 5098">
    <p class='ocr_par' dir='ltr' id='par_1_107' title="bbox 2129 5012 3674 5098">
     <span class='ocr_line' id='line_1_107' title="bbox 2129 5012 3674 5098; baseline -0.004 -21"><span class='ocrx_word' id='word_1_662' title='bbox 2129 5022 2204 5080; x_wconf 84' lang='grc' dir='ltr'>Οὐ</span> <span class='ocrx_word' id='word_1_663' title='bbox 2235 5024 2339 5098; x_wconf 73' lang='grc' dir='ltr'>γὰρ</span> <span class='ocrx_word' id='word_1_664' title='bbox 2375 5021 2737 5091; x_wconf 82' lang='grc' dir='ltr'>ὀνοσσάμενος</span> <span class='ocrx_word' id='word_1_665' title='bbox 2768 5019 2998 5093; x_wconf 76' lang='grc' dir='ltr'>πτωχοϋ</span> <span class='ocrx_word' id='word_1_666' title='bbox 3028 5019 3202 5094; x_wconf 89' lang='grc' dir='ltr'>πάρος</span> <span class='ocrx_word' id='word_1_667' title='bbox 3233 5012 3445 5093; x_wconf 82' lang='grc' dir='ltr'>ἔστυγεν</span> <span class='ocrx_word' id='word_1_668' title='bbox 3481 5017 3674 5093; x_wconf 79' lang='grc' dir='ltr'>εὐχὴν,</span> 
     </span>
    </p>
   </div>
   <div class='ocr_carea' id='block_1_108' title="bbox 2129 5103 3554 5183">
    <p class='ocr_par' dir='ltr' id='par_1_108' title="bbox 2129 5103 3554 5183">
     <span class='ocr_line' id='line_1_108' title="bbox 2129 5103 3554 5183; baseline -0.006 -13"><span class='ocrx_word' id='word_1_669' title='bbox 2129 5110 2262 5172; x_wconf 86' lang='grc' dir='ltr'>Οὐδ’</span> <span class='ocrx_word' id='word_1_670' title='bbox 2291 5112 2380 5166; x_wconf 87' lang='grc' dir='ltr'>ἀπ’</span> <span class='ocrx_word' id='word_1_671' title='bbox 2413 5110 2542 5183; x_wconf 81' lang='grc' dir='ltr'>έμεῦ</span> <span class='ocrx_word' id='word_1_672' title='bbox 2573 5103 2820 5183; x_wconf 77' lang='grc' dir='ltr'>ἔστρεψεν</span> <span class='ocrx_word' id='word_1_673' title='bbox 2855 5108 2947 5177; x_wconf 73' lang='grc' dir='ltr'>ἑὴν</span> <span class='ocrx_word' id='word_1_674' title='bbox 2982 5107 3271 5183; x_wconf 87' lang='grc' dir='ltr'>χαρίεσσαν</span> <span class='ocrx_word' id='word_1_675' title='bbox 3304 5109 3554 5177; x_wconf 83' lang='grc' dir='ltr'>ὀπωπήν·</span> 
     </span>
    </p>
   </div>
   <div class='ocr_carea' id='block_1_109' title="bbox 2129 5195 3510 5270">
    <p class='ocr_par' dir='ltr' id='par_1_109' title="bbox 2129 5195 3510 5270">
     <span class='ocr_line' id='line_1_109' title="bbox 2129 5195 3510 5270; baseline -0.003 -14"><span class='ocrx_word' id='word_1_676' title='bbox 2129 5199 2307 5260; x_wconf 83' lang='grc' dir='ltr'>Ἀλλά</span> <span class='ocrx_word' id='word_1_677' title='bbox 2337 5200 2362 5254; x_wconf 71' lang='grc' dir='ltr'>ἒ</span> <span class='ocrx_word' id='word_1_678' title='bbox 2391 5197 2786 5268; x_wconf 84' lang='grc' dir='ltr'>κικλήσκοντος</span> <span class='ocrx_word' id='word_1_679' title='bbox 2818 5197 2964 5270; x_wconf 74' lang='grc' dir='ltr'>ἐμῶν</span> <span class='ocrx_word' id='word_1_680' title='bbox 2997 5197 3258 5252; x_wconf 80' lang='grc' dir='ltr'>έπάκουσε</span> <span class='ocrx_word' id='word_1_681' title='bbox 3290 5195 3510 5252; x_wconf 82' lang='grc' dir='ltr'>Αιτάων.</span> 
     </span>
    </p>
   </div>
   <div class='ocr_carea' id='block_1_110' title="bbox 2129 5283 3762 5361">
    <p class='ocr_par' dir='ltr' id='par_1_110' title="bbox 2129 5283 3762 5361">
     <span class='ocr_line' id='line_1_110' title="bbox 2129 5283 3762 5361; baseline -0.006 -12"><span class='ocrx_word' id='word_1_682' title='bbox 2129 5295 2222 5349; x_wconf 87' lang='grc' dir='ltr'>Ἐκ</span> <span class='ocrx_word' id='word_1_683' title='bbox 2251 5292 2398 5354; x_wconf 84' lang='grc' dir='ltr'>σέθεν</span> <span class='ocrx_word' id='word_1_684' title='bbox 2432 5289 2578 5351; x_wconf 79' lang='grc' dir='ltr'>αἷνος</span> <span class='ocrx_word' id='word_1_685' title='bbox 2611 5286 2743 5360; x_wconf 81' lang='grc' dir='ltr'>ἐμὸς</span> <span class='ocrx_word' id='word_1_686' title='bbox 2773 5286 3019 5360; x_wconf 61' lang='grc' dir='ltr'>μεγάλην</span> <span class='ocrx_word' id='word_1_687' title='bbox 3056 5287 3171 5358; x_wconf 86' lang='grc' dir='ltr'>μεθ’</span> <span class='ocrx_word' id='word_1_688' title='bbox 3203 5287 3472 5360; x_wconf 76' lang='grc' dir='ltr'>ὁμήγυριν</span> <span class='ocrx_word' id='word_1_689' title='bbox 3525 5283 3762 5361; x_wconf 79' lang='grc' dir='ltr'>ἀνδρῶν·</span> 
     </span>
    </p>
   </div>
   <div class='ocr_carea' id='block_1_111' title="bbox 2129 5376 3412 5455">
    <p class='ocr_par' dir='ltr' id='par_1_111' title="bbox 2129 5376 3412 5455">
     <span class='ocr_line' id='line_1_111' title="bbox 2129 5376 3412 5455; baseline -0.009 -15"><span class='ocrx_word' id='word_1_690' title='bbox 2129 5377 2408 5440; x_wconf 75' lang='grc' dir='ltr'>Εὐσεόέων</span> <span class='ocrx_word' id='word_1_691' title='bbox 2437 5378 2713 5434; x_wconf 80' lang='grc' dir='ltr'>κατέναντι</span> <span class='ocrx_word' id='word_1_692' title='bbox 2745 5378 2907 5455; x_wconf 87' lang='grc' dir='ltr'>φίλας</span> <span class='ocrx_word' id='word_1_693' title='bbox 2936 5376 3147 5448; x_wconf 89' lang='grc' dir='ltr'>τίσαιμι</span> <span class='ocrx_word' id='word_1_694' title='bbox 3180 5376 3412 5446; x_wconf 84' lang='grc' dir='ltr'>θυηλάς.</span> 
     </span>
    </p>
   </div>
   <div class='ocr_carea' id='block_1_112' title="bbox 2129 5465 3461 5544">
    <p class='ocr_par' dir='ltr' id='par_1_112' title="bbox 2129 5465 3461 5544">
     <span class='ocr_line' id='line_1_112' title="bbox 2129 5465 3461 5544; baseline -0.008 -14"><span class='ocrx_word' id='word_1_695' title='bbox 2129 5474 2453 5543; x_wconf 84' lang='grc' dir='ltr'>Δαισάμενοι</span> <span class='ocrx_word' id='word_1_696' title='bbox 2484 5468 2772 5544; x_wconf 81' lang='grc' dir='ltr'>χατέοντες</span> <span class='ocrx_word' id='word_1_697' title='bbox 2805 5468 2888 5523; x_wconf 73' lang='grc' dir='ltr'>ἑὸν</span> <span class='ocrx_word' id='word_1_698' title='bbox 2922 5465 3236 5536; x_wconf 86' lang='grc' dir='ltr'>πλησαίατο</span> <span class='ocrx_word' id='word_1_699' title='bbox 3268 5466 3461 5539; x_wconf 90' lang='grc' dir='ltr'>θυμόν·</span> 
     </span>
    </p>
   </div>
   <div class='ocr_carea' id='block_1_113' title="bbox 2133 5552 3523 5633">
    <p class='ocr_par' dir='ltr' id='par_1_113' title="bbox 2133 5552 3523 5633">
     <span class='ocr_line' id='line_1_113' title="bbox 2133 5552 3523 5633; baseline -0.004 -18"><span class='ocrx_word' id='word_1_700' title='bbox 2133 5559 2374 5633; x_wconf 65' lang='grc' dir='ltr'>Ποιμὲνα</span> <span class='ocrx_word' id='word_1_701' title='bbox 2405 5556 2449 5613; x_wconf 85' lang='grc' dir='ltr'>δ’</span> <span class='ocrx_word' id='word_1_702' title='bbox 2481 5558 2767 5623; x_wconf 70' lang='grc' dir='ltr'>ατνήσουσι</span> <span class='ocrx_word' id='word_1_703' title='bbox 2800 5552 3042 5620; x_wconf 79' lang='grc' dir='ltr'>θεουδέες</span> <span class='ocrx_word' id='word_1_704' title='bbox 3064 5553 3284 5632; x_wconf 75' lang='grc' dir='ltr'>ἄφθιτον</span> <span class='ocrx_word' id='word_1_705' title='bbox 3315 5552 3523 5631; x_wconf 81' lang='grc' dir='ltr'>ἄνδρες·</span> 
     </span>
    </p>
   </div>
   <div class='ocr_carea' id='block_1_114' title="bbox 2132 5644 3331 5721">
    <p class='ocr_par' dir='ltr' id='par_1_114' title="bbox 2132 5644 3331 5721">
     <span class='ocr_line' id='line_1_114' title="bbox 2132 5644 3331 5721; baseline -0.005 -14"><span class='ocrx_word' id='word_1_706' title='bbox 2132 5650 2317 5707; x_wconf 85' lang='grc' dir='ltr'>Αὐτῶν</span> <span class='ocrx_word' id='word_1_707' title='bbox 2351 5648 2523 5721; x_wconf 80' lang='grc' dir='ltr'>θυμὸς</span> <span class='ocrx_word' id='word_1_708' title='bbox 2555 5646 2742 5702; x_wconf 73' lang='grc' dir='ltr'>ὄναιτο</span> <span class='ocrx_word' id='word_1_709' title='bbox 2773 5644 3064 5718; x_wconf 65' lang='grc' dir='ltr'>διηνεκέως</span> <span class='ocrx_word' id='word_1_710' title='bbox 3101 5645 3331 5720; x_wconf 75' lang='grc' dir='ltr'>βιόσωο.</span> 
     </span>
    </p>
   </div>
  </div>
