4066 6268
235 338 390 401 1353

236 472 406 536 Αὐτὸς
436 469 482 528 δ’
507 471 786 546 ἡμετὲρης
813 465 1045 544 κραδίης
1072 465 1460 544 παρελήλυθας
1493 467 1647 537 ἅτην.

237 560 404 634 Τῆσδ¹
435 559 574 620 ἶνεκ’
606 560 716 626 ἔσθ’
746 559 941 616 ὁσίοισι
983 557 1111 627 λιτὴ
1151 559 1264 631 μετ’
1295 555 1578 630 ἐναίσιμον
1609 553 1784 626 ὥρην.

242 740 372 801 Οὐδ’
405 739 818 816 ἑπιχευομὲνων
852 737 1062 794 ὑδάτων
1090 742 1332 813 τρεπεῖεν
1367 737 1621 813 ἀνάγκην.

241 831 318 888 Σὺ
349 829 718 908 ξυνεργούσης
755 850 824 903 με
852 827 1115 886 πελέσκεο
1144 828 1351 904 πύργος
1399 825 1574 897 ἀνίης·

243 920 438 1000 Χάρμα
469 920 656 1000 φίλον,
695 918 758 975 σύ
793 940 860 994 με
889 919 1071 990 τεῦξον
1127 916 1410 992 ἐλεύθερον
1442 911 1890 997 ἀμφιϐαλόντων.

244 1102 438 1175 Γνοίης
470 1101 522 1173 ἐξ
553 1101 739 1175 ἐμέθεν
768 1098 933 1171 ποίην
963 1097 1126 1175 χρέος
1157 1100 1315 1173 οἷμον
1349 1095 1576 1153 ὁδεύειν.

243 1196 337 1254 Εις
369 1193 447 1264 σὲ,
481 1193 697 1266 Μάκαρ,
721 1191 945 1264 στήριξα
977 1186 1268 1264 διαμπερὲς
1301 1184 1504 1261 ὄμματ’
1539 1185 1713 1258 ἐμεῖο,

244 1283 581 1360 Ὀφθαλμῶν
610 1281 896 1355 ἀμαρυγὰς
927 1277 1074 1352 ἐμῶν
1107 1279 1194 1333 σέο
1224 1279 1404 1353 νὲρθεν
1437 1276 1650 1350 ἐρείσω.

245 1369 515 1433 Παύσασθ’
538 1368 818 1442 ἡμιόνοισι
849 1366 1160 1423 πανείκελοι
1194 1364 1294 1436 ἡδὶ
1330 1365 1420 1421 καὶ
1448 1365 1641 1426 ἳπποις

242 1459 554 1533 Γινόμενοι·
585 1457 781 1536 σοφίης
813 1457 917 1532 γὰρ
948 1454 1218 1533 ἀγακλὲος
1245 1453 1490 1530 ἂμμοροί
1523 1453 1644 1511 εἶσι.

243 1547 549 1624 Γαμφηλᾶς
577 1543 825 1620 ξυνέαξον
864 1545 1245 1622 ὀρειχάλκοισι
1278 1545 1556 1622 χαλινοῖς,

241 1640 308 1696 Οἲ
345 1638 492 1702 σέθεν
526 1635 590 1692 ού
623 1635 864 1710 μεμάασι
892 1635 1189 1712 γεγηθότες
1221 1637 1383 1690 ἆσσον
1414 1634 1646 1691 ἱκέσθαι.

241 1725 591 1786 ΙΙαντοδαπαὶ
628 1740 884 1802 μάστιγες
914 1724 994 1780 ἀεὶ
1019 1723 1274 1802 γεγάασιν
1308 1721 1556 1798 ἀλιτροῦ·

242 1819 310 1893 ᾯ
341 1813 398 1870 δὲ
423 1815 552 1877 Θεὸς
586 1813 876 1888 μεμὲλητ³,
909 1811 1064 1878 ἕλεος
1091 1811 1541 1887 περικυκλώσειε.

245 1905 443 1979 Χάρμα
467 1903 557 1959 καὶ
588 1903 890 1981 εὐφροσύνη
919 1904 1244 1979 θεοτερπὲας
1287 1898 1481 1978 ἄνδρας
1512 1898 1718 1976 ἐρύκοι,

246 1994 348 2052 Καὶ
378 1992 539 2056 κλὲος
570 1989 914 2072 ἀμφιϐόητον
947 1992 998 2048 ἐν
1027 1993 1292 2048 ὶθυνόοισι
1331 1990 1598 2066 μελεσθω.

845 2087 1140 2140 ΨΑΛΜΟΣ
1172 2088 1288 2138 ΛΒ.

385 2171 553 2232 Τόνδε
579 2173 901 2247 τριηκοστὸν
960 2172 1052 2228 καὶ
1082 2170 1356 2247 -.δεύτερον
1391 2169 1542 2247 ἴαχεν
1575 2169 1742 2243 ὕμνον

514 2242 741 2308 Δαυΐδος
779 2246 974 2320 κιθάρῃ
1003 2242 1234 2319 μείλιχα
1248 2242 1601 2320 τερπόμενος.

242 2354 468 2430 Χαίρετε
491 2376 586 2428 μοι
619 2352 877 2425 Βασιλῆι,
911 2351 1066 2424 δίκης
1130 2355 1471 2431 ὑποφήτορες
1503 2348 1714 2426 ἄνδρες.

241 2443 521 2522 Ἀνδράσιν
553 2443 817 2509 ίθυνόοισι
852 2442 1180 2518 μεταπρέπει
1239 2444 1469 2505 ἄσπετος
1510 2442 1680 2503 αἶνος·

242 2535 504 2608 Μελψατε
540 2555 635 2608 μοι
668 2535 876 2602 ζώοντα
908 2535 1035 2588 Θεὸν
1069 2529 1332 2610 φόρμιγγι
1365 2531 1566 2607 λιγείῃ.

249 2623 508 2699 Μελψατε
538 2624 593 2678 οἳ
623 2620 899 2679 δεκάδεσσι
941 2622 1106 2696 μέλος
1137 2625 1388 2699 νευρῇσιν
1412 2622 1601 2694 ἱέντες,

251 2715 342 2769 Ἐκ
369 2710 657 2788 πραπίδων
691 2733 812 2767 νεον
847 2711 1014 2784 ὕμνον
1042 2711 1252 2766 ἀείσατε
1276 2706 1655 2784 Παμόασιλῆι.

252 2804 323 2859 Εὖ
357 2801 405 2859 δ’
435 2802 826 2876 ἂναμελπεσθω
857 2824 920 2878 γε
950 2800 1106 2872 δίκης
1138 2803 1434 2877 ἐπιήρανος
1467 2805 1635 2866 αἶνος·

247 2891 469 2950 Οὕνεκεν
498 2891 784 2956 ἀθανάτοιο
803 2893 938 2947 Θεοῦ
969 2890 1133 2968 λόγος
1167 2891 1281 2957 ἰθὺς
1307 2891 1533 2968 ἐτύχθη.

248 2983 428 3037 Πάντα
461 2979 518 3037 δε
543 2983 596 3037 οἳ
632 2980 779 3055 μάλα
807 2983 972 3037 πιστὰ
999 2996 1154 3037 πεΛει
1208 2980 1470 3058 βασιλήια
1500 2977 1653 3056 ἕργα³

243 3069 506 3142 Εὐδικίην
535 3070 710 3150 φιλεει
743 3069 1041 3142 λαθικηδέα
1078 3072 1169 3126 καὶ
1202 3083 1354 3144 θεμιν
1387 3073 1603 3143 Ἐσσήν.

246 3163 393 3217 llis:
422 3165 556 3216 Θεοῦ
590 3157 836 3237 βὲϐριθεν
870 3158 1004 3231 ἅδην
1038 3159 1295 3232 ἒλεητύος
1324 3163 1430 3218 αἶα.

240 3249 470 3326 Οὐρανοὶ
501 3249 786 3326 ἐρρίζωθεν
817 3249 1134 3329 ἐφημοσύνῃ
1165 3248 1462 3322 Βασιλῆος,

242 3341 345 3397 Καὶ
377 3341 503 3395 nas’
534 3341 797 3396 ἀθανάτου
827 3341 1097 3414 στόματος
1131 3362 1302 3419 σφεων
1357 3341 1663 3414 πνεύματος
1713 3343 1879 3412 ἀλκή.

241 3430 432 3484 Ἀσκὸν
462 3428 633 3503 ὅπως,
665 3431 889 3486 πόντοιο
922 3429 1047 3507 ῥόον
1096 3430 1372 3500 πολυηχέ
1413 3431 1670 3508 ἀγείρων,

237 3525 411 3596 Τεχνῃ
444 3521 771 3592 κατθεμενος
797 3519 1050 3598 κρυφίοις
1075 3519 1356 3594 ταμίαισιν
1387 3517 1650 3579 ἀϐύσσου.

242 3607 515 3681 Δειμαίνει
551 3609 788 3685 βασιλῆα
809 3610 936 3664 Θεὸν
969 3608 1142 3665 κλυτᾶ
1169 3610 1398 3684 πείρατα
1417 3609 1596 3684 γαίης·

243 3699 335 3752 Ἐκ
375 3695 422 3751 δ’
453 3697 616 3753 αὐτοῦ
647 3695 910 3754 δονεοινθ⁹
941 3699 1134 3754 ὁπόσοι
1177 3700 1350 3774 χθόνα
1377 3697 1738 3756 ναιετάουσιν,

236 3878 461 3937 Οὕνεκεν
496 3878 655 3941 αὐτὸς
689 3877 854 3950 ἔειπε,
887 3882 973 3935 καὶ
1009 3879 1374 3936 ἐκτετελεσθεν
1409 3882 1629 3937 ἅπαντα.

239 3970 419 4032 Αὐτὸς
446 3970 612 4038 *Αναξ
634 3967 902 4040 ἐκελευσε,
934 3969 1001 4025 τὰ
1030 3968 1078 4025 δ’
1108 3965 1342 4040 ἐϐλάστη
1355 3991 1440 4025 σεν
1473 3971 1712 4044 ὁμαρτῆ.

243 4059 535 4120 ’Λθάνατος
565 4055 866 4113 σκεδάσειεν
906 4059 1154 4134 ἀπείριτα
1185 4057 1350 4131 δήνεα
1382 4057 1594 4132 δήμων,

239 4147 340 4202 Καὶ
374 4147 520 4203 λαῶν
560 4147 811 4202 ὀνόσαιτο
843 4150 1248 4227 πολυστρεφεας
1306 4146 1639 4222 μελεδῶναςο

231 4237 406 4307 Δήνεά
429 4239 476 4302 θ’
513 4237 749 4313 ὑψινόων
779 4237 1178 4314 παραμείψεται
1226 4240 1552 4315 ἡγητήρων.

231 4324 422 4394 Βουλὴ
458 4322 508 4382 δ’
534 4327 838 4392 Αθανάτοιο
871 4327 1163 4398 διηνεκεως
1193 4328 1499 4403 ἂπιμίμνει,

230 4416 493 4490 Μερμερα
525 4414 582 4473 δὲ
609 4416 840 4494 κραδίης
871 4425 1061 4494 γενεῆς
1087 4419 1193 4474 ἄπο
1229 4438 1396 4495 μεχρι
1427 4418 1708 4494 γενεθλης.

230 4594 416 4651 Φῦλον
449 4597 530 4652 ἀεὶ
566 4600 891 4674 μακαριστὸν
926 4597 1001 4672 ἰῷ
1043 4599 1278 4669 Βασιλῆι
1316 4599 1600 4671 πεποιθὸς,

227 4684 394 4754 Ααὸς,
427 4684 484 4739 ὅν
509 4685 568 4740 ἐκ
597 4686 809 4743 πάντων
843 4688 1130 4763 ἐπελεξατο
1159 4689 1366 4766 κλῆρον
1399 4686 1636 4754 ἐλεσθαι.

226 4851 526 4926 Οὐρανόθεν
561 4855 825 4919 Βασιλεὺς
857 4857 1161 4935 πανδερκεα
1189 4866 1359 4917 τεῖνεν
1401 4861 1657 4933 ὀπωπήν·

226 4939 567 5018 Ἀνδρομεην
600 4965 861 5021 σφετερης
889 4947 950 5004 ἐκ
976 4949 1248 5014 παστάδος
1272 4948 1379 5006 εἶδε
1407 4951 1692 5026 γενεθλην·

226 5038 507 5106 ’Όμμασιν
539 5033 860 5107 ἐνναετῆρας
894 5035 1030 5107 ὅλης
1063 5041 1306 5109 θηήσατο
1335 5040 1519 5115 γαίηςν

226 5126 328 5186 ’Ός
359 5128 573 5194 θνητῶν
601 5121 829 5199 κραδίην
862 5125 1091 5200 παλάμῃ
1115 5131 1406 5198 τεκτήνατο
1443 5135 1658 5201 μοῦνος,

226 5213 326 5274 ’ος
358 5234 531 5291 σφεων
563 5214 617 5268 ἐν
644 5211 971 5289 πραπίδεσσι
1005 5213 1300 5291 διαμπερὲς
1341 5213 1469 5292 ἔργα
1500 5217 1728 5278 δοκεύει,

227 5301 303 5358 Οὐ
339 5313 526 5366 σθενος
558 5301 695 5358 οἶδεν
729 5307 965 5360 ’Ἄνακτα
1003 5305 1377 5380 μεγακλήεντα
1406 5310 1633 5376 σαῶσαι,

226 5389 366 5448 Οὐδὲ
394 5392 551 5468 γίγας
583 5392 856 5462 κακότητα
889 5394 1048 5470 φύγοι
1080 5396 1467 5469 περιθάρσυνος
1501 5393 1668 5469 ἀλκῇο

223 5483 422 5543 Ἵππος
451 5480 530 5536 ἐνί
559 5479 864 5554 πτολεμοις
906 5484 1142 5558 ἀχρήιος
1171 5481 1338 5559 ἄνδρα
1370 5489 1596 5552 σαῶσαι,

220 5567 360 5628 Ούδε
391 5592 478 5626 κεν
509 5571 670 5634 αὐτὸς
703 5571 866 5644 ἅλυξε
897 5573 1021 5649 περὶ
1054 5585 1229 5638 σθενεϊ
1261 5574 1624 5650 βλεμεαίνων.

223 5662 536 5739 Ὀφθαλμοὶ
567 5663 844 5719 ἐτάνυσθεν
872 5664 959 5718 ἐπὶ
989 5684 1318 5739 τρομεοντας
1347 5667 1625 5741 Ἄνακτος,

587 5783 854 5848 PATROL.
903 5785 1014 5849 Gn.
1060 5783 1323 5849 XXXIII.

1337 327 1980 396 INTERI’IIETA’I‘IO
2025 325 2100 385 IN
2153 326 2537 389 I‘SALTEM.

3498 331 3652 394 1354

1912 461 1967 529 Α
1997 462 2126 534 Ipse
2158 479 2293 518 vero
2324 462 2513 518 nostri
2537 462 2734 519 cordis
2766 461 3050 518 remisisti
3081 463 3470 536 impietatem.

2006 553 2193 625 Hujus
2224 553 2413 626 gratia
2461 552 2572 608 erit
2620 552 2842 609 sanctis
2893 553 3247 626 supplicatio
3309 560 3643 627 opportuno

3269 643 3577 716 [tempore.

2003 733 2203 803 Neque
2227 734 2549 788 eﬂ‘usarum
2590 747 2880 804 aquarum
2933 732 3161 805 fugiant
3207 734 3645 791 necessitatem.

2003 823 2084 878 Tu
2116 826 2462 894 occupantis
2485 839 2579 878 me
2611 837 2674 878 es
2707 823 2883 877 turris
2915 822 3162 891 doloris,

2004 911 2295 968 Gaudium
2325 928 2550 981 carum,
2585 916 2647 968 tu
2678 927 2771 967 me
2802 911 2893 969 fac
2924 911 3180 970 liberum
3211 929 3245 969 a
3269 913 3648 972 circumdan-

3370 1005 3572 1076 [tibus.

2003 1091 2332 1164 Cognoscas
2363 1091 2435 1147 de
2458 1107 2553 1146 me
2585 1091 2823 1162 qualem
2853 1091 3061 1150 deceat
3102 1093 3253 1150 viam
3285 1093 3537 1166 ingredi.

2003 1183 2190 1254 Super
2219 1188 2293 1251 te,
2331 1184 2524 1252 Beate,
2560 1184 2785 1239 ﬁrmavi
2820 1200 3056 1256 semper
3087 1186 3292 1242 oculos
3315 1201 3501 1257 meos,

2003 1273 2321 1329 Oculorum
2347 1273 2695 1344 splendores
2724 1289 2994 1330 meorum
3021 1280 3077 1329 te
3127 1275 3331 1331 subter
3374 1276 3644 1335 ﬁrmabo.

2003 1363 2266 1418 Desinite
2292 1363 2471 1418 mulis
2503 1363 2730 1419 similes
2763 1368 2821 1419 et
2842 1364 3019 1420 etiam
3051 1366 3218 1436 equis

2003 1453 2155 1508 Fieri
2191 1470 2204 1507 :
2239 1454 2544 1525 sapientiae
2576 1453 2736 1509 enim
2768 1453 3020 1510 illustris
3051 1459 3320 1526 expertes
3349 1463 3507 1512 sunt.

2002 1543 2267 1598 Maxillas
2299 1544 2641 1616 constringe
2668 1543 2833 1599 duris
2855 1543 3062 1612 frenis,

2001 1632 2111 1697 Qui
2141 1637 2197 1687 te
2221 1649 2342 1688 non
2372 1634 2624 1705 cupiunt
2651 1633 2976 1706 gaudentes
3019 1651 3202 1706 prope
3233 1635 3533 1692 accedere.

2000 1722 2173 1776 Varia
2203 1722 2439 1794 ﬂagella
2469 1739 2707 1795 semper
2737 1728 2878 1779 sunt
2904 1725 3251 1795 peccatoris.

1915 1840 1967 1905 Β
2000 1812 2186 1876 Quem
2212 1828 2345 1867 vero
2375 1813 2530 1868 Deus
2564 1819 2751 1884 curat,
2782 1813 3194 1871 misericordia
3223 1816 3570 1874 circumdet.

1997 1902 2288 1957 Gaudium
2321 1908 2380 1958 et
2409 1903 2725 1960 exsultatio
2757 1904 2986 1960 divinos
3017 1905 3171 1962 viros
3203 1914 3452 1980 occupet
3484 1925 3498 1965 :

1995 1992 2064 2043 Et
2089 1989 2278 2062 gloria
2309 1991 2564 2047 illustris
2594 1992 2774 2047 rectis
2805 1993 2981 2048 corde
3013 2009 3169 2050 curm
3201 1995 3297 2050 sit.

2527 2082 2848 2138 PSALMUS
2880 2083 3104 2140 XXXII.

2064 2173 2222 2227 Hunc
2254 2172 2586 2245 tricesimum
2601 2178 2666 2245 get
2688 2172 2984 2245 secundum
3021 2177 3267 2245 resonuit
3297 2175 3566 2245 hymnum

2288 2243 2468 2298 David
2515 2241 2735 2298 cithara
2761 2243 3005 2300 suaviter
3035 2241 3349 2303 delectatus;

1994 2350 2252 2406 Gaudete
2282 2350 2431 2406 mihi
2463 2350 2623 2424 Regi,
2647 2350 2899 2422 justitite
2925 2352 3221 2408 antistites
3261 2354 3368 2408 viri
3401 2369 3414 2410 :

1996 2441 2162 2497 Viros
2192 2445 2388 2498 rectos
2415 2440 2586 2497 decet
2615 2440 2907 2498 immensa
2936 2441 3067 2499 laus
3094 2458 3108 2498 :

1992 2531 2196 2588 Canite
2225 2530 2374 2587 mihi
2405 2530 2694 2586 viventem
2726 2531 2914 2587 Deum
2946 2533 3174 2590 cithara
3195 2552 3432 2603 canora,

1992 2622 2194 2678 Canite
2227 2622 2304 2693 ei,
2325 2622 2532 2678 decem
2564 2638 2806 2678 carmen
2841 2623 3057 2680 ﬁdibus
3095 2625 3422 2682 mittentes.

1992 2711 2074 2767 De
2104 2710 2447 2783 praecordiis
2498 2728 2718 2767 novum
2750 2713 3038 2784 hymnum
3095 2720 3331 2772 cantate
3363 2717 3636 2773 Domino.

1993 2802 2150 2855 Bene
2180 2818 2315 2857 vero
2346 2805 2618 2856 cantetur
2639 2802 2891 2872 justitiaa
2910 2802 3180 2873 jucunda
3207 2803 3340 2860 laus
3377 2821 3390 2858 :

1993 2890 2138 2955 Quia
2167 2889 2524 2946 immortalis
2555 2889 2658 2944 Dei
2691 2890 2934 2946 verbum
2964 2897 3193 2947 rectum
3227 2897 3336 2948 est.

1993 2978 2205 3035 Omnia
2237 2993 2366 3032 vero
2397 2978 2511 3048 ipsi
2543 2977 2712 3033 valde
2746 2978 2946 3034 ﬁdelia
2977 2985 3115 3034 sunt
3143 2981 3305 3053 regia
3331 2999 3529 3053 opera.

1989 3067 2285 3123 Justitiam
2313 3066 2504 3138 diligit
2534 3066 3000 3123 abscondentem
3031 3085 3202 3125 curas
3233 3076 3292 3126 et
3315 3070 3402 3127 fas
3423 3075 3562 3128 Rex.

1994 3156 2277 3212 Universa
2302 3154 2404 3211 Dei
2436 3154 2615 3226 plena
2643 3160 2734 3210 est
2762 3155 2996 3212 abunde
3027 3159 3437 3216 misericordia
3459 3166 3633 3218 terra.

1908 3223 1957 3289 (ἶ
1994 3247 2132 3303 C(eli
2167 3247 2385 3302 ﬁrmati
2407 3223 2546 3302 sunt
2575 3246 2853 3302 mandato
2886 3248 3074 3320 Regis,

1991 3339 2061 3391 Et
2090 3336 2284 3391 omnis
2315 3335 2669 3392 immortalis
2695 3337 2814 3392 oris
2860 3337 3126 3409 ipsorum
3156 3339 3401 3412 spiritus
3430 3342 3634 3399 virtus.

1994 3429 2194 3484 Utrem
2225 3426 2397 3495 sicut,
2428 3426 2611 3482 maris
2640 3427 2866 3483 ﬂuxum
2915 3445 3199 3486 sonorum
3250 3448 3635 3507 congregans,

1995 3519 2132 3572 Arte
2163 3533 2392 3589 ponens
2421 3516 2638 3572 abditis
2667 3518 3010 3574 custodibus
3041 3519 3258 3591 abyssi.

1993 3607 2262 3662 Timeant
2294 3606 2510 3679 Regem
2543 3607 2728 3662 Deum
2749 3606 2957 3679 inclyti
2982 3608 3133 3665 ﬁnes
3165 3615 3357 3680 terrai,

1992 3699 2079 3756 Ab
2120 3715 2189 3753 eo
2237 3703 2436 3754 autem
2494 3703 2978 3754 commoveantur
3012 3700 3354 3774 quicunque
3413 3709 3631 3761 terram

3253 3792 3565 3864 [habitant.

1992 3877 2280 3944 Quoniam
2313 3877 2436 3948 ipse
2464 3877 2633 3942 dixit,
2659 3882 2716 3932 et
2737 3877 2998 3949 perfecta
3027 3885 3167 3936 sunt
3183 3883 3422 3939 omnia:

1991 3971 2120 4039 Ipse
2153 3970 2273 4022 Rex
2297 3967 2618 4034 mandavit,
2652 3967 2781 4038 ipsa
2807 3984 2942 4023 vero
2973 3969 3387 4041 germinarunt
3433 3973 3632 4030 simul.

1992 4055 2348 4111 Immortalis
2379 4055 2626 4127 dissipet
2657 4056 2891 4112 inﬁnita
2911 4059 3163 4115 consilia
3186 4060 3562 4132 populorum,

1990 4149 2060 4201 Et
2085 4145 2442 4218 populorum
2467 4145 2746 4217 reprobet
2773 4146 3062 4203 volubiles
3081 4165 3274 4218 curas,

1991 4236 2367 4306 Consiliaque
2398 4235 2791 4306 superborum
2839 4239 3168 4308 praeteribit
3196 4241 3556 4313 principum.

1991 4324 2318 4379 Consilium
2362 4341 2499 4379 vero
2534 4324 2892 4380 Immortalis
2923 4325 2984 4380 in
3016 4331 3305 4385 mternum
3337 4335 3558 4399 manet,

1990 4413 2387 4487 Cogitationes
2417 4430 2552 4467 vero
2580 4413 2776 4468 cordis
2833 4431 2868 4469 a
2921 4419 3306 4488 generatione
3350 4437 3540 4492 usque
3569 4423 3629 4478 in

3073 4508 3560 4580 [generationem

1907 4585 1953 4650 D
1985 4590 2138 4650 Gens
2171 4609 2412 4665 semper
2437 4592 2783 4648 beatissima
2817 4611 2922 4650 suo
2973 4595 3114 4669 Regi
3145 4599 3390 4668 conﬁsa,

1985 4682 2266 4755 Populus,
2299 4697 2476 4752 quem
2507 4697 2579 4736 ex
2600 4681 2878 4738 omnibus
2902 4682 3079 4756 elegit
3099 4683 3505 4742 haereditatem
3537 4705 3634 4744 ca-

3440 4793 3557 4833 8P6.

3440 4793 3461 4832 e

1985 4864 2066 4918 De
2091 4862 2236 4918 ccelo
2270 4864 2390 4917 Rex
2420 4860 2889 4916 omnividentem
2921 4863 3188 4917 extendit
3213 4777 3461 4933 vultuEE,

1985 4952 2288 5008 Mortalem
2321 4967 2426 5006 suo
2460 4967 2490 5006 e
2521 4951 2827 5007 ccenaculo
2859 4950 3005 5006 vidit
3031 4954 3477 5024 generationem
3508 4975 3521 5012 :

1985 5041 2184 5098 Oculis
2213 5041 2440 5096 incolas
2472 5041 2654 5094 totius
2681 5041 2942 5111 respexit
2975 5046 3166 5110 terrae,
3442 5042 3448 5050 ’

1985 5134 2094 5200 Qui
2127 5132 2470 5187 mortalium
2523 5148 2624 5186 cor
2654 5149 2835 5186 manu
2865 5133 3173 5190 fabricavit
3202 5135 3385 5205 solus,
3414 5187 3423 5194 .

1987 5225 2096 5290 Qui
2131 5239 2334 5277 eorum
2369 5222 2429 5275 in
2461 5222 2804 5292 praecordiis
2836 5240 3072 5296 semper
3101 5242 3281 5297 opera
3310 5227 3485 5285 videt.

1987 5317 2112 5370 Non
2143 5313 2325 5369 robur
2347 5313 2512 5367 novit
2541 5316 2755 5384 Regem
2785 5314 3112 5386 gloriosum
3133 5333 3389 5389 servare,

1987 5406 2185 5474 Neque
2217 5403 2377 5475 gigas
2399 5399 2781 5456 aﬁlictionem
2811 5403 2997 5476 fugiet
3016 5406 3283 5464 conﬁsus
3307 5411 3522 5469 robore
3549 5429 3561 5466 :

1985 5495 2186 5565 Equus
2219 5493 2276 5546 in
2302 5491 2476 5546 bellis
2508 5491 2740 5547 inutilis
2769 5494 2960 5549 virum
2988 5511 3241 5565 servare,

1988 5587 2185 5656 Neque
2215 5582 2344 5655 ipse
2366 5582 2606 5656 effugiet
2634 5582 2846 5638 robore
2879 5585 3252 5659 superbiens.

1991 5674 2160 5732 Oculi
2191 5673 2419 5730 extensi
2452 5677 2593 5730 sunt
2621 5673 2684 5732 in
2713 5679 3050 5734 metuentes
3085 5679 3284 5751 Regis,

3235 5796 3313 5855 43
