4120 6262
467 293 622 354 13ὃῦ

465 431 632 488 Oculi
661 429 858 502 magni
890 429 992 484 Dei
1027 430 1302 486 timentes
1332 430 1680 502 respiciunt,

471 521 577 588 Qui
601 520 864 575 divinam
895 519 1366 575 misericordiam
1385 525 1614 575 curant.

471 612 720 667 Animas
746 626 780 666 a
807 615 997 664 morte
1021 609 1375 664 inexorabili
1408 625 1638 676 eruere,

473 703 544 758 Et
571 701 731 756 alere
760 699 1030 755 luctuosa
1060 715 1296 770 pressos
1327 699 1594 754 animum
1624 697 1802 754 fame.

476 794 684 847 Noster
714 789 883 845 valde
907 790 1142 845 animus
1173 788 1394 860 pendet
1422 805 1456 843 a
1477 789 1654 860 Rege,

475 881 764 946 Quoniam
795 885 1000 934 noster
1019 884 1338 951 protector,
1373 884 1431 934 et
1458 877 1695 948 adjutor
1724 883 1830 932 est.

475 973 542 1026 In
575 971 702 1041 ipso
734 969 968 1024 laatetur
995 985 1164 1024 mens
1194 968 1537 1040 praecordiis
1557 965 1820 1039 gaudens
1856 982 1868 1020 :

477 1062 545 1116 Et
576 1060 704 1131 ejus
734 1064 938 1114 nostra
965 1074 1184 1114 nomen
1214 1058 1504 1130 inclytum
1537 1073 1672 1129 spes
1699 1061 1807 1113 est.

477 1155 627 1223 Ipse,
671 1149 1289 1217 Rex,misericordiam
1320 1149 1616 1203 infinitam
1637 1147 1812 1203 nobis
1833 1146 2118 1218 praebeas,

478 1242 550 1296 Ut
577 1246 742 1296 tuum
777 1245 1085 1311 sperantes
1117 1255 1353 1310 semper
1375 1244 1786 1310 exspectamus
1807 1237 2116 1293 auxilium.

993 1330 1314 1384 PSALMUS
1337 1328 1594 1384 XXXIII.

478 1422 709 1486 Quando
739 1420 1148 1476 Abimelechum
1180 1419 1489 1474 bellicosum
1535 1418 1811 1488 decipiens

476 1513 634 1566 Abiit
665 1510 857 1580 David,
897 1526 1048 1564 suam
1078 1525 1202 1564 vero
1233 1511 1544 1564 immutavit
1573 1510 1836 1577 formam,

478 1604 638 1658 Hunc
661 1602 994 1655 tricesimum
1026 1601 1361 1668 tertiumque
1389 1597 1557 1653 simul
1579 1604 1801 1652 cantum
1829 1597 2049 1651 cecinit.

478 1690 708 1746 Faustis
734 1689 924 1743 verbis
957 1704 1192 1758 semper
1223 1690 1438 1759 Regem
1476 1686 1766 1755 clamabo,

1543 287 2012 352 APOLINARII
2063 282 2304 346 EPISC.
2349 283 2778 348 LAODICENI

2141 429 2194 495 Α
2225 418 2536 497 Ὀφθαλμοί
2570 419 2836 496 μεγάλοιο
2875 425 3006 478 Θεοῦ
3037 421 3370 498 τρομέοντας
3399 422 3620 500 ὁρῶσιν,

3720 291 3902 351 1356

2225 511 2418 566 ’Όσσοι
2451 510 2716 584 θεσπεσίῳ
2749 511 2888 584 ἐλέῳ
2917 511 3296 586 μεμελημένοι
3332 512 3454 571 εἶσί.

2228 599 2426 674 Ψυχὰς
2461 597 2520 654 έκ
2550 599 2798 656 θανάτοιο
2827 601 3158 679 τανηλεγέος
3189 603 3470 678 ἀπερύξαι,

2229 689 2333 747 Καὶ
2366 689 2557 765 Θρέψαί
2590 692 2862 749 στονόεντι
2893 697 3254 769 πιεζομένους
3286 697 3452 774 φρένα
3481 697 3656 772 λιμῷ·

2225 777 2517 857 Ἦμὲτερος
2553 782 2701 853 μάλα
2732 785 2903 858 θυμὸς
2935 784 3263 861 ἀπῃώρηται
3294 789 3586 858 ”Ανακτος,

2227 869 2455 929 Οὕνεκεν
2487 874 2698 946 ἡμείων
2730 875 3024 951 πρόμαχος
3055 877 3145 932 καὶ
3189 879 3400 954 ἀρωγὸς
3427 877 3658 954 ἐτύχθη.

2229 962 2394 1040 ’Δμφ’
2436 962 2582 1036 αύτῷ
2613 966 2905 1040 κεχάροιτο
2936 967 3060 1030 νόος
3093 965 3446 1040 πραπίδεσσιν
3481 968 3703 1038 ἰανθεὶς,

2235 1049 2340 1106 Καί
2368 1051 2419 1105 οἱ
2448 1051 2689 1126 ἡμετέρη
2722 1050 2900 1128 ὄνομα
2925 1054 3125 1111 κλυτόν
3157 1055 3316 1120 ἐλπὶς
3344 1057 3571 1133 ἐτύχθη.

2225 1139 2420 1214 Αὐτὸς,
2451 1142 2639 1212 ιἈναξ,
2676 1140 2900 1214 έλέητυν
2931 1145 3207 1221 ἀπείριτον
3241 1145 3417 1221 ἄμμιν
3447 1147 3696 1218 ὀπάζοις,

2227 1231 2328 1285 Οἷά
2357 1251 2446 1285 σευ
2478 1229 2793 1302 ὶλπίζοντες
2824 1235 2903 1289 ἀεὶ
2936 1234 3284 1313 ποτιδέγμεθ⁹
3315 1239 3562 1314 ἀρωγήν.

2824 1328 3127 1384 ΨΑᾹΜΟΣ
3159 1330 3280 1387 ΛΓ’.

2228 1411 2457 1468 Ὀππότ’
2492 1407 2860 1490 Ἀϐιμέλεχον
2898 1415 3182 1490 μενεδήιον
3215 1420 3616 1494 ἠπεροπεύσας,

2230 1502 2430 1580 ᾯχετο
2463 1500 2709 1576 Δαυΐδος,
2741 1506 3002 1582 σφετέρην
3037 1504 3083 1561 δ’
3107 1507 3390 1579 ἠλλάξατο
3425 1512 3670 1586 μορφὴν,

2229 1589 2396 1648 Τόνδε
2423 1594 2704 1665 τρικοστὸν
2736 1597 2988 1669 τριτατόν
3024 1599 3069 1660 θ’
3100 1596 3215 1670 ἃμα
3245 1603 3438 1670 κῶμον
3473 1596 3735 1674 ἔμελψεν.

2232 1680 2524 1758 Εὐφήμοις
2558 1682 2797 1738 ἐπέεσσιν
2831 1685 2912 1740 ἀεὶ
2939 1686 3183 1757 Βασιλῆα
3218 1689 3430 1764 βοήσω,

480 1782 723 1851 Semper
781 1779 983 1850 lingua
1039 1794 1213 1832 suum
1244 1793 1484 1832 carmen
1516 1775 1881 1831 laudandum
1914 1776 2094 1830 feram

2232 1770 2549 1868 Nw‘lapéwc
2575 1770 2798 1848 γλώσσῃ
2829 1773 3082 1853 σφέτερον
3120 1776 3286 1851 μέλος
3317 1778 3526 1834 αἰνετὸν
3559 1779 3717 1837 οἴσω.

481 1869 777 1925 Laudetur
801 1884 1000 1923 meum
1042 1885 1143 1922 cor
1169 1867 1228 1921 in
1257 1865 1580 1921 immortali
1615 1866 1790 1937 Rege.

386 1991 390 1994 -
481 1959 766 2013 Mansueti
796 1958 1108 2013 audientes
1138 1973 1246 2011 suo
1282 1956 1560 2010 laetentur
1589 1955 1810 2010 animo.

479 2050 704 2103 Mecum
737 2047 1134 2102 immortalem
1157 2045 1533 2117 magnificate
1565 2047 1871 2099 Pastorem
1895 2043 2122 2098 mundi.

478 2139 548 2192 Et
576 2138 706 2208 ejus
737 2137 1072 2210 congregati
1122 2135 1450 2190 exaltemus
1481 2151 1700 2190 nomen
1732 2151 1962 2191 omnes.

479 2230 695 2282 Aurem
729 2227 926 2298 posuit
954 2231 1220 2298 paratam
1253 2225 1586 2296 exquirenti
1622 2224 1770 2280 mihi
1803 2226 1945 2290 Rex,

480 2318 650 2373 Omni
679 2333 811 2372 vero
844 2317 1093 2372 exitiosa
1112 2333 1208 2371 me
1239 2317 1354 2370 cito
1389 2316 1606 2386 eripuit
1648 2313 2052 2370 tribulatione.

479 2409 796 2479 Properate
829 2407 882 2461 ei
923 2405 1203 2461 accedere
1239 2423 1254 2472 ;
1284 2411 1341 2460 et
1392 2405 1504 2476 ipsi
1563 2405 1866 2460 mentibus
1921 2404 2124 2459 lumen

1794 2499 2028 2552 [canere

1795 2514 1885 2552 ica
1931 2514 2028 2551 ere

485 2591 555 2644 Ut
584 2587 902 2659 inculpatis
936 2603 1170 2658 semper
1201 2586 1565 2657 splendeatis
1587 2514 1924 2642 {aciebusp
2036 2538 2050 2564 ,

487 2677 578 2732 Sic
606 2693 832 2748 pauper
861 2676 1156 2743 clamavit,
1192 2677 1345 2730 Deus
1377 2692 1510 2730 vero
1544 2675 1655 2747 ipsi
1703 2676 1997 2731 exaudivit
2017 2693 2124 2732 vo-

1853 2765 2003 2836 [cem
2037 2783 2050 2819 :

481 2859 730 2914 Omnem
743 2873 877 2912 vero
905 2856 1152 2911 servavit
1170 2855 1448 2927 probram
1466 2859 1630 2910 extra
1657 2854 2122 2910 tribulationem.

480 2947 740 3018 Angelus
765 2946 1220 3017 circumstipans
1252 2947 1369 3000 Deo
1402 2944 1600 3000 veniet
1627 2943 1769 2999 illuc
1801 2950 1859 2999 et
1887 2944 2052 3015 illuc,

480 3036 543 3090 In
575 3036 832 3090 circuitu
871 3035 1104 3106 piorum
1137 3035 1419 3102 virorum,
1454 3034 1614 3105 ipsos
1654 3040 1720 3088 ut
1771 3039 1978 3088 servet.

479 3128 795 3181 Gustantes
821 3123 1032 3195 videte,
1066 3126 1186 3179 Rex
1217 3125 1502 3196 quoniam
1536 3123 1728 3178 suavis
1760 3129 1867 3178 est.

478 3216 689 3270 Beatus
720 3230 955 3285 semper
985 3213 1075 3268 vir
1105 3229 1210 3268 suo
1236 3213 1376 3286 Regi
1407 3213 1692 3270 confisus.

479 3306 673 3360 Sancti
714 3321 945 3375 omnes,
981 3320 1218 3376 semper
1247 3306 1450 3359 timete
1483 3307 1720 3376 Regem.

475 3395 716 3452 Piorum
742 3412 863 3450 non
896 3395 1056 3450 enim
1098 3394 1352 3465 alicujus
1383 3393 1731 3449 desiderans
1761 3392 1977 3464 aliquis
2011 3399 2117 3450 est.

476 3484 816 3557 Indigentes
836 3484 1066 3540 domuit
1089 3483 1298 3538 divites
1317 3483 1637 3554 aliquando
1657 3482 1830 3538 fame.

478 3576 717 3630 Piorum
749 3591 882 3629 vero
913 3574 1086 3630 bonis
1125 3573 1291 3630 valde
1351 3573 1658 3628 abundant
1685 3573 2118 3645 generationes.

478 3666 600 3721 Huc
625 3665 826 3720 adeste
857 3663 1201 3731 mihi,chari
1228 3662 1358 3730 ﬁlii,
1386 3679 1518 3717 mea
1545 3680 1680 3718 vero
1712 3663 2117 3732 auditeverba,

480 3755 553 3811 Ut
582 3755 852 3810 timorem
887 3753 1058 3825 Regis
1085 3752 1395 3824 prudentis
1424 3769 1523 3807 vos
1549 3753 1816 3808 doceam.

477 3845 619 3910 Quis
651 3844 812 3916 cupit
844 3843 1129 3912 elegantis
1159 3842 1355 3897 videre
1387 3843 1517 3896 vitae
1559 3841 1959 3907 serenitatem,

475 3933 829 3988 Desiderans
858 3932 1172 4003 perbeatos
1203 3948 1442 4002 semper
1471 3931 1597 3985 dies
1623 3930 1821 3984 videre
1851 3929 1878 3984 ?

475 4023 755 4095 Linguam
787 4027 951 4078 tuam
992 4037 1302 4091 compesce
1335 4019 1745 4091 vituperabilis
1776 4017 2040 4090 malitia),

469 4115 538 4167 Et
567 4112 786 4168 odiosis
817 4128 1086 4167 seorsum
1118 4109 1270 4164 dolis
1304 4115 1401 4164 tua
1431 4107 1588 4164 labia
1619 4114 1798 4180 tegas.

465 4203 620 4275 Fuge
648 4200 1410 4273 improbitatem,bonorum
1432 4214 1564 4254 vero
1579 4215 1864 4270 appareas
1877 4198 2108 4271 artifex,

465 4292 633 4346 Pacis
656 4289 939 4346 amabilia
960 4294 1096 4361 post
1125 4290 1368 4362 vestigia
1401 4305 1638 4360 semper
1666 4289 1960 4362 gradiens.

464 4381 629 4436 Oculi
662 4381 835 4452 Regis
867 4379 1197 4452 respiciunt
1219 4380 1440 4452 justos,

461 4472 532 4525 Et
560 4470 827 4541 ipsorum
854 4469 1132 4542 precibus
1162 4469 1599 4540 paratissimam
1622 4469 1849 4540 prmbet
1875 4486 2100 4526 aurem.

2231 1857 2554 1916 Κυδαίνοιτό
2587 1882 2686 1934 μευ
2726 1863 2861 1937 ἦτορ
2896 1863 2946 1918 έν
2981 1865 3227 1940 ἀθανάτῳ
3257 1866 3516 1936 Βασιλῆι.

2231 1949 2495 2006 Μείλιχοι
2527 1949 2818 2015 εἰσαΐοντες
2851 1955 2923 2026 έῷ
2951 1956 3283 2031 κεχαροίατο
3316 1962 3495 2031 θυμῷ.

2231 2041 2396 2117 Ἀμφ’
2427 2039 2550 2113 ἐμοὶ
2584 2041 2844 2106 ἀθάνατον
2873 2042 3189 2122 μεγαλίζετε
3222 2046 3466 2122 Ποιμένα
3494 2045 3736 2120 κόσμου,

2231 2130 2334 2186 Καί
2365 2131 2416 2184 οἱ
2443 2130 2794 2206 ἀγειρόμενοι
2827 2134 3142 2209 ἄναείρομεν
3181 2132 3386 2210 οὕνομα
3416 2138 3634 2199 πάντες.

2230 2219 2374 2284 Οὗας
2405 2227 2565 2290 θῆκεν
2599 2221 2818 2296 ἑτοῖμον
2861 2223 3234 2300 ἀνιχνεύσαντί
3269 2247 3362 2299 μοι
3409 2228 3624 2297 Ἐσσήν,

2238 2308 2506 2380 Παντοίης
2537 2307 2584 2365 δ’
2617 2310 2788 2382 ὀλοῆς
2823 2334 2889 2386 με
2919 2316 3059 2378 θοῶς
3090 2313 3309 2386 ἐξείλετ’
3341 2317 3515 2386 ἀνίης.

2239 2399 2511 2455 Σπεύσατέ
2541 2402 2592 2455 οἱ
2621 2399 2876 2474 πελάσαι,
2908 2403 2998 2460 καί
3030 2405 3082 2460 οἱ
3115 2406 3269 2482 φρεσὶ
3301 2407 3498 2484 φέγγος
3532 2407 3777 2480 ἑλέσθαι,

2235 2587 2330 2642 Ὣς
2359 2600 2448 2634 κεν
2477 2579 2864 2655 ἀμωμήτοισιν
2895 2583 2975 2639 ἀεὶ
2999 2585 3272 2659 λάμποιτε
3301 2588 3639 2662 προσώποις.

2239 2668 2368 2726 Ὧδε
2395 2672 2620 2747 πτωχὸς
2652 2673 2796 2744 ἄϋσε,
2831 2673 2959 2738 Θεὸς
2994 2673 3050 2731 δέ
3084 2678 3137 2731 οἱ
3184 2673 3371 2732 ἔκλυεν
3403 2675 3595 2744 αὐδῆς.

2233 2859 2502 2931 Ιιαντοίης
2533 2857 2579 2915 δ’
2619 2857 2879 2938 ἐφύλαξεν
2911 2856 3169 2933 ἐλεγχέος
3198 2851 3408 2912 ἔκτοθεν
3441 2855 3541 2929 ἀτη
3555 2880 3600 2920 ς.

2227 2947 2495 3025 ’Ἄγγελος
2523 2949 2810 3026 ἀμφιέπων
2841 2953 2959 3020 Θεῷ
2985 2946 3146 3017 ἵξεται
3179 2941 3301 3010 ἔνθα
3325 2947 3414 3002 καὶ
3445 2941 3592 3011 ἔνθα.

2230 3037 2504 3096 Κυκλόθεν
2537 3034 2790 3094 εύσιϐέιυν
2824 3035 3057 3113 ἀνδρῶν,
3093 3037 3251 3115 σφέας
3285 3032 3424 3112 ὄφρα
3453 3039 3666 3114 σαώσῃ.

2231 3129 2559 3200 Γευσάμενοι
2591 3125 2858 3202 δέρκεσθε,
2892 3129 3048 3198 Ἀναξ
3081 3125 3161 3180 ὅτι
3199 3124 3458 3199 μείλιχός
3488 3125 3655 3184 ἐστιν.

2235 3175 2559 3200 """l"""
2595 3175 2643 3183 *-
2687 3175 2858 3199 ⁷’ν-’Ἷ
2913 3175 3048 3198 ··”“ν’
3087 3175 3161 3180 "'
3199 3175 3346 3198 στ’-ν
3375 3175 3456 3199 ..τ’
3490 3175 3625 3181 ⁷⁷⁷--

2149 3175 2192 3242 C
2227 3211 2456 3279 Ὀλϐιος
2487 3215 2600 3271 αἰέν
2631 3175 2768 3291 ἀνὴρ
2803 3215 3043 3292 σφετέρῳ
3073 3211 3308 3284 Βασιλῆι
3339 3175 3636 3280 πεποιθώς,

2227 3307 2462 3383 Εὐαγέες
2494 3307 2822 3380 σύμπαντες,
2852 3305 2933 3362 ἀεί
2963 3303 3283 3380 περιδείδετ’
3309 3309 3564 3364 ’¹Ανακτα.

2230 3393 2508 3453 Εὐσεϐέων
2547 3397 2608 3452 οὒ
2638 3398 2741 3474 γάρ
2770 3418 2861 3452 τευ
2892 3395 3186 3473 ἐφιμείρων
3227 3416 3310 3459 τις
3356 3395 3584 3471 ἐτύχθη,

2229 3488 2558 3561 Δευομένους
2588 3487 2854 3561 ἐδάμασσε
2883 3485 3282 3547 πολυκτεάνους
3312 3486 3443 3542 ποτὶ
3473 3485 3654 3562 πείνῃο

2227 3573 2506 3634 Εὐσεϐέων
2540 3575 2584 3632 δ’
2613 3578 2863 3653 ἀγαθοῖσι
2897 3577 3036 3651 μέγα
3076 3575 3322 3650 βρίθουσι
3354 3573 3627 3650 γενέθλαι.

2227 3670 2381 3744 Δεῦρ’
2409 3664 2488 3722 ἷ¹τε
2521 3688 2636 3738 μοι,
2670 3666 2806 3744 φίλα
2834 3668 3012 3735 τέκνα,
3045 3665 3190 3738 ἐμῶν
3226 3662 3271 3719 δ’
3306 3663 3624 3720 έπικέκλυτε
3659 3667 3873 3740 μύθων·

2226 3758 2406 3832 *Οφρα
2427 3751 2595 3834 φόϐον
2627 3753 2903 3826 Βασιλῆος
2937 3753 3119 3826 ἐνηέος
3165 3753 3315 3828 ἄμμε
3341 3752 3559 3825 διδάξω.

2225 3845 2316 3908 Τίς
2349 3847 2534 3910 ποθέει
2565 3845 2845 3920 χαρίεντος
2870 3841 2999 3898 ἰδεῖν
3039 3840 3246 3917 βιότοιο
3283 3841 3549 3918 γαλήνην,

2225 3935 2519 4011 ’ἰσχανόων
2551 3928 2841 3990 πολύολϐα
2871 3930 3165 4008 διαμπερὲς
3211 3934 3395 4004 ἤματα
3427 3931 3670 3989 λεύσσειν
3707 3956 3720 4005 ;

2223 4024 2477 4080 Γλῶσσαν
2508 4026 2606 4093 σὴν
2639 4024 2951 4079 ἀπόπαυσον
2982 4022 3311 4098 έλεγχίστης
3353 4022 3679 4096 κακότητος,

2221 4116 2314 4169 Καὶ
2351 4119 2621 4190 στυγερῶν
2648 4114 2914 4177 ἀπάνευθε
2940 4110 3118 4168 δόλων
3151 4113 3241 4167 σέο
3274 4110 3465 4187 χείλεα
3494 4113 3729 4178 κεύθοις.

2219 4209 2392 4279 Φεῦγε
2420 4203 2812 4281 κακορραφίην,
2844 4203 3060 4277 ἀγαθῶν
3095 4199 3140 4256 δ’
3172 4201 3458 4276 ἀναφαίνεο
3490 4205 3716 4274 τέκτων,

2217 4293 2458 4366 Εἰρήνης
2489 4293 2735 4369 ἐρατεινά
2768 4294 2884 4367 μετ’
2917 4291 3068 4367 ἴχνια
3093 4289 3323 4348 πάντοτε
3352 4292 3573 4368 βαίνων,

2230 4381 2524 4459 Οφθαλμοὶ
2559 4388 2831 4452 Βασιλῆος
2861 4380 3220 4437 ἐποπτεύουσι
3251 4378 3514 4450 δικαίους,

2213 4473 2316 4528 Καί
2345 4493 2518 4550 σφεων
2555 4469 2872 4546 εὐχωλῇσιν
2924 4472 3278 4544 ἑτοιμότατον
3311 4470 3474 4546 πόρεν
3505 4472 3656 4534 οὖας.

459 4560 704 4616 Dolores
729 4559 1086 4615 fabricantes
1111 4561 1233 4614 Rex
1278 4559 1546 4614 observat
1575 4557 1852 4626 vultibus,

2227 4561 2414 4636 Ἀλγεα
2443 4561 2816 4623 τεκταίνοντας
2845 4563 3004 4633 Ἀναξ
3037 4558 3313 4616 δοκέεσκεν
3337 4562 3610 4632 ὁπωπαῖς,

457 4651 530 4705 Ut
557 4650 766 4721 perdat
795 4666 1001 4706 eorum
1031 4649 1382 4706 memoriam
1413 4649 1484 4704 de
1529 4653 1704 4703 terra.

451 4742 598 4796 Justi
622 4741 1048 4810 clamaverunt,
1082 4745 1362 4796 caeterum
1397 4742 1582 4795 Deum
1615 4740 1968 4794 invenerunt
1993 4740 2098 4795 de-

1683 4829 2024 4902 [fensorem.

450 4922 621 4978 Omni
653 4938 786 4978 vero
821 4939 1088 4978 seorsum
1120 4937 1226 4978 sua
1258 4920 1488 4976 liberati
1522 4925 1659 4976 sunt
1690 4919 2092 4976 tribulatione.

447 5011 671 5075 Quibus
704 5029 806 5067 cor
836 5013 1158 5067 contritum
1192 5016 1301 5078 est,
1335 5026 1570 5081 semper
1603 5011 1757 5065 Deus
1786 5011 1948 5065 novit
1976 5011 2098 5082 opi-

1817 5098 2016 5155 tulari.

1817 5104 1874 5154 tu

443 5189 663 5259 Spiritu
695 5194 894 5244 autem
929 5206 1034 5246 suo
1065 5189 1355 5244 humilem
1380 5188 1567 5244 virum
1601 5100 1874 5244 servab[it.

441 5275 638 5330 Multae
661 5282 720 5331 et
751 5277 1095 5348 frequentes
1127 5285 1470 5334 sanctorum
1489 5283 1628 5334 sunt
1651 5278 2086 5347 tribulationes,

439 5366 509 5418 Et
536 5365 698 5435 ipsos
731 5383 800 5420 ex
833 5366 1109 5421 omnibus
1139 5367 1418 5422 liberabit
1450 5372 1707 5422 aeternus
1739 5369 1859 5422 Rex
1895 5384 1907 5421 :

435 5454 566 5523 Ipse
602 5454 719 5508 Rex
744 5459 910 5507 curet
941 5459 999 5508 et
1029 5471 1164 5509 ossa
1187 5456 1390 5509 omnia
1415 5454 1728 5518 custodiat.

435 5544 515 5597 Ex
546 5542 692 5615 ipsis
717 5559 849 5599 vero
872 5559 992 5598 non
1021 5542 1345 5613 quidquam
1361 5551 1780 5616 corrumpatur
1807 5545 2083 5601 fractum.

434 5634 586 5687 Mors
617 5639 998 5704 peccatorum
1031 5633 1366 5703 perniciosa
1388 5638 1445 5688 et
1474 5634 1695 5689 misera
1726 5640 1834 5689 est.

2210 4653 2384 4724 Ὃφρα
2413 4672 2500 4706 κεν
2533 4649 2755 4726 ἕξολέσῃ
2785 4649 3038 4728 σφέτερον
3073 4652 3356 4723 μνημήιον
3389 4649 3534 4721 αἷής.

2209 4733 2463 4802 Εὐσεϐέες
2501 4741 2794 4814 βοάασκον,
2829 4740 2961 4814 ἀτὰρ
2994 4739 3121 4794 Θεὸν
3151 4741 3301 4814 εὗρον
3328 4739 3566 4814 ἀρωγὸν,

2206 4919 2475 4987 Παντοίης
2509 4915 2554 4972 δ’
2586 4916 2876 4972 ἀπάνευθεν
2911 4918 3004 4987 ἑῆς
3045 4917 3350 4992 έφύλαχθεν
3383 4917 3562 4989 ἀνίης.

2203 5008 2293 5069 Οἷς
2323 5004 2514 5083 κραδίη
2548 5008 2888 5081 τέθραυσται,
2924 5007 3003 5061 ἀεὶ
3048 5007 3177 5069 Θεὸς
3230 5003 3374 5062 οἶδεν
3425 5009 3672 5082 ἀρήγεινο

2209 5188 2480 5261 ΙΙνεύματι
2513 5185 2570 5242 δὲ
2602 5189 2841 5263 σφετέρῳ
2871 5186 3311 5263 χθαμαλόφρονα
3342 5191 3494 5264 φῶτα
3522 5189 3742 5246 σαώσει.

2200 5276 2410 5334 Πολλαὶ
2443 5279 2533 5332 καὶ
2565 5279 2790 5332 πυκιναὶ
2821 5277 2986 5331 ὁσίων
3016 5275 3276 5351 γεγάασιν
3304 5277 3475 5343 ἀνῖαι,

2198 5366 2299 5422 Καί
2337 5386 2497 5443 σφεας
2528 5365 2587 5421 ἐκ
2617 5367 2832 5420 πασέων
2861 5363 3188 5420 ἀπολύσεται
3223 5365 3444 5443 ἄφθιτος
3490 5369 3703 5438 Ἐσσην.

2197 5454 2369 5516 Αὐτὸς
2401 5456 2565 5525 Ἀναξ
2597 5453 2849 5526 κήδοιτο,
2877 5454 2964 5509 καὶ
2993 5453 3154 5509 ὀστέα
3183 5455 3356 5510 πάντα
3386 5452 3638 5533 φυλάξοι·

2198 5545 2291 5598 Ἐκ
2322 5541 2367 5598 δ’
2399 5543 2603 5599 αὖτέων
2638 5544 2735 5600 οὐκ
2766 5545 2826 5600 ἅν
2857 5567 2909 5600 τι
2942 5545 3354 5621 καταφθείροιτο
3386 5544 3601 5621 έαχθέν.

2198 5633 2416 5707 Πότμος
2446 5636 2792 5710 άμαρτινόων
2826 5634 2988 5698 ὀλοὸς
3031 5634 3120 5689 καὶ
3155 5632 3398 5709 ἄποτμος
3432 5634 3662 5710 ἐτύχθηο
