4120 6262
358 371 509 434 1371

361 507 558 564 Oratio
589 502 746 575 apud
781 518 872 557 me
905 503 1020 556 Deo
1053 503 1177 574 regi
1209 502 1340 557 vitae
1369 520 1381 558 :

362 596 489 651 Dixi
519 597 634 649 Deo
664 609 676 648 :
711 593 900 656 Quare
931 591 1048 646 mei
1081 591 1165 646 sic
1196 592 1414 647 oblitus
1447 609 1681 665 semper
1709 612 1772 650 es
1801 595 1829 649 ?

363 687 550 749 Quare
584 681 1196 738 contristatusincedo
1231 681 1369 737 hinc
1392 683 1630 750 ethinc,

367 775 500 828 Viro
524 775 693 828 hoste
723 789 817 827 me
841 769 1136 843 alﬂigente
1167 788 1419 827 maerore
1450 773 1477 828 ?

367 864 573 918 Hostes
595 862 1096 934 exprobraverunt
1141 861 1376 932 quando
1431 880 1562 918 ossa
1592 864 1795 918 omnia
1824 862 2008 917 fracta

1717 955 1882 1023 [sunt
1920 971 1932 1008 :

367 1044 609 1115 Semper
639 1041 784 1097 mihi
816 1042 1020 1097 dicunt
1051 1058 1064 1096 :
1099 1044 1251 1097 Deus
1273 1042 1372 1096 ubi
1401 1047 1491 1097 est
1520 1042 1701 1098 tuus?

366 1133 600 1200 Anima,
634 1132 777 1204 quid
808 1133 1057 1188 moraris
1079 1133 1106 1188 ?
1126 1131 1269 1202 quid
1298 1149 1431 1187 vero
1464 1133 1610 1187 mihi
1642 1132 2010 1188 mentemin-

1471 1223 1592 1294 [tus
1622 1222 1884 1278 concitas
1915 1223 1942 1276 ?

371 1313 513 1384 Spes
547 1313 649 1367 tibi
681 1317 834 1367 Deus
867 1312 962 1380 sit,
997 1328 1100 1383 ego
1130 1329 1264 1367 vero
1320 1313 1432 1383 ipsi
1482 1312 1720 1368 laudem
1752 1328 1957 1368 canam
1997 1327 2010 1366 :

369 1404 499 1474 Ipse
530 1403 646 1457 mei
671 1407 759 1457 est
788 1418 1132 1473 supremum
1165 1401 1452 1457 auxilium
1485 1407 1778 1473 aspectus.

941 1492 1258 1546 PSALMUS
1288 1493 1453 1546 XLII.

371 1583 546 1638 Suave
577 1585 633 1635 in
662 1597 818 1636 sacro
849 1581 997 1636 istud
1025 1583 1192 1634 etiam
1220 1583 1279 1634 in
1309 1581 1731 1650 quadragesimo

445 1671 617 1726 David
639 1670 883 1740 prudens
903 1670 1196 1724 secundum
1227 1673 1422 1726 cecinit
1453 1688 1690 1725 carmen.

368 1760 591 1828 Judica,
619 1761 758 1825 Rex,
796 1765 1018 1830 quanta
1048 1759 1252 1830 utique
1298 1777 1392 1814 me
1423 1761 1630 1831 iniqua
1660 1760 1815 1814 laesit
1833 1777 2012 1832 gens:

371 1851 507 1904 Viro
542 1866 577 1904 a
605 1848 815 1904 doloso
849 1854 909 1904 et
935 1849 1008 1904 ab
1040 1848 1245 1920 iniquo
1276 1866 1372 1904 me
1406 1867 1620 1906 serves.

370 1938 570 1994 Robur
601 1938 972 2009 meum,quid
996 1955 1088 1994 me
1121 1944 1177 1993 te
1202 1945 1432 1994 tantum
1457 1939 1705 1994 dimittis
1727 1939 2015 1994 seorsim?

372 2030 561 2093 Quare
594 2029 780 2082 tristis
812 2029 1022 2084 incedo
1057 2030 1198 2084 hinc
1229 2036 1287 2084 et
1317 2030 1476 2097 hinc,

375 2119 508 2172 Viro
540 2119 707 2174 hoste
738 2136 831 2173 me
863 2118 1158 2191 aﬂligente
1186 2136 1437 2175 mmrore
1467 2120 1494 2174 Ἰ

377 2209 600 2262 Lumen
623 2207 1049 2279 veritatemque
1083 2213 1244 2264 tuam
1277 2209 1498 2264 claram
1531 2210 1752 2278 mittas,

375 2297 596 2362 Quibus
626 2298 1001 2354 illuminatus
1023 2303 1189 2354 tuum
1220 2299 1280 2353 in
1327 2307 1590 2355 montem
1623 2301 1846 2356 veniam
1880 2317 2015 2355 san-

1741 2393 1947 2463 [ctum,

377 2482 446 2535 Et
478 2481 594 2536 tuis
624 2480 972 2536 clarissimis
1002 2481 1448 2536 contubernalis
1479 2497 1608 2536 sum
1651 2481 1909 2552 palatiis.

379 2571 576 2626 Altare
605 2570 928 2641 gloriosum
961 2570 1062 2623 Dei
1096 2569 1268 2624 adibo
1301 2571 1449 2642 jam,

378 2658 485 2723 Qui
519 2673 712 2712 meam
744 2657 1006 2712 laetiﬁcet
1034 2659 1280 2729 gratiam
1309 2660 1653 2714 virescentis
1670 2661 2021 2731 pubertatis,

379 2747 605 2803 Sonora
635 2748 881 2816 cithara,
914 2749 1108 2814 Beate,
1138 2753 1297 2803 tuam
1316 2749 1553 2804 laudem
1576 2766 1806 2805 canam.

381 2838 615 2905 Anima,
649 2837 794 2908 quid
820 2837 1073 2893 moraris
1097 2837 1125 2892 ‘I
1151 2838 1294 2908 quid
1319 2855 1452 2894 vero
1484 2839 1630 2893 mihi
1653 2845 1911 2896 mentem
1937 2841 2021 2895 in-

1482 2930 1600 3000 [tus
1639 2931 1900 2985 concitas
1930 2931 1956 2985 ‘I

388 3019 530 3090 Spes
564 3017 668 3072 tibi
703 3020 857 3073 Deus
889 3019 984 3086 sit,
1018 3035 1122 3090 ego
1154 3035 1287 3074 vero
1334 3019 1446 3090 ipsi
1495 3019 1732 3075 laudem
1765 3037 1974 3076 canam
2009 3037 2023 3074 :

382 3109 511 3178 Ipse
543 3107 658 3163 mei
693 3114 781 3162 est
811 3124 1074 3179 praesens
1104 3108 1389 3164 auxilium
1421 3115 1716 3180 aspectus.

925 3215 1245 3271 PSALMUS
1281 3217 1470 3274 XLIII.

381 3325 446 3379 In
469 3324 828 3393 prudentiam
859 3324 990 3392 ﬁliis
1027 3326 1372 3394 magnanimi
1393 3326 1528 3380 Core

384 3413 588 3467 Cantus
616 3414 718 3467 iste
749 3413 941 3468 tertius
971 3419 1021 3468 et
1053 3415 1505 3483 quadragesimus
1533 3421 1631 3471 est.

380 3501 635 3556 Auribus
665 3503 885 3557 nostris
918 3503 1268 3572 audivimus,
1303 3509 1524 3559 wterne
1555 3505 1781 3571 Pastor,

383 3589 561 3644 Nobis
593 3590 754 3645 chari
787 3590 928 3645 olim
976 3596 1367 3648 narraverunt
1405 3598 1680 3663 parentes

381 3679 727 3751 0pus,quod
757 3685 1034 3751 operatus
1066 3682 1228 3736 estin
1243 3681 1504 3752 antiquis
1517 3681 2022 3754 generationibus.

382 3771 586 3825 Manus
620 3775 719 3825 tua
747 3770 1008 3842 perdidit
1039 3777 1262 3842 gentes,
1298 3778 1355 3825 et
1384 3772 1664 3843 plantasti
1695 3777 1912 3844 patres.

383 3859 642 3931 Populos
674 3860 954 3925 evertisti,
990 3877 1096 3916 sua
1126 3877 1260 3916 vero
1293 3861 1571 3932 expulisti
1606 3868 1782 3917 terra.

383 3951 583 4020 Neque
616 3950 777 4005 enim
807 3949 1203 4021 possederunt
1233 3968 1337 4005 suo
1371 3956 1544 4006 antea
1571 3951 1765 4023 gladio
1785 3956 2022 4016 terram,

385 4039 584 4109 Neque
617 4039 969 4095 bellicosum
1003 4039 1265 4095 hostium
1290 4041 1537 4094 servavit
1566 4039 1896 4108 brachium,

380 4127 493 4182 Sed
527 4133 625 4184 tua
655 4145 888 4195 manus,
923 4135 979 4182 et
1013 4129 1095 4184 tui
1122 4129 1330 4197 ingens
1360 4128 1563 4183 lumen
1593 4129 1808 4198 vultus,

382 4218 672 4282 Quoniam
704 4222 803 4272 tuo
835 4218 1034 4271 animo
1068 4216 1373 4272 conﬁdens
1405 4217 1565 4289 ipsos
1589 4218 1825 4274 voluisti
1859 4235 2024 4274 coer-

1770 4307 1948 4382 [cere.

381 4399 514 4470 Ipse
548 4399 668 4454 Rex
699 4414 868 4453 meus
901 4402 1026 4467 est;
1061 4397 1214 4453 Deus
1245 4415 1380 4453 vero
1405 4414 1571 4454 meus
1603 4415 1838 4470 semper
1869 4416 1951 4466 es,

385 4488 492 4553 Qui
520 4488 732 4543 Jacobo
763 4488 897 4542 vitae
930 4487 1225 4544 mandasti
1255 4488 1480 4545 lumen.

383 4579 459 4633 Te
488 4578 623 4634 freti
657 4579 937 4634 cornibus
964 4579 1144 4634 robur
1176 4579 1539 4634 trucidamus
1562 4579 1844 4648 hostium,

1443 364 1912 429 APOLINARII
1958 369 2199 432 EPlSC.
2248 368 2669 430 LAODICENI

2035 507 2084 570 Α
2120 504 2367 581 Εύχωλή
2400 513 2525 582 παρ’
2555 507 2708 578 ἐμεῖο
2739 507 2854 574 Θεῷ
2889 497 3116 574 βασιλῆι
3152 496 3383 574 βιώνης.

3611 361 3776 422 13⁸72

2118 595 2255 650 Εἴποι
2286 601 2419 668 Θεῷ·
2453 596 2520 652 Τί
2554 615 2652 667 μευ
2684 591 2791 648 ὧδε
2823 587 3163 662 λελασμένος
3194 585 3307 641 αἰὲν
3332 583 3571 659 ἐτύχθης
3607 605 3621 654 ς

2117 684 2288 740 Τίπτε
2316 685 2628 764 κατηφιόων
2665 680 3068 759 παρανίσσομαι
3099 672 3224 731 ἔνθα
3255 675 3344 730 καὶ
3376 673 3523 743 ἔνθα,

2120 773 2348 852 ,Ανδρδς
2378 763 2670 848 δυσίμενὲος
2705 795 2772 847 με
2801 763 3225 830 καταθλίϐοντος
3257 765 3408 840 ἀνίῃί

2122 868 2425 938 Λυσμενέες
2453 865 2748 935 νείκεσσαν,
2786 862 2864 918 ὅτ’
2896 861 3054 916 ὀστέα
3099 860 3271 914 πάντα
3299 854 3513 931 ἔαχθενο

2123 1043 2360 1101 Πάντοτε
2393 1067 2486 1119 μοι
2523 1046 2763 1120 βάζουσι“
2798 1040 2926 1104 Θεός
2958 1061 3020 1095 νυ
3050 1043 3155 1094 ποῦ
3185 1035 3380 1093 ἔπλετο
3407 1040 3519 1092 σεῖο
3553 1052 3568 1105 ;

2121 1135 2290 1208 Θυμὶ,
2320 1134 2372 1190 τὶ
2397 1134 2646 1205 δηθύνεις
2680 1154 2694 1203 ;
2726 1131 2780 1187 τί
2811 1128 2868 1186 δέ
2901 1151 2994 1203 μοι
3025 1129 3149 1184 νόον
3197 1122 3344 1182 ἔνδον
3377 1124 3578 1201 ὀρίνεις
3607 1145 3623 1197 ;

2123 1313 2316 1376 Ἐλπίς
2345 1335 2432 1370 τοι
2459 1315 2589 1378 Θεὸς
2626 1308 2786 1380 ἔστω,
2820 1311 2926 1385 ἐγὼ
2958 1307 3016 1365 δέ
3046 1309 3098 1364 οἱ
3121 1311 3269 1363 αἶνον
3299 1305 3484 1362 ἀείσωο

2125 1403 2300 1468 Αὐτὸς
2329 1403 2468 1478 ἐμῆς
2507 1403 2714 1460 τελέθει
2748 1419 3154 1476 πανυπερτατον
3181 1396 3355 1472 ἄλκαρ
3385 1396 3637 1465 ὀπωπῆς.

2690 1493 2986 1549 ΨΑΛΜΟΣ
3043 1488 3177 1546 MB‘.

2197 1584 2467 1660 Μείλιχον
2502 1585 2636 1660 ἀμφ’
2694 1583 2826 1658 ἱερῷ
2883 1577 3010 1635 τόδε
3061 1578 3149 1632 καὶ
3201 1576 3254 1632 ἐν
3284 1576 3706 1651 τεσσαρακοστῷ

2374 1670 2602 1734 Δαυῖδος
2628 1671 2849 1732 πινυτὸς
2882 1667 3127 1743 δεύτερον
3161 1668 3260 1738 ᾖσε
3311 1663 3500 1738 μέλος.

2125 1769 2349 1834 Κρῖνον,
2377 1762 2564 1832 Ἀναξ,
2595 1760 2692 1816 ὅσα
2737 1758 2804 1830 δή
2867 1760 2922 1832 μ’
2955 1754 3140 1812 ἄδικον
3175 1750 3470 1825 λωϐήσατο
3501 1750 3702 1830 φῦλονο

2044 1878 2091 1942 Β
2127 1854 2346 1927 Ἀνέρος
2377 1850 2436 1942 έκ
2467 1847 2722 1942 δολεροῖο
2751 1848 2840 1904 καὶ
2867 1847 2918 1918 ἐξ
2945 1845 3140 1942 ,ἀδίκου
3163 1866 3265 1942 ,με
3303 1845 3531 1942 cardiaci:
3565 1844 3702 1915 (30).

2127 1941 2341 2016 Κάρτος
2373 1941 2528 2014 ἐμὸν,
2559 1939 2611 1996 τί
2645 1961 2712 2014 με
2743 1943 2855 1994 σεῖο
2895 1936 3053 1992 τόσον
3090 1935 3357 2009 μεθέηκας
3389 1931 3578 1996 ἄνευθε
3610 1953 3625 2003 ς

2124 2033 2294 2089 Τίπτε
2323 2031 2640 2108 κατηφιόων
2668 2027 3055 2102 μετανίσσομαι
3088 2023 3214 2089 ἔνθα
3240 2023 3332 2079 καὶ
3363 2022 3504 2089 ἔνθα,

2125 2119 2349 2197 Ἀνδρὸς
2381 2117 2676 2192 δυσμενεος
2707 2139 2774 2193 με
2802 2111 3234 2176 καταθλίϐοντος
3293 2113 3417 2187 ἀνίῃ
3449 2131 3462 2181 i

2127 2218 2338 2287 Φεγγος
2371 2208 2637 2281 ἀληθείην
2667 2230 2725 2264 τε
2758 2221 2905 2273 σεθεν
2939 2202 3289 2283 περιλαμπέα
3317 2202 3577 2277 πέμποις,

2127 2301 2248 2360 Οἶσι
2282 2300 2635 2378 φαεινόμενος
2667 2301 2784 2355 τεὸν
2821 2302 2899 2360 εἰς
2931 2295 3059 2374 ὅρος
3082 2295 3273 2370 ἵξομαι
3305 2295 3490 2371 ἁγνὸν,

2129 2482 2232 2539 Καί
2266 2503 2354 2537 σεο
2379 2479 2712 2538 κυδίστοισιν
2747 2480 3001 2555 ὁμεστιός
3038 2477 3154 2552 εἶμι
3184 2479 3299 2551 (31)
3331 2471 3648 2550 μελάθροις.

2132 2573 2328 2646 Βωμὸν
2362 2570 2701 2645 ἀγακλήεντα
2732 2575 2865 2626 Θεοῦ
2900 2567 3296 2644 μετελεύσομαι
3327 2563 3460 2637 ἤδη·

2129 2665 2228 2724 ’Ὀς
2268 2683 2366 2735 μευ
2388 2661 2673 2739 εὐφρήνειε
2699 2662 2862 2736 χάριν
2893 2655 3186 2729 νεοθηλέος
3213 2651 3380 2726 ἥϐης·

2131 2748 2426 2823 Εὐκελάδῳ
2457 2750 2746 2828 φόρμιγγι,
2778 2749 2992 2825 Μάκαρ,
3025 2747 3144 2802 τεὸν
3166 2748 3314 2800 αἶνον
3347 2743 3532 2799 ἀείσω.

2133 2839 2300 2913 Θυμέ,
2331 2839 2382 2894 τί
2415 2837 2665 2909 δηθύνεις
2699 2859 2712 2909 ;
2745 2838 2794 2894 τί
2822 2837 2879 2893 δε
2913 2859 3005 2912 μοι
3055 2835 3175 2890 νόον
3207 2831 3357 2889 ἔνδον
3391 2832 3585 2908 ὀρίνεις
3617 2853 3631 2900 ;

2133 3018 2327 3081 Ἐλπίς
2355 3039 2440 3074 τοι
2472 3018 2599 3080 Θεὸς
2630 3015 2790 3087 ἔστω,
2823 3015 2933 3091 ἐγὼ
2965 3014 3023 3071 δε
3063 3015 3115 3070 οἱ
3147 3016 3296 3070 αἶνον
3327 3012 3491 3068 ἀείσω

2138 3109 2314 3171 Αὐτὸς
2347 3107 2484 3181 ἐμῆς
2513 3107 2720 3162 τελεθει
2749 3105 3154 3164 πανεπίσκοπον
3187 3103 3362 3178 ἄλκαρ
3395 3100 3653 3170 ὀπωπῆς·

2711 3215 3010 3271 ΨΑΛΜΟΣ
3045 3213 3174 3270 Ml".

2137 3323 2231 3382 Εἷς
2262 3324 2490 3393 πινυτήν
2511 3321 2775 3378 τεκέεσσιν
2813 3321 3156 3398 ὑπερθύμοιο
3186 3317 3426 3396 Κοραίου

2132 3418 2333 3488 Κῶμος
2365 3412 2455 3469 ὅδε
2477 3412 2727 3488 τρίτατος
2753 3414 2841 3468 καὶ
2876 3412 3302 3488 τεσσαρακοστὸς
3333 3407 3559 3484 ἐτύχθη.

2131 3500 2328 3562 Οὕασιν
2361 3502 2998 3579 ἡμετεροιςὴκούσαμεν,
3028 3501 3216 3578 ἃφθιτε
3246 3499 3484 3571 Ποιμήν

2131 3593 2308 3666 Ἀμμι
2340 3591 2489 3670 φίλοι
2517 3592 2578 3648 τὸ
2608 3591 2839 3666 πρόσθεν
2872 3591 3224 3666 ἀφηγήσαντο
3261 3593 3460 3656 τοκῆες

2131 3683 2352 3758 Ἔργον,
2386 3680 2519 3756 ὅπερ
2550 3683 2808 3751 τέκτηνας
2841 3680 2892 3736 έν
2927 3677 3191 3756 ἀρχαίῃσι
3227 3675 3529 3754 γενεθλαις.

2129 3771 2260 3845 Χεὶρ
2294 3773 2442 3826 σεθεν
2476 3770 2647 3826 ὣλεσε
2681 3767 2848 3848 φῦλα,
2871 3770 2960 3824 καὶ
3009 3764 3272 3844 έρῥίϐωσε
3303 3772 3529 3842 γονῆας.

2131 3859 2307 3922 Λαοὺς
2340 3859 2696 3930 ἐξαλάπαξας,
2732 3860 2825 3929 ἑῆς
2865 3857 3131 3930 ἐξήλασας
3164 3856 3309 3928 αἴης.

2131 3946 2271 4006 Οὐδὲ
2299 3949 2400 4024 γὰρ
2434 3948 2744 4024 ἐκλήρωθεν
2778 3948 2850 4019 ἑῷ
2882 3949 3054 4022 πάρος
3091 3948 3210 4022 ἄορι
3241 3950 3422 4020 γαῖαν,

2131 4035 2274 4096 Ούδὶ
2308 4038 2718 4112 μενεπτόλεμος
2749 4033 2920 4106 δηίων
2955 4036 3160 4090 ὲσάωσε
3185 4034 3459 4108 βραχίων,

2133 4126 2304 4184 Ἀλλά
2326 4129 2422 4197 τεὴ
2454 4125 2713 4200 παλάμη,
2743 4125 2833 4180 καὶ
2873 4133 2972 4196 σῆς
3002 4125 3138 4202 μέγα
3159 4145 3356 4200 φεγγος
3387 4124 3636 4193 ἒπωπῆςο

2131 4215 2340 4273 Οὕνεκα
2361 4217 2438 4290 σῷ
2469 4218 2630 4293 θυμῷ
2657 4216 2908 4278 πεπιθὼς
2945 4235 3106 4292 σφεας
3139 4213 3334 4283 ἤθελες
3373 4211 3568 4287 ἴσχειν.

2061 4373 2068 4382 1
2133 4397 2307 4460 Αὐτὸς
2341 4396 2464 4468 ἅναξ
2499 4395 2631 4470 έμός
2667 4393 2801 4466 ἐσσι,
2838 4395 2969 4458 Θεὸς
3001 4391 3056 4450 δε
3093 4414 3192 4468 μευ
3237 4391 3347 4448 αἰὲν
3383 4389 3639 4467 έτύχθης,

2129 4489 2316 4549 Ὀστις
2345 4481 2595 4560 Ἰακώϐῳ
2632 4491 2776 4556 ζωῆς
2806 4482 3087 4540 έπετείλαο
3129 4504 3349 4560 φεγγος.

2138 4577 2234 4631 Σοὶ
2266 4575 2479 4631 πίσυνοι
2509 4577 2755 4651 κεράεσσι
2790 4575 2916 4650 βίην
2949 4573 3267 4650 έναρίζομεν
3303 4572 3540 4648 ἐχθρῶν.

392 4629 416 4633 _
437 4629 454 4632 _
489 4629 531 4632 __
663 4629 680 4634 ν
875 4629 934 4634 _-
964 4629 980 4633 _
1002 4629 1061 4634 ,η
1080 4629 1133 4634 __
1179 4629 1215 4633 -_
1237 4629 1536 4634 --η-πη
1563 4629 1844 4648 __---____,

383 4669 610 4724 Nomen
645 4674 811 4724 tuum
852 4669 1215 4737 invocantes,
1275 4669 1649 4741 insurgentes
1706 4668 2004 4724 rideamus

2139 4629 2203 4631 κν
2790 4629 2883 4650 Γ,
2958 4629 2964 4630 ,
3045 4629 3184 4650 ,τι
3379 4629 3419 4648 ,ι

2137 4662 2362 4740 Οὕνομα
2393 4668 2482 4720 σὸν
2525 4663 2812 4726 καλέοντες
2846 4664 3245 4741 ἐπεγρομενους
3285 4661 3638 4738 γελάσαιμεν.

383 4760 508 4814 Non
541 4758 701 4814 enim
735 4759 795 4814 in
826 4764 1028 4815 nostro
1060 4761 1274 4814 eii‘eror
1305 4776 1405 4830 spe
1437 4775 1598 4813 arcu.

383 4850 581 4919 Neque
618 4865 652 4902 a
681 4848 856 4904 malis
886 4854 1094 4904 acutus
1121 4848 1280 4903 ensis
1314 4865 1406 4903 me
1430 4846 1637 4919 procul
1669 4852 1878 4904 servet.

380 4937 510 5008 Ipse
531 4937 870 5006 Rexque,ab
894 4938 1366 5009 opprimentibus
1379 4935 2020 5007 nosliberasti,Pastor:

387 5026 817 5097 Vituperandos
841 5045 972 5084 vero
996 5027 1417 5084 demonstrasti
1451 5025 1714 5082 infensos
1733 5026 1887 5082 viros
1917 5045 2026 5082 no-

1821 5117 1950 5184 [bis.

382 5203 672 5261 Diurnum
691 5205 870 5262 decus
894 5207 1064 5262 nobis
1082 5206 1240 5278 apud
1272 5208 1669 5265 immortalem
1713 5213 1952 5282 Regem,

381 5297 452 5349 Et
483 5299 649 5349 tuum
676 5294 911 5350 assidue
943 5313 1226 5352 canemus
1257 5315 1473 5353 nomen
1524 5299 1808 5354 divinum.

384 5387 548 5441 Nunc
572 5387 768 5439 autem
791 5385 1046 5440 dedecus
1060 5386 1319 5442 effudisti
1337 5387 1634 5459 repellens
1652 5394 1877 5444 tantum
1896 5405 2023 5458 nos,

384 5476 584 5545 Neque
617 5473 860 5528 armatis
891 5491 1165 5531 occurres
1196 5482 1261 5531 ut
1290 5483 1465 5532 antea
1495 5477 1748 5549 adjutor.

383 5563 664 5619 Conversi
699 5563 956 5619 horridis
986 5564 1124 5620 facti
1157 5582 1362 5620 sumus
1394 5565 1706 5622 inferiores
1737 5567 2024 5637 hostibus,

381 5653 767 5728 Inimicisque
799 5654 1050 5726 direptio
1078 5660 1215 5710 ante
1249 5653 1432 5725 pedes
1459 5671 1664 5710 sumus
1695 5661 1919 5727 parata.

447 5755 541 5826 (30
594 5754 856 5816 Σειώσεις.
887 5757 1080 5822 Forte,
1111 5751 1363 5811 σαώσαις.
1397 5753 1548 5808 Εοιτ.

450 5755 563 5899 (3ίέ
593 5824 876 5899 Ὀμέστιός
907 5825 1044 5899 εἶμι.
1075 5827 1268 5893 Forte,
1293 5814 1545 5894 ὀμέστιος

2138 4755 2214 4814 Οὐ
2245 4755 2348 4830 γὰρ
2381 4753 2462 4833 ἐφ’
2492 4757 2747 4830 ἡμετερῳ
2781 4752 3146 4830 μεγαλίζομαι
3180 4749 3360 4808 ἐλπίδι
3411 4750 3578 4823 τόξῳ,

2138 4843 2278 4902 Οὐδὲ
2306 4847 2486 4899 κακῶν
2518 4843 2780 4913 τανύηκες
2815 4841 2913 4918 ἄορ
2951 4843 3006 4916 μ’
3036 4843 3299 4906 ἀπάνευθε
3348 4839 3572 4897 σαώσοι.

2133 4935 2306 4998 Αὐτὸς
2339 4934 2501 5005 ’Ἂναξ
2531 4937 2604 5004 τ’,
2638 4933 2924 4988 ὠθούντων
2951 4933 3092 5006 ἄμμ’
3137 4931 3434 5002 ἀπελύσαο,
3469 4930 3710 5005 Ποιμήν,

2132 5023 2449 5097 Μωμητοὺς
2481 5021 2526 5077 δ’
2559 5021 2825 5100 ἀνέφηνας
2859 5021 3130 5097 ἀπεχθεας
3163 5020 3354 5097 ἀνέρας
3385 5023 3540 5093 ἡμῖν.

2132 5115 2394 5187 Ἦμάτιον
2428 5110 2592 5175 κλέος
2624 5110 2767 5186 ἄμμι
2801 5113 2926 5188 παρ’
2958 5111 3205 5183 ἀθανάτῳ
3239 5109 3495 5181 Βασιλῆι,

2139 5293 2242 5351 Καί
2274 5314 2365 5349 σεα
2393 5291 2688 5368 νωλεμεως
2719 5291 3105 5368 ἀναμελψομεν
3139 5287 3347 5365 οὕνομα
3374 5294 3538 5355 θεῖον.

2136 5387 2242 5438 Νῦν
2275 5380 2322 5438 δ’
2353 5385 2546 5460 αἶσχος
2574 5404 2895 5461 κατεχευας,
2928 5383 3292 5455 ἀπωσάμενος
3324 5381 3484 5436 τόσον
3516 5381 3712 5453 ἡμεαςο

2142 5471 2283 5530 Οὐδὲ
2312 5495 2739 5550 κορυσσομενοις
2775 5473 3118 5548 μετανίσσεαι
3145 5473 3219 5534 ὡς
3250 5471 3376 5550 πρὶν
3408 5475 3643 5549 ἀρωγός·

2139 5565 2498 5642 Στρεφοεντες
2531 5569 2769 5639 κρυερῶν
2802 5565 3137 5640 γεγενήμεθα
3169 5562 3379 5634 μείονες
3411 5562 3641 5639 ἐχθρῶν,

2139 5653 2484 5731 Εχθομενοις
2519 5655 2564 5717 θ’
2597 5654 2852 5729 ἅρπαγμα
2884 5653 3049 5728 παραὶ
3077 5651 3228 5707 ποσίν
3265 5653 3411 5726 εἰμεν
3451 5653 3700 5729 ἑτοῖμον.

593 5814 876 5900 Ὀμέστιός
907 5825 1044 5900 εἰμι.
1063 5814 1268 5893 Ἐοιιιθ,
1293 5814 1545 5894 ὁμέστιος
1575 5822 1709 5897 εἶμι,
1734 5825 1845 5892 ibo,
1876 5822 1936 5879 id
1964 5839 2011 5879 es

2106 5827 2308 5896 fﬁciar.
2345 5821 2498 5884 Eon.
