4120 6262
315 362 472 422 1377
1414 351 2052 417 lNTltRPRE'l‘A'l‘lO
2096 351 2178 411 IN
2225 350 2612 414 PSALTEM.
3582 339 3742 413 1378‘

315 494 535 572 ’Λρχὸς
566 487 898 568 ἐπουρανίων
933 488 1158 554 σθενέων
1190 487 1347 545 πέλει
1380 485 1556 563 ἄμμιν
1587 487 1821 564 ἐρωγὸς.

324 584 501 652 Αὐτὸς
528 576 793 642 Ἰακώϐου
823 580 1118 658 πρόμαχος
1148 581 1276 642 Θεὸς
1306 581 1482 653 ἄμμιν
1515 577 1742 654 ἐτύχθη.

928 672 1226 728 ΨΑΛΜΟΣ
1261 671 1384 740 MC.

326 769 506 838 Τοῦτο
541 761 911 838 μεγασθενῄέων
943 761 1138 838 τεκέων
1172 758 1417 815 ἐτέτυκτο
1451 757 1682 838 ῌοραίου

329 829 768 912 Μείλιχον’ἀμφ’
797 829 940 906 ἕκτῳ
969 832 1059 888 καὶ
1088 829 1764 910 τεσσαρακοστὸνόίεισμα.

325 923 564 984 Ηαίσατέ
597 943 689 996 μοι
724 919 994 998 χείρεσσιν
1025 921 1160 991 ὁμὸν
1191 919 1410 996 κρότον,
1443 917 1598 983 ἔθνεα
1623 919 1816 974 πάντα*

325 1012 631 1091 Τερπνίστῃ
667 1009 910 1080 Βασιλῆα
941 1010 1070 1066 Θεὸν
1099 1007 1439 1080 κελαδήσατε
1469 1011 1646 1087 φωνῇ·

318 1104 546 1160 Οὕνεκεν
577 1101 801 1176 ὕψιστος
830 1094 1062 1178 φοϐερός
1093 1101 1138 1163 θ’
1170 1100 1284 1173 ἅμα
1315 1103 1472 1154 πᾶσιν
1506 1098 1734 1174 ἐτύχθη,

320 1193 487 1266 Γαίης
519 1187 890 1252 παντοδαποῖς
927 1189 1061 1263 μετὰ
1087 1189 1349 1263 τέρμασιν
1378 1182 1781 1262 ἐμϐασιλεύων.

323 1281 502 1345 Λαοὺς
535 1278 682 1355 ἄμμι
727 1276 992 1352 δάμασσε,
1023 1277 1184 1333 ποσὶν
1213 1276 1260 1332 δ’
1295 1279 1606 1348 ὑπεθήκατο
1639 1272 1873 1348 δήμους.

324 1374 629 1446 Δεξάμενος
663 1368 826 1445 πόρεν
870 1370 1016 1442 ἄμμι
1049 1367 1206 1446 φίλον
1237 1367 1329 1423 καὶ
1361 1365 1516 1438 ἐνηέα
1540 1367 1771 1440 κλῆρον,

324 1465 538 1538 Μοῖραν
569 1453 857 1516 Ἰακώϐοιο
889 1462 1005 1530 Θεῷ
1033 1458 1367 1531 καταθύμιον
1401 1455 1527 1514 αίεί.

327 1549 697 1625 Εῗσανόρουσε
725 1548 857 1612 Θεὸς
891 1549 1070 1624 βοόων
1100 1545 1363 1603 ἐπινίκιον
1397 1545 1592 1620 ὕμνον,

335 1637 656 1699 Εύκελάδου
685 1637 985 1716 σάλπιγγος
1018 1634 1284 1713 ἀνέδραμε
1311 1636 1574 1710 κοίρανος
1605 1636 1734 1712 ἠχὼ

335 1731 633 1806 Ἠμέτερον
668 1730 937 1808 φόρμιγγι
967 1729 1094 1783 Θεὸν
1129 1725 1410 1806 φορμίζετ¹
1439 1723 1672 1797 ἀοιδαῖς,

332 1821 628 1898 ’Πμέτερον
663 1817 906 1887 Βασιλῆα
937 1823 1128 1898 σοφαῖς
1161 1816 1509 1891 ἀναμέλψατε
1538 1814 1802 1890 μολπαῖςο

332 1911 537 1967 Οὕνεκα
565 1908 833 1986 κοιρανέει
863 1909 1042 1980 πάσης
1075 1907 1206 1971 Θεὸς
1231 1905 1453 1985 ἄφθιτος
1484 1905 1630 1976 αἴης.

331 1999 596 2076 Μέλψατέ
631 2021 723 2074 μοι
755 2002 950 2074 πινυτῇ
980 1997 1177 2074 κραδίῃ
1211 1997 1302 2053 καὶ
1333 1997 1590 2074 ἐχέφρονι
1627 1996 1796 2070 μύθῳ.

331 2091 630 2157 Ἀθάνατος
668 2089 810 2166 μέγα
837 2108 1035 2166 γαρτος
1069 2085 1214 2146 ὅλων
1243 2087 1596 2145 κτεατίσσατο
1625 2085 1792 2144 λαῶν.

338 2271 514 2334 Αὐτὸς
542 2269 624 2327 ἐπ’
655 2269 954 2347 ἀχράντοιο
986 2269 1114 2332 Θεὸς
1143 2269 1344 2324 θώκοιο
1375 2269 1609 2328 θοάσσει.

329 2360 562 2436 Ἤγηταὶ
596 2361 910 2436 ξυνάγερθεν
938 2361 1092 2434 ὁμῶς
1125 2363 1240 2432 Θεῷ
1261 2353 1584 2433 Λϐραάμουο

331 2456 505 2507 ’Ἄντα
535 2449 668 2508 Θεοῦ
699 2449 987 2526 θώρηχθεν
1016 2443 1316 2523 ὑπερϐασίῃ
1351 2459 1553 2525 χθονος
1585 2448 1773 2524 ἀρχοί.

928 2540 1229 2596 ΨΑΛΜΟΣ
1272 2539 1398 2596 MZ'.

406 2633 553 2722 ὶὶρῖς
584 2631 1074 2723 [ξοραίρμκτερτξνὸν
1104 2630 1319 2723 ἐγράφη
1351 2630 1539 2723 μέλος.

335 2705 432 2766 Εἷς
461 2697 715 2778 ,δεμτέρᾲν
748 2702 795 2758 δ’
825 2697 1066 2776 έμέλψαν
1101 2697 1261 2778 αύτοὶ’
1283 2697 1601 2778 Σαϐϐᾲτωψ

410 2777 482 2832 Τὸ
515 2774 561 2831 δ’
592 2773 825 2851 ἕϐδομον
857 2773 1280 2852 τεσσαρακοστὸν
1313 2775 1379 2844 ἦν
1413 2774 1546 2847 ἅμα.

339 2864 557 2929 Αἰνετὸς
592 2866 908 2936 Ἀθάνατος,
938 2864 1028 2921 καὶ
1060 2862 1128 2934 δὴ
1163 2865 1330 2942 μέγας
1361 2859 1555 2920 ἔπλετο
1592 2867 1814 2938 μοῦνος,

339 2956 510 3012 Ἀστυ
539 2957 662 3032 περὶ
695 2959 946 3035 σφέτερον
976 2957 1066 3012 καὶ
1099 2957 1226 3034 ’ὀρος
1255 2957 1669 3030 παντακήρατον
1699 2954 1825 3014 αἰεί.

338 3049 603 3104 Ηάιτοθεν
637 3047 866 3124 εὐρύνων
903 3047 1073 3124 χάρμ’
1104 3045 1156 3102 ἐν
1191 3047 1354 3124 χθονὶ
1385 3041 1812 3121 πουλυϐοτείρῃ.

343 3134 522 3214 Οὔρεά
547 3158 632 3193 τοι
664 3142 870 3200 Σιῶνος
902 3137 1007 3192 ἀπὸ
1038 3137 1282 3213 πλευρῆς
1316 3138 1534 3213 βορέαο’

343 3228 514 3284 Ἀστὺ
544 3226 859 3298 πολυκλῆεν
891 3225 1318 3304 μεγαλοσθενέος
1348 3225 1642 3293 Βασιλῆος.

347 3317 647 3381 Ἀθάνατος
674 3317 963 3393 πύργοισιν
995 3317 1106 3380 ἐοῖς
1135 3314 1400 3389 ἀρίδηλος
1423 3316 1650 3392 ἐτύχθη,

343 3406 468 3463 Εὗτ’
500 3403 896 3480 ἐπιδευομένης
924 3405 1281 3484 ἐπιτάρροθος
1304 3404 1472 3480 ἵξεται
1505 3406 1691 3474 αὐτῆς.

344 3494 508 3565 Γαίης
540 3493 717 3565 ἦλθον
750 3495 977 3558 ἅπαντες
1009 3493 1346 3572 ἀγειρόμενοι
1382 3494 1661 3571 βασιλῆες·

345 3587 595 3660 Ὄμμασι
630 3583 972 3661 δερκόμενοι,
1003 3583 1197 3664 κραδίῃ
1227 3580 1592 3660 περιθάμϐεον
1621 3583 1794 3640 αὐτοί.

345 3675 670 3750 Ὀρνύμενοι
703 3671 1016 3746 κλονέοντο,
1047 3675 1254 3752 τρόμος
1289 3673 1334 3729 δ’
1367 3673 1673 3745 ἐπελήλυθε
1703 3674 1925 3748 πάντας,

347 3764 548 3822 Εἵκελα
576 3765 834 3841 τικτούσῃ
872 3765 1099 3830 πυκινὰς
1127 3762 1324 3828 ὠδῖνας
1353 3762 1586 3820 ἕλοιντο·

348 3854 444 3910 ’Πὶ
479 3854 571 3929 βίῃ
601 3853 690 3910 ὅτε
715 3861 847 3924 νῆας
877 3851 996 3912 ἕλοι
1028 3851 1290 3929 Θαρσῖδος
1325 3853 1519 3925 ἀήτης.

350 3942 467 4002 Ούκ
496 3945 599 4020 ἄρα
631 3945 781 4020 βάξις
807 3942 898 4015 ἔην
934 3944 1174 4018 (μύθοισι
1203 3944 1303 4020 γὰρ
1335 3940 1490 4019 ἔργον
1525 3941 1743 4014 ὀπηδεῖ)
1773 3964 1788 4013 ς

350 4032 527 4108 Ἀμφὶ
562 4037 695 4089 Θεοῦ
725 4032 922 4090 κλυτὸν
961 4035 1112 4104 ὰστυ,
1147 4038 1281 4089 Θεοῦ
1306 4032 1531 4090 σθενέων
1569 4033 1861 4109 βασιλῆος,

350 4122 527 4187 Αὐτός
557 4123 610 4177 οἱ
641 4121 1028 4197 ἀπυφέλικτον
1065 4122 1302 4195 ἐπήξατο
1334 4123 1578 4196 πυθμένα
1601 4124 1838 4197 Ποιμήν.

358 4215 485 4280 Σῶν¹
514 4211 663 4268 λαῶν
695 4211 795 4267 ἀνᾶ
827 4212 1042 4287 μέσσον,
1077 4213 1260 4284 Ἀναξ,
1295 4210 1520 4283 ἐλεητὸν
1554 4210 1800 4282 όπάζοις.

353 4389 515 4449 Ἠύτε
547 4388 593 4446 δ’
627 4386 1000 4470 ἀμφιϐόητον,
1029 4392 1217 4466 ’¹Αναξ,
1249 4393 1366 4447 τεὸν
1398 4390 1609 4466 οὕνομα
1643 4394 1854 4468 μίμνει,

353 4479 470 4538 Ὧδ’
500 4478 637 4538 ἔστω
666 4482 785 4544 τεὸς
812 4485 962 4544 αἶνος
995 4481 1131 4552 ὅλης
1156 4481 1244 4536 ἐπὶ
1276 4481 1502 4557 πείρατα
1525 4481 1707 4558 γαίης.

353 4571 605 4647 Δεξίτερή
643 4566 858 4646 βέϐριθε
890 4569 1238 4644 δικαιοσύνης
1267 4572 1378 4640 σέο,
1411 4573 1650 4644 Ηοιμήν.

356 4663 586 4722 Κλεινὸν
605 4659 732 4738 ὅρος
767 4669 976 4728 Σιῶνος
1011 4663 1371 4743 ἐυφροσύνῃσι
1407 4663 1676 4738 μελέσθω.

354 4750 552 4816 Παῖδες
583 4750 851 4816 Ἰουδαίας
881 4753 1078 4830 ἐρατῆς
1111 4752 1452 4831 πολυγηθέες
1485 4751 1675 4828 ἔστων,

355 4842 632 4918 Εύαγέων,
664 4845 957 4920 ’Λχραντε.
988 4848 1120 4900 τεῶν
1151 4843 1313 4920 χάριν
1348 4844 1674 4918 εύνομιάων.

359 4931 634 4987 Σπεύσατέ
667 4952 760 5006 μοι
795 4934 975 4987 Σιῶνα
1012 4931 1334 5008 περισταδὸν
1367 4928 1794 5012 ἀμφιϐαλέσθαι,

356 5021 459 5079 Καὶ
492 5023 543 5076 οἱ
579 5022 708 5098 ὑπὲρ
740 5021 961 5097 πύργων
992 5022 1187 5098 λιγέως
1217 5021 1505 5098 ἀγγείλατε
1534 5023 1758 5096 μύθους

356 5110 533 5184 Ἀμφὶ
565 5108 622 5165 δὲ
655 5133 745 5184 μιν
777 5108 1002 5186 κραδίας
1034 5111 1124 5168 καὶ
1157 5114 1228 5184 ea
1257 5113 1382 5185 περὶ
1413 5111 1597 5186 κάρτεῖ
1629 5111 1799 5176 θέσθε·

355 5201 556 5275 Ἐρκεα
589 5198 646 5255 δὲ
677 5200 936 5278 σφετέρου
965 5203 1207 5276 κράτεως
1241 5199 1695 5277 διαμοιρήσασθε,

359 5290 538 5366 Ὀφρα
568 5287 626 5344 δέ
648 5311 730 5353 τις
763 5293 876 5366 (34)
904 5296 1118 5366 γενῇσιν
1152 5290 1514 5367 ἐπεσσομένῃς
1541 5290 1828 5367 ἀγορεύσῃ.

357 5377 584 5436 Οὕνεκεν
618 5379 777 5445 αύτὸς
808 5381 888 5436 αεὶ
919 5380 1186 5444 Βασιλεὺς
1217 5381 1330 5454 ἅμα
1360 5382 1449 5436 καὶ
1482 5380 1612 5444 Θεός
1647 5379 1808 5435 ἐστιν·

354 5468 447 5524 Ἐκ
476 5464 757 5543 προτέρων
788 5475 984 5544 γενεῶν
1019 5469 1101 5525 ἐπ’
1133 5469 1544 5545 ἀτερμάντοισιν
1576 5471 1840 5540 ἀνάσσων,

357 5557 665 5634 Νωλεμέως
699 5561 750 5616 ἐν
781 5569 940 5618 πᾶσιν
971 5563 1211 5639 ἀγήραος
1243 5563 1392 5637 ἄμμε
1421 5564 1694 5636 νομεύσει.

427 5741 538 5811 (34)
576 5741 755 5821 Ὀφρα
786 5738 842 5798 δέ
869 5763 970 5806 τις.
1006 5745 1198 5814 Forte,
1229 5742 1369 5821 ὅφρα
1399 5742 1462 5813 γέ
1485 5763 1590 5806 τις.
1622 5746 1773 5801 Εοιτ.

2013 491 2064 559 Α
2098 487 2380 560 Princeps
2411 487 2740 544 cmlestium
2769 484 3052 540 virtutum
3083 488 3172 540 est
3199 483 3372 540 nobis
3405 484 3663 558 adjutor,

2095 580 2227 653 Ipse
2257 578 2453 635 Jacobi
2485 581 2886 652 propugnator
2918 579 3070 631 Deus
3103 576 3274 632 nobis
3300 581 3409 633 est.

2630 672 2952 726 PSALMUS
3005 672 3190 726 XLVI.

2087 765 2243 820 Istud
2270 762 2750 834 magnanimorum
2781 763 3023 831 ﬁliorum
3053 769 3172 816 erat
3215 763 3345 817 Core

2088 855 2366 910 Blandum
2397 857 2544 909 circa
2563 859 2777 908 sextum
2804 858 2854 906 et
2875 852 3354 922 quadragesimum
3383 867 3626 911 carmen.

2090 943 2360 999 Plaudite
2376 943 2522 999 mihi
2537 941 2813 998 manibus
2827 941 3008 996 simili
3021 942 3256 1012 plausu,
3273 947 3475 1015 gentes
3491 958 3734 1000 omnes:

2087 1033 2528 1089 Iucundissima
2558 1035 2775 1104 Regem
2806 1033 2987 1087 Deum
3016 1037 3292 1087 resonate
3324 1049 3484 1088 voce.

2089 1124 2377 1190 Quoniam
2391 1123 2716 1178 altissimus
2731 1121 3132 1192 terribilisque
3147 1122 3325 1176 simul
3336 1123 3613 1179 omnibus
3627 1128 3735 1184 est.

2089 1216 2278 1270 Terrae
2303 1212 2494 1268 varios
2526 1228 2702 1283 super
2733 1211 3336 1282 terminosimperans
3368 1213 3661 1284 [populos.

2090 1304 2348 1376 Papulos
2377 1302 2551 1358 nobis
2582 1302 2852 1374 subjecit,
2886 1301 2994 1356 sub
3025 1302 3275 1374 pedibus
3306 1319 3441 1358 vero
3467 1305 3666 1375 posuit

2089 1394 2326 1466 Eligens
2355 1392 2610 1466 praebuit
2638 1392 2809 1447 nobis
2829 1393 3071 1447 charam
3091 1392 3459 1464 etplacidam
3491 1399 3732 1467 sortem,

2092 1489 2325 1541 Partem
2346 1482 2544 1538 Jacobi
2576 1483 2693 1538 Deo
2726 1486 2952 1555 gratam
2985 1498 3239 1554 semper.

2090 1575 2374 1632 Ascendit
2404 1576 2558 1630 Deus
2588 1574 2854 1630 clamans
2877 1575 3298 1646 triumphalem
3318 1575 3629 1647 hymnum,

2093 1667 2330 1721 Sonorze
2365 1664 2517 1719 tubm
2547 1664 2828 1735 prosiluit
2858 1679 2961 1719 rex
2994 1665 3160 1719 echo.

2093 1757 2370 1811 Nostrum
2401 1754 2630 1809 cithara
2660 1755 2845 1809 Deum
2877 1753 3174 1810 celebrate
3206 1755 3594 1825 carminibus,

2021 1877 2066 1942 Β
2098 1847 2374 1900 Nostrum
2405 1845 2622 1915 Regem
2652 1843 2842 1898 doctis
2865 1845 3060 1899 canite
3084 1844 3377 1916 cantibus,

2101 1933 2390 2000 Quoniam
2419 1933 2674 2005 imperat
2703 1933 2808 1988 toti
2840 1934 2993 1989 Deus
3026 1940 3284 1991 aeternus
3314 1937 3534 1992 terrm.’

2099 2025 2342 2079 Cantate
2371 2023 2518 2078 mihi
2540 2023 2814 2078 consulto
2838 2023 3014 2080 corde
3046 2029 3104 2080 et
3134 2025 3411 2097 prudenti
3443 2044 3739 2084 sermone.

2099 2113 2458 2170 Immortalis
2489 2129 2768 2184 magnum
2809 2113 2990 2169 robur
3039 2116 3306 2172 omnium
3357 2117 3606 2189 adeptus
3655 2123 3746 2174 est

3246 2206 3265 2276 [
3291 2207 3668 2277 populorum.

2101 2293 2228 2366 lpse
2261 2309 2440 2365 super
2460 2293 2743 2349 intactam
2776 2295 2930 2349 Deus
2962 2293 3164 2350 sedem
3202 2295 3384 2350 sedet.

2101 2383 2288 2437 Duces
2319 2387 2724 2438 convenerunt
2753 2382 2932 2438 simul
2963 2400 3098 2438 cum
3133 2385 3246 2438 Deo
3279 2384 3592 2440 Abraham.
3619 2400 3634 2441 :

2102 2472 2309 2526 Coram
2333 2472 2448 2526 Deo
2480 2471 2691 2528 armati
2727 2476 2866 2526 sunt
2897 2471 3176 2544 superbia
3203 2477 3376 2528 terrm
3417 2475 3737 2548 principes.

2634 2560 2956 2615 PSALMUS
2995 2561 3207 2616 XLVII.

2101 2659 2261 2716 Filtis
2295 2661 2434 2718 Core
2457 2659 2770 2731 jucundum
2795 2663 3057 2730 scriptum
3087 2667 3165 2716 est
3187 2677 3422 2716 carmen.

2101 2735 2164 2789 In
2191 2733 2484 2789 secundam
2513 2749 2640 2787 vero
2672 2735 2985 2787 cecinerunt
3006 2734 3113 2802 ipsi
3143 2733 3502 2788 Sabbatorum
3535 2748 3549 2788 :

2101 2807 2216 2860 Hoc
2246 2821 2369 2860 vero
2397 2807 2690 2876 septimum
2721 2805 3204 2874 quadragesimum
3237 2811 3358 2860 erat
3385 2805 3566 2860 simul.

2103 2897 2440 2952 Laudabilis
2469 2895 2853 2963 Immortalis,
2886 2901 2945 2950 et
2973 2901 3131 2951 certe
3158 2913 3408 2968 magnus
3441 2901 3531 2951 est
3560 2895 3742 2964 solus,

2106 2986 2348 3042 Civitate
2380 2985 2444 3040 in
2477 3002 2582 3040 sua
2611 2990 2670 3040 et
2700 2985 2761 3039 in
2793 2990 2995 3039 monte
3031 2990 3235 3040 sancto
3267 3001 3520 3056 semper.

2105 3073 2376 3145 Undique
2393 3073 2652 3128 dilatans
2664 3073 2943 3146 gaudium
2963 3073 3022 3128 in
3037 3079 3194 3129 terra
3207 3075 3427 3130 multos
3443 3077 3742 3132 nutriente

2104 3168 2330 3220 Montes
2359 3164 2464 3219 tibi
2494 3163 2688 3219 Sionis
2719 3180 2754 3218 a
2786 3164 2970 3219 latere
2993 3165 3330 3235 aquilonis;

2020 3254 2063 3322 C
2101 3255 2312 3310 Civitas
2343 3253 2593 3309 illustris
2624 3254 2884 3324 potentis
2915 3254 3108 3326 Regis,

2099 3342 2459 3400 Immortalis
2489 3342 2751 3398 turribus
2774 3342 2897 3398 suis
2927 3343 3123 3398 clarus
3151 3348 3262 3414 est,

2101 3435 2246 3490 Cum
2277 3433 2502 3506 egentis
2535 3431 2774 3504 adjutor
2803 3433 2998 3487 veniet
3028 3433 3235 3504 ipsius.

2102 3527 2295 3578 Terra:
2323 3527 2614 3577 venerunt
2640 3538 2848 3576 omnes
2879 3523 3215 3595 congregati
3244 3540 3412 3597 reges
3439 3540 3453 3592 ;

2107 3612 2305 3669 Oculis
2333 3611 2600 3666 videntes
2627 3610 2804 3666 corde
2835 3611 3114 3667 admirati
3155 3619 3294 3667 sunt
3319 3614 3454 3685 ipsi.
3488 3615 3744 3686 [omnes.

2107 3701 2396 3756 Commoti
2447 3699 2859 3769 turbabantur,
2895 3706 3116 3755 tremor
3171 3718 3306 3756 vero
3356 3702 3754 3774 apprehendit

2110 3790 2342 3846 Similes
2364 3789 2717 3862 paturientis
2751 3789 2987 3844 crebros
3009 3790 3246 3845 dolores
3280 3792 3536 3863 capiant,

2111 3881 2236 3936 Sive
2263 3880 2313 3934 vi
2345 3879 2581 3952 quando
2614 3896 2790 3935 naves
2830 3881 3024 3951 capiat
3054 3881 3293 3937 Tharsis
3325 3887 3574 3936 ventus:

2111 3973 2316 4026 Nonne
2345 3970 2505 4026 fama
2536 3975 2663 4026 erat
2692 3969 2892 4042 (verba
2917 3971 3077 4025 enim
3104 3971 3330 4026 factum
3371 3972 3758 4043 comitatur)?

2111 4061 2178 4115 In
2207 4059 2309 4114 Dei
2340 4058 2565 4130 inclyta
2594 4059 2849 4126 civitate,
2886 4059 2988 4114 Dei
3019 4060 3304 4115 virtutum
3335 4061 3510 4134 regis,

2115 4149 2244 4221 Ipse
2276 4148 2386 4202 sibi
2419 4149 2732 4204 immotum
2759 4149 2887 4203 ﬁxit
2907 4148 3159 4205 fundum
3191 4152 3419 4207 Pastor.

2113 4241 2370 4296 Tuorum
2404 4238 2758 4311 populorum
2789 4238 2851 4294 in
2868 4239 3085 4309 medio,
3117 4243 3259 4309 Rex,
3290 4240 3760 4297 misericordiam

3367 4330 3685 4402 [prmbeas

2114 4422 2421 4490 Tanquam
2451 4435 2586 4474 vero
2618 4417 2872 4487 celebre,
2916 4421 3059 4486 Rex,
3093 4423 3260 4475 tuum
3291 4437 3511 4476 nomen
3540 4423 3760 4490 manet,

2117 4509 2210 4566 Sic
2240 4509 2317 4564 sit
2349 4513 2448 4564 tua
2475 4508 2609 4563 laus
2640 4508 2821 4563 totius
2852 4508 2912 4564 in
2947 4510 3095 4564 ﬁnes
3124 4514 3316 4565 terrm.

2043 4627 2090 4692 D
2123 4601 2372 4654 Dextera
2401 4597 2581 4670 plena
2601 4603 2692 4653 est
2712 4597 2962 4670 justitiaa
2987 4603 3104 4667 tua,
3137 4601 3366 4656 Pastor.

2122 4687 2348 4743 Nobilis
2378 4703 2551 4742 mons
2583 4686 2778 4742 Sionis
2810 4687 3046 4742 lmtitias
3067 4694 3252 4743 curet.

2121 4778 2250 4833 Filii
2278 4775 2494 4833 Iudaeae
2524 4776 2800 4832 amabilis
2827 4776 3081 4831 multum
3113 4778 3438 4850 gaudentes
3463 4779 3604 4844 sint,

2119 4868 2273 4934 Pias,
2304 4866 2712 4933 Immaculate,
2743 4871 2874 4921 tuas
2900 4872 3141 4938 propter
3165 4868 3494 4939 mquitates.

2119 4959 2436 5029 Properate
2467 4956 2614 5011 mihi
2637 4955 2876 5011 Sionem
2899 4955 2961 5010 in
2993 4956 3245 5012 circuitu
3277 4958 3539 5030 cingere,

2118 5048 2188 5100 Et
2215 5045 2327 5118 ipsi
2360 5045 2420 5100 in
2453 5045 2717 5100 turribus
2746 5049 2918 5100 acute
2945 5046 3213 5101 nuntiate
3242 5063 3583 5103 sermones:

2118 5137 2282 5191 Circa
2309 5153 2444 5192 vero
2473 5136 2666 5206 ipsum
2699 5136 2878 5191 corda
2924 5141 2980 5190 et
3011 5154 3117 5192 sua
3148 5138 3209 5191 in
3257 5138 3469 5192 virtute
3517 5139 3759 5210 ponite:

2125 5225 2356 5280 Vallum
2388 5242 2544 5289 vero,
2579 5225 2669 5279 sui
2701 5225 2933 5281 roboris
2972 5226 3335 5294 distribuite,

2122 5317 2196 5372 Ut
2213 5321 2412 5370 autem
2436 5315 2732 5386 quispiam
2757 5316 3242 5387 generationibus
3265 5318 3498 5374 futurus
3527 5323 3732 5376 narret

2119 5406 2412 5472 Quoniam
2445 5405 2571 5477 ipse
2604 5421 2840 5477 semper
2870 5408 2990 5462 Rex
3021 5407 3200 5462 simul
3233 5413 3292 5462 et
3322 5409 3476 5464 Deus
3499 5417 3624 5464 est:

2118 5499 2165 5552 A
2181 5495 2585 5569 superioribus
2598 5495 3081 5567 generationibus
3097 5495 3167 5552 ad
3189 5497 3454 5553 inﬁnitas
3468 5499 3770 5569 imperans

2117 5587 2532 5644 Indesinenter
2562 5587 2623 5642 in
2657 5585 2935 5643 omnibus
2967 5593 3226 5643 aeternus
3257 5605 3367 5646 nos
3398 5593 3582 5663 reget.
