4120 6262
397 325 544 386 1381
1497 325 2127 390 INTERPRETATIO
2171 325 2249 384 IN
2295 326 2694 390 PSALTEM.
3643 346 3798 408 1382

393 456 489 511 Ἐκ
515 456 724 516 Σιῶνος
757 455 819 529 ἑῇ
849 454 1254 532 περιλάμπεται
1313 455 1484 522 εἴδεος
1546 460 1682 535 ὥρῃ.

399 545 691 608 ’Λθάνατος
723 543 1016 618 μερόπεσσι
1048 545 1177 608 Θεὸς
1213 545 1488 625 ἀναφανδά
1507 549 1790 624 παρέσται,

400 629 544 691 Ούδέ
568 653 650 694 τις
680 631 966 708 ἀγνώσσων
1003 637 1134 691 Θεὸν
1164 633 1392 691 ἔσσεται’
1441 637 1502 692 οὐ
1560 637 1664 713 γὰρ
1695 635 1898 694 ἐάσσει.

389 725 526 781 Τοῖο
555 719 740 777 ποδῶν
773 726 1111 799 προπάροιθε
1143 723 1362 799 διίξεται
1393 726 1677 801 αἰθόμενον
1699 731 1825 802 πῦρ⁶

387 811 564 888 Ἀμφὶ
596 809 654 867 δὲ
687 833 776 885 μιν
813 809 1052 890 βεϐρυχε
1084 815 1224 891 μίγα
1251 817 1572 893 σπὲρχουσα
1599 815 1807 888 καταΐξ.

392 902 631 976 Οὐρανὸν
662 901 982 977 ἀστερόεντα
1037 903 1208 968 πέλας
1243 905 1464 979 μύθοισι
1490 906 1768 976 καλεσσει,

396 990 494 1048 Καὶ
528 992 697 1068 χθόνα
729 988 1179 1071 πουλυϐότειραν,
1212 994 1362 1060 ὅπως
1401 995 1583 1051 λαοῖσι
1625 993 1862 1067 δικάζοι.

394 1171 674 1246 Ἀθανάτῳ
705 1172 1035 1247 θεράποντας
1065 1175 1185 1240 ἑοὺς
1213 1178 1556 1255 ξυναγείρατε
1584 1179 1802 1252 πάντας,

388 1267 580 1322 ’Όσσοι
612 1264 896 1335 συνθεσίην
930 1265 1120 1336 θυσίης
1153 1264 1215 1321 ’ἑο
1243 1269 1604 1324 πιστώσαντο“

391 1355 565 1430 Ὀιρρα
597 1353 649 1407 οἱ
679 1351 985 1428 ἀγγελὲωσι
1017 1352 1366 1428 δικαιοσύνην
1399 1356 1698 1434 ἐρατεινήν.

392 1441 599 1498 Οὕνεκα
626 1443 846 1514 τιμήεις
877 1443 1142 1507 Βασιλεὺς
1177 1446 1310 1518 μετᾶ
1340 1451 1470 1502 πᾶσι
1503 1444 1729 1517 δικάζει.

390 1529 648 1604 Κεκλυθι,
682 1531 852 1607 φῦλον
887 1533 1038 1607 ἐμὸν,
1071 1534 1210 1606 λεξω
1242 1533 1299 1592 δὲ
1325 1557 1410 1591 τοι
1441 1536 1478 1612 ᾗ
1507 1535 1661 1610 θέμις
1693 1537 1826 1595 ἐστί.

391 1617 564 1677 Κλῦθί
593 1640 717 1694 μευ,
749 1621 1023 1697 Ἰσραῆλε’
1058 1624 1116 1678 σὶ
1139 1625 1241 1700 γὰρ
1274 1625 1400 1701 περὶ
1431 1623 1575 1681 ἄΛλα
1606 1624 1826 1698 διδάξω·

392 1707 569 1772 Αὐτός
591 1729 678 1764 τοι
707 1711 837 1774 Θεός
870 1710 1007 1786 εἶμι,
1039 1713 1166 1776 Θεὸς
1194 1711 1250 1769 δὲ
1282 1735 1365 1770 σοι
1396 1715 1558 1779 αὐτὸς
1607 1715 1866 1793 ἐτύχθην.

394 1799 472 1857 Ού
503 1800 569 1870 νή
604 1820 662 1855 σε
692 1798 985 1877 μαψιδίῃσι
1017 1803 1380 1880 θυηπολίῃσιν
1408 1803 1631 1882 ἐλέγξω*

396 1893 521 1944 Σεῖο
555 1886 613 1944 δὲ
641 1891 990 1968 καρφομὲνην
1023 1894 1213 1964 θυσίην
1246 1892 1600 1971 ἐπιδερκομαι
1633 1895 1757 1954 αἰεί.

389 1981 508 2037 Ούκ
533 1979 717 2056 ἀλεγω
752 1983 1003 2058 μόσχων,
1035 1982 1130 2047 οὕς
1156 1983 1206 2039 ἐν
1245 1987 1501 2063 μεγάροις
1535 1987 1870 2051 ἀτιτάΛλεις’

390 2073 486 2129 Ἐκ
517 2072 573 2126 δὲ
600 2075 726 2142 τεῆς
758 2072 960 2149 ἀγέλης
984 2076 1292 2151 ἀρνήσομαι
1326 2077 1442 2154 ἴφια
1467 2078 1642 2150 μῆλα.

393 2163 573 2216 Πάντα
600 2162 702 2238 γὰρ
733 2163 892 2227 αὐτὸς
924 2160 1126 2237 ἔτευξα,
1161 2168 1230 2222 τά
1257 2189 1316 2223 τε
1342 2167 1523 2246 τρέφει
1552 2167 1762 2244 οὔρεσιν
1796 2168 1926 2240 ὕλη,

389 2248 507 2308 Ἠδ’
540 2251 640 2307 ὅσα
667 2273 773 2308 που
799 2253 1103 2328 μεμεληται
1132 2257 1539 2333 ἀρεσσινόμοισι
1575 2260 1855 2335 βοτῆρσιν.

392 2340 529 2398 Ούδὲ
558 2343 624 2417 μὲ
652 2365 758 2399 που
789 2347 1022 2418 πετεηνά
1051 2344 1121 2401 δι’
1153 2349 1369 2426 αἶ’θερος
1408 2346 1612 2428 ἄφθονα
1643 2349 1820 2420 λήθει’

391 2431 566 2490 ’Λλλά
593 2432 681 2489 καὶ
714 2437 1017 2514 ἂνθοφόρου
1052 2459 1119 2511 με
1147 2459 1453 2512 περιστεφει
1485 2434 1653 2501 ὂλϐος
1701 2439 1962 2515 ἀρούρης.

395 2528 523 2578 Σεῖο
557 2521 615 2579 δὲ
643 2526 878 2581 πεινάων
911 2524 1215 2601 δευήσομαι
1251 2525 1437 2585 οὔποτ’
1468 2529 1714 2606 ἀρωγῆς·

392 2612 577 2669 Πάντα
605 2616 710 2691 γὰρ
741 2617 985 2694 ἡμετέρη
1012 2620 1317 2693 τεχνήσατο
1349 2618 1601 2690 θεσπεσίη
1635 2619 1781 2695 χείρ·

394 2701 471 2758 Ού
505 2700 741 2778 δεχομαι
770 2706 1024 2781 ταύρους,
1053 2709 1280 2784 τράγεον
1301 2706 1348 2763 δ’
1380 2709 1442 2765 οὐ
1472 2710 1670 2784 πίομαι
1704 2712 1856 2784 οἶμα·

397 2883 529 2953 Ρεζε
558 2885 674 2958 Θεῷ
703 2885 828 2948 θύος
859 2885 986 2957 ἡδύ·
1022 2887 1148 2953 θύος
1179 2888 1282 2966 γάρ
1316 2891 1366 2945 οἱ
1417 2891 1564 2953 αἶνος
1598 2889 1825 2966 ἐτύχθη

384 3063 622 3136 Ὑψίστῳ
654 3061 710 3120 δὲ
737 3071 873 3120 τεῶν
906 3068 1109 3131 ἀπόδος
1138 3069 1299 3145 χάριν
1331 3069 1656 3148 εὐχωλάων.

387 3151 450 3207 Εἰ
483 3150 530 3207 δ’
559 3150 946 3228 ἐπιδευόμενος
973 3157 1188 3221 καλέεις
1225 3161 1277 3232 μ’
1310 3159 1596 3237 ἐπίκουρον
1622 3161 1882 3236 ἀνάγκης,

387 3241 520 3316 Εἰμί
547 3264 636 3297 τοι
667 3242 857 3308 ἐσθλὸς
889 3247 1124 3323 ἀρωγὸς,
1155 3250 1284 3324 ἀτὰρ
1318 3250 1382 3304 σύ
1414 3272 1514 3324 μευ
1543 3253 1706 3316 εὖχος
1738 3251 1956 3315 ἄείσεις.

388 3334 462 3403 Δὴ
493 3334 608 3390 τότ’
638 3335 1004 3412 ἀλιτραίνοντι
1039 3342 1170 3404 Θεὸς
1229 3343 1574 3421 προσεφώνεε
1632 3351 1774 3400 τοῖα·

384 3424 556 3480 Τίπτε
590 3446 688 3498 μευ
712 3424 948 3492 εὐδικίας
979 3428 1254 3506 ἐρικυδὲας
1287 3432 1636 3508 ἐξαγορεύεις,

384 3513 480 3567 Καί
517 3535 616 3587 μευ
649 3517 929 3589 συνθεσίην
961 3540 1174 3594 φορεεις
1203 3522 1326 3596 περὶ
1357 3523 1570 3598 χείλεσι
1593 3529 1764 3579 σοῖσιν
1799 3545 1814 3593 ;

383 3601 501 3658 Αἰεί
531 3623 614 3657 τοι
647 3625 884 3679 στυγεεις
920 3607 1275 3683 μελεδήματα
1302 3611 1446 3666 καλὰ
1475 3619 1691 3682 νοῆσαι,

386 3691 486 3745 Καὶ
519 3693 681 3766 χάριν
705 3695 986 3770 ἡμετερων
1009 3700 1252 3773 ἠρνήσαο
1279 3701 1510 3756 πάντοτε
1538 3701 1746 3774 μύθων.

387 3779 489 3837 Καὶ
516 3779 660 3836 πόδα
690 3782 951 3859 ληιστῆρι
972 3789 1269 3866 κακόφρονι
1302 3788 1604 3866 σύνδρομον
1636 3787 1816 3868 ἔσχες,

385 3871 558 3932 Ξυνὸς
593 3871 950 3947 μαχλοσύνης
983 3883 1199 3953 μοιχῶν
1240 3878 1518 3956 ἀνεφαίνεο
1556 3879 1744 3955 μοίρῃ.

389 3959 490 4017 Καὶ
521 3961 640 4016 τεὸν
673 3963 748 4026 ὡς
783 3961 1000 4042 βεϐριθε
1025 3969 1363 4046 κακορῥαφίῃ
1394 3971 1569 4044 στόμα
1621 3968 1852 4046 λάϐρον,

383 4049 614 4106 Γλῶσσα
644 4049 701 4107 δὶ
731 4054 1129 4131 δυσφροσύνῃσι
1151 4061 1536 4132 περιπλέκεται
1570 4058 1850 4136 δολερῇσι.

383 4139 557 4215 Ἀμφῖ
588 4145 944 4218 κασιγνήτοιο
978 4148 1338 4220 καθεζόμενος
1367 4151 1486 4203 κάκ’
1521 4146 1726 4220 ἔϐαζες,

387 4228 484 4282 Καὶ
519 4229 668 4285 σὲθεν
699 4232 806 4287 υἱεῖ
838 4235 1048 4307 μητρὸς
1079 4235 1370 4312 ἀμήχανον
1391 4237 1614 4301 ἔπλεκες
1647 4241 1799 4312 ἄτην.

385 4318 568 4373 Ταῦτα
603 4320 696 4393 μὶν
732 4321 892 4384 αὐτὸς
924 4317 1125 4397 ἔρεξας,
1157 4323 1267 4400 ἐγὼ
1316 4323 1374 4381 δὲ
1400 4348 1486 4382 τοι
1518 4328 1727 4404 ἥσυχος
1757 4332 1849 4400 ἦα.

385 4495 605 4569 Ὠίσθης
637 4500 902 4574 ἀθεμισθ’,
935 4502 1016 4557 ὅτι
1049 4524 1134 4558 τοι
1162 4525 1357 4582 φρενας
1386 4503 1572 4580 ἔσσομ’
1604 4510 1819 4582 ὁμοῖος·

387 4587 448 4643 Ἀ
462 4585 739 4660 μπλακίας
769 4593 951 4662 στήσω
983 4614 1072 4650 σευ
1105 4593 1345 4650 ἐναντίον
1373 4597 1483 4652 αἰὲν
1518 4596 1786 4674 ἐλεγχων.

390 4675 641 4741 Σύνθεσθ’
665 4679 978 4736 ’Δθανάτοιο
1011 4680 1340 4758 λελασμενοι
1372 4687 1486 4741 ὅσσ’
1513 4687 1777 4763 ἀγορεύω,

386 4766 479 4836 Μή
512 4767 633 4821 ποτ’
665 4766 1021 4846 ἀφαρπάξειεν
1052 4770 1358 4848 ἀμύντορος
1383 4776 1445 4831 ού
1475 4798 1794 4853 παρεοντος.

383 4855 539 4927 Θῦμά
571 4877 665 4929 μοι
696 4854 950 4914 ὄλϐιστον
983 4860 1206 4918 πελεται
1236 4865 1569 4940 καταθύμιος
1598 4868 1786 4941 ὕμνος,

380 4942 503 5000 ’Ὴδ’
535 4944 661 5010 ὁδὸς
691 4948 1006 5011 Ἀθανάτοιο
1042 4952 1165 5025 βίην
1197 4958 1439 5030 ζωαρκεα
1470 4959 1667 5034 φαίνει.

992 5045 1284 5097 ΨΔΛΜΟΣ
1318 5046 1396 5100 Ν’.

448 5130 651 5204 ’Έιρωτι
679 5125 841 5204 Aaqu
882 5128 1113 5204 ἀπρεπεῖ
1141 5131 1284 5204 ε’ἒξας
1316 5136 1480 5202 ποτὲ,

458 5197 683 5296 ξλοπῇς
889 5197 1122 5290 δεμνίων
1156 5197 1486 5296 ἀλκλοτρίωνλ

459 5270 572 5350 Εἶτ’
598 5270 874 5350 αὒλάνεῖλε
900 5270 992 5350 τὸν
1022 5278 1273 5350 γυναικὸς
1305 5270 1544 5350 εὖνετηνο

453 5341 632 5424 ﬁdem
667 5339 724 5396 δὲ
745 5339 1046 5424 ’πειθήνιος
1068 5347 1250 5424 69037.;
1278 5355 1357 5422 τῷ
1387 5339 1526 5424 Θεῷ,

451 5413 567 5497 ’ῌει
597 5418 906 5497 τιτριρσσων
937 5422 1054 5480 τοῖς
1083 5413 1286 5482 ὁῗστοῖς
1311 5413 1418 5477 τῶν
1452 5413 1661 5497 λόγων,

453 5483 694 5572 βαὶπιῖρν
722 5483 962 5572 ἐλέγχων
995 5493 1302 5572 φριρμάκοις
1327 5483 1699 5572 καταστύφωνο

447 5553 582 5636 ’0“ὂ’
602 5553 861 5636 εύγεκίείοίς
894 5553 1246 5636 ούκξάναξίως
1281 5553 1522 5636 τρόπων,

448 5625 708 5695 Αἴσθησιν
731 5628 900 5700 ἣττης
935 5625 1166 5696 ἀκλεοῦς
1200 5625 1411 5707 λαϐὼν,
1439 5625 1611 5715 τάχος

2067 460 2121 525 Α
2152 460 2232 512 Ex
2262 459 2435 515 Sione
2466 477 2573 516 sua
2601 462 2935 520 illustratur
2965 466 3196 524 decoris
3225 470 3451 528 forma:

2149 550 2508 606 Immortalis
2540 553 2891 610 mortalibus
2922 562 3074 611 Deus
3106 561 3416 617 manifeste
3443 564 3652 633 aderit,

2150 641 2351 711 Neque
2382 641 2596 713 aliquis
2628 643 2905 716 ignorans
2929 648 3112 703 Deum
3131 650 3260 719 erit,
3289 668 3409 708 non
3431 655 3590 713 enim
3620 658 3794 714 sinet.

2150 730 2291 801 Ejus
2322 732 2503 803 pedes
2534 738 2670 790 ante
2703 738 3090 806 pertransibit
3120 740 3334 797 ardens
3366 745 3516 817 ignis
3542 763 3554 801 :

2152 819 2317 876 Circa
2348 839 2482 878 vero
2515 839 2650 880 eum
2676 825 2918 882 fremuit
2946 829 3200 886 multum
3229 832 3511 905 ingruens
3532 838 3721 894 turbo.

2151 909 2375 965 leum
2407 912 2707 968 stellatum
2735 932 2916 988 prope
2945 918 3135 974 verbis
3159 922 3404 990 vocabit,

2152 1001 2223 1054 Et
2241 1004 2460 1060 terram
2482 1004 2702 1060 multos
2727 1005 3006 1076 alentem,
3033 1014 3098 1063 ut
3127 1012 3481 1084 populorum
3505 1016 3801 1090 disceptet

2528 1132 2536 1144 .
3257 1102 3728 1174 [controversias.

2151 1181 2481 1236 Immortali
2511 1182 2768 1240 famulos
2801 1203 2937 1243 suos
2969 1197 3319 1264 congregate
3348 1210 3576 1263 omnes,

2151 1270 2258 1334 Qui
2289 1269 2480 1326 foedus
2515 1274 2787 1329 sacrificii
2821 1277 2910 1331 sui
2943 1280 3415 1339 confirmarunt:

2153 1359 2226 1414 Ut
2253 1358 2364 1430 ipsi
2397 1363 2756 1418 annuntient
2776 1365 3071 1436 justitiam
3104 1370 3442 1429 amabilem.

2152 1450 2441 1513 Quoniam
2475 1451 2801 1508 honoratus
2834 1458 2951 1510 Rex
2983 1458 3141 1513 inter
3171 1477 3379 1516 omnes
3405 1462 3656 1532 judicat.

2153 1538 2321 1608 Audi,
2354 1556 2497 1612 gens
2529 1559 2679 1613 mea,
2715 1549 2772 1598 et
2797 1545 3008 1616 loquar
3035 1548 3139 1601 tibi
3175 1557 3466 1620 quatenus
3495 1554 3584 1609 fas
3617 1561 3724 1613 est.

2151 1628 2302 1683 Audi
2336 1646 2450 1693 me,
2484 1632 2664 1686 Israel
2698 1649 2710 1686 :
2745 1640 2799 1686 te
2831 1636 2990 1690 enim
3021 1636 3177 1693 circa
3207 1639 3327 1694 alta
3357 1641 3577 1696 docebo
3604 1659 3616 1698 :

2149 1718 2280 1787 Ipse
2313 1716 2418 1770 tibi
2450 1718 2603 1773 Deus
2631 1738 2782 1789 sum,
2817 1727 2968 1779 Deus
3001 1742 3133 1780 vero
3169 1728 3272 1782 tibi
3305 1730 3432 1800 ipse
3466 1748 3616 1788 sum.

2071 1829 2117 1895 Β
2152 1809 2276 1862 Non
2310 1814 2363 1862 te
2395 1810 2561 1865 vanis
2593 1814 2900 1869 sacrificiis
2933 1833 3172 1889 arguam
3201 1836 3214 1873 :

2149 1900 2334 1953 Tuum
2365 1917 2499 1954 vero
2529 1902 2812 1960 siccatum
2845 1907 3199 1963 sacrificium
3234 1910 3402 1967 video
3435 1931 3689 1988 semper.

2148 1996 2277 2044 Non
2309 2006 2448 2044 curo
2480 1991 2713 2060 vitulos,
2749 2011 2896 2065 quos
2929 1996 2988 2050 in
3019 1997 3292 2054 domibus
3323 2002 3473 2058 alis:

2150 2078 2229 2131 De
2262 2083 2461 2134 autem
2497 2085 2595 2136 tuo
2626 2099 2796 2155 grege
2830 2086 3114 2141 recusabo
3147 2089 3388 2162 pinguia
3417 2111 3649 2163 pecora.

2147 2167 2358 2223 Omnia
2371 2169 2530 2225 enim
2544 2171 3030 2246 ipsefeci:eaqu£e
3045 2179 3301 2233 nutritin
3319 2183 3618 2239 montibus
3632 2185 3798 2257 silva,

2149 2258 2219 2310 Et
2248 2275 2378 2329 qum
2411 2259 2781 2338 ferme‘curae
2816 2271 2955 2319 sunt
2980 2269 3278 2323 montanis
3310 2273 3666 2341 pastoribus.

2149 2349 2349 2418 Neque
2377 2366 2470 2403 me
2494 2350 2678 2405 ferme
2700 2352 2962 2408 volatilia
2984 2373 3088 2426 per
3109 2373 3306 2412 aerem
3331 2362 3796 2432 copiosalatent:

2148 2437 2254 2491 Sed
2271 2439 2448 2494 etiam
2465 2440 2710 2497 floribus
2725 2449 2947 2499 ornatae
2966 2462 3058 2500 me
3077 2456 3320 2504 coronat
3334 2450 3586 2509 felicitas
3600 2460 3794 2512 terrai.

2147 2527 2268 2581 Tuo
2299 2534 2497 2584 autem
2530 2531 2802 2588 esuriens
2836 2534 3016 2606 egebo
3049 2552 3358 2607 nunquam
3390 2542 3648 2599 auxilio:

2150 2618 2362 2673 Omnia
2392 2620 2552 2675 enim
2585 2626 2787 2676 nostra
2819 2621 3126 2680 fabricavit
3156 2625 3352 2683 divina
3383 2647 3614 2688 manus.

2147 2707 2273 2762 Non
2306 2708 2552 2764 admitto
2597 2715 2818 2778 tauros,
2869 2714 3164 2770 hircinum
3218 2735 3352 2773 vero
3407 2737 3526 2776 non
3575 2725 3791 2794 potabo

3324 2809 3716 2881 [sanguinem.

2145 2886 2396 2942 Immola
2426 2889 2541 2944 Deo
2574 2891 2929 2946 sacrificium
2961 2893 3170 2950 dulce:
3223 2897 3579 2955 sacrificium
3629 2902 3788 2960 enim

3271 2985 3408 3058 [ipsi
3441 2987 3570 3043 laus
3602 2997 3710 3048 est.

2143 3065 2448 3120 Altissimo
2481 3071 2678 3121 autem
2711 3073 2944 3124 tuarum
2976 3071 3158 3127 redde
3189 3075 3437 3146 gratiam
3467 3094 3731 3147 precum.

2143 3155 2198 3209 Si
2231 3171 2364 3210 vero
2397 3155 2629 3227 indigus
2662 3173 2830 3212 vocas
2863 3176 2956 3213 me
2988 3160 3319 3232 adjutorem
3349 3169 3742 3238 necessitatis,

2142 3245 2278 3298 Sum
2295 3244 2399 3299 tibi
2413 3245 2602 3300 bonus
2621 3244 2914 3315 defensor,
2926 3250 3026 3304 sed
3040 3255 3100 3304 tu
3115 3267 3306 3306 meam
3320 3253 3570 3325 gloriam
3583 3275 3780 3318 canes.

2140 3335 2288 3390 Sane
2320 3340 2460 3389 tunc
2490 3337 2710 3390 erranti
2744 3339 2895 3392 Deus
2922 3338 3152 3395 locutus
3187 3346 3277 3396 est
3305 3343 3482 3400 talia:

2139 3426 2328 3490 Quare
2358 3441 2521 3480 meas
2542 3425 2809 3496 justitias
2838 3427 3123 3499 gloriosas
3155 3432 3374 3499 effutis,

2139 3517 2209 3570 Et
2238 3531 2434 3569 meum
2467 3520 2886 3571 testamentum
2916 3518 3034 3573 fers
3066 3520 3125 3572 in
3159 3519 3330 3576 labiis
3362 3525 3516 3580 tuis?

2141 3605 2383 3676 Semper
2394 3605 2633 3675 quidem
2647 3606 2822 3660 odisti
2839 3608 3223 3676 cogitationes
3236 3611 3516 3670 honestas
3529 3619 3784 3689 cogitare

2141 3696 2210 3748 Et
2233 3695 2480 3766 gratiam
2505 3701 2841 3750 nostrorum
2861 3700 3146 3753 recusasti
3168 3717 3403 3773 semper
3418 3722 3778 3764 sermonum.

2140 3785 2210 3837 Et
2240 3784 2449 3854 pedem
2480 3783 2593 3838 furi
2627 3785 2835 3840 insano
2869 3795 3323 3845 concurrentem
3355 3792 3638 3860 habebas,

2141 3872 2344 3928 Socius
2366 3873 2750 3945 impudicitia:
2764 3876 3169 3933 adulterorum
3183 3880 3477 3938 videbaris
3491 3888 3784 3955 portione.

2140 3964 2209 4018 Et
2239 3968 2405 4017 tuum
2436 3969 2500 4018 ut
2527 3963 2846 4019 abundavit
2877 3966 3253 4036 improbitate
3285 3988 3348 4025 os
3382 3973 3782 4035 incontinens.

2142 4053 2361 4124 Lingua
2391 4069 2524 4108 vero
2557 4053 2847 4109 molestiis
2879 4055 3194 4112 involvitur
3224 4059 3468 4118 dolosis.

2140 4141 2284 4197 Cum
2315 4141 2494 4196 fratre
2525 4143 2737 4198 sedens
2771 4144 2927 4200 mala
2957 4147 3284 4217 cffutiebas,

2140 4233 2210 4285 Et
2239 4236 2351 4286 tua:
2386 4231 2508 4286 filio
2543 4233 2747 4288 matris
2779 4233 3085 4291 difficilem
3116 4239 3514 4298 concinnabas
3546 4261 3782 4304 noxam.

2143 4323 2274 4377 Haec
2305 4321 2547 4393 quidem
2578 4323 2705 4394 ipse
2733 4323 2924 4379 fecisti
2952 4342 2964 4380 :
2999 4343 3103 4398 ego
3135 4345 3269 4384 vero
3303 4332 3545 4401 quidem
3570 4337 3782 4391 tacitus

3505 4423 3712 4495 [eram.

2140 4500 2502 4556 Existimasti
2529 4501 2755 4572 iniqua,
2776 4504 2933 4573 quod
2953 4504 3057 4559 tibi
3081 4507 3296 4562 animis
3329 4526 3427 4565 ero
3460 4512 3672 4568 similis
3697 4530 3713 4570 :

2059 4565 2109 4632 D
2139 4595 2386 4647 Peccata
2416 4597 2670 4646 statuam
2703 4597 2757 4647 te
2786 4611 2983 4649 coram
3015 4612 3250 4668 semper
3279 4615 3531 4673 arguens
3553 4621 3574 4658 :

2139 4681 2483 4752 Conspirate
2515 4681 2873 4738 Immortalis
2906 4684 3284 4743 immemores
3316 4707 3446 4760 quas
3479 4691 3707 4764 loquor,

2138 4773 2217 4827 Ne
2250 4771 2485 4842 quando
2516 4772 2706 4842 rapiat
2731 4772 2960 4829 vindice
2993 4792 3112 4830 non
3144 4785 3456 4848 praesente.

2137 4861 2503 4916 Sacrificium
2531 4861 2673 4914 mihi
2702 4861 3110 4920 beatissimum
3129 4872 3217 4920 est
3237 4874 3438 4939 gratus
3464 4871 3742 4945 hymnus,

2135 4950 2263 5004 Illic
2294 4967 2426 5004 vero
2460 4950 2550 5004 via
2576 4952 2933 5007 Immortalis
2964 4953 3146 5010 robur
3176 4957 3349 5012 vitale
3390 4962 3668 5016 ostendit.

2739 5060 3058 5117 PSALMUS
3098 5065 3158 5120 L.

2208 5170 2234 5198 ‹‹
2269 5147 2468 5227 émori
2509 5147 2686 5227 David
2716 5148 2867 5204 fthO
2895 5151 3112 5227 cedens
3143 5153 3462 5225 aliquando
3492 5177 3546 5227 ιν,

2213 5240 2234 5268 ι
2271 5217 2431 5273 Furti
2463 5220 2765 5274 convictus
2796 5227 2884 5277 est
2914 5223 3201 5280 cubilium
3233 5217 3565 5286 alienorum
3598 5255 3624 5281 ››
3651 5248 3665 5287 :

2207 5314 2234 5341 «
2267 5290 2487 5345 Deinde
2518 5307 2754 5346 rursum
2788 5292 3084 5350 interfecit
3112 5298 3380 5355 mulieris
3413 5305 3688 5359 maritum
3723 5324 3778 5362 ι.

2207 5386 2234 5412 ‹‹
2265 5363 2493 5416 Nathan
2522 5379 2658 5416 vero
2693 5365 2978 5420 obediens
3007 5368 3166 5424 visus
3199 5371 3314 5425 Deo
3349 5394 3375 5420 »

2205 5458 2233 5484 ι(
2266 5435 2394 5488 Ibat
2423 5433 2740 5511 vulnerans
2771 5438 2997 5508 sagittis
3027 5441 3336 5497 verborum
3372 5466 3422 5511 »,

2203 5531 2230 5557 ‹‹
2263 5508 2333 5560 Ει
2363 5504 2864 5573 ι’θάειιτβξυῐὶοιιυιῐὶ
2880 5511 3161 5567 remediis
3184 5504 3698 5572 acriter'mordens
3715 5541 3734 5569 ι
3759 5533 3775 5574 :

2205 5603 2231 5628 υ
2259 5577 2361 5632 Ille
2393 5594 2526 5631 vero
2557 5580 3103 5658 generositatenon
3137 5584 3374 5658 indigne
3409 5605 3647 5643 morum
3678 5611 3732 5656 »,

2204 5673 2232 5698 ‹‹
2260 5649 2736 5722 Sensumculpee
2757 5651 3034 5724 ignobilis
3063 5649 3327 5729 cupiens,
3360 5660 3475 5714 cito
3512 5682 3531 5708 -
