4120 6262
297 335 459 397 1385

298 465 427 522 Ὧδε
459 464 626 522 δόλον
655 465 890 542 ποίῃσας
920 468 1011 522 ἅτε
1038 466 1192 544 ξυρὸν
1228 467 1320 539 ὀξὺ
1359 469 1616 544 τεθηγόςο

301 648 414 704 Ἀν’
441 645 747 721 εὐεργεσίης
777 647 980 725 φιλέων
1015 649 1294 719 κακότητα
1322 650 1566 725 βαρεῖαν,

305 737 453 793 Ἀντὶ
487 733 832 808 δικαιοσύνης
866 738 1155 811 ἀθεμίστια
1180 739 1336 793 πάντ’
1365 737 1660 814 ἀγορεύων,

303 826 567 896 Γλώσσης
606 831 776 899 μῦθον
809 828 1014 882 ἅπαντα
1045 824 1383 901 δολόφρονος
1419 825 1848 904 όμφαγαπάζεις·

303 915 493 978 Ἔνθεν
527 915 688 986 Ἅναξ
715 913 935 980 καθελεῖ
965 936 1024 970 σε
1055 913 1348 992 διαμπερὲς
1378 917 1542 991 εὖχος
1571 912 1833 986 ἀπούρας⁶

303 1004 394 1066 Ὠς
425 1001 472 1058 δ’
502 999 720 1080 ὅρπηκα
747 1007 940 1078 ταμών
964 1026 1042 1079 σε,
1072 1009 1208 1060 τεῶν
1240 1005 1596 1060 ἀπονάσσεται
1629 1001 1814 1058 οἷ’κων*

305 1185 435 1241 Τεῖο
469 1180 514 1238 δ’
542 1183 901 1239 ἀποσπάσειεν
936 1184 1041 1238 ἀπὸ
1073 1184 1272 1259 χθονὸς
1301 1182 1469 1239 ἀκλέα
1501 1184 1673 1259 ρίζαν.

304 1271 571 1345 Ευδικίης
604 1272 921 1337 λεύσσοντες
944 1273 1314 1346 ύποπτήξουσ’
1340 1275 1636 1352 ὑποφῆται.

299 1367 436 1420 Τοῖα
467 1361 514 1418 δ’
547 1365 700 1436 ὁμῶς
729 1362 972 1436 ἐρέουσιν
1008 1362 1091 1419 ἐπ’
1125 1363 1290 1419 αὐτοῦ
1327 1360 1696 1438 μειδιόωντες’

301 1453 594 1511 Ἀθάνατον
625 1453 755 1508 Θεὸν
788 1454 946 1517 οὗτος
977 1452 1126 1529 ἔχειν
1155 1455 1420 1530 ἠρνήσατ’
1453 1453 1690 1528 ἀρωγόν*

301 1636 474 1705 Θυμῷ
505 1628 564 1686 δὲ
593 1630 869 1686 κτεάτεσσι
900 1633 1021 1705 περὶ
1059 1633 1366 1710 σφετέροισι
1407 1631 1677 1701 πεποίθει,

302 1719 425 1776 Alei.
459 1717 765 1794 μαψιδίοισι
802 1719 925 1796 βίην
958 1721 1357 1794 κεκορυθμένος
1390 1720 1592 1796 ἔργοις.

302 1808 489 1883 Δῦτάρ
522 1808 630 1882 ἐγὼ
655 1808 780 1884 περὶ
812 1811 954 1864 θεῖον
976 1806 1099 1871 ἕδος
1135 1809 1286 1885 βρύω
1318 1810 1392 1872 ὥς
1420 1831 1502 1872 τις
1535 1809 1719 1880 ἐλαίη,

308 1900 609 1968 Θεσπεσίην
643 1898 871 1969 ἐλεητυν
903 1897 1059 1972 ἐμοῖς
1076 1897 1481 1973 ,ποτιδέγμενος
1513 1899 1715 1969 ὄσσοις,

308 1989 412 2046 Καὶ
444 1993 538 2043 νῦν
568 1986 659 2043 καί
695 1988 983 2061 μετέπειτα
1009 1987 1340 2060 διηνεκέεσσι
1368 1987 1672 2066 γενέθλαις,

304 2079 400 2132 Ὧν
436 2076 598 2152 χάριν
631 2077 986 2148 ἐξετέλεσσας,
1020 2078 1202 2150 Ἀναξ,
1236 2099 1353 2134 τεον
1388 2080 1534 2133 αἶνον
1566 2077 1753 2151 ἀείσω,

312 2167 548 2222 Πάντοτε
578 2171 698 2229 σοῖς
732 2165 903 2230 ὁσίοις
932 2161 1106 2241 ὄνομα
1133 2164 1309 2235 γλυκὺ
1340 2173 1453 2223 σεῖο
1485 2165 1744 2226 δοκεύων.

888 2276 1193 2330 ΨΑΛΜΟΣ
1249 2275 1374 2334 ΝΒ’.

295 2379 499 2437 Δαίδου
531 2385 760 2437 πινυτοῢ
794 2381 926 2456 ὑπὲρ
959 2381 1206 2445 ἀντιθέου
1239 2380 1560 2455 Μαελήτουο

286 2474 426 2529 Τοῖο
458 2468 515 2527 δὲ
545 2471 915 2543 πεντηκοστὸς
947 2468 1037 2528 ἔθυ
1069 2471 1160 2527 καὶ
1193 2469 1444 2548 δεύτερος
1471 2472 1666 2546 ὕμνος.

302 2652 424 2710 Οὐκ
452 2654 589 2707 εἴναι
622 2654 750 2706 Θεὸν
785 2653 925 2707 εἶπεν
957 2652 1065 2714 ἑοῖς
1096 2651 1147 2706 ἐν
1182 2653 1430 2722 στήθεσιν
1461 2653 1668 2730 ἄφρων

301 2739 515 2816 Αἴσχεα
540 2741 923 2814 τεκταίνοντες,
955 2741 1063 2802 ἑοῖς
1098 2739 1362 2814 ἐξέφθιθεν
1395 2735 1596 2816 ἔργοις.

297 2831 624 2906 Ἐργατίνης
658 2830 757 2885 οὐκ
786 2829 926 2885 ἔστιν
955 2826 1059 2892 ἕως
1093 2831 1210 2895 ἑνὸς
1239 2830 1564 2904 εὐνομιάων.

304 2927 572 2999 ’Ἃφθιτος
600 2921 888 2996 οὐρανόθεν
921 2921 1142 2997 βρότεον
1177 2921 1494 2991 σκοπιάξετο
1524 2921 1694 2999 φ’ὖλον

296 3009 627 3082 Ὀψόμενος,
658 3009 741 3071 τίς
773 3006 971 3064 ἄνακτα
1002 3011 1128 3064 Θεὸν
1163 3007 1457 3084 διζήμενος
1487 3008 1593 3080 εἷή.

299 3101 504 3162 Πάντες
531 3097 918 3161 ἀποκλίναντες
949 3100 1090 3172 ὁμοῦ
1120 3097 1412 3156 κλονέοντο
1443 3106 1710 3158 κακοῖσιν.

293 3189 615 3266 Ἐργατίνης
646 3189 746 3244 οὐκ
775 3187 916 3244 ἔστιν
937 3185 1053 3251 ⁴ἕως
1087 3190 1204 3252 ἑνὸς
1239 3189 1569 3264 εύνομιάων.

293 3280 362 3336 Οἱ
395 3276 438 3333 δ’
471 3279 683 3355 ἀγαθῶν
721 3277 984 3352 ἀγνῶτες,
1015 3277 1094 3333 ἀεὶ
1127 3277 1549 3358 συμφράδμονες
1581 3282 1737 3352 ἄτης,

298 3368 442 3423 Λαὸν
474 3366 603 3442 ἐμὸν
631 3365 946 3429 κατέδοντες
971 3366 1120 3430 ὅπως
1154 3370 1466 3446 θρεψήνορα
1499 3375 1666 3429 σῖτον.

295 3543 591 3624 ’Λφραδέες
619 3543 878 3611 ἐλάθοντο
909 3547 1037 3602 Θεὸν
1074 3545 1316 3621 βασιλῆα
1356 3549 1626 3603 λιτέσθαι·

301 3634 684 3709 Δειμαίνεσκον
717 3632 875 3707 ἅδην,
909 3634 998 3691 ὅτε
1029 3633 1285 3708 δείματος
1318 3634 1379 3690 ού
1411 3637 1577 3712 χρέος
1608 3637 1726 3706 ἦεν.

298 3725 495 3782 Ὀστέα
524 3727 693 3780 πάντα
722 3722 996 3795 κέδασθαι,
1029 3725 1177 3789 ὅσοις
1211 3723 1362 3798 μέλει
1390 3722 1584 3802 ἄνδρας
1616 3725 1825 3783 ἰαίνειν.

300 3901 408 3959 Καὶ
462 3922 650 3980 σφιφιν
709 3903 968 3980 "Ag/Orco:
1029 3902 1187 3965 αὐτὸς
1249 3904 1614 3978 ὀνοσσάμενος
1672 3907 1836 3980 πόρεν
1869 3906 1956 3960 αἶ-

1720 4015 1882 4052 σγος.

1720 4015 1750 4048 σ
1798 4016 1824 4049 ο

300 4082 399 4145 Τίς
428 4080 589 4155 πόροι
623 4080 684 4135 ἐκ
714 4085 924 4144 Σιῶνος
957 4079 1244 4157 ἐπίρῥοθον
1281 4080 1569 4154 Ἰσραήλου
1603 4103 1616 4152 ;
1695 3997 1714 4068 [
1755 4013 1796 4069 χ
1832 4015 1856 4058 ς

298 4173 449 4225 Λαοῦ
481 4168 606 4224 ὅταν
642 4168 887 4244 στρέψειε
917 4171 1045 4232 Θεὸς
1077 4171 1213 4224 κάτα
1245 4168 1464 4225 δούλιον
1497 4170 1668 4246 ἦμαρ,

295 4264 486 4332 Τῆμος
519 4256 842 4335 ἀγαλλέσθω
872 4259 1170 4333 περιώσιος
1202 4258 1510 4333 Ἰσραῆλος.

893 4367 1199 4424 ΨΑΛΜΟΣ
1241 4367 1364 4424 Nl“.

300 4470 478 4542 Τήνδε
508 4477 624 4564 Qui)
651 4469 951 4564 κελάδηρεν
985 4469 1110 4562 ᾅναξ
1144 4469 1372 4564 Aquiliqu
1403 4469 1620 4564 ἀοιδὴν,

305 4550 337 4564 η
465 4545 477 4564 Ι
596 4559 602 4564 .
621 4546 633 4564 ἱ
673 4545 697 4564 τ’
829 4548 851 4558 ν
1073 4545 1081 4560 ν
1128 4555 1148 4564 Α
1386 4563 1413 4564 ,,
1457 4551 1492 4564 τη

303 4545 553 4630 Ζηὶφαίων
588 4543 633 4600 δ’
651 4545 757 4630 ’ὅτε
784 4543 967 4630 ξρξλον
989 4543 1288 4630 ἀτάσνθκολον
1320 4544 1434 4630 ἦγε,
1456 4545 1688 4630 ξαούνλῳ

311 4615 426 4708 Πὰρ
459 4615 613 4688 θέμιν
642 4615 908 4708 ἀγλελίην
943 4615 1288 4708 ἀποφώλιον,
1321 4615 1434 4705 οὐδ’
1469 4615 1692 4708 ἱκετάων

307 4686 561 4751 Φείσατο,
596 4686 821 4744 Δαυΐδον
855 4686 911 4742 δὲ
945 4686 1078 4774 μετᾷ
1109 4688 1257 4761 σφίσι
1290 4688 1458 4776 φάνἙο
1487 4687 1801 4781 κεκρύφθαι.

307 4765 342 4781 νη
378 4757 464 4781 «v9,
554 4760 597 4781 ex
777 4761 788 4781 r
849 4780 910 4781 ,,
987 4780 1048 4781 ην
1207 4779 1244 4781 μ
1278 4779 1386 4781 κύρ
1418 4779 1467 4781 με
1539 4780 1555 4781 η
1602 4771 1667 4781 --Α

304 4757 474 4814 Τοῦδε
507 4760 675 4831 μέλος
699 4757 955 4834 τρίτατον
983 4758 1072 4814 καί
1102 4757 1469 4829 πεντηκοστὸν
1503 4757 1735 4834 ἐτύχθη.

305 4863 525 4940 Οῧνομα
557 4868 666 4936 σὸν,
701 4864 956 4935 Βασιλεῦ,
994 4887 1059 4939 με
1087 4870 1268 4920 κακῶν
1290 4863 1550 4929 ἀπάνευθε
1580 4867 1807 4935 σαώσοι,

307 4957 413 5014 Καί
440 4958 495 5030 μ’
529 4957 908 5032 ἀναμετρήσας
939 4956 1064 5027 περὶ
1095 4956 1186 5009 σὸν
1217 4954 1398 5018 σθένος
1425 4952 1533 5009 ὧδε
1563 4952 1823 5026 δικάζοις.

309 5045 593 5122 Εύχωλῆς
626 5045 926 5102 ἐπάκουσον
952 5044 1115 5119 ἐμῆς,
1148 5045 1517 5115 πανυπέρτατε
1550 5047 1789 5119 Ποιμήν·

313 5137 525 5197 Μύθοις
553 5134 846 5211 ἡμετέροις
870 5135 1131 5208 ἆριήκοον
1165 5130 1292 5194 οὖας
1325 5130 1581 5208 ἐρείδοις·

312 5223 522 5282 Οῧνεκά
557 5245 651 5297 μοι
683 5225 854 5294 ξεῖνον
890 5221 1062 5294 δηίων
1096 5221 1380 5294 θωρήξατο
1413 5219 1612 5298 φῦλον,

312 5313 412 5368 Καί
448 5333 545 5386 μευ
577 5312 958 5388 ἆνιχνεύεσκον
993 5310 1136 5366 ἑλεῖν
1168 5306 1446 5383 μενεδήϊοι
1478 5309 1638 5386 ἦτορ,

314 5399 458 5460 Οὐδὲ
487 5401 597 5476 νόῳ
612 5399 898 5476 βασιλῆος
927 5399 1128 5476 ἐπεμνῄ
1139 5419 1317 5476 σαντο-
1331 5403 1509 5476 Θεοῖσἶ

567 5467 577 5474 ⁷
630 5467 638 5476 ’
821 5467 827 5470 ⁷
1011 5467 1037 5487 ε’
1100 5467 1125 5488 θ.
1235 5474 1244 5490 Ι
1305 5470 1318 5490 τ
1485 5467 1508 5488 Ἰ

313 5476 473 5528 ’Πτοι
503 5471 626 5545 ἐμοὶ
658 5471 907 5528 καλέοντι
938 5479 1066 5532 Θεος
1096 5469 1453 5546 επιταρρόθος
1483 5490 1652 5539 εσται,

315 5562 424 5620 Καί
457 5584 557 5636 μευ
587 5563 753 5636 "Aan
791 5562 1002 5637 βιότοιο
1035 5558 1331 5630 διηνεκέως
1361 5558 1729 5634 προμαχίζοι.

318 5649 509 5724 Κήδεα
540 5649 890 5726 δυσμενέσσιν
919 5650 1308 5726 ἀποστρέψειας
1341 5647 1546 5721 ἐμοῖσιν

683 5773 953 5835 Puncta
999 5771 1110 5834 Gn.
1155 5768 1420 5832 XXXIII.

1398 330 2043 400 INTERPRETATIO
2085 328 2165 390 IN
2209 331 2599 394 PSALTEM.

1983 463 2038 532 Α
2069 465 2160 519 Sic
2193 465 2396 521 dolum
2428 466 2620 522 fecisti
2653 471 2936 538 tanquam
2958 471 3251 526 rasorium
3272 489 3558 532 mucrone
3579 494 3715 533 acu-

1984 4571 2034 4635 D

3555 347 3710 408 I386

3491 572 3638 622 tum.

2072 644 2182 698 Pro
2215 643 2576 716 benignitate
2611 645 2863 720 diligens
2896 650 3184 706 malitiam
3210 566 3465 724 gravemE

2071 733 2181 786 Pro
2208 733 2462 803 justitia,
2498 735 2704 806 iniqua
2729 737 2929 792 omnia
2958 739 3255 810 elTutiens,

2075 820 2308 891 Linguae
2337 822 2580 878 verbum
2614 841 2788 880 omne
2811 827 3032 883 dolosae
3055 829 3431 900 amplecteris
3457 848 3472 886 :

2073 911 2217 965 Inde
2249 913 2369 966 Rex
2401 912 2666 968 destruet
2697 921 2752 970 te
2787 933 3021 988 semper
3049 918 3237 990 gloria
3262 921 3500 991 privans
3527 938 3543 976 :

2073 1001 2376 1070 Tanquam
2408 1018 2542 1056 vero
2575 1020 2807 1059 ramum
2834 1006 3158 1062 concidens
3185 1013 3240 1062 te
3273 1010 3389 1065 tuis
3413 1012 3724 1083 emigrabit

3359 1099 3610 1174 [aedibus
3632 1118 3645 1155 :

2072 1179 2252 1233 Tuam
2285 1197 2418 1234 vero
2451 1181 2663 1237 evellat
2692 1183 2762 1238 de
2794 1189 2951 1240 terra
2982 1185 3292 1258 ingloriam
3324 1188 3609 1246 radicem.

2071 1268 2322 1323 Iustitia;
2355 1269 2622 1325 videntes
2650 1272 2946 1328 timebunt
2975 1280 3154 1330 vates.

2071 1357 2231 1411 Talia
2263 1375 2400 1412 vero
2434 1360 2612 1414 simul
2640 1362 2843 1417 dicent
2868 1380 3046 1434 super
3076 1381 3209 1420 eum
3242 1366 3538 1424 ridentes:

2072 1452 2474 1506 Immortalem
2501 1453 2683 1506 Deum
2731 1453 2843 1507 iste
2890 1453 3110 1508 habere
3150 1459 3444 1512 recusavit
3484 1459 3721 1531 adjuto-

3462 1550 3644 1616 [rem.

2071 1629 2284 1684 Animo
2316 1636 2512 1685 autem
2544 1631 3026 1702 possessionibus
3055 1633 3116 1687 in
3149 1635 3271 1689 suis
3303 1637 3575 1706 speravit,

2071 1718 2316 1790 Semper
2344 1720 2509 1774 vanis
2536 1719 2718 1774 robur
2747 1727 3009 1776 armatus
3031 1722 3330 1792 operibus.

2071 1809 2175 1862 Ast
2200 1825 2305 1880 ego
2339 1809 2401 1863 in
2433 1809 2629 1863 divina
2655 1810 2792 1864 sede
2825 1811 3009 1866 ﬂoreo
3041 1812 3199 1867 velut
3241 1813 3514 1884 quasdam
3547 1816 3718 1884 oliva,

2073 1897 2338 1952 Divinam
2372 1897 2844 1954 misericordiam
2877 1901 3025 1955 meis
3059 1907 3375 1972 expectans
3409 1905 3618 1973 oculis,

2071 1987 2140 2038 Et
2163 1990 2304 2041 tunc
2332 1992 2390 2042 et
2415 1993 2621 2058 postea
2652 1990 2954 2060 perpetuis
2983 1993 3490 2062 generationibus,

2070 2074 2329 2138 Quorum
2362 2077 2550 2147 gratia
2593 2077 2805 2144 fecisti,
2841 2079 2979 2148 Rex,
3009 2085 3170 2135 tuam
3202 2081 3439 2137 laudem
3480 2100 3712 2143 cauam.

2071 2162 2314 2234 Semper
2344 2164 2461 2219 tuis
2484 2165 2702 2220 sanctis
2729 2183 2948 2222 nomen
2979 2168 3152 2224 dulce
3181 2173 3344 2225 tuum
3371 2171 3712 2230 observans.

2653 2273 2974 2329 PSALMUS
3014 2277 3126 2330 LII.

2075 2377 2295 2431 Davidis
2308 2378 2602 2446 prudentis
2624 2395 2730 2449 pro
2756 2380 2947 2435 divino
2969 2383 3232 2438 Mahelcto
3255 2401 3274 2437 :

2066 2450 2245 2516 Hujus
2293 2465 2418 2503 vero
2478 2451 2965 2520 quinquagesimus
3036 2461 3113 2508 est
3182 2462 3234 2509 ct
3296 2457 3564 2514 secundus
3611 2459 3716 2514 hu-

3414 2529 3643 2602 [ωηαεῆ

2067 2630 2193 2683 Non
2226 2644 2353 2684 esse
2390 2629 2570 2684 Deum
2604 2629 2752 2685 dixit
2777 2632 2900 2686 suis
2923 2633 2983 2686 in
3021 2634 3361 2704 pectoribus
3402 2636 3712 2709 insipiens.

2068 2717 2283 2789 Turpia
2312 2719 2649 2786 molientes,
2685 2719 2807 2775 suis
2838 2722 3100 2793 corrupti
3141 2729 3280 2778 sunt
3304 2727 3604 2795 operibus.

2068 2805 2386 2877 Operarius
2417 2825 2536 2862 non
2569 2813 2658 2862 est
2680 2825 2868 2880 usque
2900 2811 2974 2864 ad
3006 2828 3193 2866 unum
3226 2813 3593 2882 wquitatum.

2065 2897 2337 2950 zEternus
2371 2895 2441 2950 de
2473 2897 2618 2951 cmlo
2639 2899 2890 2952 mortale
2921 2900 3224 2970 prospexit
3251 2917 3459 2972 genus,

2067 2983 2332 3051 Visurus,
2364 2985 2498 3054 quis
2529 3001 2726 3056 regem
2760 2987 2944 3040 Deum
2978 3004 3250 3057 quaerens
3283 2991 3378 3045 sit.

2065 3073 2283 3128 Omnes
2316 3073 2684 3128 declinantes
2715 3075 2893 3129 simul
2915 3077 3229 3132 turbantur
3257 3079 3452 3136 malis.

2064 3162 2381 3233 Operarius
2413 3179 2532 3217 non
2565 3169 2654 3217 est
2673 3179 2859 3234 usque
2892 3165 2966 3220 ad
2997 3181 3183 3221 unum
3215 3169 3582 3239 zequitatum.

2065 3253 2173 3318 Qui
2194 3270 2327 3309 vero
2342 3253 2514 3309 bonis
2534 3255 2719 3326 ignoti
2739 3262 2898 3324 sunt,
2927 3275 3162 3329 semper
3173 3261 3498 3318 concordes
3511 3280 3706 3332 noxai,

2063 3343 2352 3414 Populum
2387 3359 2588 3398 meum
2621 3345 2968 3402 devorantes
2999 3352 3064 3402 ut
3093 3347 3275 3404 robur
3303 3352 3576 3408 nutriens
3603 3353 3706 3408 tri-

3421 3442 3628 3498 ticum.

2065 3517 2238 3576 Stulti
2271 3521 2439 3577 obliti
2467 3528 2606 3576 sunt
2637 3523 2821 3576 Deum
2854 3539 3051 3596 regem
3090 3440 3389 3599 invocareE

2066 3610 2531 3682 Trepidaverunt
2554 3611 2720 3677 satis,
2747 3613 2985 3682 quando
3008 3632 3224 3685 pavore
3256 3635 3374 3672 non
3398 3636 3548 3691 opus
3564 3629 3707 3678 erat.

2067 3699 2212 3755 Ossa
2243 3699 2443 3754 omnia
2473 3699 2760 3770 dissipata
2801 3707 2959 3769 sunt,
3005 3704 3222 3774 quibus
3253 3723 3408 3762 curae
3440 3713 3530 3763 est
3557 3710 3711 3766 viros

3315 3795 3610 3854 delectare

3315 3795 3610 3854 delectare

2064 3880 2135 3933 Et
2163 3878 2307 3950 ipsis
2337 3883 2596 3933 mternus
2619 3877 2744 3949 ipse
2769 3879 3129 3953 redarguens
3146 3795 3400 3955 praeImit
3428 3840 3706 3943 dedecus.

2063 4058 2203 4123 Quis
2235 4057 2335 4113 det
2364 4074 2433 4112 ex
2467 4057 2642 4113 Sione
2673 4058 3006 4131 adjutorem
3037 4063 3240 4118 Israeli
3272 4065 3300 4119 ?

2063 4147 2262 4202 Plebis
2293 4148 2529 4218 quando
2562 4151 2918 4205 converterit
2946 4154 3099 4208 Deus
3129 4155 3402 4210 servilem
3419 4157 3599 4228 diem,

2064 4238 2226 4292 Tunc
2259 4237 2516 4292 exsultet
2536 4255 2786 4311 magnus
2814 4242 3017 4296 Israel.

2635 4347 2960 4403 PLALMUS
2993 4350 3130 4406 LIII.

2064 4454 2182 4506 Hoc
2213 4453 2318 4506 Deo
2351 4452 2550 4508 cecinit
2580 4470 2681 4508 rex
2711 4456 2888 4510 David
2917 4457 3166 4517 Carmen.

2067 4524 2416 4599 ζερὴωονμηι
2448 4541 2576 4578 vero
2609 4526 2834 4595 quando
2863 4545 3032 4595 genus
3059 4532 3289 4599 impium
3319 4533 3515 4588 attulit
3551 4531 3717 4590 Sauli

2069 4595 2272 4669 Contra
2295 4597 2673 4669 fasknuntium
2695 4614 2916 4659 vanum.
2952 4595 3316 4669 neque—servis

2076 4668 2303 4739 Peperci
2309 4672 2350 4729 t,
2384 4667 2646 4721 Davidem
2663 4685 2786 4723 vero
2801 4671 2948 4723 inter
2970 4667 3110 4739 ipsos
3132 4673 3386 4729 dicebant
3406 4677 3720 4733 occultasse.

2077 4738 2258 4806 Hujus
2287 4753 2504 4793 carmen
2535 4742 2757 4794 tertium
2787 4748 2838 4794 et
2868 4738 3381 4813 quinquagesimum
3410 4754 3502 4802 est.

2079 4844 2306 4898 Nomen
2337 4848 2527 4912 tuum,
2552 4847 2692 4909 Rex,
2729 4863 2823 4900 me
2851 4848 3145 4904 malorum
3175 4851 3385 4922 procul
3419 4860 3628 4909 servet.

2079 4934 2148 4987 Et
2179 4950 2271 4988 me
2303 4933 2622 4990 dimetiens
2653 4935 2713 4990 in
2738 4941 2836 4990 tuo
2863 4937 3074 4992 robore
3096 4939 3181 4994 sic
3202 4940 3438 5010 judices

2081 5023 2421 5078 Orationem
2453 5024 2666 5079 exaudi
2695 5041 2909 5091 meam,
2943 5043 3218 5098 supreme
3250 5032 3492 5100 Pastor;

2085 5110 2290 5165 Verbis
2323 5112 2543 5166 nostris
2571 5112 2951 5170 obedientem
2982 5132 3188 5172 aurem
3222 5119 3424 5176 ﬁrmes
3457 5137 3471 5175 :

2084 5201 2374 5265 Quoniam
2405 5200 2666 5255 alienum
2715 5203 2975 5258 hostium
3026 5213 3320 5263 armatum
3379 5209 3492 5265 fuit
3519 5227 3728 5284 genus,

2086 5291 2156 5344 Et
2185 5306 2383 5345 meum
2415 5291 2783 5360 quaesierunt
2812 5292 3045 5349 auferre
3069 5295 3252 5352 fortes
3285 5315 3406 5369 cor,

2085 5380 2285 5449 Neque
2316 5383 2513 5433 mente
2545 5378 2696 5450 regis
2727 5382 3018 5437 recordati
3046 5390 3184 5440 sunt
3214 5387 3316 5440 Dei

2087 5467 2358 5522 Profecto
2385 5467 2532 5522 mihi
2564 5468 2860 5525 invocanti
2893 5471 3048 5529 Deus
3074 5473 3314 5546 adjutor
3347 5478 3481 5546 erit,

2087 5559 2158 5610 Et
2185 5573 2378 5612 meam
2411 5558 2531 5611 Rex
2553 5558 2732 5612 vitam
2765 5566 3052 5632 perpetuo
3082 5571 3437 5638 pr0pugnet.

2088 5645 2335 5701 Dolores
2365 5645 2626 5702 inimicis
2657 5654 2886 5722 avertas
2917 5651 3064 5706 meis
3101 5665 3115 5704 :

3333 5774 3415 5830 44
