4120 6262
455 323 603 385 138⁵1
1540 312 1999 383 APOLINARII
2042 309 2290 373 EPISC.
2336 310 2762 381 LAODICENI
3711 319 3867 382 I388

449 452 570 508 Tua
598 465 735 506 vero
767 448 1031 516 veritate,
1064 450 1205 517 Rex,
1236 450 1399 521 ipsos
1432 465 1717 508 excmces.

2121 444 2174 513 Α
2205 444 2330 495 Σεῖο
2363 437 2409 495 δ’
2439 441 2696 518 ἀληθείῃ,
2730 440 2985 513 Βασιλεῦ,
3018 442 3177 519 σφέας
3213 442 3573 513 ἰξαλαὼσοις.

449 541 742 595 Caeterum
773 554 877 610 ego
909 538 1013 592 tibi
1060 538 1415 594 sacriﬁcium
1445 541 1641 595 animo
1674 535 1937 609 cupienti
1964 550 2071 604 per

1910 535 1937 589 ‘.i
1964 550 2102 604 per-
2209 529 2388 606 Αύτάρ
2421 531 2527 606 ἐγώ
2556 553 2643 587 σοι
2668 537 2814 607 θῦμα
2843 533 2952 606 νόῳ
2981 534 3233 596 ποθέοντι
3265 532 3537 607 κομίσσω·

1750 627 1768 698 [
1798 626 1986 681 feram
2014 638 2027 678 :

451 719 676 773 Nomen
699 722 868 772 tuum
893 733 1122 785 canam,
1155 719 1275 774 Rex
1299 736 1312 775 :
1346 719 1571 775 bonum
1592 719 1755 777 enim
1789 718 1882 770 est

2208 706 2429 783 Οὗνομα
2457 711 2548 765 σὸν
2580 710 2796 786 μέλψω,
2831 709 3088 768 Βασιλεῦο
3121 712 3321 787 ἀγαθὸν
3347 714 3448 791 γάρ
3476 711 3714 788 ἐτύχθη·

453 807 743 874 Quoniam
765 824 836 864 ex
855 808 1020 867 omni
1046 824 1247 865 meum
1267 808 1540 879 eripuisti
1572 807 1844 863 animum
1886 817 2080 859 neces-

1916 817 2095 859 teces-
2209 797 2412 854 Οὕνεκα
2446 798 2699 871 παντοίης
2734 821 2833 874 μευ
2861 800 3054 875 έρύσαο
3087 800 3256 875 θυμὸν
3286 801 3543 878 ἀνάγκης·

1753 896 1773 968 [
1806 896 1979 950 sitate
2015 909 2027 948 :

449 990 837 1051 Inimicorum
869 1007 1000 1046 vero
1022 988 1334 1045 ostendisti
1358 988 1506 1045 meis
1542 986 1732 1043 oculis
1746 983 2076 1057 perniciem

2016 997 2097 1039 ω.
2209 976 2521 1051 Δυσμενέων
2552 976 2599 1034 δ’
2629 978 2893 1055 ἀνέφηνας
2925 979 3080 1053 ἐμοῖς
3112 979 3348 1036 ὅσσοισιν
3386 976 3639 1056 ὄλεθρον.

1017 1081 1144 1133 PSA
1157 1079 1335 1133 LMUS
1378 1078 1492 1131 LIV
1514 1120 1525 1132 .

2795 1078 3092 1129 ΨΑΛΜΟΣ
3143 1074 3267 1130 ΝΔ’.

447 1170 673 1227 Davidis
694 1170 1006 1240 prudentis,
1036 1170 1146 1224 Deo
1177 1170 1350 1240 grati,
1377 1166 1579 1236 dignus
1611 1167 1923 1240 hymnus.”

1809 1182 1923 1240 is,”
2208 1156 2440 1240 ἑαυΐδου
2470 1164 2694 1240 πινυτοῦ
2726 1160 3041 1240 θεοτερπέος
3063 1162 3220 1240 ’ἄξιος
3249 1160 3436 1240 ὕμνοςΣ

446 1232 934 1312 Ωιιίηᾳιιαξῖεείηιιιε
964 1232 1199 1295 existens
1222 1239 1376 1295 bonis
1405 1232 1528 1295 cum
1558 1232 1799 1309 qudtuor
1824 1237 1971 1294 aliis.

2207 1234 2576 1302 Πεντηκοστὸς
2607 1232 2707 1288 ἐὼν
2736 1232 2958 1308 ἀγαθοῖς
2991 1233 3078 1288 ἐπὶ
3107 1236 3353 1307 τέτρασιν
3386 1232 3605 1296 ἄλλοις.

447 1346 787 1402 Orationem
821 1343 1033 1400 exaudi
1058 1359 1275 1409 meam,
1308 1358 1586 1412 supreme
1618 1344 1846 1408 Pastor,

2208 1335 2486 1412 Εύχωλῆς
2516 1337 2811 1394 ἐπάκουσον
2844 1339 3003 1411 ἐμῆς,
3026 1344 3398 1415 πανυπέρτατε
3428 1341 3680 1412 Ποιμὴν,

447 1436 647 1507 Neque
696 1450 892 1490 meam
932 1449 1168 1505 precem
1201 1434 1408 1489 mitem
1463 1448 1708 1503 prorsus
1756 1433 2073 1501 praetereas

2026 1444 2095 1485 ts.
2207 1424 2368 1495 Μηδέ
2391 1448 2490 1499 μευ
2519 1427 2726 1498 ἱκεσίην
2757 1428 3096 1505 ἀγανόφρονα
3124 1428 3306 1505 πάγχυ
3335 1428 3653 1503 παρέλθοις,

448 1525 656 1589 Cerne,
690 1529 955 1580 nostram
987 1539 1121 1577 vero
1154 1521 1398 1576 auribus
1429 1521 1629 1591 accipe
1654 1536 1882 1575 vocem.

2206 1517 2387 1592 Δέρκε·
2417 1515 2680 1590 νωιτέρην
2716 1515 2772 1572 δὲ
2805 1520 2918 1590 μετ’
2949 1516 3106 1572 οὔασι
3137 1516 3365 1592 δέχνυσο
3393 1522 3602 1595 φωνήν.

447 1613 640 1669 Iratus
669 1611 892 1667 crebris
923 1610 1285 1667 clamoribus
1314 1611 1515 1666 animo
1544 1610 1815 1665 turbatus
1846 1624 2000 1675 sum,

2205 1606 2499 1679 Χωόμενος
2528 1611 2774 1669 πυκινοῖς
2806 1605 3150 1681 κελαδήμασι
3184 1608 3354 1681 θυμὸν
3386 1607 3637 1681 όρίνθην,

449 1701 685 1757 Inimici
716 1715 921 1755 vocem
943 1698 1192 1755 audiens
1222 1702 1283 1754 et
1310 1698 1575 1754 laborem
1607 1697 1952 1769 peccatoris.

2205 1693 2502 1766 Δυσμενέος
2534 1695 2779 1770 φθογγὴν
2810 1693 2968 1762 αΐων,
2993 1697 3082 1750 καὶ
3108 1695 3317 1771 μόχθον
3361 1695 3609 1770 ἀλιτροῠ.

450 1790 740 1858 Quoniam
769 1789 1119 1860 iniquitates
1149 1788 1295 1845 mihi
1329 1786 1701 1843 inclinabant
1720 1785 2024 1853 molestas,

1945 1802 2024 1853 as,
2126 1808 2175 1876 Β
2204 1778 2431 1876 Οὕνεκεν
2457 1782 2774 1876 ἀμπλακίας
2810 1805 2904 1857 μοι
2924 1782 3298 1840 ἄπικλίνεσκον
3331 1784 3572 1860 ἀνιγράς,

449 1879 675 1935 Acerba
707 1894 839 1933 vero
871 1878 1135 1934 furentes
1166 1877 1227 1933 in
1257 1876 1638 1932 animisiram
1672 1878 2018 1946 posuerunt,

1901 1878 2018 1943 unt,
2126 1869 2168 1876 ”
2204 1872 2377 1945 Ηικρά
2405 1869 2463 1926 δὲ
2493 1869 2800 1938 λυσσώντες
2829 1871 2916 1927 ἐπὶ
2942 1872 3095 1950 φρεσὶ
3130 1880 3291 1945 μῆνιν
3321 1871 3528 1941 ἔθεντο,

451 1971 520 2025 In
546 1986 640 2024 me
672 1975 944 2025 nostrum
974 1968 1427 2025 conturbatione
1459 1967 1724 2022 saucium
1755 1983 1894 2021 cor:

2201 1961 2365 2037 Ἀμφ’
2393 1960 2517 2032 ἐμοὶ
2548 1963 2815 2032 ἡμέτερον
2847 1967 3065 2037 ταραχῇ
3101 1958 3474 2039 βεϐολημένον
3507 1964 3671 2038 ἧνυρσ

446 2059 670 2133 Rigidae
701 2059 911 2116 mortis
942 2058 1056 2115 vim
1088 2057 1403 2114 horrebam
1435 2057 1846 2129 ingruentem.t

2200 2048 2464 2123 Ῥιγηλοῦ
2494 2051 2745 2106 θανάτοιο
2777 2051 2899 2126 βίην
2930 2051 3259 2128 τρομέεσκον
3294 2052 3496 2110 ἰοῦσαν.

447 2152 634 2206 Pavor
671 2155 730 2206 et
759 2154 983 2206 tremor
1012 2163 1191 2218 super
1210 2162 1306 2205 me
1336 2146 1517 2217 venit,
1548 2147 1810 2203 contexit
1837 2162 1971 2202 vero
1998 2147 2074 2203 in-

2235 2145 2391 2213 ιεῖμα,
2419 2140 2625 2215 τρόμος
2661 2141 2776 2213 μετ’
2804 2139 2891 2214 ἔμ’
2918 2143 3076 2213 ἦλθε,
3116 2139 3326 2215 κάλυψε
3377 2139 3435 2196 δὶ
3480 2143 3731 2216 νήχυτος
3768 2138 3862 2217 ὅρ-

1594 2235 1776 2307 [gens
1808 2234 2022 2305 caligo.

3599 2234 3620 2301 [
3650 2253 3786 2304 φνη·

451 2327 579 2383 Dixi
599 2342 734 2382 vero
757 2323 1081 2391 :Quismihi
1097 2340 1325 2396 pennas
1340 2324 1765 2396 prmbeatsicut
1781 2322 2071 2379 columbae

2201 2318 2339 2375 Εἶπα
2370 2315 2444 2372 δέ’
2477 2317 2569 2380 Τίς
2598 2338 2688 2373 κεν
2720 2317 2843 2391 ἐμοὶ
2876 2318 3142 2396 πτέρυγας
3175 2319 3339 2394 πόροι
3370 2322 3457 2374 οἷα
3481 2318 3741 2393 πελείης,

453 2415 527 2470 Ut
553 2431 767 2486 corpus
794 2430 828 2469 a
858 2412 1058 2468 labore
1090 2411 1295 2467 volans
1328 2410 1673 2467 refociller?

2201 2408 2379 2481 Ὀφρα
2410 2404 2576 2480 δέμας
2608 2408 2876 2481 καμάτοιο
2898 2411 3215 2481 ποτώμενος
3245 2408 3594 2482 ἀμπαύσαιμι
3623 2428 3636 2478 ;

453 2504 645 2575 Longe
671 2502 868 2574 fugam
900 2501 1093 2571 posui,
1126 2501 1189 2554 in
1226 2506 1425 2556 autem
1455 2500 1745 2556 faciebam
1777 2500 2080 2555 stationem

1979 2516 2092 2555 tem
2201 2496 2354 2565 Τῆλε
2382 2497 2555 2573 φυγὴν
2581 2496 2804 2569 ἐθέμην,
2841 2497 2891 2553 ἐν
2925 2496 2969 2553 δ’
3003 2496 3166 2568 ἤνυον
3196 2498 3351 2553 αὖλιν
3386 2496 3606 2574 ἐρήμῳ,

1746 2586 1767 2654 [
1798 2605 2021 2654 eremo,

454 2679 829 2737 Inﬁrmitatis
869 2675 1585 2752 adjutoremlexspectans
1625 2696 1910 2751 saevasque
1956 2696 2081 2752 pro-

1956 2696 2093 2752 pro-
2202 2672 2492 2748 Ἀδρανίης
2522 2673 2772 2750 ἀλκτῆρα
2791 2676 2964 2749 μένων
2990 2683 3192 2747 ταναῆς
3218 2699 3277 2733 τε
3310 2674 3548 2747 θυέλλης

1784 2770 1800 2841 ι
1833 2769 2019 2825 cellae.

453 2860 706 2933 Linguas
739 2875 944 2915 eorum
969 2863 1030 2914 tu
1062 2858 1333 2915 dividens
1364 2858 1526 2914 vibra
1555 2858 1615 2913 in
1648 2864 1931 2930 pontum:

2199 2852 2455 2914 Γλώσσας
2488 2853 2790 2931 σφωιτέρας
2820 2854 2882 2908 σὺ
2918 2853 3333 2930 μερισσάμενοις
3367 2851 3500 2930 βάλε
3530 2852 3752 2928 πόντῳ·

452 2949 831 3020 Iniquitalem
864 2946 1150 3009 intellexi.
1177 2947 1686 3019 jactationemque
1718 2948 1780 3003 in
1811 2948 1955 3004 urbe
1987 2963 2001 3002 :

1898 2964 1955 3004 3e
1987 2963 2001 3002 :
2201 2940 2552 3015 Ἀμπλακίην
2585 2942 2782 3013 ἐνόησα
2811 2940 3139 3016 ἐπεσϐολίην
3169 2946 3220 3001 τ’
3250 2945 3347 3000 ἀνά
3377 2944 3525 3004 ἄστυ.

447 3041 662 3094 Turres
691 3038 787 3093 die
819 3043 1113 3108 nocteque
1140 3037 1270 3107 ejus
1301 3037 1690 3094 circumdent.

2201 3031 2448 3106 1139709:
2481 3034 2694 3106 ἠματίη
2728 3033 2893 3109 νυχῖῃ
2925 3035 2970 3087 θ’
3000 3031 3060 3088 ’ἑο
3091 3035 3417 3092 κυκλώπειεν

449 3129 512 3183 In
543 3127 740 3183 medio
771 3126 1147 3198 iniquitatem
1183 3131 1293 3182 tert
1321 3132 1381 3182 et
1424 3127 1686 3184 laborem
1724 3127 2076 3185 afﬂictionis.

1932 3127 2084 3185 onis.
2123 3167 2166 3235 Ο
2204 3122 2438 3178 Μεσσόθι
2472 3118 2767 3192 δυσνομίην
2800 3130 2981 3201 φορέει
3011 3125 3098 3179 καὶ
3135 3126 3345 3201 μόχθον
3380 3127 3558 3199 ἀνίης,

2208 3208 2799 3235 11,,9‘._!A__:A\1-A_
2842 3214 3016 3235 _.,,,2-
3137 3215 3150 3235 \
3203 3214 3214 3233 ι
3478 3217 3497 3235 κ
3557 3226 3558 3235 η

448 3217 649 3288 Neque
683 3213 853 3270 labor
885 3213 1128 3270 dolosus
1159 3215 1282 3270 suis
1314 3215 1532 3271 defecit
1560 3232 1595 3271 a
1625 3216 1752 3273 viis.

2123 3208 2166 3235 ν
2205 3209 2363 3280 Μηδὲ
2391 3209 2556 3271 πόνος
2585 3208 2800 3274 δολόεις
2834 3214 3099 3290 σφετέρων
3130 3214 3380 3270 λείποιτο
3413 3217 3713 3278 κελεύθων.

454 3301 512 3358 Si
543 3320 638 3359 me
671 3302 860 3360 hostis
902 3303 1170 3359 torsisset
1220 3302 1475 3374 probris,
1536 3321 1678 3361 sane
1734 3305 1884 3361 forte
1915 3307 2081 3363 susti-

2095 3340 2096 3347 η
2200 3298 2346 3372 Εἷ’μ’
2378 3298 2573 3375 ἐχθρὸς
2606 3300 2915 3378 στυφέλιξεν
2946 3300 3227 3371 ὀνείδεσιν,
3258 3306 3298 3375 ἦ
3324 3306 3432 3383 τάχ
3457 3306 3722 3384 ἀνέτλην,

1696 3393 1714 3464 [
1736 3395 2022 3463 nuissem,

454 3482 645 3538 Etiam
676 3482 865 3536 osoris
895 3481 1207 3537 verborum
1233 3481 1630 3539 declinassem
1651 3482 1941 3555 impetum
1968 3501 1989 3539 :

1935 3510 1941 3540 ι
1968 3501 1989 3539 .·
2200 3478 2298 3534 Καί
2329 3500 2414 3535 κεν
2449 3479 2852 3555 ἀπεχθομένοιο
2885 3482 3063 3556 λόγων
3096 3482 3337 3540 ἀλέεινον
3362 3485 3562 3563 ἐρωήν·

457 3571 589 3638 Sed,
620 3569 740 3625 dux
767 3574 827 3624 et
854 3574 992 3625 note
1025 3587 1260 3642 semper
1285 3570 1611 3639 unanimis,

2198 3566 2401 3640 ,Αλλά,
2431 3571 2761 3646 καθηγητήρ
2790 3570 2883 3627 καὶ
2913 3573 3156 3647 γνώριμε
3186 3573 3406 3630 πάντοθ’
3433 3576 3725 3655 ὁμόφρων,

449 3664 575 3718 Non
606 3661 781 3717 ambo
813 3662 1146 3717 convivium
1169 3661 1327 3733 apud
1358 3662 1431 3717 de
1459 3662 1841 3736 gustabamus
1877 3662 2076 3721 dulce‘

2087 3665 2097 3717 Ρ
2199 3657 2313 3714 Οὐκ
2342 3657 2507 3731 ἄμφω
2540 3658 2740 3729 θαλίης
2767 3661 2911 3735 παρά
2937 3661 3021 3716 σοὶ
3051 3661 3375 3737 πασάμεσθα
3406 3665 3714 3743 μελιχρῆς,

445 3753 654 3808 Nonne
667 3752 1016 3808 domumDei
1031 3753 1219 3807 amice
1233 3755 1675 3809 consentientes
1688 3755 2072 3811 ascendimus‘

1985 3756 2095 3811 111$?
2195 3748 2264 3803 Ἠ
2296 3746 2344 3822 ῥ’
2375 3746 2436 3801 οὖ
2470 3744 2629 3818 δῶμα
2658 3754 2812 3804 Θεοῖο
2843 3750 2977 3826 φίλα
3009 3754 3323 3829 φρονέοντες
3354 3750 3559 3828 ἔϐημεν
3599 3776 3612 3827 ς

442 3844 677 3900 Utinam
710 3841 1060 3916 perniciosis
1098 3842 1296 3898 veniat
1323 3860 1483 3898 mors
1514 3843 1627 3899 sibi
1650 3843 1827 3917 digna
1846 3844 2035 3913 factis,

1953 3846 2035 3913 LiS,
2196 3833 2314 3899 Εἶ’θ’
2347 3835 2524 3891 ὀλοῶν
2557 3835 2712 3893 ἔλθοι
2739 3837 2963 3902 θάνατός
2996 3861 3173 3917 σφισιν
3206 3841 3352 3912 ἄξιος
3386 3841 3580 3919 ἔργων»

440 3934 508 3987 In
527 3939 724 3988 autem
740 3931 861 3986 orci
884 3931 1230 3986 barathrum
1248 3932 1440 3987 adhuc
1459 3933 1716 3988 viventes
1730 3933 2066 3990 descendan

1851 3933 2094 3990 :endant
2195 3924 2291 3985 Εἲς
2323 3921 2370 3978 δ’
2401 3922 2557 3980 ἀΐδαο
2593 3926 2845 4000 βέρεθρον
2874 3924 2952 3982 ἔτι
2988 3929 3221 3997 ζώοντες
3248 3930 3478 3988 ἳκοιντο⁴

441 4022 549 4087 Qui
579 4021 786 4092 utique
817 4020 1034 4076 mediis
1065 4020 1268 4076 ferunt
1297 4021 1597 4095 nequitias
1627 4022 1690 4077 in
1712 4024 1982 4095 tuguriis.

1934 4042 1982 4079 ε,
2192 4013 2260 4069 Οἳ
2293 4012 2358 4089 ῥα
2390 4015 2553 4088 μέσης
2571 4016 2855 4089 φορέουσιν
2882 4016 3209 4081 ἀτασθαλίας
3228 4016 3554 4087 καλύϐῆσιν.

446 4112 557 4167 Sed
590 4128 696 4185 ego
733 4109 1002 4173 clamavi,
1037 4112 1191 4165 Deus
1220 4128 1355 4167 vero
1386 4127 1580 4167 meam
1613 4112 1835 4168 audivit
1865 4130 2073 4171 vocem

2010 4131 2086 4183 ω,
2190 4103 2373 4177 Αὐτάρ
2407 4102 2543 4178 ἐγὼν
2577 4099 2800 4175 ἐϐόησα,
2834 4106 2961 4168 Θεὸς
2996 4102 3052 4161 δέ
3087 4129 3186 4181 μευ
3218 4104 3405 4165 ἔκλυεν
3442 4109 3637 4183 αὐδῆς.

443 4199 530 4256 Ab
546 4216 761 4255 aurora
776 4198 1152 4269 narraboque
1171 4198 1245 4278 ad
1259 4215 1564 4270 vesperam
1582 4201 1916 4258 etmedium
1930 4202 2070 4260 dien

1951 4202 2088 4260 liem
2192 4194 2281 4265 Ἐξ
2312 4194 2446 4262 ἠοῦς
2475 4192 2610 4269 ἐρέω
2640 4215 2698 4248 τε
2725 4197 2847 4258 καθ’
2870 4188 3067 4270 ἕσπερα
3095 4197 3184 4253 καὶ
3211 4197 3373 4271 μέσον
3405 4203 3578 4278 ἦμαρ.

444 4292 660 4345 Vocem
693 4293 957 4343 nostram
990 4274 1267 4344 exaudiet
1291 4290 1728 4346 annuntiantis.

2191 4282 2407 4354 Γήρυος
2440 4279 2717 4357 ἡμετέρης
2750 4280 3103 4340 ἐπακούσεται
3133 4285 3521 4363 ἀγγέλλοντας·

439 4382 509 4436 In
538 4396 682 4451 pace
704 4395 807 4433 cor
834 4377 1114 4433 liberabit
1134 4395 1168 4433 a
1197 4378 1468 4434 cominus
1492 4380 1904 4451 subeuntibus,

1820 4398 1904 4451 us,
2188 4369 2401 4445 Εἰρήνῃ
2430 4368 2657 4446 κραδίην
2682 4371 3012 4428 ἀπολύσεται
3046 4376 3207 4429 ἆσσον
3236 4375 3447 4452 ἰόντων,

441 4466 728 4534 Quoniam
761 4465 907 4520 mihi
939 4465 1144 4521 multis
1165 4466 1416 4523 fidentes
1437 4468 1867 4540 repugnabant.

2119 4529 2156 4544 h
2188 4458 2396 4515 Οὕνεκά
2428 4481 2521 4533 μοι
2550 4459 2808 4517 πολέεσσι
2840 4463 3159 4526 πεποιθότες
3188 4465 3567 4544 ἀντεφέροντο.

438 4529 580 4612 illos
611 4553 937 4610 exaudiens
968 4555 1175 4626 genior
1206 4555 1413 4610 mundi
1446 4529 1801 4613 tabefaciat;

2114 4529 2162 4596 Β
2192 4529 2658 4612 Κείνουςηείσαῒων
2688 4552 2913 4625 γενετήρ
2945 4549 3175 4625 κόσμοιν
3207 4529 3481 4626 μαραίνοι.

438 4646 566 4701 Non
595 4643 757 4699 enim
789 4642 1045 4713 pretium
1063 4642 1307 4707 habent,
1341 4648 1401 4698 et
1424 4660 1546 4699 non
1571 4649 1783 4701 curant
1804 4646 2010 4702 Deum.

1996 4687 2010 4702 ,
2193 4640 2272 4698 Ού
2301 4640 2403 4715 γάρ
2435 4639 2631 4714 λύτρον
2664 4634 2875 4715 ἔχουσι,
2908 4640 2997 4695 καί
3030 4640 3129 4697 οὐκ
3151 4640 3407 4720 ἀλέγουσι
3441 4650 3623 4703 Θεοῖο.

436 4732 715 4788 Extendit
740 4736 949 4788 mutua
983 4747 1224 4787 manum
1254 4738 1591 4805 vergentem
1624 4733 1699 4789 ad
1730 4750 1930 4805 opera.

2189 4734 2361 4784 Τεῖνεν
2394 4724 2706 4803 ἀμοιϐαίοις
2737 4727 3000 4802 παλάμην
3048 4732 3390 4807 σπέρχουσαν
3424 4734 3507 4790 ἐπ’
3539 4730 3745 4815 ἔργοις.

437 4822 506 4875 Hi
535 4837 671 4877 vero
703 4818 818 4891 ipsi
850 4819 1066 4875 seriem
1095 4837 1292 4879 veram
1324 4826 1651 4891 posuerunt
1671 4822 2006 4894 profanam,

1889 4839 2006 4894 am,
2190 4820 2258 4878 Οἱ
2289 4817 2345 4874 δέ
2378 4820 2429 4874 οἱ
2460 4819 2726 4894 ἁρμονίην
2758 4820 3031 4893 νημερτέα
3062 4822 3213 4885 θέντο
3248 4819 3512 4899 βέϐηλον,

436 4912 508 4965 Et
532 4910 645 4966 sibi
677 4908 1005 4964 diviserunt
1034 4910 1465 4981 inauspicatam
1487 4911 1638 4967 iram
1667 4912 1887 4969 vultus.

2191 4911 2294 4966 Καί
2323 4910 2375 4964 οἱ
2406 4909 2766 4982 ἐμοιρήσαντο
2800 4904 3056 4963 δυσαντέα
3090 4917 3252 4982 μῆνιν
3285 4913 3535 4985 ὀπωπῆς,

438 5001 627 5071 Prope
657 4998 1012 5055 immortalis
1042 5001 1187 5056 vidit
1216 5002 1532 5061 consilium
1560 5004 1735 5075 Regis
1762 5021 1776 5059 :

2191 4996 2446 5074 Ἐγγύθεν
2481 4997 2742 5061 ἀθανάτου
2765 4996 3084 5068 σκοπιάζετο
3120 5007 3284 5074 μῆτις
3316 5009 3609 5068 Ἄνακτος.

438 5088 660 5142 Horum
672 5103 805 5142 vero
820 5103 1123 5145 sermones
1143 5090 1675 5151 fueruntmeliores
1687 5110 1866 5165 quam
1881 5094 2065 5152 oleum

2019 5113 2078 5151 m
2191 5092 2313 5148 Τῶν
2347 5085 2394 5142 δ’
2424 5082 2669 5163 ἐγένοντο
2701 5085 2858 5164 λόγοι
2889 5086 3238 5164 ἁπαλώτεροι
3266 5090 3408 5169 ἤπερ
3439 5089 3646 5151 ἔλαιον-

437 5174 551 5229 Sed
579 5172 932 5244 perniciosis
955 5175 1174 5245 jaculis
1204 5178 1360 5235 inter
1390 5197 1452 5236 se
1485 5188 1655 5238 erant
1674 5183 1921 5241 similes.

2192 5177 2349 5237 Ἀλλ’
2380 5176 2570 5239 ὀλοαῖς
2604 5172 2877 5252 βολίδεσσι
2914 5176 3048 5250 μετὰ
3079 5179 3261 5256 σφίσιν
3293 5179 3446 5237 ἔσκον
3482 5183 3701 5257 ὁμοῖοι.

433 5259 765 5313 Immortali
793 5260 933 5329 Regi
967 5267 1094 5318 tuas
1125 5268 1430 5324 committe
1462 5286 1655 5341 curas,

2190 5266 2451 5340 Αθανάτῳ
2482 5264 2717 5335 Βασιλῆι
2748 5264 2868 5328 σεάς
2896 5264 3172 5341 ἐπίπεμπε
3204 5269 3496 5346 μερίμνας,

434 5349 506 5400 Et
534 5351 591 5400 te
622 5358 859 5428 semper
886 5355 1053 5404 curet
1081 5360 1485 5428 perpetuoque
1507 5362 1736 5419 nutriat
1770 5379 1784 5418 :

2193 5357 2295 5416 Καί
2320 5378 2411 5412 σευ
2441 5356 2522 5411 ἀεὶ
2546 5352 2796 5425 κήδοιτο,
2824 5351 3119 5427 δέηνεκέως
3147 5358 3196 5412 τ’
3226 5358 3537 5417 ἀτιτάλλοι·

434 5434 754 5521 Ijunquam
783 5427 1128 5521 boporando
1150 5427 1600 5507 ﬂuctuationem
1630 5449 1807 5508 faciat
1819 5451 2004 5521 justo.

1728 5452 1807 5508 iat
1819 5451 2004 5521 justo.
2192 5444 2406 5505 Ούπστε
2432 5445 2683 5519 τιμήεντι
2715 5442 2882 5500 σάλον
2913 5443 3109 5517 τεύξειε
3139 5443 3355 5521 δικαίῳ,

439 5518 551 5620 Ξεά
580 5517 745 5620 ipsps
775 5513 1053 5620 deducas,
1085 5525 1226 5595 Rex,
1260 5528 1322 5584 in
1354 5536 1599 5599 puteum
1632 5513 1936 5597 interitus.

2214 5535 2367 5594 Αλλά
2396 5513 2566 5613 σφεας⁷
2589 5531 2869 5609 κατάγοις,
2896 5513 3152 5606 Βασίλεῢ,
3187 5513 3322 5609 μετά
3356 5538 3553 5615 βόθρον
3581 5540 3841 5620 ὀλέθρου.

436 5598 761 5702 Homicida!
781 5599 1092 5702 dolosique
1118 5610 1249 5665 vitae
1269 5611 1331 5669 in
1360 5598 1557 5677 medio
1588 5630 1835 5693 pereant

2192 5598 2549 5702 ’Δνδροφόνοι
2582 5598 2802 5698 δολεροί
2824 5598 2884 5679 τέ
2918 5621 3041 5697 βίου
3065 5598 3203 5682 κατά
3232 5598 3700 5698 μέσάον-όλοιντο·

437 5695 511 5746 At
538 5705 645 5763 ego
676 5687 850 5761 Regis
875 5688 938 5742 in
971 5693 1187 5762 spebus
1216 5697 1437 5763 ‘vivam.
1588 5687 1607 5693 “

2190 5687 2373 5792 Αύτάρ
2404 5687 2510 5792 έγὼ
2539 5687 2813 5784 Βασιλῆος
2848 5687 2933 5767 ἑτέ
2960 5687 3246 5792 ἑλπωρῆσί
3276 5715 3478 5793 βιῷην,
