4066 6268
300 386 458 447 1393
1217 386 1239 398 ⁸
1395 375 2036 444 INTERPRETATIO
2073 375 2162 439 IN
2203 375 2593 440 PSALTEM.
3557 374 3715 438 i394

373 517 448 575 Οἴ
470 517 597 593 πρὶν
630 516 1038 594 ἀνιχνεύεσκον,
1069 517 1256 589 Ἃναξ,
1278 515 1383 570 ἀπὸ
1415 513 1590 591 ῥίμφα
1621 512 1875 575 σαώσοις.

2032 570 2041 580 ,
2069 511 2177 578 Qui
2208 519 2383 569 antea
2404 511 2787 584 indagabant,
2810 512 2951 579 Rex,
2985 508 3260 566 celeriter
3306 524 3638 566 conserves.

302 607 682 684 Κάρτιστοίνύ
717 630 809 683 μοι
836 604 1025 681 ἄνδρες
1057 600 1430 683 ἐπιϐρὶθεσκον
1467 604 1638 680 ἐρωῇ,

2058 603 2392 659 Fortissimi
2423 603 2630 673 utique
2662 601 2811 656 mihi
2843 601 2952 655 viri
2981 599 3288 655 irruebant
3317 599 3563 670 impetu,

301 699 380 757 Οὐ
412 700 536 773 περὶ
570 695 892 773 δυσνομίῃς,
923 694 1038 753 οὐδ’
1066 695 1446 771 ἀμπλακίῃσιν
1475 695 1662 768 ἐμῇσι.

2062 694 2263 764 Neque
2289 710 2396 765 pro
2422 690 2862 763 iniquitatibus,
2894 706 3087 761 neque
3119 689 3377 762 peccatis
3398 689 3566 743 meis.

302 790 618 861 Δυσνομίης
652 788 918 853 ἀπάνευθε
948 785 1195 864 δραμὼν,
1224 784 1349 842 ὁδὸν
1380 784 1532 861 εὗρον
1566 785 1815 858 ἑτοίμην.

2056 782 2377 852 Iniquitate
2407 781 2631 852 absque
2657 797 2903 836 currens
2930 779 3082 835 viam
3113 778 3311 834 inveni
3342 782 3628 849 paratam.

298 878 635 953 Ἐγρόμενος
662 879 920 951 Βασιλεῖ),
952 880 1078 951 παρ’
1111 875 1431 952 ἔμ’ἲστασο,
1459 875 1550 931 καὶ
1582 872 1671 931 ’ἴδε
1699 870 1878 951 ἔργον.

2060 870 2339 942 Surgens,
2364 869 2506 938 Rex,
2540 869 2696 941 apud
2725 885 2820 924 me
2846 868 3104 924 consiste
3136 872 3195 922 et
3222 866 3353 922 vide
3386 883 3555 939 opus.

299 969 402 1023 Καὶ
431 967 518 1038 σὺ,
546 969 733 1039 Ἄναξ,
766 970 990 1033 σθενὲων
1022 966 1338 1043 Ἰσραήλοιό
1377 988 1436 1023 τε
1466 967 1707 1040 Ποιμήν,

2055 965 2127 1019 Et
2154 970 2217 1019 tu
2246 967 2368 1020 Rex
2396 964 2700 1033 roborum,
2731 963 3085 1034 Israelisque
3115 964 3343 1031 Pastor,

295 1057 506 1112 Ἔθνεσι
529 1056 898 1119 παντοδαποῖς
929 1057 1334 1112 πανεπίσκοπον
1367 1052 1525 1128 ὄμμα
1550 1054 1837 1123 τιταίνοις,

2093 1054 2339 1109 ὲθῐιῐὶιοιιε
2367 1052 2541 1109 variis
2552 1053 2756 1109 omnia
2774 1053 3129 1108 lustrantem
3141 1051 3380 1107 oculum
3395 1051 3699 1119 extendas,

295 1143 453 1217 Μηδέ
481 1146 905 1223 κατοικτείρειας
936 1144 1273 1216 ἀτασθαλίης
1312 1146 1660 1221 θεράποντας.

1555 1165 1660 1206 τας.
2056 1145 2255 1214 Neque
2287 1143 2628 1197 miserearis
2661 1142 2928 1197 stultitim
2959 1142 3161 1197 servis.

293 1235 464 1310 Ὣρῃς
492 1235 799 1311 ἑσπερίῃσιν
830 1237 1243 1311 ἐπιστρέφουσιν
1273 1235 1527 1303 ἄπαστοι,

2058 1234 2228 1289 Horis
2258 1235 2611 1306 vespertinis
2642 1239 3061 1290 convertentur
3079 1232 3299 1305 jejuni,

294 1325 391 1379 Καὶ
422 1325 542 1380 κυσὶ
575 1322 885 1388 πειναλέοις
910 1323 1091 1380 ἳκελοι
1122 1322 1288 1380 πόλιν
1317 1321 1661 1401 άμφιὲποιεν.

2055 1325 2125 1379 Ει
2153 1324 2402 1380 canibus
2430 1324 2722 1379 famelicis
2753 1324 2980 1378 similes
3008 1322 3217 1378 urbem
3239 1324 3626 1379 circumeant.

294 1414 418 1469 Τῶν
443 1415 651 1491 φθογγὴ
687 1415 783 1487 μὶν
819 1411 1079 1485 ἄπυστος,
1112 1412 1244 1487 ἀτὰρ
1275 1412 1401 1487 περὶ
1444 1409 1682 1487 χείλεσιν
1715 1406 1837 1487 ἄορ,

2095 1416 2271 1469 Lorum
2306 1429 2487 1468 sonus
2520 1413 2761 1484 quidem
2794 1412 3401 1481 obscurus,caeterum
3431 1412 3493 1467 in
3525 1411 3701 1467 labiis

3347 1500 3625 1574 [gladius,

2054 1592 2126 1647 Ut
2155 1592 2451 1664 quispiam
2482 1593 2758 1649 exaudiat
2788 1609 2802 1647 :
2836 1597 2899 1648 tu
2928 1608 3064 1648 vero
3095 1591 3301 1662 utique
3330 1592 3490 1663 ipsos
3521 1590 3693 1647 dulce

3376 1678 3447 1755 [ri
3455 1677 3617 1735 deas.

294 1589 478 1664 Ὀφρα
505 1612 589 1657 τις
620 1588 836 1647 εἷσαΐοι’
871 1590 934 1645 σὺ
963 1588 1010 1646 δ’
1041 1588 1155 1664 ἅμα
1186 1590 1348 1668 σφὲας
1378 1585 1484 1659 ἡδὺ
1505 1587 1788 1665 γελάσαις.

2051 1773 2280 1828 Genera
2306 1772 2647 1828 mortalium
2679 1771 2978 1843 deprimas
3008 1769 3303 1826 malorum
3333 1769 3521 1842 gratia
3550 1784 3693 1841 pec-

1963 1864 2013 1928 B
3303 1859 3614 1933 [catorum.

2039 1950 2240 2006 Robur
2268 1966 2466 2006 meum
2498 1951 2637 2013 Regi
2667 1950 2891 2023 inclyto
2923 1947 3191 2017 servabo,

2041 2039 2190 2107 Quia
2209 2056 2304 2095 me
2335 2041 2489 2096 Deus
2521 2056 2758 2112 semper
2784 2040 3018 2095 fortiter
3045 2043 3396 2110 propugnat.

2038 2128 2378 2185 Circumdet
2408 2146 2501 2184 me
2547 2129 2961 2185 misericordia
2989 2127 3357 2200 prmveniens
3389 2128 3580 2199 Regis.

2042 2220 2269 2275 Nostris
2309 2219 2516 2275 domes
2546 2221 2609 2275 in
2639 2220 2829 2276 oculis
2859 2224 3223 2291 peccatores,

2035 2309 2161 2363 Non
2188 2309 2485 2379 occidens,
2518 2315 2584 2364 ut
2601 2314 2715 2364 tuna
2737 2307 2886 2382 legis
2914 2324 3036 2363 non
3066 2323 3308 2380 prorsus
3330 2307 3689 2362 obliviscan-

3456 2395 3578 2470 [tur
3592 2411 3611 2453 :

295 1770 452 1827 Φῦλα
485 1772 695 1849 βροτῶν
730 1770 946 1827 ὀνόσαιο
971 1775 1153 1826 κακῶν
1183 1770 1345 1846 χάριν
1407 1767 1796 1845 άμπλακιάων.

296 1953 507 2026 Κάρτος
537 1950 666 2024 ἐμὸν
701 1950 933 2020 Βασιλῆι
967 1948 1328 2026 μεγακλήεντι
1359 1951 1608 2029 φυλάξω,

282 2040 490 2101 Οὕνεκά
526 2063 628 2114 μευ
656 2041 788 2105 Θεὸς
814 2040 927 2095 αἷὶν
965 2038 1311 2114 ὑπερμενὲως
1330 2038 1688 2113 προμαχίζει.

286 2126 635 2206 Ἀμφιϐάλοι
667 2133 725 2204 μ’
750 2130 976 2200 ἐλεητὺς
1013 2129 1369 2209 ὑποφθαμένη
1398 2125 1694 2198 Βασιλῆος.

283 2219 605 2297 Ἦμετὲροις
631 2217 926 2293 δαμάσειας
960 2219 1049 2274 ὑπ’
1080 2217 1445 2296 ὀφθαλμοῖσιν
1473 2215 1711 2284 ἀλείτας,

285 2312 378 2381 Μὴ
406 2308 652 2380 κτείνων,
680 2308 770 2365 ἳνα
801 2314 914 2364 σεῖο
939 2309 1114 2382 νόμου
1153 2308 1230 2381 μὴ
1283 2306 1469 2381 πάγχυ
1501 2304 1778 2361 λάθοιντοο

279 2489 458 2546 Ἀλλᾶ
500 2490 593 2565 βίῃ
629 2487 843 2563 μεγάλῃ
870 2488 960 2543 καὶ
988 2486 1176 2559 κάρτεϊ
1198 2486 1315 2563 ῥεῖα
1344 2483 1660 2556 κεδάσσαις,

2033 2488 2145 2543 Sed
2166 2488 2216 2543 vi
2254 2505 2463 2561 magna
2501 2493 2562 2544 et
2589 2489 2800 2544 robore
2839 2487 3014 2544 facile
3045 2487 3320 2559 dissipes,

278 2579 381 2637 Καί
412 2598 585 2654 σφεων
617 2578 853 2653 ἠνορέην
889 2573 1108 2648 δαπέδῳ
1137 2574 1451 2645 πελάσειας,
1479 2575 1759 2650 ἀμύντωρ,

2030 2578 2102 2631 Ει
2129 2594 2336 2634 eorum
2368 2578 2550 2634 robur
2578 2579 2915 2650 pavimento
2947 2577 3260 2633 admoveas
3288 2575 3468 2643 ultor,

280 2666 636 2741 Ἀμπλακίην
671 2661 941 2739 στόματος
970 2664 1250 2739 σφετέρου,
1280 2663 1512 2739 χειλέων
1538 2666 1586 2729 θ’
1607 2666 1718 2739 ἅμα
1733 2666 1886 2738 μῦθοι

2063 2654 2323 2723 ιθιὶοιιιω
2354 2668 2474 2724 oris
2506 2669 2618 2735 sui,
2643 2667 3056 2739 labiorumque
3087 2666 3265 2723 simul
3309 2681 3669 2727 sermonem.

282 2755 602 2833 Σφωιτὲρῃς
637 2754 939 2831 μεγάλῃσιν
976 2749 1358 2830 ὑπερϐασίῃσιν
1387 2752 1581 2825 άλῷεν’

1510 2774 1581 2809 εν·
2029 2756 2161 2811 Suis
2181 2757 2413 2830 magnis
2443 2756 2738 2830 superbiis
2768 2757 3116 2828 capiantur:

272 2852 365 2901 Ὢν
397 2843 559 2902 τέλος
594 2845 643 2918 ἐξ
678 2845 814 2921 ἀρῆς
834 2843 927 2899 καὶ
958 2840 1185 2918 ψεύδεος
1212 2841 1570 2919 ἀγγέλλοιτο,

2063 2854 2286 2915 [uorum
2318 2846 2457 2902 finis
2480 2846 2553 2903 de
2582 2848 2990 2903 exsecratione
3016 2851 3075 2903 et
3093 2844 3406 2902 mendacio
3436 2859 3669 2900 annun-

3306 2940 3596 3012 [tiabitur,

2028 3030 2188 3085 Finis
2218 3030 2613 3093 irascentibus
2641 3031 2840 3087 veniat
2867 3034 2925 3085 et
2952 3030 3246 3086 terminus
3277 3029 3433 3087 vitai.

2019 3119 2242 3187 Sciant,
2270 3121 2425 3185 Deus
2451 3120 2591 3191 quia
2616 3119 2791 3176 Jacob
2814 3119 3179 3188 dominatur,

1944 3228 1991 3308 ρ
2027 3209 2217 3265 Variis
2249 3209 2491 3265 orbibus
2519 3211 2839 3282 imperium
2859 3215 3033 3266 terrm
3064 3215 3295 3266 tenens.

1980 3296 1989 3348 ἰ
2016 3296 2198 3355 'Horis
2221 3301 2577 3372 vespertinis
2610 3304 3029 3357 convertentur
3047 3300 3269 3373 jejuni,

266 3380 366 3436 Καὶ
395 3379 516 3434 κυσὶ
539 3376 845 3437 πειναλέοις
867 3374 1051 3432 ἲκελοι
1081 3375 1244 3431 πόλιν
1276 3377 1621 3454 ἀμφιέποιεν.

2054 3392 2085 3442 It
2112 3388 2361 3444 canibus
2388 3388 2681 3445 famelicis
2711 3390 2936 3446 similes
2957 3390 3253 3446 civitatem
3274 3389 3660 3445 circumeant.

265 3469 330 3525 Οἱ
361 3464 417 3523 δὲ
446 3464 869 3538 κεδασθήσονται
895 3464 1054 3537 ἐνηέα
1084 3462 1285 3540 δόρπον
1319 3464 1556 3530 ὲλέσθαι.

2012 3477 2129 3548 Ipsi
2156 3494 2290 3533 vero
2320 3479 2736 3552 dispergentur
2765 3480 3059 3552 placidam
3088 3495 3320 3536 ccenam
3350 3495 3580 3551 capere.

259 3558 358 3614 Ἤν
391 3554 449 3612 δὲ
482 3558 656 3629 μάτην
684 3558 911 3632 τρίζωσι
940 3556 1332 3630 κορεσσάμενοι
1357 3557 1469 3628 (38)
1526 3555 1664 3611 κατὰ
1707 3556 1865 3629 θυμὸη

1728 3556 1904 3629 ὐμδνν
2013 3566 2069 3620 Si
2097 3583 2236 3622 vero
2262 3568 2484 3623 frustra
2511 3569 2768 3624 stridant
2798 3570 2983 3625 saturi
3013 3586 3084 3624 ex
3113 3569 3334 3639 animo,

255 3647 429 3709 Αὐτὸς
462 3643 732 3720 ἀγακλῆεν
764 3650 877 3701 σεῖο
908 3644 1094 3705 σθένος
1122 3641 1541 3716 ὑμνοπολεύσω

2008 3654 2140 3725 Ipse
2161 3655 2484 3728 gloriosum
2509 3662 2677 3712 tuum
2708 3657 2891 3713 robur
2919 3657 3231 3713 celebrabo
3264 3673 3277 3711 :

255 3737 460 3792 Ἡῶθεν
493 3733 537 3789 δ’
569 3733 709 3807 ἐλέῳ
747 3735 1158 3807 κεχαρήσομαι,
1189 3734 1434 3810 "Aptius,
1465 3737 1599 3788 σεῖο·

2007 3745 2174 3798 Mane
2204 3761 2340 3799 vero
2380 3745 2789 3802 misericordia
2840 3746 3105 3815 laetabor,
3137 3748 3394 3815 Eterne,
3425 3751 3527 3802 tua
3557 3762 3571 3804 :

254 3824 456 3881 Οὕνεκά
502 3822 600 3897 μεύ
632 3823 761 3886 Θεός
790 3822 923 3891 ἐσσι,
953 3824 1043 3877 καὶ
1074 3819 1288 3877 ἔκδικος
1313 3820 1474 3884 αὐτὸς
1498 3821 1757 3898 ἐτύχθης,

2007 3833 2153 3897 Quia
2183 3850 2352 3889 meus
2379 3836 2533 3889 Deus
2563 3851 2647 3901 es,
2681 3835 2971 3890 etvindex
2999 3836 3128 3907 ipse
3160 3835 3460 3904 exstitisti,

260 3916 356 3970 Καί
385 3936 485 3989 μευ
509 3914 633 3992 ἔφυς
657 3910 960 3983 κακότητος
994 3913 1046 3969 ἐν
1078 3912 1251 3986 ἤματι
1282 3912 1492 3988 πύργος
1521 3914 1762 3988 ἑτοῖμος.

1752 3962 1762 3975 .
2004 3924 2074 3977 Et
2103 3923 2217 3977 mei
2239 3922 2402 3978 fuisti
2434 3923 2675 3979 malitia:
2697 3923 2757 3978 in
2798 3924 2893 3979 die
2926 3924 3104 3980 turris
3136 3930 3358 3996 parata.

253 4008 531 4081 Ὄρχαμε,
564 4003 837 4083 φορμίζω,
872 4025 948 4074 σε,
980 4001 1097 4058 ἐπεὶ
1129 4002 1192 4056 σύ
1226 4024 1326 4077 μευ
1356 3998 1522 4057 ἔπλευ
1558 4004 1788 4081 ἀρωγός·

2004 4011 2308 4083 Princeps,
2344 4019 2517 4068 canto
2551 4019 2629 4081 te,
2662 4014 2803 4085 quia
2832 4018 2894 4068 tu
2932 4029 3104 4069 meus
3137 4029 3198 4068 es
3229 4012 3500 4084 adjutor:

251 4096 527 4171 Νωίτερος
556 4094 816 4155 Βασιλεὺς
848 4090 1191 4166 ἐλεημοσύνη
1223 4113 1323 4164 μευ
1349 4090 1574 4168 ἐτύχθη.

1470 4094 1574 4168 ιθη·
2002 4102 2212 4156 Noster
2235 4103 2355 4156 Rex
2379 4103 2788 4158 misericordia
2817 4119 2949 4158 mea
2969 4108 3076 4157 est.

273 3030 473 3100 Πεῖρας
505 3020 839 3100 χωομένοισι
875 3019 1045 3096 μόλοι
1073 3021 1163 3076 καὶ
1192 3022 1369 3097 τὲρμα
1400 3020 1565 3097 βίοιο.

264 3118 549 3184 Ἴστωσαν,
573 3114 701 3176 Θεὸς
726 3111 901 3168 οὕνεκ’
923 3105 1188 3170 Ἰακώϐου
1222 3109 1520 3187 βασιλεύει,

266 3202 643 3265 Παντοδαπαῖς
671 3203 882 3275 ἄντυξιν
910 3198 1233 3274 ἀνακτορίην
1268 3198 1470 3276 χθονὸς
1494 3201 1697 3276 ἳσχων.

267 3294 430 3368 Ὠρῃς
461 3291 771 3368 ἑσπερίῃσιν
794 3290 1208 3366 ἐπιστρέφουσιν
1240 3290 1490 3360 ἄπαστοι,

826 4203 1124 4257 ΨΑΛΜυΣ
1183 4205 1303 4256 ΝΘ’.

351 4313 715 4386 Ἐπίγραμμα
742 4310 908 4386 ταῦτα
933 4304 1267 4386 redivit?"
1295 4301 1434 4386 35"}?
1466 4314 1667 4382 χαρᾶς,

246 4366 407 4472 λῦϐις
439 4366 884 4472 μέταστρεςξθὲνξι
914 4366 1022 4472 Ξῶν
1045 4366 1266 4472 λοιπῶν
1295 4366 1458 4466 λιῶζί,

243 4455 401 4529 Ϊπὶρ
422 4447 493 4529 ,τὸ
520 4447 774 4529 νομισθξν
802 4449 1131 4529 τῷβασᾼιλιεῖ
1153 4447 1569 4529 πεπραγμένων.

245 4527 344 4601 Καὶ
372 4517 794 4601 λίδιρ,πσιρελθὼν
824 4517 963 4601 {0'59
989 4517 1358 4601 μαλαισῖείθηέ
1371 4517 1566 4601 ’ὅρουςν

245 4547 344 4582 nui
375 4547 479 4653 γαρ
508 4547 794 4600 παρελυων
824 4547 955 4584 τους
990 4547 1354 4608 υαΛαισζῑινης
1386 4547 1450 4596 ορ

245 4598 347 4672 Καὶ
376 4599 445 4672 τε
487 4597 539 4653 λ’
566 4598 757 4672 ἐφεξῆς
787 4600 896 4651 τῶν
932 4592 1120 4672 Σύρων
1152 4612 1219 4647 τα
1250 4592 1452 4672 χωρία,

378 4665 807 4743 Μεσοποταμίαν
838 4665 1280 4743 πυρπολεῖκατᾶ
1300 4665 1516 4740 κράτος.

240 4734 465 4811 Ἰᾠαϐος
504 4737 561 4794 δὲ
590 4734 691 4795 σὺν
714 4743 830 4811 Θεῷ
846 4734 1005 4799 αὐτὸς
1038 4734 1205 4793 πάλιν

244 4808 437 4888 ξΕὸῲμν
460 4813 719 4867 πατάσσει
744 4806 814 4884 τῇ
842 4812 1079 4888 φάραγγι
1100 4813 1217 4888 δῷ]
1252 4806 1456 4878 Ἀλῶν,

239 4878 482 4957 ’ᾼνδρῷν
512 4878 1062 4957 φονεύσας-’χίλιάδας
1096 4878 1327 4957 δώδεκα,

242 4903 481 4955 Ανορων
553 4903 774 4944 ονευσας
804 4903 1062 4957 χιλιαοας
1096 4903 1327 4949 οωοεκα,

238 4954 338 5008 Τὸν
364 4903 620 5026 ΔΣόὄαςλον
647 4952 712 5026 δὲ
738 4954 828 5026 τὸν
865 4955 1035 5026 Σύρον
1060 4952 1432 5026 κατασπάσας.

240 5026 326 5088 Ὦς
360 5022 407 5097 δ’
438 5025 577 5082 οἶδεν
611 5023 924 5097 ἀλλοίωσιν,
944 5022 1159 5097 ἆγαθῶν
1190 5023 1525 5094 πραγμάτων

237 5095 484 5176 ᾼξυῖδος,
513 5098 832 5176 ἐνεφορεῖτο
848 5093 1003 5150 Θείου
1024 5093 1351 5176 πνεύματοςέ

242 5169 491 5244 Ἐπὲταξε
514 5169 736 5244 πορθεῖν
765 5172 858 5244 τῷΔ
876 5169 1164 5244 στρατηγῷ
1189 5183 1495 5244 συντομῳφ

238 5234 511 5316 Ὑμνεῗδὶ
534 5234 900 5312 πεντηκοστὸν
942 5234 1286 5314 ’ἀμφ”ἐνάτῳ
1329 5234 1518 5308 μέλος.

232 5349 458 5423 Ἦμὲας,
492 5351 538 5405 ὦ
570 5347 828 5418 Βασιλεῦ,
858 5341 1100 5401 καθελὼν
1134 5343 1337 5417 ἐξώσαο
1366 5344 1590 5406 πάντας·

235 5440 566 5513 Χωσάμενος
599 5436 645 5493 δ’
672 5434 900 5507 ὶλὲησας
932 5433 1305 5507 ἀμαιμάκετον
1339 5434 1472 5508 μετᾶ
1515 5440 1694 5507 μῆνιν·

237 5533 396 5584 Γαῖαν
426 5526 564 5597 ὅλην
598 5525 856 5597 ἰδονησας
885 5520 1213 5601 ἀφειδείῃσιν
1233 5520 1446 5597 ὀρίνων.

302 5763 410 5837 (38)
439 5762 854 5839 Κορεσσάμενοι.
885 5763 1078 5831 Forte,
1106 5779 1521 5836 κορυσσομενοι.
1556 5762 1703 5819 Εοιτ.

2558 4210 2875 4265 PSALMUS
2931 4210 3074 4266 LIX.

2102 4317 2397 4387 Inscriptio
2437 4318 2556 4374 hac
2597 4335 2781 4373 rerum
2811 4334 2920 4388 pro
2953 4318 3149 4372 laetitia

1995 4388 2202 4443 Rursus
2230 4405 2382 4444 verso
2410 4405 2530 4444 cum
2553 4391 2784 4459 reliquis
2811 4389 3033 4459 populis

1994 4459 2104 4513 Pro
2133 4474 2282 4515 more
2308 4476 2344 4513 a
2370 4476 2500 4530 rege
2528 4466 2821 4530 gestorum.

2000 4531 2216 4585 Etenim
2247 4532 2517 4587 transiens
2543 4533 2858 4589 Palastinae
2888 4532 3165 4598 terminos,

1915 4585 1966 4653 D
1995 4602 2067 4675 Et
2098 4602 2214 4656 alia
2233 4585 2774 4675 densissimam
2805 4585 2944 4672 ita,

1995 4673 2440 4745 yesopotamiam
2464 4676 2707 4729 incendit
2728 4689 2975 4745 prorsus.

1994 4744 2200 4816 Joabus
2226 4760 2352 4800 vero
2386 4761 2507 4801 cum
2536 4749 2646 4802 Deo
2667 4748 2784 4816 ipse
2813 4761 3036 4801 rursum

1993 4814 2171 4869 Edam
2197 4820 2440 4885 percutit
2468 4820 2528 4872 in
2555 4814 2705 4873 valle
2726 4817 3066 4883 Salinarum,

2002 4887 2261 4958 Virorum
2286 4890 2614 4958 interﬁciens
2641 4888 2822 4944 millia
2853 4888 3137 4942 duodecim

1993 4957 2252 5030 Sobalum
2271 4965 2455 5014 autem
2485 4961 2684 5030 Syrum
2715 4959 3026 5014 detrahens.

1998 5029 2066 5082 Ut
2094 5045 2221 5083 vero
2249 5031 2524 5086 intellexit
2553 5033 2910 5086 mutationem
2940 5030 3202 5085 bonarum
3232 5047 3417 5086 rerum

1989 5100 2193 5167 David,
2219 5102 2542 5171 agitabatur
2569 5101 2754 5156 divino
2781 5103 2986 5171 spiritu

1986 5171 2155 5243 Iussit
2183 5188 2504 5243 expugnare
2531 5175 2659 5227 duci
2686 5173 2973 5228 celeriter:

1990 5242 2152 5296 Canit
2177 5242 2359 5299 autem
2391 5245 2868 5314 quinqugesimum
2890 5261 3009 5300 cum
3039 5262 3184 5301 nono
3218 5262 3458 5303 carmen.

1985 5351 2121 5420 Nos,
2147 5366 2180 5404 ο
2211 5352 2352 5418 Rex,
2380 5349 2677 5422 dissipans
2694 5349 2968 5423 repulisti
2992 5368 3237 5408 omnes:

1985 5437 2355 5494 Succensens
2384 5455 2520 5494 vero
2550 5440 2831 5495 misertus
2863 5456 2924 5495 es
2972 5439 3248 5496 invictam
3280 5446 3415 5514 post
3436 5443 3587 5498 iram
3619 5459 3634 5497 :

1985 5527 2225 5603 Terram
2258 5532 2442 5584 totam
2470 5528 2823 5585 concussisti
2852 5528 3326 5586 immunitatibus
3366 5546 3629 5586 commo-

3366 5625 3549 5691 [vens,
