4066 6268
256 369 429 431 I397

255 502 433 574 Θυμὶ,
465 502 625 558 πέσον
660 501 917 576 Βασιλῆι,
949 507 1064 577 Θεῷ
1090 502 1331 578 δέδμησο
1374 506 1641 569 πεπιθώς’

258 589 490 647 Οὕνεκεν
516 591 778 667 έλπωρῆς
812 615 911 667 μευ
942 589 1033 659 ἔθυ
1064 594 1317 668 φυσίζοον
1347 592 1510 667 ἕρμα.

257 680 446 742 Αὐτὸς
472 681 575 754 γὰρ
606 681 736 746 Θεός
763 682 905 738 ἐστιν
937 684 1092 757 ἐμὸς,
1123 685 1310 758 σωτήρ
1341 703 1401 738 τε
1424 682 1693 739 τέτυκται.

255 766 477 846 ’Ἅλκαρ
511 768 666 843 ἐμὸν,
697 771 780 833 τίς
811 773 903 827 κέν
937 793 1003 845 με
1032 772 1201 848 φίλης
1232 771 1445 829 ἐλάσειε
1468 771 1686 841 τιθένης
1716 786 1731 842 ;

258 944 439 1010 Κῦδος
466 945 598 1020 ἐμὸν
629 948 719 1003 καὶ
751 950 946 1027 φέγγος
976 951 1065 1006 ὑπ’
1089 952 1379 1028 ἐννεσίῃσιν
1415 957 1527 1031 (4-2)
1560 960 1849 1020 “’Λνακτος.

261 1034 464 1099 Ἐλπὶς
498 1036 603 1109 έμή
641 1036 882 1109 Βασιλῆα
907 1037 1055 1113 μένει
1086 1042 1175 1097 καὶ
1205 1044 1404 1118 κάρτος
1437 1044 1680 1121 ἀρωγῆς.

262 1125 592 1199 Παντοδαπη
627 1126 823 1203 δήμων
850 1130 1065 1203 κλεσίη,
1103 1134 1400 1207 θαρσήσατ’
1423 1136 1672 1208 Ἀνακτι,

261 1217 582 1291 Σφωίτερον
616 1217 663 1274 δ’
690 1221 966 1299 ἀναφανδά
996 1228 1109 1295 Θεῷ
1139 1224 1500 1299 περιχεῦσατε
1532 1226 1724 1300 θυμόν·

261 1307 467 1362 Οὕνεκά
491 1330 576 1364 τοι
608 1309 901 1387 ἐπίκουρος
929 1314 1011 1367 ἀεὶ
1043 1314 1172 1375 Θεὸς
1203 1315 1377 1388 ἄμμιν
1408 1315 1635 1392 ἐτύχθη.

260 1398 456 1469 Ἔμπα
483 1420 545 1473 γε
574 1401 683 1472 μὴν
714 1402 969 1477 μερόπων
992 1402 1123 1473 ἁλίη
1153 1403 1410 1477 σύμπασα
1437 1405 1687 1482 γενέθλη,

268 1486 462 1557 Φῦτλη
500 1485 771 1561 ψευδαλέη
809 1490 1061 1567 μερόπων
1095 1491 1332 1548 ἀδίκοισι
1364 1495 1682 1559 ταλάντοις.

267 1575 366 1630 Ἐκ
394 1577 587 1651 φρενὸς
618 1577 874 1654 ὥρμηθεν
904 1582 1220 1657 κενεαυχέες
1254 1582 1329 1647 εἷς
1362 1579 1414 1638 ἔν
1449 1583 1644 1649 ἰόντες.

264 1750 553 1826 Μηδέποτ’
585 1755 722 1834 ἀμφ’
752 1755 989 1813 ἀδίκοισι
1019 1758 1144 1814 νόον
1179 1759 1393 1834 μεμελη
1406 1759 1563 1834 μένον
1590 1759 1798 1838 ’ίσχειν,

264 1841 478 1914 Μηδέτ’
507 1844 592 1899 ἐπ’
623 1845 939 1924 ἀλλοτρίοις
971 1848 1184 1924 ἀγαθῶν
1219 1850 1378 1923 θέμεν
1413 1852 1624 1930 ἅρπαγα
1655 1851 1846 1927 θυμόν.

262 1930 422 2002 Μηδὲ
453 1933 579 2009 ῥόον
608 1935 901 1991 πλούτοισι
924 1938 1316 1994 πολυκτεάνοιο
1348 1946 1582 2005 ποθεῖτε.

167 2067 169 2069 ι
262 2026 429 2080 Εἶπεν
462 2025 598 2097 ἅπαξ
631 2026 915 2099 Βασιλεὺς,
950 2027 1045 2084 δύο
1079 2026 1126 2084 δ’
1146 2025 1339 2086 ἔκλυον
1373 2028 1528 2088 οὔασι
1557 2038 1700 2090 τοῖα.

337 2202 425 2263 Ὣς
457 2207 589 2258 Θεοῦ
619 2199 815 2260 ἔπλετο
845 2204 1060 2280 κάρτος,
1085 2205 1137 2262 ἶδ
1169 2211 1242 2270 ὡς
1271 2206 1497 2279 ἐλεητυς
1529 2216 1789 2272 Ανακτος.

264 2296 402 2346 Πᾶσι
434 2291 497 2346 σὺ
533 2294 746 2367 μισθὸν,
780 2296 963 2368 Ἀναξ,
998 2295 1207 2372 ὀπάσῃς
1239 2297 1487 2373 ἀντάξιον
1517 2296 1716 2376 ἔργων.

836 2388 1142 2443 ΨΑΛΜΟΣ
1204 2389 1332 2444 ΞΒ’.

262 2468 505 2527 Λαυῒδου
535 2470 734 2536 κλυτὸς
767 2471 936 2546 ὕμνος
967 2473 1230 2540 Ἰουδαίας
1263 2475 1313 2532 ἐν
1342 2476 1558 2551 ἐρήμῳ,

266 2561 590 2631 Ἐξηκοστὸς
619 2564 758 2636 ὁμοῦ
789 2563 880 2618 καὶ
912 2560 1161 2641 δεύτερος
1194 2565 1352 2629 οὗτος
1382 2566 1611 2643 ἐτυχθη.

266 2649 448 2706 Νύκτα
509 2654 624 2726 μετ’
677 2651 995 2729 ἀμφιλύκην
1056 2676 1134 2726 σε,
1191 2657 1420 2734 Μάκαρ,
1478 2657 1692 2730 Μάκαρ,
1746 2655 1916 2737 ἄμφι-

1523 2748 1541 2820 [
1572 2746 1842 2822 χορεύσω.

268 2830 366 2884 Καὶ
399 2832 552 2907 ψυχή
588 2833 635 2885 σ’
661 2830 930 2902 ἐπόθησεν
950 2834 1083 2905 ἒμὴ,
1114 2836 1206 2889 καὶ
1237 2835 1365 2910 σάρξ
1395 2831 1474 2890 ἔτι

274 2924 557 2996 Τρηχεῖαν
585 2921 674 2977 καὶ
706 2919 935 2999 ἄνυδρον
964 2924 1063 2978 ἀνά
1094 2924 1269 3000 χθόνα
1297 2923 1509 2981 πολλὸν
1543 2925 1780 3003 ἐρήμην.

271 3010 389 3079 Σοὶ,
416 3011 640 3086 Μάκαρ,
671 3011 747 3068 εἶν
776 3013 916 3088 ἁγίῳ
951 3012 1099 3087 μάλα
1131 3014 1388 3088 θάρσυνος
1419 3013 1524 3071 ὧδε
1554 3016 1820 3093 φαάνθην,

272 3099 563 3176 Ἰσχανόων
598 3099 824 3174 δύναμίν
855 3123 914 3157 τε
942 3104 1069 3172 τεὴν
1098 3104 1187 3158 καὶ
1216 3102 1378 3168 κῦδος
1403 3102 1628 3169 ἰδέσθαι.

272 3191 529 3262 Κρεῖσσον
562 3192 674 3263 (4-3)
706 3189 853 3266 ἔχεις
883 3190 1131 3264 έλεητὺν,
1160 3193 1344 3265 Ἀναξ,
1383 3194 1592 3270 βιότοιο
1619 3194 1913 3261 κελεόθων·

272 3277 516 3332 Χείλεσιν
548 3281 866 3354 ἡμετέροισι
895 3282 1013 3336 τεὸν
1044 3282 1210 3346 κλέος
1245 3284 1657 3356 ὑμνοτολεόσω.

274 3364 401 3422 Ὧδέ
431 3389 487 3423 σε
516 3366 808 3443 κυδοίνομι
842 3368 1140 3448 διαμπερές
1170 3371 1372 3429 εἰσόκεν
1403 3370 1577 3449 ἕρπω,

279 3457 375 3511 Σοὶ
409 3454 456 3512 δ’
487 3456 833 3535 έπιθαρσήεις
862 3458 1126 3533 παλάμας
1158 3461 1233 3523 εἰς
1267 3461 1399 3536 ὕψος
1432 3463 1617 3538 ἀείρω.

277 3546 435 3604 Οἶάτε
459 3548 693 3620 πιαλέης
721 3548 1114 3624 πλησθήσομαι
1141 3552 1278 3628 ἦτορ
1308 3552 1564 3631 ἀλοιφῆς.

275 3636 473 3694 Χείλεα
503 3636 551 3693 δ’
574 3638 909 3716 εὐφροσύνης
946 3639 1132 3712 ἐμέθεν
1161 3640 1337 3716 στόμα
1366 3645 1597 3701 πάντοτε
1631 3642 1848 3718 μέλψει.

274 3726 337 3782 El
369 3727 512 3783 σέθεν
546 3728 596 3783 ἐν
631 3725 906 3806 λεχέεσσιν
940 3728 1095 3802 ἐμοῖς
1129 3733 1478 3804 μεμνημένος
1508 3735 1601 3803 ἦα,

276 3822 431 3870 Σοῖσι
466 3815 597 3889 μάλ’
628 3815 679 3888 ἐξ
710 3820 843 3889 ἠοῦς
878 3816 1221 3893 μελεδήμασι
1255 3821 1422 3893 θυμὸν
1456 3815 1700 3893 ἔϐοσκον,

275 3905 501 3964 Οὕνεκεν
530 3908 728 3979 ἄμμιν.
764 3909 949 3981 Ἀναξ,
981 3909 1335 3986 ἐπιτάρροθος
1366 3910 1715 3985 έξεφαάνθης·

276 3998 372 4053 Καί
404 4018 492 4052 σεο
521 4000 824 4072 γηθήσαιμι
859 4000 982 4073 περὶ
1011 3999 1292 4076 πτερύγων
1323 3999 1567 4077 ἀλεωρῇ.

275 4088 448 4162 Ἰχνεῖ
473 4091 553 4160 σῷ
581 4083 884 4157 ξυνοπηδὸν
916 4085 1046 4160 ἐμὸν
1079 4088 1239 4165 φίλον
1268 4089 1403 4165 ἦτορ
1438 4089 1673 4165 ἐρείσθη·

275 4176 374 4233 Καί
406 4197 495 4231 σεο
537 4173 779 4249 δεξιτερὴ
817 4195 916 4248 μευ
948 4176 1294 4250 ὑπερμενέως
1323 4180 1707 4255 προμάχησεν.

274 4266 337 4322 Οἱ
369 4263 425 4320 δὲ
452 4265 626 4339 μάτην
661 4264 923 4339 μάστευον
944 4263 1074 4337 ἐμὸν
1109 4262 1199 4320 διὰ
1229 4267 1400 4340 θυμὸν
1430 4266 1670 4323 ὀλέσσαι.

273 4445 565 4520 Νερτερίων
604 4446 886 4517 ὑπένερθεν
924 4443 1133 4500 ἱκοίατο
1164 4445 1339 4523 ῥίμφα
1372 4446 1671 4522 βερέθρωνο

271 4536 475 4610 Χειρῶν
509 4533 798 4609 ἁρπαλέων
832 4532 1012 4611 ξίφεος
1047 4532 1338 4609 μέλπηθρα
1364 4534 1667 4611 τετύχθων.

272 4622 448 4676 Δεινὸν
480 4622 861 4692 ἀλωπηκεσσιν
890 4618 1037 4697 ἕλωρ
1067 4622 1155 4677 καὶ
1189 4620 1394 4695 δασμὸς
1436 4620 1667 4681 ἔσονται.

272 4710 448 4784 Αὑτάρ
480 4709 605 4781 ἄναξ
636 4716 752 4784 Θεῷ
783 4710 919 4791 ἀμφί
954 4710 1122 4789 φίλην
1152 4713 1314 4789 φρένα
1341 4714 1650 4790 γηθήσειεν·

272 4802 377 4861 Πᾶς
410 4795 468 4853 δέ
498 4799 550 4852 οἱ
576 4799 878 4872 ὀμνύμενος
909 4797 1070 4863 κλεος
1103 4800 1269 4881 ἄφθον
1303 4800 1512 4866 αἰνετος
1542 4797 1711 4861 ἔσται.

273 4983 377 5034 Πᾶν
407 4976 508 5054 γάρ
536 4976 860 5052 ἀπεκλείσθη
894 4973 1099 5053 λάϐρον
1132 4979 1308 5052 στόμα
1329 4974 1698 5056 λωϐητήρων.

864 5072 1162 5124 ΨΑΛΜΟΣ
1193 5068 1319 5122 ΞΓ.

271 5154 499 5214 Δαυῖδου
529 5156 758 5232 λιγυρὸς
790 5153 1211 5230 μεγαλοσθενέος
1246 5154 1512 5229 βασιλῆος

272 5246 589 5317 Ἑξηκοπὸς
621 5245 763 5318 ὁμοῦ
792 5241 1040 5311 τρίτατός
1071 5244 1118 5307 θ’
1149 5243 1262 5315 ἅμα
1285 5248 1476 5316 κῶμος
1504 5244 1732 5321 ἐτύχθη,

271 5336 490 5405 Ἰκεσίης
527 5334 851 5401 ἐπάκουσον,
880 5332 1065 5402 Ἀναξ,
1099 5330 1188 5386 ὅτε
1218 5336 1331 5386 σεῖο
1372 5330 1660 5406 λιτοίμην·

269 5427 442 5500 Θυμὸν
475 5423 603 5498 ἐμὸν
640 5423 856 5485 λύσειας
893 5422 981 5479 ὑπ’
1016 5415 1264 5491 ἀντιϐίης
1299 5418 1635 5495 μελεδῶνος.

268 5681 306 5734 Ε
337 5606 449 5679 (42)
481 5606 595 5661 ’Υπ’
625 5601 938 5677 ἐννεσίῃσιν.
972 5603 1143 5659 Forte
1172 5597 1257 5656 ἐπ’
1286 5602 1304 5673 (
1333 5618 1439 5674 pro
1463 5599 1515 5656 ἰν
1543 5606 1558 5674 )
1593 5602 1908 5681 ἐννεσίῃσιν.

308 5696 414 5734 DIT.

308 5696 414 5736 ΜΤ.

1362 368 2005 437 INTERPRETATIO
2050 375 2129 435 IN
2171 378 2571 441 PSALTEM.

3520 358 3676 440 139's

1950 510 2006 579 Α
2034 512 2267 578 Anima,
2300 513 2494 569 cadito
2520 513 2682 586 Regi,
2717 508 2833 567 Deo
2858 508 3128 584 subjecta
3157 515 3281 567 esto
3304 511 3529 568 conﬁsa
3560 529 3573 568 :

2028 601 2316 665 Quoniam
2349 602 2581 659 ﬁduciae
2612 618 2761 657 meae
2782 606 2872 655 est
2899 601 3198 657 viviﬁcum
3222 599 3423 658 decus.

2025 690 2157 759 Ipse
2189 692 2350 747 enim
2378 695 2533 748 Deus
2563 697 2655 747 est
2683 707 2873 755 meus,
2901 696 3279 762 servatorque
3313 695 3422 746 est.

2027 779 2226 834 Robur
2275 797 2495 848 meum,
2548 781 2681 853 quis
2712 781 2916 852 utique
2946 796 3042 835 me
3073 781 3253 836 chara
3281 779 3522 837 divellet
3558 797 3672 836 nu-

3362 869 3381 943 [
3404 870 3548 924 trice
3576 869 3605 924 ?

2030 956 2228 1012 Gloria
2252 973 2387 1013 mea
2415 962 2475 1013 et
2503 958 2707 1014 lumen
2737 959 2801 1013 in
2833 958 3131 1015 mandatis
3161 959 3335 1033 Regis
3362 976 3375 1014 :

2029 1046 2172 1117 Spes
2194 1063 2327 1103 mea
2365 1050 2580 1119 Regem
2612 1053 2913 1121 exspectat
2939 1054 2996 1104 et
3024 1048 3204 1104 robur
3233 1048 3459 1105 auxilii.

2029 1136 2353 1192 Omnil‘aria
2374 1137 2729 1211 p0pulorum
2760 1137 2949 1199 caula.
2984 1138 3263 1194 conﬁdite
3296 1139 3460 1210 Regi,

2030 1226 2301 1280 Vestrum
2331 1243 2466 1282 vero
2496 1227 2693 1298 palam
2726 1227 2842 1281 Deo
2876 1227 3160 1282 effundite
3193 1227 3460 1282 animum
3494 1243 3507 1281 ε

2030 1315 2177 1380 Quia
2202 1316 2408 1387 utique
2441 1316 2681 1388 adjutor
2710 1332 2947 1389 semper
2976 1318 3130 1371 Deus
3152 1317 3326 1372 nobis
3358 1322 3465 1371 est.

2031 1407 2450 1462 Verumtamen
2483 1406 2826 1462 mortalium
2857 1423 3012 1463 vana
3041 1407 3319 1464 universa
3348 1407 3669 1481 generatio.

2032 1496 2225 1550 Genus
2256 1495 2512 1552 mendax
2541 1497 2853 1552 hominum
2885 1495 3107 1569 iniquis
3127 1496 3419 1553 lancibus.

2027 1586 2110 1638 Ex
2165 1584 2364 1640 animo
2424 1585 2701 1641 concitati
2779 1590 2919 1640 sunt
2971 1583 3326 1659 jactabundi
3377 1586 3439 1640 in
3486 1601 3672 1643 unum

3317 1674 3335 1748 [
3368 1677 3598 1730 euntes.

2029 1766 2341 1835 Nunquam
2372 1764 2435 1819 in
2476 1762 2714 1837 injustis
2749 1764 3015 1821 animum
3046 1769 3399 1837 occupatum
3429 1763 3666 1835 habere,

1957 1883 1999 1948 Β
2030 1854 2228 1923 Neque
2252 1853 2314 1907 in
2332 1852 2543 1908 alienis
2558 1852 2850 1908 bonorum
2863 1869 3088 1925 ponere
3113 1869 3387 1927 rapacem
3401 1852 3671 1908 animum

1954 1941 1994 1948 ”“
2028 1943 2226 2012 Neque
2257 1941 2480 1997 ﬂuxum
2506 1941 2725 1997 divitiis
2750 1941 3063 2014 locupletis
3086 1941 3508 2015 cencupiscite.

2028 2031 2281 2087 Locutus
2313 2031 2499 2087 semel
2529 2032 2793 2100 Rex,duo
2815 2037 3015 2087 autem
3030 2030 3225 2087 audivi
3240 2032 3481 2087 auribus
3499 2030 3669 2087 talia:

2028 2123 2175 2188 Quia
2205 2123 2307 2178 Dei
2339 2128 2429 2178 est
2457 2124 2661 2191 robur,
2694 2129 2751 2177 et
2777 2124 2917 2196 quia
2946 2123 3359 2180 misericordia
3387 2124 3580 2194 Regis.

2028 2212 2317 2269 Omnibus
2351 2219 2415 2268 tu
2472 2212 2830 2285 mercedem,
2866 2215 3005 2283 Rex,
3062 2211 3275 2270 reddes
3322 2212 3674 2285 aequandam

3239 2303 3258 2376 ἱ
3294 2301 3596 2377 operibus.

2579 2392 2900 2448 PSALMUS
2955 2392 3118 2449 LXII.

2025 2479 2249 2537 Davidis
2278 2481 2514 2552 inclytus
2544 2480 2774 2551 hymnus
2804 2482 3014 2538 Iudaeae
3040 2479 3099 2537 in
3128 2498 3325 2549 eremo,

2024 2572 2401 2640 Semagesimus
2429 2571 2592 2625 simul
2621 2577 2672 2625 et
2698 2570 2964 2626 secundus
2993 2570 3080 2625 hic
3110 2576 3207 2627 est.

2027 2662 2204 2717 Nocte
2252 2666 2388 2733 post
2437 2660 2859 2734 crepusculum
2908 2664 2985 2732 te,
3036 2658 3232 2728 Beate,
3273 2658 3470 2725 Beate,
3504 2657 3669 2716 cele-

3343 2748 3362 2819 [
3386 2746 3595 2803 brabo.

2024 2841 2095 2894 Et
2118 2838 2319 2895 anima
2348 2843 2404 2894 te
2426 2837 2786 2894 desideravit
2805 2852 2960 2907 mea,
2995 2842 3054 2893 et
3076 2853 3213 2893 caro
3239 2835 3432 2892 adhuc
3459 2835 3668 2907 magis,

2025 2931 2251 3000 Aspera
2273 2933 2332 2982 et
2358 2927 2649 2998 inaquosa
2675 2926 2738 2980 in
2768 2931 2925 2981 terra
2952 2925 3208 2981 multum
3230 2925 3485 2990 deserta,

2025 3016 2173 3083 Tibi,
2206 3017 2404 3083 Beate,
2453 3016 2515 3071 in
2566 3018 2769 3071 sancto
2799 3012 2969 3069 valde
3000 3012 3191 3070 ﬁdens
3217 3010 3302 3068 sic
3325 3011 3596 3085 apparui,

2025 3103 2462 3175 Concupiscens
2482 3103 2877 3173 virtutemque
2907 3107 3069 3157 tuam
3096 3108 3154 3157 et
3171 3101 3421 3174 gloriam
3448 3100 3669 3155 videre.

2029 3194 2331 3249 Meliorem
2354 3193 2538 3249 habes
2558 3190 3051 3259 misericordiam,
3081 3193 3222 3259 Rex,
3252 3190 3383 3245 vitae
3413 3187 3562 3257 viis;

1947 3243 1991 3310 C
2030 3243 2224 3339 ῐεξιᾷἓῖέ
2245 3243 2667 3340 magns;
2685 3243 3285 3354 ’έίόὲίεῖιῖἑὲὶἐεῖἐὼά

2024 3373 2116 3428 Sic
2148 3377 2204 3426 te
2233 3372 2564 3445 gloriﬁcem
2593 3387 2830 3443 semper
2857 3370 3047 3427 donec
3078 3387 3241 3442 repo,

2023 3462 2150 3519 Tibi
2179 3478 2314 3518 vero
2347 3462 2608 3519 conﬁsus
2640 3477 2851 3519 manus
2881 3461 2946 3515 in
2976 3459 3162 3517 altum
3188 3458 3415 3517 attollo.

2026 3549 2330 3622 Velatique
2360 3548 2563 3623 pingui
2588 3548 2849 3603 satiabor
2885 3547 3153 3603 animum
3185 3548 3357 3620 adipe
3385 3567 3399 3605 :

2026 3639 2203 3696 Labia
2226 3654 2360 3695 vero
2392 3637 2611 3695 latitia;
2644 3653 2778 3693 mea
2805 3654 2872 3693 os
2903 3654 3138 3709 semper
3167 3644 3360 3695 canet.

2027 3728 2083 3783 Si
2114 3726 2199 3783 tui
2232 3727 2293 3783 in
2325 3726 2622 3784 cubilibus
2654 3725 2804 3783 meis
2837 3742 3069 3784 memor
3097 3726 3201 3794 lui,

2025 3817 2161 3873 Tuis
2191 3816 2360 3873 valde
2392 3816 2464 3874 ab
2496 3832 2711 3872 aurora
2735 3816 2894 3872 curis
2924 3815 3190 3873 animum
3221 3817 3555 3891 pascebam,

2027 3906 2317 3972 Quoniam
2348 3906 2541 3975 nobis,
2574 3907 2717 3973 Rex,
2747 3904 2986 3977 adjutor
3013 3906 3340 3978 apparuisti
3366 3925 3379 3962 :

2026 3997 2097 4051 Et
2127 4002 2362 4053 tuarum
2391 3995 2681 4051 exsultem
2713 3996 2775 4050 in
2806 3994 3035 4051 alarum
3053 3997 3453 4054 munimento.

2027 4085 2282 4157 Vestigio
2315 4090 2414 4139 tuo
2447 4101 2645 4143 comes
2671 4100 2839 4141 meus
2863 4084 3075 4142 cbarus
3096 4086 3333 4145 animus
3362 4088 3672 4147 ﬁrmatur:

2026 4177 2098 4232 Et
2127 4181 2228 4232 tua
2258 4173 2500 4232 dextera
2523 4191 2618 4230 me
2650 4179 2926 4246 potenter
2954 4177 3362 4249 propugnavit.

2026 4265 2146 4336 Ipsi
2176 4281 2310 4321 vero
2356 4264 2577 4320 frustra
2630 4264 2978 4335 quaerebant
3015 4281 3213 4321 meum
3239 4267 3505 4322 animum
3537 4285 3672 4339 per-

3383 4356 3402 4428 [
3432 4356 3597 4416 dere.

2027 4441 2329 4501 Profunda
2356 4442 2511 4497 infra
2539 4441 2781 4498 veniant
2806 4442 3005 4498 statim
3035 4443 3347 4501 barathra:

2027 4534 2306 4588 Mannum
2336 4531 2639 4604 rapacium
2668 4531 2850 4604 gladii
2882 4532 3009 4588 ludi
3040 4534 3205 4591 ﬁant.

1947 4599 1994 4665 D
2024 4621 2327 4677 Terribilis
2358 4599 2629 4691 vulpibus
2654 4599 2873 4693 praeda,
2909 4626 2968 4677 et
2994 4623 3186 4694 portio
3208 4628 3386 4681 erunt

2026 4711 2315 4765 Caeterum
2347 4726 2449 4766 rex
2479 4711 2596 4766 Deo
2631 4710 2789 4767 circa
2819 4711 3066 4767 charum
3087 4712 3354 4771 animum
3377 4716 3666 4779 exsultet:

2026 4799 2230 4858 Omnis
2259 4816 2393 4857 vero
2428 4800 2482 4858 ei
2517 4800 2732 4874 jurans
2768 4800 2957 4873 gloria
2984 4801 3307 4861 immortali
3335 4804 3669 4869 laudandus

3459 4911 3490 4952 e
3531 4898 3593 4953 't.

2024 4979 2209 5034 Omne
2223 4978 2386 5036 enim
2398 4978 2767 5037 obstructum
2781 4979 3156 5052 estrapidum
3174 4998 3240 5038 os
3257 4896 3664 5049 insolinfilum.

2556 5068 2873 5123 PSALMUS
2928 5069 3130 5125 LXIII.

2023 5157 2244 5215 Davidis
2271 5163 2500 5227 argutus
2527 5160 2873 5228 magnanimi
2897 5160 3044 5228 regis

2022 5248 2403 5318 Semagesimus
2430 5246 2593 5302 simul
2624 5248 2926 5317 tertiusque
2962 5248 3129 5303 simul
3157 5257 3347 5307 cantus
3375 5261 3476 5312 est.

2023 5335 2525 5407 Supplicationem
2547 5334 2781 5406 exaudi,
2814 5336 2958 5405 Rex,
2989 5353 3126 5394 cum
3160 5342 3216 5396 te
3241 5339 3543 5417 deprecer,

2021 5425 2301 5481 Animum
2334 5440 2533 5481 meum
2564 5424 2782 5482 liberes
2812 5441 2848 5482 a
2875 5425 3134 5483 violenta
3162 5444 3322 5490 cura.

2091 5602 2199 5674 (43)
2230 5604 2509 5674 Κρεῖσσον.
2543 5603 2712 5659 Forte
2742 5600 3030 5676 κρείσσον’.
3064 5606 3217 5660 Εοιτ.
