4120 6262
333 297 503 394 μη

354 426 506 501 Αμφὶ
539 425 596 478 σὶ
631 420 978 496 μελπόμενος
1013 420 1149 496 μέγα
1180 422 1392 499 χείλεσι
1423 424 1754 497 γηθήσαιμι,

334 516 506 587 Ψυχῇ
539 513 608 580 θ’,
639 512 708 582 ἢν
741 510 785 587 ῥ’
816 511 1023 579 ὀλοῶα,
1058 512 1310 581 Βασιλεῦ,
1333 510 1609 567 ἀπελύσαο
1639 511 1869 568 νούσων.

339 603 480 677 Πρὸς
511 599 569 656 δέ
597 600 650 655 τί
685 623 784 674 μευ
813 601 902 655 καὶ
933 600 1157 674 γλῶσσα
1183 599 1530 670 δικαιοσύνην
1563 600 1651 656 σέο
1686 601 1904 676 μέλψει,

340 690 474 750 Εῦτε
501 692 970 766 καταισχυνθῶσιν
997 690 1126 763 ἐμὸν
1161 689 1446 763 διζήμενοι
1477 690 1670 767 ἃλγος.

937 781 1240 836 ΨΑΛΜΟΣ
1281 781 1408 836 OA'.

341 873 501 946 Τοῦτ’
531 866 636 946 ἄρα
665 869 846 946 παισξν
876 864 970 938 έην
1000 868 1356 946 ἀνεπίγραφον
1383 863 1711 946 Ἑϐραίο-ισιν

338 939 474 1013 Ἥδυ
512 941 679 1013 μέλος
714 941 1005 1013 ξολομῶνι
1037 939 1410 1013 πολυκλήεντι
1445 939 1718 1012 μεμηλός.

343 1009 692 1086 Ἐὗδομάτης
726 1009 950 1075 δεκάδος
984 1013 1204 1067 πέλεται
1237 1009 1323 1067 καὶ
1357 1009 1823 1087 πρῶτονάεισμα.

342 1101 601 1172 Εὐδικίην
637 1101 861 1177 βασιλῆι
893 1102 1088 1176 πόροις
1117 1101 1229 1170 σέο,
1262 1103 1490 1178 φέρτατε
1521 1103 1762 1172 Ποιμὴν,

337 1186 496 1246 Παιδί
522 1209 580 1243 τε
609 1190 706 1256 σήν
740 1186 1010 1262 προΐαλλε
1042 1186 1391 1259 δικαιοσύνην
1429 1188 1721 1265 βασιλῆος,

337 1279 518 1353 Ὃφρα
549 1275 898 1347 διακρίνωσιν
933 1277 1017 1332 ἐπ’
1047 1277 1256 1352 εὐδικίῃ
1289 1278 1378 1334 σέο
1410 1278 1566 1344 λαὸν,

338 1372 592 1442 Πτωχοῖς
627 1363 674 1421 δ’
703 1367 1011 1421 ἀκτεάνοισι
1047 1364 1204 1436 δίκην
1237 1365 1526 1422 δικάσωσιν
1559 1370 1672 1440 (55)
1713 1368 1953 1442 ἀρήγων.

337 1454 561 1531 Οὗρεσιν
595 1456 788 1530 εἰρήνη
821 1458 1048 1529 σθεναρή
1087 1458 1305 1532 βουνοῖς
1334 1478 1394 1512 τε
1427 1456 1695 1530 μελέσθω.

341 1550 593 1620 Πτωχῶν
625 1542 1012 1620 δημοτέροισιν
1051 1546 1138 1600 ὑπ’
1172 1543 1440 1620 εὐδικίῃσι
1473 1543 1726 1614 δικάζειν.

340 1634 646 1690 ’Δκτεάνων
681 1637 726 1698 θ’
757 1635 870 1707 ἅμα
901 1635 1082 1689 παισὶν
1116 1635 1512 1711 όρινομένοισιν
1542 1637 1785 1710 ἀρήγειν.

341 1726 436 1779 Ἐκ
467 1722 799 1798 ῥηξηνορίης
829 1723 1049 1778 καθέλοι
1081 1721 1422 1798 ψευδηγόρον
1451 1721 1638 1798 ἄνδρα.

344 1811 546 1884 Ἠελίῳ
576 1812 830 1889 φαέθοντι
863 1809 1159 1888 διαμπερὲς
1187 1815 1278 1868 ἴσα
1307 1812 1538 1891 φαείνοι.

341 1903 555 1962 Πάντας
589 1899 960 1975 ὑπερλάμπων
996 1909 1192 1977 κεραῆς
1225 1901 1565 1976 προπάροιθε
1596 1901 1858 1975 σελήνης,

337 1991 559 2064 Ὑψόθεν
591 1991 841 2063 ἠρεμέων
876 1991 951 2051 ὡς
989 1991 1136 2044 ὑετὸν
1318 1990 1369 2052 ές
1403 1991 1596 2055 πόκον,
1627 1989 1802 2062 ἔλθοι,

337 2080 426 2141 Ὣς
452 2083 608 2153 γαῖαν
641 2075 949 2151 νιφάδεσσιν
983 2079 1061 2134 ’ὀτ’
1092 2079 1324 2154 οὐρανὸς
1354 2081 1536 2154 ἢσυγα
1569 2078 1787 2155 βάλλει.

341 2172 594 2226 Ἐσσεται
623 2169 804 2242 ἡμέρη
836 2167 938 2238 ¹ἥδε
969 2167 1318 2239 δικαιοσύνης
1341 2168 1466 2224 τότε
1499 2175 1706 2245 μήτηρ,

342 2259 590 2332 Εἰρήνης
615 2260 663 2312 τ’
694 2256 910 2332 ἐρατῆς,
946 2260 1123 2330 μήνης
1156 2257 1340 2321 σθένος
1374 2257 1550 2312 εἰσόκε
1580 2257 1798 2333 λάμπῃ,

344 2348 431 2420 Ἐξ
465 2343 652 2420 ἑτέρης
685 2345 936 2422 έτέρηνδε
966 2347 1168 2419 κράτος
1197 2346 1440 2402 τανύσειε
1470 2346 1769 2418 θαλάσσης,

339 2437 442 2492 Ἐκ
474 2437 521 2499 θ’
552 2437 712 2510 ἰερῶν
746 2440 1009 2508 ποταμῶν
1047 2436 1180 2507 μετά
1208 2434 1434 2509 πείρατα
1469 2434 1634 2508 μυρία
1661 2437 1848 2512 γαίης.

345 2524 520 2580 Αὐτὸν
554 2523 699 2580 φῦλα
731 2529 872 2589 θοῶς
899 2527 1248 2599 γουνάσσηαι
1278 2524 1618 2595 Αἰθιοπήων·

342 2614 636 2687 Δυσμενέες
670 2611 727 2668 δέ
757 2615 810 2669 οἱ
839 2614 978 2692 άτὶφὶ
1008 2616 1157 2668 κόνιν
1192 2614 1429 2684 λείξουσι
1471 2612 1750 2687 δαμέντες.

350 2703 548 2762 Οἷ¹σατε
572 2710 734 2773 νῆσοι
766 2703 919 2779 δῶρ’,
953 2706 1065 2778 ἅμα
1096 2702 1141 2760 δ’
1174 2703 1376 2774 οἷ’σατε,
1406 2702 1669 2782 Θαρσίδος
1694 2705 1881 2781 ἀρχοί.

340 2885 437 2942 Ἐκ
472 2881 519 2938 δ’
552 2880 791 2962 Ἀράϐων
829 2880 1039 2940 Σαϐίων
1073 2905 1132 2941 τε
1161 2883 1474 2941 πολύλλιτα
1507 2883 1656 2960 δῶρα
1685 2884 1950 2962 φερέσθω.
1983 2921 1987 2925 -

341 3068 508 3133 Γαιης
547 3085 636 3136 μιν
672 3062 930 3138 βασιλῆες
961 3062 1098 3134 ὅλης
1131 3064 1242 3135 ἅμα
1266 3063 1674 3137 γουνάσσαιντο’

333 3152 523 3216 Ἐθνεά
554 3153 604 3207 οἱ
637 3158 865 3208 παντοῖα
895 3153 1019 3207 ποτὶ
1046 3154 1192 3228 ζυγῷ
1224 3152 1423 3228 αὐχένα
1455 3153 1595 3222 θείη,

335 3243 564 3316 Ητωχὸν
598 3240 711 3296 ἐπεὶ
746 3240 1010 3314 παλάμης
1042 3244 1311 3314 σθεναρῶν
1345 3242 1554 3297 άπελύσ
1576 3263 1652 3297 ιτο
1683 3247 1856 3320 φῶτα,

334 3332 435 3388 Καὶ
468 3331 624 3404 πενίῃ
662 3331 971 3408 βλαφθένθ’,
1004 3333 1050 3403 ᾧ
1085 3332 1160 3404 μὴ
1192 3331 1361 3393 πέλας
1391 3330 1538 3387 ἔσκεν
1568 3331 1845 3409 ἀμύντωρ.

336 3425 575 3495 Πτωχοῦ
608 3419 903 3494 λευγακέου
931 3420 1296 3496 περιφείσεται
1326 3419 1425 3491 ἡδὶ
1453 3426 1737 3497 πενιχροῦ,

334 3509 529 3584 Ψυχάς
561 3509 607 3563 τ’
637 3509 908 3564 ἀκτεάνων
943 3507 1114 3578 ὀλοῆς
1144 3508 1474 3564 ἀπολύσεται
1502 3507 1660 3580 ἄτης·

336 3600 432 3654 Ἐκ
459 3597 624 3653 τόκου
657 3596 716 3654 ἔκ
742 3601 791 3653 τ’
823 3596 1032 3654 ἀδίκοιο
1068 3599 1191 3675 βίης
1230 3601 1392 3676 σφέας
1426 3599 1740 3674 ἐξαρπάσσει
1781 3603 1914 3675 (57)’

338 3690 461 3746 Τῶν
497 3686 543 3743 δ’
574 3689 675 3763 ἄρα
705 3689 759 3744 οἱ
789 3691 1068 3744 κατέναντι
1103 3690 1397 3767 φανήσεται
1431 3686 1622 3762 οὔνομ’
1653 3691 1880 3765 ἀγητόν.

332 3869 590 3938 Ζήσεταιο
623 3862 890 3944 Ἀῥραϐίη
921 3867 978 3922 δὲ
1006 3869 1168 3945 γέρας
1199 3873 1430 3945 χρυσοῖο
1456 3868 1735 3941 κομίσσοιο

331 3960 504 4034 ’Δμφ’
534 3959 702 4013 αὐτοῦ
738 3957 983 4026 Βασιλῆα
1014 3957 1174 4032 λιτῇς
1205 3956 1486 4014 καλέσοιεν
1517 3958 1833 4029 ἀπαύστοις,

331 4047 441 4104 Καί
471 4048 495 4102 ὲ
522 4047 862 4122 πανημέριον
898 4048 1120 4122 ἀγαθοῖς
1152 4047 1454 4120 μελψαίατο
1484 4047 1718 4121 κώμοις.

332 4132 561 4208 Οὗρεσιν
594 4133 968 4209 ἀκροτάτοισιν
997 4133 1121 4198 ἕδος
1151 4136 1348 4191 κλυτὸν
1382 4132 1591 4192 ἕασεται
1622 4137 1770 4209 αἴης·

333 4223 592 4300 Πιότερον
625 4219 880 4279 Λιϐάνοιο
911 4226 1065 4302 φέροι
1101 4221 1365 4297 μελιηδέα
1394 4226 1622 4300 καρπόν.

333 4315 560 4376 Ἀστεος
585 4312 901 4370 ἀντέλλοιεν
933 4313 1070 4386 ὅλης
1105 4317 1195 4370 ἅτε
1225 4314 1428 4390 χόρτος
1461 4315 1723 4390 ἀρούρης,

335 4402 560 4461 Αἷνετὸν
593 4403 803 4478 οὕνομα
833 4409 976 4468 θεῖον
1011 4403 1094 4459 ἐπ’
1124 4403 1414 4476 ἀλήκτοισι
1445 4405 1748 4480 γενέθλαις·

333 4579 559 4639 Ἠελίου
588 4585 925 4657 προπάροιθε
959 4582 1103 4656 μένει
1133 4581 1332 4639 κλυτδν
1368 4581 1576 4657 οὕνομα
1605 4587 1772 4660 θεῖον,

334 4669 703 4743 Λαμπόμενον
735 4673 821 4727 καὶ
855 4672 1058 4746 πρόσθε
1085 4673 1380 4750 φερεζώοιο
1413 4672 1672 4745 σελήνης.

331 4760 500 4839 ’.ἀμφ’
531 4762 679 4832 αὐτῷ
711 4762 1037 4837 τριπόθητον
1070 4759 1190 4818 ἕλοι
1221 4760 1382 4824 κλέος
1407 4758 1559 4827 ἔθνεα
1589 4765 1768 4840 γαίης.

331 4846 630 4908 ’Όλϐιστον
663 4850 944 4907 καλέσειαν
977 4852 1057 4907 ἀεὶ
1088 4854 1218 4908 Θεὸν
1250 4851 1401 4917 ἔθνεα
1433 4853 1618 4911 αάντα.

336 4938 559 5002 Αἰνετὸς
593 4939 706 4996 αἲὶν
739 4937 835 5019 ἔφυ
865 4942 995 5003 Θεὸς
1028 4940 1248 5018 ἄφθιτος
1279 4943 1596 5018 Ἰσραήλου,

335 5033 430 5090 "Oc:
458 5030 546 5084 καὶ
584 5034 784 5102 μοῦνος
813 5029 894 5085 ἀεὶ
925 5029 1101 5085 τελέει
1129 5026 1468 5104 περιθαμϐέα
1497 5027 1646 5108 ἔργα.

333 5116 556 5174 Αἷνετὸν
589 5117 800 5192 οὕνομα
829 5125 970 5184 θεῖον
1003 5119 1283 5195 εὖκλείῃσι
1319 5119 1594 5193 μεμηλὸς,

334 5209 439 5264 Καὶ
470 5212 588 5275 νῦν,
619 5209 708 5264 καὶ
745 5207 1051 5281 μετέπειτα,
1083 5209 1172 5264 καὶ
1205 5208 1545 5282 ἐσσομένοισι
1575 5209 1878 5287 γενέθλαις.

336 5300 496 5351 Γαῖαν
530 5295 667 5367 ὅλην
700 5295 932 5369 πλήσειε
962 5302 1096 5354 Θεοῦ
1125 5299 1305 5371 κκέος,
1339 5295 1448 5353 ὧδε
1477 5299 1736 5374 γενέσθω.

404 5479 520 5548 (55)
577 5477 1043 5568 Διαξιρίνωσιν.....
1097 5474 1424 5568 ’δὲξάσωσιψ
1511 5481 1726 5568 Forte,“
1776 5479 1987 5568 διακρί-

334 5546 603 5674 Eum"...
663 5546 966 5624 δικάσῃσιν,
1026 5551 1117 5606 vel
1173 5547 1607 5626 διακρίνειεν.....
1690 5546 1983 5616 δικάσειεν.

381 5637 490 5678 DIT.

1447 289 2098 356 INTEBPRETATIO
2139 292 2220 354 IN
2263 293 2668 356 PSALTEM.

2027 430 2078 498 Α
2111 427 2192 481 De
2221 432 2274 481 te
2307 443 2529 482 canens
2562 441 2922 496 magnopere
2949 423 3124 480 labiis
3156 423 3474 491 exsultem,

2018 4540 2068 4606 D

3599 291 3757 353 HM

2103 517 2460 588 Animaque,
2485 532 2665 588 quam
2691 512 3484 586 perniciosis,Rex,liberasti
3508 513 3756 569 morbis.

2105 606 2354 678 Insuper
2383 623 2516 661 mea
2546 606 2722 660 etiam
2755 603 3266 675 linguajustitiam
3293 609 3452 658 tuam
3471 602 3753 673 cantabit,

2103 695 2247 750 Cum
2279 696 2508 751 confusi
2539 694 2764 749 fuerint
2796 709 2994 748 meum
3026 697 3363 763 qumrentes
3395 691 3682 748 dolorem.

2657 783 2979 838 PSALMUS
3021 782 3205 836 LXXI.

2101 873 2250 928 Illud
2274 876 2465 944 utique
2494 873 2627 942 ﬁliis
2659 879 2779 927 erat
2811 874 3169 942 inscriptione
3191 887 3381 927 careus
3410 873 3651 927 Hebraeis

2104 947 2273 1000 Dulce
2301 962 2522 1000 carmen
2555 946 2838 1000 Salomom'
2869 945 3020 998 claro
3051 951 3293 1014 gratum.

2102 1017 2366 1086 Septima:
2396 1018 2616 1073 decadis
2647 1023 2723 1072 est
2753 1024 2804 1071 et
2828 1017 3074 1086 primum
3105 1032 3343 1072 carmen.

2102 1105 2399 1161 Judicium
2431 1107 2548 1178 regi
2584 1106 2852 1177 praebeas
2883 1111 3072 1172 tuum,
3110 1106 3330 1176 Optime
3355 1107 3580 1175 Pastor,

2102 1196 2414 1266 Pueroque
2444 1201 2604 1250 tuam
2637 1211 2901 1266 propene
2928 1195 3224 1265 justitiam
3259 1195 3436 1267 regis,

2105 1285 2430 1354 Utjudicet
2459 1285 2520 1339 in
2545 1285 2779 1354 justitia
2812 1290 2976 1338 tuum
3010 1285 3320 1355 populum,

2103 1375 2468 1444 Pauperibus
2503 1391 2636 1430 vero
2669 1375 2871 1446 egenis
2895 1375 2997 1445 jus
3028 1374 3187 1430 dicat
3217 1375 3533 1446 optimum.

2103 1463 2393 1517 Montibus
2428 1481 2538 1534 pax
2571 1464 2762 1519 valida
2793 1464 3166 1534 collibusque
3193 1481 3348 1518 cura;
3381 1467 3475 1520 sit.

2102 1552 2437 1622 Pauperum
2473 1553 2864 1624 popularibus
2899 1553 2959 1606 in
2995 1552 3374 1622 aaquitatibus
3398 1553 3691 1623 judicare.

2100 1642 2553 1713 Egenorumque
2585 1643 2765 1698 simul
2795 1643 2934 1697 ﬁliis
2966 1642 3204 1697 al'llictis
3236 1642 3537 1714 opitulari.

2102 1731 2184 1784 Ex
2215 1731 2425 1785 robore
2456 1731 2754 1802 deprimat
2780 1731 3277 1786 calumniatorem
3303 1732 3511 1788 virum.

2022 1793 2070 1858 Β
2106 1819 2226 1875 Soli
2258 1821 2456 1875 lucido
2488 1793 2725 1892 semper
2755 1821 3065 1892 mqualiter
3094 1821 3308 1876 luceat.

2106 1910 2323 1964 Omnes
2355 1911 2713 1966 collustrans
2744 1917 3054 1966 cornutam
3087 1919 3222 1966 ante
3255 1912 3479 1979 lunam,

2105 2000 2184 2052 Ex
2217 2000 2335 2054 alto
2369 2001 2592 2055 sensim
2626 2002 2779 2056 sicut
2808 2002 3006 2072 pluvia
3035 2001 3095 2054 in
3126 2001 3311 2056 vellus
3338 2002 3556 2066 veniat.

2105 2086 2268 2142 Sicut
2289 2095 2505 2144 terram
2531 2089 2766 2144 nivibus
2787 2089 3023 2159 quando
3043 2090 3254 2144 caelum
3283 2090 3458 2144 tacite
3487 2089 3641 2145 ferit.

2103 2177 2230 2232 Erit
2257 2178 2383 2232 dies
2415 2179 2542 2234 haec
2565 2179 2816 2250 justiliee
2848 2186 2987 2234 tunc
3022 2186 3226 2246 mater,

2103 2267 2390 2338 Pacisque
2423 2268 2719 2334 amabilis,
2765 2269 2921 2323 lunai
2955 2269 3134 2322 robur
3164 2269 3352 2323 donec
3383 2268 3597 2324 luceat.

2101 2355 2190 2410 Ab
2207 2355 2393 2411 altero
2420 2357 2492 2411 ad
2515 2358 2768 2412 alterum
2793 2357 3260 2413 dominationem
3283 2358 3562 2414 extendat
3583 2360 3753 2414 mari.

2102 2445 2172 2498 Et
2200 2462 2234 2498 a
2265 2446 2449 2500 sacris
2483 2446 2830 2501 ﬂuminibus
2852 2455 2986 2518 post
3009 2447 3294 2502 terminos
3320 2448 3537 2503 multos
3564 2455 3753 2504 terras.

2102 2534 2296 2604 Ipsum
2333 2551 2552 2607 genere
2583 2537 2864 2591 velociter
2894 2536 3228 2591 adorabunt
3256 2537 3627 2608 .EtbiOpum:

2103 2623 2336 2678 Inimici
2368 2641 2502 2679 vero
2536 2625 2587 2679 ei
2617 2627 2677 2680 in
2711 2626 2949 2697 pulvere
2981 2626 3212 2698 lingent
3243 2625 3492 2681 subacti.

2100 2714 2317 2769 Aﬁ‘erte
2349 2714 2584 2782 insulas,
2617 2716 2798 2785 dona,
2833 2717 3013 2772 simul
3039 2733 3175 2772 vero
3205 2718 3432 2783 aﬂerte,
3455 2715 3753 2771 Tharsidis

3470 2804 3678 2876 [reges,

2099 2893 2186 2948 Ab
2209 2893 2498 2950 Arabibus
2520 2911 2656 2950 vero
2685 2894 3022 2966 Sabmisque
3054 2893 3346 2965 supplicia
3375 2893 3531 2948 dona
3551 2893 3747 2949 addu-

3421 2980 3674 3047 lcuntor.

2098 3075 2290 3128 Terrae
2323 3089 2456 3127 eum
2488 3089 2656 3144 reges
2688 3073 2975 3128 universas
3007 3073 3185 3128 simul
3215 3073 3503 3128 adorent:

2017 3170 2061 3238 ρ
2100 3164 2313 3217 Gentes
2346 3163 2396 3216 ei
2429 3163 2603 3216 varim
2636 3162 2742 3216 sub
2767 3164 2977 3235 jugum
3009 3163 3296 3217 cervicem
3328 3168 3574 3234 ponant.

2103 3254 2432 3322 Pauperem
2466 3252 2605 3322 quia
2625 3252 2696 3306 de
2719 3269 2898 3307 manu
2919 3253 3246 3322 potentium
3272 3252 3747 3308 liberavitvirum

2102 3342 2172 3394 Et
2197 3347 2544 3412 paupertate
2579 3341 2807 3406 lwsum,
2842 3342 2935 3396 cui
2969 3357 3089 3396 non
3121 3357 3302 3412 prope
3333 3349 3460 3397 erat
3488 3342 3749 3414 adjutor.

2102 3431 2352 3502 Pauperi
2386 3431 2560 3485 anxio
2594 3437 2797 3501 parcet
2831 3437 2891 3486 et
2920 3447 3126 3502 egeno,

2103 3520 2469 3590 Animasque
2501 3521 2749 3591 inopum
2779 3520 3114 3592 perniciosa
3143 3520 3421 3577 liberabit
3449 3537 3642 3579 noxa:

2101 3608 2186 3662 Ab
2219 3626 2401 3664 usura
2431 3615 2488 3663 et
2517 3610 2589 3664 ab
2622 3610 2827 3680 iniqua
2856 3610 2909 3664 vi
2940 3611 3099 3681 ipsos
3131 3611 3380 3681 eripiet:

2103 3698 2324 3753 Horum
2347 3700 2551 3770 utique
2576 3699 2763 3770 ipsius
2788 3701 2849 3753 in
2863 3704 3185 3771 conspectu
3201 3701 3511 3772 apparebit
3527 3716 3747 3756 nomen

3279 3789 3674 3862 [admirabile.

2104 3877 2303 3932 Vivet:
2339 3877 2554 3933 Arabia
2576 3895 2713 3933 vero
2746 3880 3058 3951 praemium
3089 3880 3218 3935 auri
3249 3882 3494 3936 aﬂ'erat:

2103 3968 2184 4023 De
2216 3968 2344 4038 ipso
2375 3969 2590 4040 Regem
2622 3968 2898 4040 precibus
2930 3969 3204 4024 invocent
3232 3968 3556 4035 continuis,

2102 4059 2174 4111 Et
2203 4073 2339 4112 eum
2371 4063 2492 4114 tota
2517 4058 2612 4114 die
2643 4059 2815 4114 bonis
2842 4059 3147 4115 celebrent
3182 4059 3571 4115 carminibus.

2103 4148 2398 4204 Montibus
2430 4151 2679 4205 summis
2710 4150 2880 4206 sedes
2911 4152 3070 4207 clara
3102 4151 3215 4206 erit
3244 4157 3413 4206 terrai
3439 4166 3452 4204 :

2103 4238 2479 4311 Pinguiorem
2514 4240 2735 4295 Libano
2766 4240 2918 4297 ferat
2946 4257 3182 4296 suavem
3212 4241 3492 4296 fructum.

2103 4327 2184 4381 De
2215 4328 2448 4383 civitate
2478 4329 2732 4385 ﬂoreant
2762 4331 2942 4385 totius
2974 4337 3258 4402 tanquam
3289 4330 3493 4386 fenum
3553 4334 3754 4408 terras.

2104 4415 2423 4471 Laudabile
2455 4433 2674 4472 nomen
2706 4418 2969 4474 divinum
3002 4419 3063 4474 in
3095 4420 3397 4491 perpetuis
3417 4420 3750 4492 generatio—

3435 4509 3637 4579 [nibus
3665 4526 3679 4566 ε

2096 4595 2294 4653 Solem
2326 4601 2463 4652 ante
2494 4603 2692 4653 manet
2724 4598 3013 4671 inclytum
3046 4614 3266 4654 nomen
3299 4598 3587 4665 divinum,

2099 4686 2336 4742 Clarum
2366 4687 2543 4743 etiam
2577 4694 2712 4744 ante
2743 4689 2962 4745 almam
2995 4690 3221 4744 lunam.

2099 4777 2165 4832 In
2197 4777 2325 4848 ipso
2357 4779 2796 4849 optatissimum
2829 4783 3068 4854 capiant
3097 4781 3279 4837 decus
3307 4786 3513 4854 gentes
3553 4786 3746 4855 terra,

2102 4867 2517 4923 Beatissimum
2530 4871 2862 4926 vocaverint
2878 4888 3111 4943 semper
3130 4873 3310 4926 Deum
3326 4877 3531 4944 gentes
3544 4888 3752 4926 omnes

2102 4955 2441 5011 Laudabilis
2473 4975 2711 5029 semper
2741 4966 2830 5014 est
2860 4962 3014 5016 Deus
3047 4962 3426 5033 incorruptus
3455 4961 3709 5029 lsraelis,

2099 5045 2208 5110 Qui
2241 5046 2420 5101 etiam
2453 5048 2614 5103 solus
2647 5065 2884 5120 semper
2911 5051 3054 5105 facit
3083 5052 3376 5122 stupenda
3405 5067 3605 5124 opera.

2101 5133 2421 5190 Laudabile
2451 5152 2669 5192 nomen
2700 5138 2963 5194 divinum
2996 5139 3277 5195 laudibus
3305 5147 3561 5214 gratum,

2099 5224 2170 5277 Et
2200 5239 2381 5290 nunc,
2415 5229 2474 5280 et
2503 5232 2726 5296 postea,
2761 5232 2819 5282 et
2848 5227 3064 5285 futuris
3094 5229 3602 5302 generationibus.

2097 5314 2335 5369 Terram
2368 5315 2704 5372 universam
2736 5317 2983 5390 impleat
3012 5320 3114 5374 Dei
3147 5321 3355 5393 gloria,
3391 5323 3475 5377 sic
3507 5322 3628 5377 flat.

2166 5492 2277 5562 (56)
2310 5492 2400 5566 ξΩς
2436 5493 2610 5552 ὑετόν.
2643 5499 2834 5566 Forte,
2869 5497 2944 5560 ὡς
2977 5497 3148 5561 ὑετός.
3182 5502 3333 5556 Enn‘.

2167 5566 2279 5636 (57)
2314 5564 2688 5641 Ἐξαρπάσσει.
2726 5564 2918 5642 Forte,
2950 5567 3250 5647 ἐξαρπάξει.
3284 5575 3442 5628 EDIT.
