4066 6268
341 330 501 391 1425

332 461 538 535 Ῥοίζῳ
569 462 878 539 χειμερίοις
911 461 1066 520 ἴκελα
1099 463 1435 541 βρεμέθοντα
1465 465 1730 544 ῥεέθροις,

345 556 543 627 Ἀρτον
575 549 917 625 δευομένοισι
944 553 1108 618 πόθεν
1137 554 1411 609 τόσσοισιν
1445 556 1696 628 ὀπάσσοι,

341 641 435 697 Ἢὶ
462 641 624 695 πόθεν
655 638 869 696 λαοῖσιν
909 639 1208 698 ἐπεντύνειε
1235 643 1504 718 τράπεζαν
1530 663 1544 714 ;

343 734 528 789 Ταῦτα
556 730 680 785 νόον
712 731 953 805 θώρηξεν
983 730 1282 808 ἐρισθενέος
1307 734 1605 806 Βασιλῆος,

338 824 435 876 Ὠν
470 838 632 895 χάριν
662 815 923 876 Ἰάκωϐον
951 822 1250 900 ἂθέσφατος
1281 817 1475 901 ἔφλεγε
1505 824 1731 899 πυρσὸς,

339 908 444 966 Καὶ
473 910 633 972 κότος
665 907 1039 982 ἆπροτίοπτος
1069 911 1334 988 ἐπέχραεν
1367 911 1662 989 Ἰσραήλῳ,

339 996 568 1055 Οὕνεκεν
602 998 667 1053 ού
700 1000 963 1075 θόὶρσησεν
995 999 1303 1076 ἐπουρανίῳ
1332 1002 1588 1072 Βασιλῆι,

337 1085 618 1162 Θεσπεσίῳ
649 1084 698 1143 δ’
727 1074 792 1144 ού
823 1088 1048 1165 πάμπαν
1081 1074 1211 1167 ἔχον
1244 1074 1369 1167 περὶ
1399 1093 1592 1171 φέγγεῖ
1624 1089 1856 1168 βουλήν.

335 1267 560 1343 Ὑψόθεν
591 1253 837 1344 αἰθερίῃς
865 1268 1094 1346 νεφέλῃς
1122 1269 1430 1327 ἆνετείλατο
1461 1271 1705 1344 Ποιμήν,

336 1357 620 1433 Ούρανίων
651 1355 709 1414 δὲ
739 1358 968 1435 θύρετρα
999 1365 1139 1424 θοῶς
1170 1361 1426 1417 ἐπέτασσε
1454 1358 1702 1417 πυλάων.

330 1447 422 1502 Ὕε
453 1444 500 1502 δ’
528 1444 632 1524 ἄρα
660 1447 901 1524 γνωστὸν
933 1450 1198 1528 γλυκερόν
1232 1472 1383 1527 σφισι
1420 1449 1588 1525 μάννα
1618 1448 1908 1522 πάσασθαι,

330 1630 540 1702 ’Ἄρτον
564 1625 886 1706 ἐπουράνιον
920 1630 1137 1707 φαγέειν
1168 1628 1442 1703 προΐαλλε
1475 1631 1769 1706 βροτοῖσινο

331 1713 656 1791 Ἀγγελικὴν
693 1717 889 1790 θαλίην
925 1717 1222 1796 μεροπηίδι
1251 1717 1392 1775 δῶκε
1421 1718 1669 1796 γενέθλῃ.

335 1802 592 1878 Εῗνοδίην
624 1806 772 1885 σφίσι
806 1806 963 1864 δαῖτα
993 1810 1121 1872 Θεὸς
1153 1807 1443 1883 δωρήσαιτο
1475 1807 1719 1880 πολλήν.

334 1899 554 1969 Πνεῦμα
584 1898 678 1970 μὲν
711 1897 976 1974 ἀργέσταο
1005 1900 1166 1954 νότου
1197 1897 1466 1974 ξυνέεργεν
1501 1899 1684 1969 ἀῆναι,

328 1990 441 2041 Ηκε
471 1982 529 2040 δὲ
559 1983 894 2043 δυσκελάδου
918 1982 1115 2050 Λίϐυος
1146 1993 1410 2064 τρηχεῖαν
1439 1989 1674 2062 ἀυτμήν.

326 2073 687 2148 Αύτομάτους
719 2078 869 2155 σφίσι
904 2078 1105 2152 σάρκας
1136 2076 1284 2140 ὅπως
1310 2077 1456 2133 κόνιν
1488 2077 1798 2154 ἐγγυάλιξε,

320 2165 562 2238 Ψάμμον
597 2163 645 2220 δ’
674 2166 750 2229 ὡς
779 2167 1013 2238 πετεηνά
1040 2167 1175 2242 πόρε
1204 2168 1496 2243 πτερόεντα
1527 2165 1826 2238 θαλάσσης.

314 2341 413 2397 Καὶ
442 2342 509 2399 τὰ
541 2346 637 2418 μὲν
664 2343 920 2416 ἐξαπίνης
957 2347 1074 2419 μεθ’
1107 2347 1380 2422 ὁμήγυριν
1414 2342 1646 2419 ἔμπεσεν
1678 2343 1915 2421 ἀνδρῶν,

320 2430 596 2497 Κυκλόθεν
628 2432 878 2489 ἰθύνοντα
907 2433 1296 2510 πολυσπερέων
1324 2432 1612 2495 κλισιάων.

321 2521 609 2594 Δινύμενοι
636 2519 685 2577 δ’
714 2520 828 2591 ἅμα
855 2524 1050 2586 πάντες
1081 2522 1495 2595 ἐνεπλήσθησαν
1528 2521 1761 2596 ἐδωδῆς⁶

318 2610 422 2668 Καί
453 2632 632 2688 σφισιν
664 2609 985 2685 ἐλδομένοις
1014 2614 1349 2685 καταθόμιον
1379 2610 1563 2669 ὣπασε
1595 2612 1773 2684 δαῖτα,

310 2698 450 2756 Ούδὶ
480 2700 653 2765 πόθου
682 2701 934 2778 νόσφισσε
963 2699 1354 2776 λιλαιομένους
1387 2704 1691 2781 σφετέροιο.

316 2787 485 2848 Οὔπω
515 2787 634 2853 δαῖς
659 2790 963 2861 τετέλεστο,
994 2791 1161 2868 κόρου
1193 2789 1240 2847 δ’
1270 2787 1347 2848 ἔτι
1382 2790 1563 2848 δεύετο
1605 2793 1797 2867 θυμὸς,

389 2970 491 3026 Καί
520 2992 684 3049 σφεας
716 2972 1030 3029 Ἀθανάτοιο
1063 2975 1348 3049 μετέστιχε
1377 2979 1536 3048 μῆνις
1569 2971 1819 3047 ἑτοίμην,

320 3060 539 3135 Πότμυν
570 3060 835 3117 ἀνώϊστον
865 3059 1081 3117 πολέων
1107 3062 1378 3138 τεύχουσα
1406 3063 1693 3136 καρήνοις·

317 3149 646 3226 Καρτίστους
673 3152 719 3205 τ’
752 3148 1010 3220 ἐπέδησεν
1040 3150 1310 3227 ἀγακλέος
1341 3150 1650 3227 Ἰσραήλου.

314 3237 491 3295 Ἀλλὰ
530 3240 633 3314 γὰρ
668 3235 787 3293 οὐδ’
819 3237 907 3294 ἐπὶ
935 3244 1079 3295 τοῖσι
1110 3239 1486 3317 κακορραφίης
1513 3238 1796 3311 ἐλάθοντο,

310 3325 439 3384 Οὐδ’
473 3326 562 3383 ἐπὶ
594 3327 945 3402 θαυμασίοισι
972 3329 1158 3391 τόσοις
1188 3330 1461 3406 θάρσησαν
1490 3336 1743 3390 νΑνακτι,

310 3415 474 3472 Ἀλλ’
503 3414 860 3493 ὂλιγοδρανίῃ
893 3418 1083 3493 βιοτὴν
1117 3420 1393 3495 κενεαυχέ’
1424 3416 1654 3489 ἰδόντες,

310 3505 511 3585 Ῥίμφα
542 3503 891 3562 διωκοπένων
925 3505 1087 3562 ἐτέων
1119 3506 1387 3584 ἐξέφθιθεν
1413 3507 1610 3569 αὕτως.

319 3596 390 3654 Ἀ
423 3594 598 3653 δειλοί
632 3598 646 3653 ί
679 3595 790 3652 τότ’
821 3593 1022 3652 ἄνακτα
1044 3597 1436 3675 καταφθίμενοι
1467 3596 1782 3669 ποθέεσκον,

321 3687 405 3758 Ἐξ
438 3687 573 3755 ἠοῦς
605 3708 695 3759 μιν
729 3687 944 3762 ἀρωγὸν
972 3686 1298 3756 ἆνηυτεσκον
1333 3686 1526 3759 ἰόντες,

321 3770 543 3842 Πληθὺν
577 3773 746 3848 φραζό
756 3794 910 3846 μενοι
934 3775 1214 3850 προτέρων
1246 3773 1620 3851 εὐεργεσιάων,

321 3861 416 3914 Ὧν
449 3880 628 3938 σφισιν
660 3860 995 3937 ἐγγυάλιξεν,
1026 3861 1305 3939 ἐλεύθερον
1335 3865 1485 3939 ἦμαρ
1512 3863 1751 3933 ὀπάζων.

320 3950 389 4005 Οἱ
421 3945 477 4002 δέ
510 3970 599 4021 μιν
629 3949 1023 4027 ἀμφαγάπαζον
1055 3953 1166 4015 ὲοῖς
1193 3953 1316 4028 περὶ
1347 3950 1585 4029 χείλεσιν
1617 3950 1825 4028 ἄκροις,

322 4037 584 4107 Γλώσσης
615 4036 922 4112 ψευδαλέης
958 4039 1275 4116 μειλίγμασι
1306 4040 1696 4106 κωτίλλοντες.

326 4124 403 4183 Ού
433 4126 534 4201 γὰρ
561 4122 695 4203 ἔχον
724 4125 953 4203 κραδίας
977 4128 1271 4207 ῗθύφρονας
1302 4129 1432 4187 οὐδὲ
1460 4133 1664 4206 νόημα,

324 4213 455 4272 Οὐδ’
483 4215 573 4269 ἐπὶ
604 4217 851 4291 συνθεσίῃ
881 4219 1109 4294 σφετέρῃ
1137 4218 1534 4297 συμφράδμονα
1558 4221 1760 4277 πίστιν.

321 4308 385 4359 Ὦ
418 4305 665 4381 βασιλεῦ,
701 4303 764 4359 σὺ
799 4302 856 4361 δὲ
881 4306 1102 4363 πάντοτ’
1131 4307 1283 4385 ἔχεις
1313 4309 1643 4385 οἰκτίρμονα
1675 4312 1906 4389 βουλὴν,

320 4394 440 4487 Καί-
458 4415 633 4487 σφεων
656 4392 1041 4487 ’ἀμπλακίῃσιν
1076 4396 1320 4457 ἱλάσσεαι
1350 4404 1482 4475 (67),
1518 4402 1637 4460 οὐδ’
1691 4400 1976 4487 ἐναρίζεις’

318 4482 498 4540 Ἀλλά
529 4483 855 4541 παλίνοντον
883 4482 1129 4558 δαμάσας
1158 4489 1515 4570 μεγαλήτορα
1541 4498 1737 4571 θυμὸν,

318 4573 665 4649 Ἐσσυμένως
697 4575 784 4630 σέο
820 4581 982 4649 μῆνιν
1016 4576 1390 4653 ἀναπτομένην
1435 4588 1780 4660 κατερεύκεις
1814 4594 1941 4664 (68).

319 4663 623 4754 (ᾖσθα-γὰρ
644 4663 926 4754 ⁸ιίιδρανέων
960 4666 1218 4754 μερόπων
1244 4671 1398 4745 γένος
1426 4674 1540 4729 οἷον
1568 4674 1796 4754 ἐτύχθη,

319 4749 418 4812 Οἷς
452 4749 570 4826 βίος
603 4750 664 4806 οὗ
697 4750 927 4823 ληϊστὸς
955 4752 1090 4823 ἐπήν
1121 4754 1282 4829 ἀΐδης
1316 4780 1406 4833 μιν
1438 4761 1616 4839 ἐρύξῃ.

319 4928 429 5018 Ἃί
461 4925 603 4982 πόσα
634 4948 727 5018 μιν
750 4929 1004 5018 ᾲθώρηξαν
1038 4931 1424 5012 ἐποτρύνοντες
1456 4941 1669 5018 ἐρήμῳ,

324 5015 424 5071 Καί
450 5017 507 5072 οἱ
545 5016 714 5091 θυμὸν
746 5013 930 5094 ὄριναν
959 5019 1012 5076 ἐν
1047 5020 1212 5079 εἷ’δεσι
1245 5028 1355 5101 (69)
1385 5013 1598 5088 πολλόν
1619 5013 1899 5112 άνύδροις,

323 5196 443 5269 na?
475 5192 630 5269 θέμιν
663 5194 908 5269 έψίστοιο
938 5200 1071 5252 Θεοῦ
1097 5201 1431 5276 πειρώμενοι
1462 5204 1662 5282 ἀλκῆςν

325 5284 424 5339 Καὶ
456 5283 614 5359 μύθις
646 5281 920 5358 ἐρέθονοεες
950 5285 1253 5362 Ἀκήρατον
1282 5291 1598 5368 Ἰσραήλου.

395 5446 609 5572 (67-683
649 5445 1024 5518 Κατερεύκεις.
1084 5451 1442 5526 Legendum,
1495 5461 1829 5537 κατερύκεις.
1879 5468 1973 5526 Sic

326 5519 493 5574 Hom.
527 5519 570 5575 Ο
614 5520 902 5575 ..Ι.119;

328 5558 493 5574 Inuus.
528 5558 651 5584 VWG,
683 5558 729 5584 δ’
766 5558 785 5573 ι
801 5558 819 5572 ιι
836 5558 860 5573 υ
889 5562 901 5574 ο

323 5590 557 5694 "AJP?"
602 5589 796 5694 οξιμὲν
821 5589 1122 5694 γᾶριςπάιεξος
1148 5594 1452 5685 ᾆγθρώπων
1482 5600 1763 5679 ἆπερύκειο

324 5678 359 5694 ‘I‘I
410 5680 421 5694 I
498 5678 573 5694 nn
603 5678 639 5694 η
697 5680 830 5694 Imm
861 5680 926 5694 an
979 5681 1004 5694 η
1058 5684 1102 5694 m
1139 5686 1278 5694 -._--__
1316 5689 1374 5694 __
1394 5690 1453 5694 Α-
1476 5674 1498 5694 j
1520 5692 1551 5694 A,
1705 5682 1759 5694 nn
1786 5674 1818 5694 ὀ

324 5662 435 5717 ubi
456 5662 574 5719 duo
603 5662 1103 5735 ultimae‘s‘yllabze
1134 5662 1282 5742 ῥύκέι
1314 5662 1643 5744 spondeum
1667 5674 1969 5751 efficiunt;

1440 332 1910 397 APOLINARII
1952 333 2204 395 EPISC.
2252 331 2664 394 LAODICENI

3610 334 3641 394 1
3653 335 3770 396 426

2022 481 2077 547 Α
2108 466 2289 521 Sibilo
2317 467 2584 522 hibernis
2615 464 2892 521 similiter
2922 468 3254 537 strepentes
3285 464 3548 538 ﬂuentis,

2107 559 2329 613 Panem
2360 557 2766 630 indigentibus
2791 556 2951 612 unde
2983 561 3069 611 tot
3098 557 3455 629 suppeditet,

2105 648 2224 701 Aut
2252 646 2410 702 unde
2441 646 2678 719 populis
2708 651 2879 718 paret
2906 645 3220 701 mensam?

2106 737 2243 791 Haec
2280 736 2548 791 animum
2579 740 2888 791 armarunt
2916 736 3279 807 magnanimi
3310 737 3504 810 Regis,

2105 828 2363 892 Quorum
2394 828 2583 899 gratia
2601 827 2882 882 Iacobum
2903 828 3756 903 veheme'nscombussitignis,

2106 919 2178 972 Et
2207 918 2295 973 ira
2322 918 2642 990 improvisa
2670 917 2918 991 urgebat
2939 919 3244 988 Israelem,
3566 922 3569 925 ’

2104 1006 2253 1071 Quia
2281 1023 2403 1061 non
2434 1006 2682 1062 confidit
2710 1007 2935 1062 caelesti
2966 1008 3103 1080 Regi
3131 1025 3144 1064 :

2105 1095 2310 1149 Divino
2338 1101 2536 1151 autem
2566 1112 2686 1151 non
2735 1096 2981 1151 omnino
3029 1095 3374 1153 habuerunt
3420 1098 3481 1153 in
3528 1098 3756 1155 lumine

3274 1188 3679 1258 [voluntatem.

2107 1275 2368 1346 Desuper
2397 1275 2672 1329 mthereis
2702 1274 2962 1330 nubibus
2991 1276 3293 1332 mandavit
3319 1278 3548 1347 Pastor,

2103 1363 2443 1420 leestium
2479 1381 2609 1419 vero
2641 1364 2933 1420 vestibula
2962 1365 3077 1419 cito
3102 1366 3287 1437 jussit
3314 1372 3643 1438 portarum.

2100 1453 2260 1509 Pluit
2287 1471 2423 1509 vero
2456 1459 2664 1510 notum
2697 1454 2868 1510 dulce
2909 1455 3055 1527 ipsis
3101 1472 3323 1513 manna
3370 1458 3444 1513 ad
3494 1459 3753 1515 mandu-

3370 1551 3671 1623 [candum,

2097 1641 2320 1695 Panem
2352 1639 2653 1695 cmlestem
2683 1639 3043 1695 manducare
3070 1638 3347 1711 apposuit
3361 1641 3748 1698 mortalibus:

2095 1728 2443 1800 Angelicum
2477 1729 2806 1784 convivium
2835 1728 3073 1784 mortali
3104 1728 3269 1784 dedit
3295 1729 3498 1802 generi
3525 1745 3539 1785 :

2096 1817 2429 1873 Parabilem
2462 1819 2604 1889 ipsis
2636 1818 2832 1873 cibum
2862 1819 3016 1874 Deus
3045 1818 3288 1891 largitus
3315 1824 3407 1874 est
3434 1819 3711 1875 multum.

2096 1908 2347 1962 Ventum
2378 1906 2620 1977 quidem
2652 1906 2968 1978 procellosi
3000 1908 3185 1962 austri
3217 1909 3512 1965 contraxit
3540 1908 3709 1979 flare,

2091 1996 2249 2051 Misit
2276 2013 2412 2051 vero
2443 1997 2741 2052 horrisoni
2770 1996 2950 2051 Africi
2978 1996 3207 2053 ﬂatum.

2091 2085 2404 2141 Ultroneas
2433 2086 2581 2157 ipsis
2611 2102 2824 2141 carnes
2854 2086 3015 2141 velut
3034 2086 3334 2157 pulverem
3362 2087 3637 2160 praebuit,

2090 2176 2348 2231 Arenam
2378 2191 2514 2230 vero
2544 2180 2831 2248 tanquam
2865 2175 3129 2231 volatilia
3151 2176 3315 2232 dedit
3336 2182 3597 2248 pennata
3618 2195 3747 2235 ma-

3540 2267 3667 2341 [τίς.

2085 2357 2156 2410 Et
2181 2372 2250 2411 ea
2282 2356 2525 2427 quidem
2555 2360 2800 2428 repente
2832 2356 2894 2411 in
2924 2361 3074 2412 cwtu
3096 2358 3441 2414 ceciderunt
3458 2358 3738 2428 virorum,

2079 2447 2146 2499 In
2180 2445 2432 2500 circuitu
2466 2446 2690 2501 directa
2717 2447 3017 2502 variorum
3048 2447 3465 2503 tentoriorum.

2078 2533 2311 2606 Epulati
2345 2550 2482 2590 vero
2514 2535 2697 2591 simul
2726 2551 2934 2591 omnes
2965 2535 3177 2608 repleti
3210 2541 3351 2591 sunt
3378 2536 3531 2605 cibo,
3572 2538 3581 2549 ⁴

2076 2625 2147 2678 Et
2176 2624 2321 2695 ipsis
2351 2623 2729 2696 cupientibus
2756 2630 2950 2698 gratas
2982 2625 3236 2698 praebuit
3255 2624 3460 2698 dapes,

2008 2700 2025 2715 ’
2076 2715 2274 2785 Neque
2308 2713 2604 2770 desiderio
2636 2715 2885 2786 privavit
2911 2719 3260 2787 appetentes
3291 2731 3421 2770 suo.

2074 2802 2346 2858 Nondum
2377 2803 2558 2876 dapes
2592 2803 2774 2858 ﬁnitae
2807 2810 2994 2874 erant,
3030 2805 3302 2859 satietate
3348 2820 3482 2860 vero
3531 2803 3725 2860 adhuc

3037 2894 3365 2968 [indigebat
3393 2893 3652 2965 animus,

2070 2984 2141 3037 Et
2169 2999 2270 3039 eos
2301 2984 2662 3039 Immortalis
2692 2984 2908 3039 invasit
2938 2985 3027 3040 ira
3057 2989 3281 3056 parata,

2068 3072 2382 3128 Interitum
2396 3072 2783 3145 improvisum
2805 3073 3134 3129 multorum
3154 3074 3381 3146 faciens
3395 3073 3721 3145 capitibus:

2073 3161 2661 3233 Robustissimosque
2692 3163 3001 3235 impedivit
3032 3163 3252 3219 nobilis
3282 3162 3542 3219 Israelis.

1989 3228 2032 3296 (ἶ
2072 3249 2184 3305 Sed
2215 3251 2374 3307 enim
2405 3228 2601 3322 neque
2628 3251 2690 3307 in
2721 3228 2812 3307 his
2842 3253 3125 3324 nequitias
3155 3252 3324 3308 obliti
3358 3256 3518 3322 sunt,

2068 3341 2269 3410 Neque
2300 3339 2363 3395 in
2391 3338 2768 3395 mirabilibus
2798 3340 2978 3395 tantis
3009 3341 3387 3396 conflderunt
3410 3339 3571 3413 Regi.

2070 3427 2183 3483 Sed
2214 3428 2624 3484 imbecillitate
2654 3430 2832 3485 vitam
2862 3446 3073 3486 vanam
3102 3431 3367 3486 videntes

2070 3518 2197 3574 Cito
2227 3517 2582 3591 fugientium
2613 3536 2928 3587 annorum,
2963 3521 3307 3577 defecerunt
3332 3520 3572 3576 frustra.

2074 3609 2118 3664 Ο
2147 3608 2352 3663 miseri
2377 3608 2390 3663 Ι
2422 3614 2561 3665 tunc
2590 3627 2789 3683 regem
2820 3615 3139 3682 pereuntes
3171 3609 3610 3679 desiderabant,

2073 3698 2157 3752 Ex
2181 3713 2396 3753 aurora
2425 3714 2560 3754 eum
2592 3700 2925 3771 adjutorem
2957 3700 3309 3757 invocabant
3345 3698 3720 3764 accedentes,

2078 3785 2518 3842 Multitudinem
2548 3789 2874 3860 cogitantes
2900 3790 3166 3862 priorum
3198 3789 3648 3855 beneﬁciorum,

2081 3879 2343 3944 Quorum
2375 3878 2487 3933 sibi
2517 3879 2772 3951 prazbuit
2799 3880 3053 3937 liberum
3083 3881 3242 3937 diem
3265 3880 3618 3938 concedens.

2081 3970 2201 4041 Ipsi
2234 3985 2368 4024 vero
2401 3985 2538 4025 eum
2568 3969 2911 4026 dilexerunt
2940 3973 3063 4028 suis
3094 3972 3156 4027 in
3182 3972 3358 4029 labiis
3390 3969 3693 4037 extremis,

2082 4059 2321 4130 Lingua)
2350 4057 2681 4131 falsiloqua:
2712 4058 3136 4116 blandimentis
3166 4061 3513 4134 garrientes.

2085 4150 2211 4204 Non
2245 4149 2405 4203 enim
2435 4149 2738 4205 habebant
2758 4149 2936 4205 corda
2953 4156 3112 4205 recta
3132 4167 3325 4221 neque
3340 4148 3733 4217 intellectum,

2087 4239 2287 4308 Neque
2318 4237 2380 4292 in
2404 4236 2623 4293 fcedere
2657 4255 2761 4293 suo
2792 4239 3141 4295 unanimam
3174 4239 3374 4294 fidem.

2089 4328 2133 4383 Ο
2157 4326 2296 4396 Rex,
2320 4331 2384 4381 tu
2413 4342 2548 4382 vero
2567 4344 2804 4399 semper
2822 4328 3005 4384 babes
3027 4329 3368 4385 misericors
3390 4325 3732 4393 consilium,

2089 4419 2160 4472 Et
2178 4432 2382 4472 eorum
2403 4417 2822 4488 propitiaberis
2842 4415 3734 4489 criminibus,nequeinterficis,

2002 4516 2005 4521 '
2090 4505 2202 4561 Sed
2233 4505 2514 4561 reducem
2545 4505 2794 4561 domans
2824 4508 3269 4580 magnanimum
3301 4507 3590 4574 animum,
3634 4554 3643 4561 .

2012 4599 2061 4664 D
2092 4596 2377 4653 Celeriter
2407 4603 2569 4652 tuam
2602 4597 2751 4652 iram
2781 4614 3093 4654 accensam
3127 4598 3387 4653 cohibes.

2087 4688 2211 4743 Scis
2243 4688 2405 4742 enim
2435 4686 2736 4759 fragilium
2766 4688 3077 4743 hominum
3107 4704 3294 4760 genus
3325 4686 3500 4759 quale
3532 4685 3627 4752 sit,

2084 4776 2306 4843 Quibus
2334 4777 2453 4833 vita
2482 4793 2605 4831 non
2634 4777 2895 4848 rediens,
2930 4782 3247 4850 postquam
3279 4793 3455 4832 orcus
3481 4791 3612 4831 eam
3634 4790 3735 4831 co-

3356 4864 3655 4936 [hibuerit.

2085 4957 2176 5012 Ab
2198 4955 2210 5010 ι
2234 4959 2457 5028 quanta
2481 4960 2793 5011 armarunt
2821 4971 2957 5010 eum
2986 4959 3375 5030 provocantes
3392 4955 3453 5010 in
3476 4955 3733 5021 deserto,

2083 5049 2154 5102 Et
2180 5047 2295 5118 ipsi
2326 5046 2596 5102 animum
2628 5046 3072 5102 concitaverunt
3113 5045 3177 5101 in
3221 5045 3430 5101 formis
3479 5045 3735 5101 multum

3313 5137 3664 5209 [inaquosis.

2084 5232 2309 5285 Praeter
2335 5227 2424 5283 fas
2454 5225 2729 5282 altissimi
2762 5226 2864 5281 Dei
2896 5231 3194 5282 tentantes
3224 5226 3424 5293 robur,

2081 5321 2153 5374 Et
2180 5317 2376 5373 verbis
2407 5316 2712 5372 irritantes
2743 5317 3196 5372 Immaculatum
3226 5316 3487 5375 Israelis.

2082 5468 2142 5518 et
2170 5462 2255 5519 sic
2286 5476 2523 5533 semper
2551 5460 2613 5515 in
2644 5460 2822 5516 verbo
2852 5457 3028 5535 ἐρύκω
3075 5461 3277 5517 littera
3305 5481 3334 5515 υ
3364 5459 3731 5534 producitur.

2295 5601 2499 5661 Εἴδεσι.
2532 5605 2728 5672 Forte,
2757 5598 2961 5674 οὔδεσι,
2994 5607 3175 5662 terris.
3209 5605 3361 5660 Εοιτ,
