4120 6262
300 316 334 377 ί
345 314 457 374 42⁸1

301 452 425 515 Quo
456 448 626 519 pacto
656 442 930 499 laborum
961 456 1174 496 manus
1206 438 1378 495 alma:
1409 438 1577 494 obliti
1607 444 1765 509 sunt,

297 538 698 611 Egyptiorum
730 538 795 589 ut
825 548 1033 588 omnes
1066 531 1341 586 liberavit
1364 530 1765 597 servitutibus,

298 631 539 701 Egypto
572 630 770 681 autem
802 627 869 678 ut
900 622 1126 694 paravit
1152 620 1351 676 divina
1381 622 1550 693 signa
1577 620 1824 686 faciens,

298 721 588 776 Caeterum
617 731 798 788 super
851 716 1077 770 Taneos
1134 712 1445 785 planitiem
1488 710 1765 766 miranda
1814 725 1951 781 per-

320 858 323 865 ,
1652 801 1875 872 [agens.

298 897 546 972 Sanguis
574 894 816 969 quidem
848 898 976 950 erat
1006 910 1182 966 aqua,
1215 892 1476 965 priorem
1532 906 1668 946 vero
1718 889 1953 962 negavit

1579 980 1875 1057 [formam.

298 1077 469 1135 Putei
498 1093 633 1132 vero
665 1075 877 1131 mutati
909 1078 1068 1142 sunt,
1102 1072 1337 1128 dulcem
1369 1088 1504 1126 vero
1544 1069 1779 1125 mentiti
1811 1073 1952 1125 sunt

1595 1166 1875 1233 [gustum.

296 1259 562 1314 Primum
580 1255 823 1327 quidem
844 1268 1137 1326 cynomya
1157 1251 1373 1306 invasit
1388 1249 1694 1304 omnivora
1706 1254 1944 1304 terram.

297 1351 464 1405 Rana
491 1345 630 1402 inde
658 1349 863 1417 postea
887 1341 1176 1398 accedens
1206 1340 1489 1412 populata
1521 1343 1610 1393 est
1637 1352 1829 1410 agros,

297 1440 369 1493 At
394 1434 641 1508 mrugini
672 1432 952 1489 ﬂoridum
984 1431 1242 1485 fructum
1272 1428 1473 1497 dedit;

297 1525 521 1582 Acerba
541 1539 677 1579 vero
704 1526 934 1577 metens
955 1519 1189 1574 labores
1208 1524 1380 1573 terras
1396 1517 1625 1572 locusta
1650 1514 1908 1587 perdidit
1931 1531 1944 1582 ;

295 1615 532 1688 Frigida
542 1599 675 1668 vero
692 1610 924 1669 vitifera
946 1608 1436 1680 corrumpebatur
1452 1611 1608 1661 terra
1636 1604 1944 1678 grandine,

296 1708 366 1761 Et
393 1705 579 1760 densa
607 1718 809 1758 morus
842 1699 994 1755 tristi
1026 1698 1333 1755 arescebat
1356 1696 1590 1769 pruina.

296 1797 424 1851 Ictu
454 1790 908 1865 quadrupedum
939 1790 1145 1861 greges
1175 1786 1392 1842 occidit
1419 1783 1753 1857 grandinis,

298 1886 369 1939 Et
398 1882 840 1956 possessionem
863 1894 1030 1934 suam
1053 1876 1412 1949 depascebat
1430 1875 1644 1930 ardens
1674 1874 1942 1931 ﬂammae

304 1972 415 2029 Sed
437 1989 631 2043 neque
655 1972 738 2026 sic
756 1969 1267 2038 cessavit,semper
1286 1966 1395 2020 sibi
1420 1966 1568 2021 iram
1592 1963 1909 2036 adaugens,

302 2065 459 2119 Iram
471 2059 1007 2132 etindignationem
1020 2072 1257 2130 gravem
1270 2054 1720 2126 aaqueluctuoso
1734 2053 1944 2110 labori.

302 2151 615 2224 Spiritibus
646 2149 918 2205 aathereis
950 2146 1279 2202 immitibus
1309 2146 1634 2217 imperans,

301 2241 507 2297 Furori
538 2239 830 2295 concitato
862 2237 1210 2292 damnosam
1241 2236 1467 2307 paravit
1494 2236 1668 2289 viam.

300 2334 499 2402 Neque
529 2330 757 2385 necatis
788 2325 1100 2383 animabus
1130 2325 1412 2398 parcebat
1436 2325 1680 2383 omnino
1707 2340 1721 2380 :

300 2421 411 2476 Sed
440 2425 499 2474 et
527 2435 668 2475 rura
696 2422 1009 2490 pascentes
1038 2431 1243 2488 greges
1274 2414 1630 2486 compedivit
1661 2420 1872 2487 strage.

299 2510 388 2564 Ab
414 2508 426 2564 !
449 2507 624 2565 tellus
650 2505 1183 2578 primogenitorum
1206 2509 1566 2575 quantorum
1587 2503 1949 2561 lamentaba~

1454 2598 1572 2666 [tur
1600 2599 1873 2666 mortem,

301 2689 373 2742 Ut
400 2685 548 2741 vidit
575 2682 945 2756 sepultorum
979 2681 1240 2738 ﬁliorum
1266 2680 1633 2753 primiferam
1667 2683 1945 2755 juventu-

1710 2779 1875 2847 (tem.

304 2868 593 2923 Caeterum
616 2865 738 2923 Rex
767 2878 940 2921 suum
970 2860 1255 2935 populum
1284 2860 1465 2917 veluti
1495 2862 1778 2935 pulchras
1801 2863 1950 2919 libe-

1520 2955 1693 3026 [ravit
1719 2972 1875 3026 oves,

305 3045 694 3121 Splendidum
727 3049 1011 3117 tanquam
1043 3043 1191 3103 ovile
1222 3061 1328 3117 per
1355 3049 1588 3103 montes
1618 3045 1826 3118 longos
1846 3063 1949 3119 pa-

304 3229 561 3287 Fiduciae
593 3228 845 3283 ﬁdentes
877 3231 935 3281 et
965 3227 1131 3284 ducis
1161 3227 1236 3284 vi.

304 3321 514 3375 Hostes
542 3334 678 3373 vero
711 3316 946 3388 operuit
977 3333 1114 3372 suos
1137 3317 1346 3388 ingens
1374 3317 1591 3373 ﬂuctus
1620 3318 1825 3373 maris.

303 3407 423 3480 Ipsi
454 3405 695 3479 quidem
723 3405 928 3477 utique
979 3405 1229 3462 consilio
1279 3412 1544 3462 montem
1590 3407 1953 3462 accedebant

1473 3496 1880 3571 [Immortalis,

305 3586 600 3660 Inclytum
630 3588 895 3642 montem
923 3600 1101 3655 quem
1150 3588 1325 3643 antea
1371 3586 1550 3645 chara
1594 3586 1955 3658 acquisierat

1655 3678 1881 3746 [manu.

309 3768 600 3823 Caeterum
625 3767 747 3822 Rex
776 3762 1003 3820 incolas
1033 3764 1263 3836 priores
1296 3764 1346 3837 ej
1358 3766 1472 3821 ecit
1501 3770 1694 3835 terrm,

309 3857 477 3929 Ipsos
508 3871 644 3911 vero
676 3853 1060 3913 introducens
1087 3859 1247 3909 sorte
1277 3853 1480 3910 divisit
1506 3871 1703 3925 agros,

310 3944 697 4001 Corradicans
727 3960 834 4015 per
860 3959 1079 4016 genera
1108 3959 1243 3999 cum
1276 3943 1674 4001 tabernaculis
1705 3945 1847 4001 suis.

309 4034 427 4106 Ipsi
458 4050 593 4090 vero
626 4033 818 4089 adhuc
850 4037 1227 4091 tentaverunt
1254 4033 1369 4088 vim
1401 4032 1703 4088 irritantes
1762 4034 1955 4107 Regis,

310 4124 593 4181 Animum
623 4127 958 4179 avertentes
990 4122 1112 4178 suis
1144 4138 1178 4178 a
1206 4122 1585 4192 testimoniis,

313 4214 623 4268 Patrantes
656 4213 923 4285 priorum
956 4210 1163 4282 iniqua
1192 4227 1374 4283 Opera
1402 4216 1673 4283 patrum;

315 4301 623 4361 lmbellem
649 4319 783 4359 vero
816 4306 1099 4372 tanquam
1130 4317 1333 4357 arcum
1387 4301 1689 4358 habebant
1735 4303 1962 4361 varium

1418 4390 1891 4464 [nocumentum,

314 4481 718 4538 Immortalem
748 4478 1064 4539 verticibus
1095 4480 1397 4537 montanis
1426 4481 1749 4551 irritantes,

316 4572 387 4625 Et
414 4569 467 4625 ei
499 4570 945 4627 concitaverunt
973 4567 1096 4625 suis
1122 4568 1353 4627 animos
1386 4569 1581 4627 idolis.

320 4659 467 4715 Hinc
497 4659 746 4716 audiens
776 4657 1036 4731 neglexit
1061 4659 1214 4717 Deus
1244 4658 1580 4730 improbum
1625 4659 1961 4731 consilium,

320 4749 528 4805 Statim
543 4765 674 4804 vero
686 4748 1513 4820 Israelemvituperavitantea
1525 4748 1962 4817 admirandum,

320 4838 559 4895 Silomae
577 4853 712 4891 vero
739 4837 1048 4908 dissipavit
1068 4837 1324 4892 amicum
1344 4838 1459 4892 Deo
1475 4842 1706 4909 gratum
1736 4838 1962 4895 fanum.

320 4930 447 4985 Non
467 4926 623 4985 enim
638 4926 1002 4984 calamitosis
1015 4926 1462 4985 contubernalis
1475 4933 1602 4985 erat
1616 4929 1967 4987 mortalibus

320 5016 603 5073 Potentia:
635 5033 770 5073 vero
800 5015 969 5073 obliti
1001 5021 1159 5087 sunt,
1183 5017 1438 5089 praebuit
1469 5035 1604 5077 vero
1623 5019 1812 5091 ipsam
1825 5038 1969 5092 pra»

1595 5108 1891 5180 [donibus.

316 5196 388 5249 Et
419 5209 593 5250 suum
623 5194 896 5251 hostibus
925 5194 1187 5267 praedam
1216 5196 1379 5254 dedit
1408 5198 1608 5257 decus.

316 5286 445 5340 Non
477 5282 671 5339 adhuc
699 5282 932 5357 gladius
959 5286 1210 5343 cessavit
1257 5303 1495 5360 semper
1546 5288 1706 5360 ipsos
1735 5289 1966 5349 interfi-

1674 5379 1894 5450 [ciensz

320 5466 476 5529 Quos
503 5476 645 5517 vero
674 5458 843 5516 valde
873 5460 1173 5534 diligebat,
1208 5480 1343 5520 caro
1374 5466 1626 5538 projecit
1653 5468 1896 5523 auxilio.

322 5549 736 5609 Miserabiliter
748 5549 985 5624 quidem
994 5551 1245 5622 juvenes
1259 5552 1802 5614 devoravitdivinus
1816 5557 1970 5633 ignis

395 5730 509 5806 (’70)
541 5730 848 5789 Ὀνόσσετο.
877 5730 1069 5800 Forte,
1101 5724 1379 5786 ὀνόσσατο.
1413 5732 1567 5787 Ευιτ.

1398 297 2053 366 ΙΝΤΕΒΡΒΕΤΑΤΙΟ
2097 299 2186 367 ΙΝ
2229 304 2629 373 PSALTEM.

1659 3136 1876 3209 [scens,
1977 3183 2025 3256 c

3561 312 3587 370 1
3599 309 3723 368 498

1975 433 2032 503 Α
2064 435 2187 499 Πῶς
2217 440 2446 517 μόχθων
2476 444 2739 518 παλάμης
2774 444 3047 518 ζωαρκέος
3083 441 3422 517 ἐξελάθοντο,

2064 524 2377 602 Αἰγυπτίων
2412 535 2487 599 ὡς
2514 534 2715 597 πάντας
2745 533 2970 610 ἐρύσατο
3003 531 3411 603 δουλοσυνάων,

2065 615 2326 693 Αἰγύπτῳ
2358 619 2403 677 δ’
2436 626 2509 686 ὡς
2538 628 2720 694 τεῦζεν
2751 622 3019 703 ἀθέσφατα
3050 625 3270 696 σήματα
3296 622 3530 696 πρήξας,

2063 706 2249 785 Αὐτὰρ
2284 710 2413 788 ὑπὲρ
2447 713 2647 776 Τάνιος
2678 710 2868 768 πεδίον
2898 711 3076 784 θηητὰ
3102 709 3396 772 τελέσσαςί

2062 888 2207 960 Λῖμα
2242 889 2336 963 μὲν
2368 890 2462 962 ἦεν
2495 888 2667 970 ὕδωρ,
2698 892 2968 971 προτέρην
3002 889 3048 948 δ’
3079 893 3359 967 ἠρνήσατο
3395 892 3643 969 μορφήν.

2063 1068 2299 1145 Φρείατα
2328 1068 2375 1128 δ’
2402 1072 2710 1151 ἢλλαχθεν,
2736 1073 3005 1151 γλοκερήν
3037 1072 3088 1130 δ’
3116 1073 3374 1149 ἐψεύσατο
3406 1078 3613 1150 γεῦσιν·

2062 1252 2285 1325 Πρῶτον
2317 1253 2411 1325 μὶν
2441 1252 2709 1327 κυνόμυια
2741 1255 3029 1330 μετέστιχε
3057 1252 3349 1330 πιομφάγος
3378 1253 3520 1308 αἶαν’

2062 1338 2347 1414 Βάτραχος
2375 1336 2517 1397 ἔνθεν
2546 1340 2730 1399 ἔπειτα
2763 1344 2950 1417 μολὼν
2986 1342 3253 1417 ἀλάπαεεν
3285 1342 3540 1419 ἀρούρας,

2062 1427 2243 1503 Αὐτὰρ
2275 1428 2531 1507 έρυσσίϐῃ
2562 1433 2873 1491 πολυανθέα
2900 1435 3104 1510 καρπὸν
3134 1430 3352 1489 ἔδωκεν.

2062 1517 2208 1590 Ὀξέα
2238 1517 2284 1575 δ’
2315 1522 2560 1594 ἀμώωσα
2589 1525 2787 1588 πόνους
2818 1526 3018 1600 χθονὸς
3049 1525 3202 1597 ἀκρὶς
3233 1521 3439 1599 ἔπερσεο

2061 1614 2266 1685 Ψυχρῇ
2301 1609 2348 1666 δ’
2376 1611 2725 1685 ἇμπελόεσσα
2750 1613 3037 1692 κατέφθιτο
3065 1619 3195 1689 γαῖα
3223 1611 3468 1689 χαλάζῃ,

2062 1698 2164 1753 Καὶ
2197 1695 2427 1777 στιϐαρή
2460 1705 2753 1776 σοκάμινος
2783 1701 2999 1777 ἀμειδέϊ
3021 1704 3239 1780 τέρσετο
3265 1702 3475 1777 πάχνῃ.

1982 1807 2031 1875 Β
2060 1787 2221 1864 Ῥιπῇ
2252 1789 2599 1867 τετραπόδων
2630 1791 2825 1869 ἀγέλας
2855 1792 3058 1867 ἐνάριξε
3082 1792 3357 1869 χαλάζης,

2059 1878 2157 1931 Καὶ
2186 1886 2376 1949 κτῆσιν
2410 1882 2672 1955 σφετέρην
2698 1878 3053 1938 κατεϐόσκετο
3087 1882 3354 1955 καιομένη
3390 1878 3545 1958 φλόξ.

2044 1965 2206 2024 Ἀλλ’
2240 1966 2353 2023 οὐδ’
2384 1965 2459 2031 ὥς
2490 1969 2787 2045 ἀπέληγεν,
2820 1971 2903 2026 ἀεί
2931 1992 3079 2047 σφισι
3108 1974 3267 2043 μῆνιν
3296 1970 3488 2040 ἀέξων,

2049 2056 2347 2135 Μῆνιννκαὶ
2380 2059 2542 2114 κότον
2576 2058 2720 2114 αἰνὸν
2755 2061 2907 2132 ὁμῶς
2943 2061 3267 2135 βαρυπενθέϊ
3298 2059 3517 2134 μόχθῳ.

2048 2144 2346 2219 Πνεύμασιν
2378 2147 2695 2224 αἰθερίοισιν
2727 2148 3100 2221 ἀμειλίκτοισι
3127 2148 3390 2217 κελεύων,

2048 2240 2216 2309 Θυμῷ
2250 2236 2552 2311 ὀρινομένῳ
2584 2239 2958 2312 πολυπήμονα
2986 2240 3171 2310 ταῢξεν
3206 2240 3464 2315 ἀταρπὸν,

2048 2322 2191 2382 Οὐδὲ
2213 2328 2627 2404 καταφθιμένων
2660 2329 2881 2403 ψυχέων
2904 2327 3246 2406 περιφείδετο
3277 2329 3525 2402 πάμπαν·

2051 2412 2229 2472 Ἀλλᾶ
2258 2413 2347 2469 καὶ
2382 2415 2727 2492 ἀγρονόμους
2756 2415 2951 2492 ἀγέλας
2983 2416 3267 2492 ξυνέδησεν
3302 2417 3529 2493 ὀλέθρῳ.

2048 2503 2150 2559 'A!
2183 2503 2337 2578 χθὼν
2368 2506 2733 2578 πρωτοτόκων
2767 2507 2983 2563 ὁπόσων
3017 2505 3268 2584 ὠδύρατο
3300 2508 3538 2581 πότμον,

2049 2675 2138 2744 Ὠς
2173 2680 2253 2737 ἴδε
2285 2684 2636 2757 θαπτομένων
2669 2685 2865 2742 τεκέων
2897 2687 3241 2765 πρωτάγοιον
3274 2682 3415 2758 ἥϐην
3441 2689 3453 2745 Ι

2050 2859 2232 2938 Αὐτὰρ
2263 2862 2425 2934 Ἀναξ
2454 2858 2509 2918 έο
2540 2862 2672 2919 λαὸν
2704 2866 2855 2929 ὅπως
2885 2866 3030 2922 καλὰ
3060 2864 3254 2944 ῥύσατο
3283 2864 3456 2939 μῆλα,

2053 3040 2288 3117 Ἀγλαὸν
2317 3041 2466 3097 οἷάτε
2494 3047 2615 3100 πῶϋ
2645 3046 2763 3101 κατ’
2796 3043 2957 3124 οὔρεα
2991 3066 3164 3122 μακρα
3193 3041 3453 3118 νομεύών,

2065 3227 2280 3286 Ἐλπίδι
2309 3230 2634 3286 πιστεύοντα
2661 3229 2751 3284 καὶ
2783 3229 3089 3303 ἠγεμονῆος
3119 3225 3288 3300 ἐρωῇ.

2059 3318 2356 3392 Δυσμενέας
2387 3318 2435 3376 δ’
2465 3318 2728 3394 ἐκάλυψεν
2759 3317 2878 3379 έοὺς
2911 3315 3043 3391 μέγα
3072 3313 3278 3389 λαῖτμα
3310 3311 3606 3382 θαλάσσης.

2058 3408 2126 3464 Οἱ
2162 3409 2257 3483 μὶν
2291 3408 2373 3485 ἄρ’
2406 3408 2639 3485 ἐννεσίῃς
2670 3404 2796 3484 ὅρος
2829 3404 3047 3483 ἔστιχον
3080 3403 3423 3473 Ἀθανάτοιο,

2060 3587 2284 3645 Κλεινὸν
2317 3584 2465 3666 ὅρος,
2495 3590 2558 3645 τὸ
2587 3586 2789 3665 πρόσθε
2817 3585 2950 3664 φίλῃ
2979 3582 3326 3642 κτεατίσσατο
3361 3583 3530 3659 χειρί.

2064 3770 2242 3845 Αὐτὰρ
2273 3769 2432 3840 Ἀναξ
2463 3768 2651 3830 ναέτας
2680 3767 2981 3843 προτέρους
3012 3764 3241 3836 ἐξήλασε
3270 3762 3455 3839 γαίης,

2059 3860 2265 3922 Αὐτοὺς
2299 3857 2344 3913 δ’
2378 3856 2681 3933 εἰσαγαγὼν
2713 3854 2909 3933 κλήρῳ
2941 3851 3241 3910 διεδάσσατ⁹
3272 3851 3532 3929 ἀρούρας,

2060 3950 2326 4019 Ῥιζώσας
2351 3947 2487 4003 κατᾶ
2516 3945 2659 4024 φῦλα
2693 3946 2828 4019 μετᾶ
2854 3944 3132 4020 κλισίῃσιν
3165 3943 3339 4018 ἑῇσιν.

2063 4041 2127 4113 Oi
2157 4037 2203 4094 δ’
2236 4037 2313 4094 ἔτι
2345 4039 2670 4113 πειρήσαντο
2701 4035 2823 4112 βίην
2857 4033 3132 4109 έρέθοντες
3162 4035 3446 4098 Ἄνακτος,

2064 4128 2244 4202 Θυμὸν
2277 4125 2633 4199 άπαινύμετοι
2665 4125 2934 4204 σφέτέρων
2961 4124 3067 4178 ἀπὸ
3100 4124 3470 4199 μαρτυριάων,

2070 4219 2344 4287 Ῥέζοντες
2373 4215 2652 4291 προτέρων
2683 4212 2965 4287 ἀθεμίστια
2998 4209 3129 4286 ἔργα
3153 4213 3390 4281 τοκήων·

2066 4304 2408 4379 Ἀπτόλεμον
2441 4301 2487 4358 δ’
2518 4302 2607 4359 ἂνε
2632 4302 2785 4376 τόξον
2819 4296 2948 4378 ἕχον
2979 4300 3351 4376 στρεψαύχενα
3382 4295 3596 4371 λώϐην,

2067 4486 2364 4545 Ἀθάνατον
2394 4452 2693 4560 κορυφῇσιν
2727 4474 3101 4555 ὀρεσσιϐἀτοις
3128 4478 3427 4548 έρέθοντες,

1994 4549 2043 4615 D
2073 4576 2178 4637 Καί
2208 4577 2265 4632 οἱ
2296 4549 2681 4650 έποτρύνεσκον
2712 4549 2823 4633 έόῖς
2853 4571 3046 4647 φρένας
3077 4566 3412 4625 εἶδώλοισιν.

2073 4670 2222 4725 Ἔνθ’
2250 4665 2381 4723 ἀΐων
2416 4665 2626 4738 ἀθέριζε
2654 4663 2780 4724 Θεὸς
2810 4660 3102 4734 κακοεργέα
3135 4657 3367 4734 βουλὴν,

2072 4758 2280 4818 Αὐτίκα
2311 4753 2358 4811 δ’
2390 4752 2672 4828 Ἰσραῆλον
2705 4752 2956 4806 ὐνόσσετο
2990 4750 3105 4822 (70)
3133 4749 3228 4804 τὸν
3258 4750 3383 4823 πρὶν
3418 4750 3640 4826 ἀγητόν·

2077 4845 2344 4918 Σιλώμης
2378 4840 2423 4897 δ’
2457 4839 2705 4896 ἐκέδασσε
2735 4836 2893 4917 φίλον
2927 4840 3217 4910 θεοτερπέα
3244 4839 3395 4912 νηόν.

2076 4936 2152 4994 Οὐ
2177 4936 2278 5010 γὰρ
2313 4933 2608 5005 ὀϊζυροῖσιν
2643 4930 2895 5003 ὁμέστιος
2928 4924 3047 4983 ἔσκε
3081 4930 3379 5005 βροτοῖσιν,

2076 5027 2171 5084 Ἐκ
2201 5020 2257 5079 δὲ
2292 5021 2416 5097 βίης
2450 5019 2732 5091 ἐλάθοντο,
2759 5018 2921 5094 πόρεν
2957 5016 3014 5074 δέ
3044 5021 3068 5074 έ
3099 5017 3418 5097 ληϊστῆρσι,

2076 5203 2176 5260 Καὶ
2209 5203 2463 5281 σφέτερον
2497 5197 2734 5270 δηίοισιν
2764 5196 2912 5274 ἓλωρ
2945 5197 3232 5272 δωρήσατο
3262 5197 3491 5264 κάλλος.

2077 5291 2270 5353 Οὐκέτ’
2298 5290 2396 5366 ἄορ
2429 5288 2682 5369 λώφησεν
2714 5291 2796 5347 ἀεί
2822 5311 2984 5368 σφεας
3017 5289 3341 5367 έξεναρίζον·

2079 5474 2181 5538 Οίίς
2211 5475 2268 5531 δὲ
2297 5474 2424 5545 λίην
2455 5472 2710 5548 ἇγάπαζε,
2744 5469 2913 5549 φίλης
2943 5470 3197 5545 ἀπέσιψεν
3224 5471 3463 5549 ἀρωγῆς,

2080 5565 2286 5642 Οἷκτρᾶ
2317 5565 2412 5639 μὶν
2445 5564 2659 5636 ηίθέους
2688 5556 3044 5623 κατεϐόσκετο
3069 5561 3346 5617 θεσπέσιον
3378 5565 3505 5637 πῦρ,
