4120 6262
377 365 531 428 1431

379 500 611 565 Quanta
639 510 776 549 vero
808 487 1169 547 Immortalis
1198 484 1428 541 brachii
1457 488 1547 539 est
1577 485 1866 557 potentia,

377 593 629 646 Tantum
654 581 1104 640 interfectorum
1118 578 1338 649 injuste
1353 591 1556 631 curam
1571 574 1722 631 habe
1739 574 2022 630 ﬁliorum:

380 677 610 749 Septies
640 675 702 729 in
733 673 933 728 sinum
962 684 1187 740 repone
1220 681 1457 720 rursum
1487 665 1685 736 gravia
1721 663 1953 733 vicinis,

380 763 767 823 Contumelia:
799 777 916 832 qua
946 756 1452 830 exprobraverunt
1472 753 1834 808 immensum
1855 756 2026 807 tuum

1618 842 1953 911 (honorem.

380 949 495 1004 Nos
527 944 687 1001 enim
712 947 850 998 tuus
882 937 1154 1011 populus,
1202 937 1344 1002 Rex,
1398 937 1457 988 et
1494 931 1725 987 alumni
1756 946 2016 1003 pascua).

382 1039 495 1093 Pro
523 1030 922 1090 beneﬁcentia
953 1028 1082 1094 tibi,
1115 1029 1255 1095 Rex,
1290 1022 1660 1080 cantabimus
1692 1019 1952 1082 laudem,

383 1127 463 1181 De
494 1123 875 1197 generatione
906 1119 968 1173 in
997 1115 1443 1190 generationem
1472 1117 1637 1167 tuam
1664 1110 1913 1181 gloriam
1940 1125 2031 1164 ce-

1641 1200 1986 1272 [lebremus.

901 1322 1220 1380 PSALMUS
1261 1318 1510 1375 LXXIX.

383 1439 598 1510 Asaphi
621 1435 914 1510 prudentis
948 1431 1318 1510 testimonium
1345 1429 1671 1509 carminum,

462 1495 697 1581 03min:
746 1509 914 1581 bonus
958 1509 1037 1558 est
1079 1508 1269 1581 cantus
1299 1498 1532 1581 invicem
1560 1495 2028 1569 respondentium,

456 1571 637 1638 Nonus
664 1580 957 1649 septimam
988 1574 1269 1629 continens
1300 1571 1527 1626 decada.

382 1699 594 1771 Aspice
620 1697 980 1753 honoratum
1012 1707 1286 1765 pascens,
1319 1690 1515 1755 Beate,
1547 1686 1850 1751 Israelem,

383 1790 515 1861 Ipse
546 1787 649 1859 qui
678 1785 999 1856 Josephum
1031 1781 1254 1837 ducens
1285 1778 1446 1834 velut
1477 1793 1641 1833 ovem
1673 1792 1874 1849 auges.

1471 345 2113 411 INTERPRETATIO
2154 347 2245 411 IN
2289 349 2685 414 PSALTEM.

3633 350 3662 409 1
3675 349 3793 410 432

2056 488 2107 552 Α
2137 482 2308 555 Ὀσση
2342 482 2389 542 δ’
2419 484 2738 542 Ἀθανάτοιο
2773 484 3070 561 βραχίονός
3103 483 3243 540 ἐστιν
3278 482 3448 561 ἐρωή,

2128 570 2334 628 Τόσσον
2364 573 2750 653 άποφθιμένων
2780 573 2982 637 ἀδίκως
3011 571 3307 649 περικήδεο
3337 570 3569 628 παίδων⁸

2130 661 2385 728 Ἐπτάκις
2414 665 2467 726 ἐς
2494 664 2702 720 κόλπον
2740 663 2960 735 μετάθες
2986 661 3151 719 πάλιν
3185 663 3309 718 una
3341 661 3604 739 θυραίοις,

2128 746 2350 828 Ὕϐριος
2376 755 2443 822 ἧς
2473 754 2742 809 νείκεσσαν
2775 753 3090 830 ἀπειρεσίην
3123 754 3212 808 σέο
3242 755 3432 825 τιμήν.

2128 930 2320 1003 Ἡμεῖς
2349 930 2454 1007 γάρ
2474 952 2564 987 σεο
2595 930 2749 1006 λαὸς,
2782 932 2966 1004 Ἀναξ,
2997 932 3090 987 καὶ
3118 899 3406 1007 θρέμματα
3435 930 3624 1005 ποίης.

2130 1020 2266 1075 ’Λντ’
2295 1020 2606 1095 εὐεργεσίης
2636 1042 2743 1094 σοι,
2776 1023 2960 1095 Ἀναξ,
2990 1020 3378 1095 ἀναμέλψομεν
3409 1023 3578 1095 αἶνον,

2130 1109 2226 1163 Ἐκ
2253 1115 2439 1182 γενεῆς
2464 1107 2712 1186 γενεήνδε
2738 1111 2857 1165 τεὸν
2884 1110 3048 1173 κλέος
3076 1110 3434 1184 ὑμνήσαιμεν.

2732 1317 3032 1373 ΨΑΛΜΟΣ
3074 1317 3193 1373 ΟΘ’.

2135 1421 2636 1499 ῗ.ἑσάφου.πιγφτοὲ
2670 1424 2975 1499 μαρτυρίηγ
3004 1423 3116 1499 (72)
3145 1423 3376 1499 μελέων.

2130 1490 2344 1573 Ἐργὼν
2377 1490 2697 1573 ἐσθλὸςέφυ
2728 1490 3351 1573 ξεῶμᾳξάιὶειβόμὲνων»

2133 1560 2357 1627 Εῖίιάτος
2388 1560 2696 1640 ἐϐδομάτήν
2726 1560 3014 1642 ἀμφιέπων
3069 1560 3283 1626 δεκάδα.

2136 1683 2331 1757 Δέρκεο
2362 1686 2632 1757 τιμήεντα
2660 1686 2860 1761 νέμων,
2892 1689 3110 1763 Μάκαρ,
3148 1686 3455 1765 Ἰσραῆλον,

2133 1771 2307 1835 Αὐτὸς
2340 1771 2398 1835 ὅς
2431 1774 2699 1849 Ἰὠσηφον
2729 1773 2875 1850 άγων
2909 1778 2999 1832 ἅτε
3033 1778 3213 1850 μῆλον
3243 1779 3430 1850 ἀέξεις.

385 1878 760 1935 Manifestare
792 1874 937 1930 mihi
967 1870 1373 1929 conscendens
1404 1884 1582 1940 super
1611 1872 1867 1922 aeternos
1896 1868 2014 1919 tuos

2139 1860 2336 1917 Φαίνεό
2370 1883 2463 1936 μοι
2497 1859 2708 1939 βεϐαὼς
2745 1865 2876 1941 ὑπὲρ
2911 1867 3108 1945 ἄφθιτα
3139 1873 3253 1923 σεῖο
3285 1861 3579 1943 χερουϐίμ·

1651 1954 1983 2028 [cherubim
2013 1970 2026 2010 :

381 2062 590 2116 Coram
618 2054 1089 2128 Benjaminoque
1116 2055 1174 2107 et
1201 2049 1494 2121 Ephremo
1527 2053 1587 2103 et
1615 2048 1880 2101 Manasse
1906 2061 1919 2098 :

370 2153 554 2207 Tuam
581 2146 909 2221 potentiam
941 2142 1123 2209 eleva,
1157 2144 1217 2197 et
1245 2156 1353 2195 nos
1384 2138 1518 2193 veni
1551 2140 1918 2192 servaturus.

369 2239 563 2297 Facile
592 2251 913 2293 conversus
943 2248 1114 2288 voces
1146 2246 1383 2285 rursum
1416 2245 1554 2296 nos,
1588 2228 1821 2291 Pastor,

372 2331 517 2385 Vitas
547 2344 681 2383 vero
711 2330 928 2381 nostras
960 2322 1285 2395 praamittas
1313 2318 1394 2374 tui
1428 2318 1635 2372 lumen
1669 2314 1884 2369 vultus.

372 2419 620 2476 Domine
650 2416 845 2472 omnis
875 2412 1125 2477 roboris,
1162 2415 1283 2465 Rex
1313 2408 1568 2464 maxime
1605 2405 1898 2471 omnium,

373 2509 549 2576 Audi,
582 2510 779 2573 Beate,
812 2518 1123 2575 quousque
1153 2497 1513 2570 supplicanti
1558 2494 1837 2551 irasceris
1861 2492 1888 2547 ‘I

380 2600 603 2653 Panem
632 2595 1035 2665 lacrymosum
1061 2586 1372 2644 commode
1399 2585 1572 2640 nobis
1603 2584 1900 2655 prmbens,

379 2691 452 2742 Et
478 2690 682 2759 potum
715 2681 968 2751 metiens
1004 2678 1312 2734 doloribus
1352 2676 1600 2748 plenum
1644 2690 1746 2727 nos
1796 2675 2027 2744 potans.

384 2781 498 2835 Nos
531 2775 792 2832 inimicis
822 2788 957 2829 cum
987 2769 1129 2826 viris
1153 2768 1419 2841 jurgium
1451 2763 1688 2834 dedisti,

382 2870 454 2924 Et
481 2867 853 2939 frequentem
885 2860 1207 2918 exhibuisti
1236 2857 1386 2913 meis
1416 2854 1685 2911 hostibus
1714 2853 1922 2907 risum.

384 2961 500 3016 Nos
530 2971 870 3022 conversus,
902 2953 1184 3007 virtutum
1216 2949 1390 3014 Deus,
1423 2945 1495 3001 ad
1527 2950 1584 2999 te
1614 2941 1868 3009 vocabis,

389 3138 534 3193 Vitae
545 3153 681 3191 vero
695 3138 914 3190 nostrae
929 3130 1342 3205 palpebrarum
1356 3133 1587 3183 tuarum
1605 3124 1807 3179 lumen
1817 3119 2032 3176 mittas.

388 3229 633 3283 Vineam
664 3226 735 3280 de
765 3226 1006 3296 Egypto
1039 3219 1393 3276 transtulisti
1425 3214 1718 3272 ﬂoridam.

386 3316 752 3372 Exscindens
782 3329 917 3369 vero
948 3309 1230 3385 plantasti
1258 3306 1478 3363 nobilis
1508 3308 1712 3377 gentes
1743 3306 1935 3356 terrae.

390 3411 544 3464 Ante
575 3421 712 3459 vero
743 3403 857 3475 ipsi
887 3401 1092 3474 longas
1112 3397 1446 3470 procedens
1466 3390 1861 3465 complanasti
1893 3388 2040 3443 vias!

389 3501 461 3555 Et
476 3492 997 3567 radicesplantasti
1009 3497 1086 3558 ,to
1096 3496 1214 3545 tam
1232 3504 1366 3543 vero
1384 3485 1784 3557 impleverunt
1798 3486 2038 3536 terram.

390 3591 618 3645 Montes
639 3583 881 3657 quidem
906 3579 1204 3647 umbrosis
1227 3575 1649 3649 operiebantur
1669 3569 1891 3627 inﬁniti
1916 3567 2043 3622 fru-

1705 3658 1967 3733 [ticibus,

391 3770 461 3822 Et
490 3764 651 3822 Beati
683 3763 892 3819 cedros
923 3760 1167 3817 arbusta
1196 3755 1473 3831 tegebant
1503 3767 1803 3825 proceras.

392 3860 583 3914 Terrae
604 3854 756 3911 rami
785 3846 1259 3908 extendebantur
1281 3861 1470 3917 usque
1501 3843 1576 3899 ad
1607 3842 2041 3896 infructuosum

1795 3931 2004 3999 [mare,

390 4040 460 4094 Et
487 4051 677 4107 usque
708 4032 785 4089 ad
808 4029 1061 4087 ﬂumina
1088 4025 1447 4100 propagines
1476 4020 1812 4077 exorientes
1842 4016 2045 4073 tende'

1743 4107 1930 4179 [bant.

388 4221 578 4285 Quare
608 4213 723 4287 ipsi
752 4213 947 4267 tutum
978 4205 1221 4274 vallum,
1254 4206 1394 4270 Rex,
1428 4198 1707 4256 manibus
1752 4195 2040 4252 evertistiu

388 4284 461 4364 Et
488 4284 682 4378 ipsam
711 4297 1081 4356 vindemiant
1107 4290 1663 4367 praetergredientes
1689 4287 1943 4343 viatores
1962 4284 1991 4341 ?

391 4401 574 4455 Ferus
605 4395 677 4451 de
709 4392 853 4448 silva
884 4388 1127 4443 veniens
1156 4383 1402 4440 vastavit
1432 4397 1595 4453 aper,

394 4490 462 4545 Et
474 4502 603 4543 eam
618 4500 651 4540 a
663 4497 835 4555 grege
848 4479 1176 4535 abhorrens
1190 4472 1619 4545 depascebatur
1630 4468 1903 4524 rabiosus
1918 4482 2039 4521 sus.

395 4579 520 4633 Dux
550 4576 833 4631 virtutum
863 4568 1011 4626 mihi
1040 4568 1347 4622 convertas
1377 4561 1603 4616 vultum
1631 4574 1645 4613 :

394 4672 475 4726 De
508 4667 655 4723 cmlo
687 4661 970 4720 extendas
997 4655 1307 4731 providum
1338 4651 1598 4719 oculum,

394 4760 468 4815 Ut
498 4755 642 4812 mihi
682 4750 930 4825 placidas
959 4748 1093 4805 vitis
1124 4745 1326 4801 viridis
1357 4757 1528 4798 sanes
1562 4738 1848 4804 dolorem,

391 4848 464 4901 Et
492 4830 622 4900 eam
653 4855 951 4915 prwpares
981 4837 1213 4909 erigens
1243 4829 1571 4889 commode.

390 4934 525 4990 Tum
556 4934 717 4989 enim
748 4930 1005 4986 dexteras
1036 4924 1291 4983 amabile
1319 4937 1467 4994 opus
1499 4923 1607 4974 est.

392 5022 661 5077 Hominis
682 5021 927 5075 charum
950 5017 1348 5085 ﬁlium,quem
1370 5012 1583 5067 fortem
1605 5009 1730 5081 ipse
1752 5006 2028 5062 statuisti.

393 5111 657 5166 Suil‘ossa
687 5109 807 5181 igni
838 5106 1045 5178 rapido
1076 5117 1502 5174 succensaque,

392 5200 497 5256 Tui
513 5214 649 5253 vero
671 5196 866 5251 vultus
890 5186 2032 5265 increpatione,Rex,summe,peribunt,

390 5381 534 5437 Tum
563 5393 742 5448 super
775 5375 960 5429 virum
983 5371 1224 5445 quidem
1255 5371 1510 5426 dexteraa
1537 5386 1753 5425 manus
1778 5373 1878 5422 tua
1909 5367 2032 5428 ﬂat,

385 5466 653 5525 Hominis
672 5464 916 5520 charum
940 5463 1156 5529 ﬁlium,
1173 5476 1350 5531 quem
1372 5459 1585 5514 fortem
1604 5460 1730 5530 ipse
1754 5455 2031 5512 statuisti.

467 5648 578 5716 (‘72)
609 5638 1174 5716 Maprupinv._Forte,
1208 5632 1501 5716 μαρτυρίη.
1534 5637 1684 5716 Enn.

462 5703 574 5790 (7δῄ
603 5703 920 5773 Καλὲσάεις.
950 5712 1142 5776 Forte,
1172 5703 1482 5772 καλέσσοις,
1513 5707 1604 5761 vel
1634 5706 1854 5778 potius,

2133 2041 2297 2096 ’Δντα
2322 2040 2648 2114 Βενιαμίνου
2678 2062 2737 2096 τε
2760 2043 2850 2099 καὶ
2882 2044 3157 2122 Ἐφρέμου
3187 2042 3288 2116 ἠδὲ
3318 2047 3635 2120 Μανασσοῢ,

2136 2134 2258 2182 Σεῖν
2297 2129 2419 2204 βίην
2451 2128 2687 2206 ἀνάειρε,
2717 2131 2806 2187 καὶ
2837 2134 3014 2206 ἡμέας
3046 2133 3172 2189 ἐλθὲ
3202 2136 3450 2193 σαώσων.

2132 2218 2281 2293 Ῥεῖα
2312 2221 2726 2294 μεταστρεφθεὶς
2756 2218 2976 2285 καλέοις
3005 2222 3170 2279 πάλιν
3198 2225 3395 2297 ἡμέας,
3428 2225 3648 2295 Ἐσσήν,

2135 2310 2259 2381 Ζωῇ
2294 2303 2338 2361 δ’
2367 2308 2611 2384 ἡμετέρῃ
2644 2310 2846 2381 προέης
2879 2313 2968 2365 σέο
3001 2312 3200 2389 φέγγος
3237 2311 3495 2383 ὀπωπῆς.

2136 2392 2361 2468 Κοίρανε
2392 2395 2655 2450 παντοίου
2686 2398 2894 2461 σθένεος
2929 2399 3283 2476 βασιλεύτατε
3310 2400 3546 2470 πάντων,

2135 2480 2327 2551 Κλῦθι,
2360 2483 2575 2558 Μάκαρ·
2607 2486 2699 2540 τέο
2731 2487 2899 2562 μέχρι
2931 2487 3278 2563 λιταζομένῳ
3309 2488 3658 2564 χαλεπαίνεις
3684 2515 3699 2559 ;

2134 2572 2333 2645 ’Ἄρτον
2367 2568 2693 2648 δακρυόεντα
2719 2577 2855 2631 κατά
2882 2580 3049 2654 χρέος
3082 2577 3256 2653 ἄμμιν
3285 2579 3523 2652 ὀπάζων,

2136 2660 2236 2716 Καὶ
2271 2660 2425 2733 πόμα
2457 2664 2728 2738 μετρήσας
2763 2665 2943 2742 ἀχέων
2978 2664 3145 2723 πλέον
3180 2669 3332 2742 ἄμμε
3355 2669 3610 2739 ποτίζων.

2140 2749 2341 2822 Ἢμέας
2369 2746 2660 2809 ἀντιϐίοισι
2694 2758 2809 2828 μετ’
2840 2755 3064 2834 ἀνδράσι
3095 2764 3272 2821 νεῖκος
3302 2755 3526 2833 ἔδωκας,

2138 2838 2239 2893 Καὶ
2269 2841 2495 2895 πυκινὸν
2527 2840 2843 2918 προῦθηκας
2871 2846 3002 2921 ἐμεῦ
3030 2845 3095 2919 δη
3108 2847 3231 2902 ίοισι
3261 2847 3491 2924 γέλωτα.

2135 2930 2322 3001 *Αμμε
2371 2932 2808 3004 μεταστρεφθεὶς,
2864 2935 3090 2991 σθενέων
3137 2937 3345 3010 Μάκαρ,
3394 2935 3468 2996 εἷς
3498 2935 3553 2989 σὲ
3581 2934 3786 2991 καλέσ-

3412 3025 3543 3097 [σεις
3577 3025 3713 3099 (73).

2140 3108 2265 3179 Ζωῇ
2300 3103 2347 3160 δ’
2369 3109 2611 3185 ἡμετέρῃ
2650 3109 2937 3191 βλεφάρων
2970 3112 3054 3168 σέο
3086 3114 3283 3188 φέγγος
3311 3110 3552 3175 ἷάλλοις.

2064 3233 2108 3301 C
2144 3194 2428 3301 Ϊρμπρλον
2468 3199 2767 3301 βίγύπτοιο
2803 3204 3094 3279 μετήγαγες
3121 3202 3511 3274 ἀνθεμόεσσαν,

2144 3283 2241 3341 Ἐκ
2271 3283 2327 3341 δὲ
2346 3289 2534 3361 ταμὼν
2567 3288 2852 3369 ἐφύτευσας
2883 3290 3148 3367 ἀγακλέος
3179 3289 3331 3355 ἔθνεα
3358 3292 3545 3366 γαίης.

2149 3373 2359 3450 Πρόσθε
2384 3373 2442 3432 δέ
2473 3378 2525 3433 οἱ
2553 3379 2751 3442 ταναᾶς
2776 3379 3075 3457 προμολὼν
3108 3377 3326 3452 λείηνας
3358 3378 3652 3456 ἀταρποὺς,

2148 3465 2255 3520 Καὶ
2286 3464 2434 3543 ῥίζας
2467 3467 2774 3546 ἐφύτευσας,
2804 3469 2945 3540 ὅλην
2978 3467 3023 3526 δ’
3049 3468 3290 3542 ἔπλησαν
3324 3470 3580 3546 ἄρουραν.

2148 3549 2319 3630 Οὔρεα
2352 3557 2447 3629 μὲν
2479 3565 2714 3634 σκιεροῖς
2769 3558 3102 3617 ἐκαλύπτετο
3138 3558 3302 3634 μυρία
3331 3558 3578 3633 θάμνοις,

2149 3735 2251 3792 Καὶ
2283 3736 2543 3812 Μακαρος
2569 3735 2794 3813 κέδρους
2823 3736 3207 3816 ἀναδενδράδες
3236 3737 3455 3794 ἔσκεπον
3489 3735 3676 3814 ἄκρας.

2150 3827 2257 3894 Γῆς
2287 3824 2513 3902 πτόρθοι
2542 3829 2796 3884 τανύοντο
2830 3825 2902 3884 δι’
2932 3829 3243 3905 ἀτρυγέτοιο
3274 3825 3572 3899 θαλάσσης,

2149 4007 2251 4061 Και
2283 4010 2546 4079 ποταμῶν
2575 4003 2812 4082 ὅρπηκες
2844 4007 3265 4081 ὑπερτέλλοντες
3292 4004 3522 4064 ἔϐαινον.

2146 4187 2307 4243 Τίπτε
2337 4187 2389 4242 οἱ
2420 4185 2652 4261 ἀσφαλὲς
2684 4185 2864 4265 ἕρκος,
2893 4190 3082 4261 ’⁸Αναξ,
3118 4190 3356 4266 χείρεσσι
3385 4188 3651 4261 καθεῖλες,

2148 4278 2250 4334 Καί
2288 4299 2376 4351 μιν
2410 4279 2791 4354 ἀποτρυγόωσι
2820 4280 3281 4357 παραστείχοντες
3311 4276 3527 4347 ὁδῖταις

2148 4367 2329 4429 Δεινὸς
2355 4366 2462 4421 ἀπὸ
2492 4365 2725 4443 δρυμοῖο
2762 4368 2949 4443 μολὼν
2972 4370 3257 4443 λυμήνατο
3282 4367 3510 4444 κάπρος,

2148 4457 2246 4512 Καί
2278 4479 2368 4530 μιν
2403 4456 2739 4535 ἀτιμαγέλης
2768 4454 3125 4515 κατεὸόσκετο
3155 4458 3455 4521 λυσσαΛέος
3489 4463 3603 4521 σῦς.

2148 4547 2396 4622 ἹΙγητήρ
2429 4547 2655 4602 σθενέων
2693 4570 2787 4621 μοι
2809 4546 3181 4623 ἐπιστρέψειας
3215 4546 3469 4617 ὀπωπήν·

2068 4623 2115 4687 D
2146 4634 2449 4710 Οὐρανόθεν
2476 4634 2778 4706 τανύσειας,
2810 4635 2995 4705 ”Αναξ,
3028 4633 3435 4690 πανεπίσκοπον
3475 4632 3652 4710 ὄμμα,

2145 4725 2322 4797 Ὀωρα
2357 4744 2450 4797 μοι
2481 4723 2745 4797 ἡμερίδος
2777 4721 3023 4799 χλοερῆς
3051 4722 3231 4794 ίήσεαι
3262 4721 3452 4799 ἃλγος,

2039 4891 2043 4894 γ
2148 4812 2252 4870 Καί
2283 4833 2373 4886 μιν
2409 4813 2750 4885 ἐτοιμάσειας
2780 4814 3082 4883 ἀναστήσας
3113 4813 3249 4868 κατά
3290 4819 3509 4889 μοῖραν.

2148 4909 2259 4974 Σῆς
2289 4905 2391 4979 γάρ
2423 4901 2694 4978 δεξιτερῆς
2726 4903 3078 4981 πολυήρατον
3110 4902 3265 4981 ἔργον
3297 4904 3524 4980 ἐτύχθη.

2144 4995 2459 5068 Ἀνθρώπου
2490 4991 2648 5071 φίλον
2680 4994 2819 5064 υἱὸν,
2844 4994 2901 5050 ὅν
2931 4992 3164 5069 ἄλκιμον
3200 4995 3361 5058 αὐτὸς
3391 4996 3649 5071 ἀνέγνως.

2147 5084 2631 5164 Ἀμφισκαπομένη
2665 5085 2796 5160 πυρὶ
2827 5081 3019 5160 λάϐρῳ
3050 5085 3314 5159 καιομένη
3346 5107 3423 5157 τε,

2147 5180 2273 5231 Σεῖο
2305 5171 2351 5230 δ’
2382 5172 2613 5241 ὀπωπῆς
2634 5179 2745 5247 (74)
2766 5172 2991 5249 ἀπειλῇ,
3014 5175 3177 5246 ’Λναξ
3198 5176 3573 5251 πανυπέρτατ⁹,
3598 5172 3805 5232 ὀλοῦν-

3614 5288 3721 5325 ται.

2146 5365 2259 5428 Σῆς
2291 5357 2378 5413 ἐπὶ
2409 5358 2563 5436 φῶτά
2593 5378 2655 5432 γε
2686 5354 2958 5431 δεξιτερῆς
2989 5357 3111 5432 χεὶρ
3146 5361 3258 5411 σεῖο
3289 5358 3543 5432 γενέσθω,
3592 5270 3611 5341 [

2144 5449 2463 5524 Ἀνθρώπου
2495 5444 2654 5526 φίλον
2687 5448 2828 5520 υἱὸν,
2861 5449 2916 5503 ὅν
2946 5444 3180 5519 ἄλκιμον
3214 5444 3372 5508 αὐτὸς
3405 5440 3657 5521 ἀνέγνως

2142 5629 2454 5693 καλέσσαις.
2487 5635 2640 5688 EDIT.

2216 5705 2424 5775 (74-75)
2456 5707 2582 5761 Σεῖο
2614 5701 2661 5757 δ’
2690 5701 2946 5771 ὀπωπῆς.
2979 5704 3171 5773 Forte,
3206 5702 3317 5757 σεῖό
3350 5701 3396 5755 τ’
3427 5700 3518 5758 ὀπ.
3550 5703 3703 5758 Enn.
