4120 6262
379 380 404 439 Ι
420 379 539 441 433

374 512 568 589 Ἡμεῖς
602 511 651 569 δ’
689 514 957 585 ἀθανάτης
989 514 1394 589 ἀποπαυσόμεθ’
1426 512 1619 571 οὔποθ’
1651 513 1828 574 ὁδοῖο.

370 606 551 680 Τεῦχε
571 604 706 682 φάος
734 605 963 681 βιότοιο,
996 605 1369 678 λιταζομένων
1402 602 1447 659 δ’
1482 605 1836 669 ὑπακούσαις.

369 692 520 749 Ῥεῖα
550 693 967 772 μεταστρεφθεὶς
993 694 1242 756 καλέσεις
1271 694 1437 748 πάλιν
1473 693 1668 768 ἡμέας,
1701 696 1915 768 Ἐσσήν·

372 786 496 856 Ζωῇ
526 779 572 837 δ’
605 783 847 859 ἡμετέρῃ
880 782 1165 860 βλεφάρων
1198 780 1286 838 σέο
1318 782 1520 861 φέγγος
1554 782 1795 848 ῗάλλοις.

995 931 1289 986 ΨΑΛΜΟΣ
1330 928 1411 989 [Γ.

369 1052 887 1128 ’Λσάφουῄληναῖος
903 1050 1202 1128 ἀγακλήεις
1226 1052 1379 1128 πέλει
1405 1049 1594 1128 ὕμνος,

438 1124 737 1201 Ὀγδοάτης
768 1123 991 1188 δεκάδος
1020 1123 1248 1200 τερπνὸν
1270 1124 1399 1189 ἄκος
1433 1123 1663 1204 ιρορέων.

438 1243 655 1319 Χαίρετ’
687 1243 1000 1317 ἀλεξικάκῳ
1030 1245 1378 1321 περιθαρσέες
1404 1244 1515 1300 αἰὲν
1547 1246 1792 1301 Ἀνακτιο

370 1338 568 1402 Κῶμον
599 1328 859 1392 Ἰακώϐου
890 1331 1191 1408 ἀλαλάξατε
1220 1330 1601 1408 Παμόασιλῆι.

368 1418 607 1495 Ψαλμὸν
637 1419 914 1495 δεξάμεναι
948 1420 1171 1498 λιγυρὸν
1205 1420 1327 1480 δότε
1367 1422 1646 1498 τύμπανον
1679 1420 1807 1497 ἡδὺ,

366 1507 673 1567 Εύκέλαδον
705 1510 954 1585 κιθάρην,
991 1511 1124 1584 μετά
1152 1509 1210 1567 δὲ
1238 1511 1542 1588 ψαλτήριον
1574 1513 1715 1589 ἱρόνο

366 1599 553 1669 Μηνὸς
584 1599 998 1676 ἀπαρχομένοιο
1030 1599 1189 1679 φίλοι
1219 1600 1518 1657 σαλπίσατε
1547 1598 1761 1677 ἄνδρες,

361 1690 571 1760 ’Ήματι
598 1688 699 1761 τῷ,
730 1688 819 1743 ὅτε
842 1687 1052 1751 κάλλος
1082 1687 1372 1767 ἀριφραδές
1405 1688 1544 1745 ἐστιν
1586 1689 1800 1764 ἑορτῆς.

361 1777 590 1835 Κλεινὸν
624 1777 703 1832 ἀεὶ
736 1775 1030 1852 θέσπισμα,
1058 1775 1172 1834 τόδ’
1204 1776 1493 1855 Ἰσραῆλος
1524 1777 1731 1853 ἔδεκτο³

362 1864 621 1938 Εύδικίην
655 1866 931 1937 Βασιλῆος
959 1863 1244 1924 Ἰακώϐοιο
1272 1867 1590 1946 φυλάσσειν,

357 1958 467 2025 Τὴν
502 1957 597 2030 μὲν
631 1955 896 2034 ἰώσηφος
931 1953 1254 2031 παρεδέξατο
1284 1959 1530 2035 μάρτυρα
1561 1963 1798 2033 θεσμῶν,

361 2047 693 2123 Ἐρχόμενος
722 2047 784 2103 τὸ
814 2047 1069 2122 πάροιθεν
1098 2048 1189 2103 ἀπ’
1210 2046 1519 2122 Αἰγύπτοιο
1539 2048 1795 2121 πολήων,

358 2137 611 2193 Γλῶσσαν
642 2136 915 2213 ἀριζήλην
953 2136 1109 2209 ἀΐων,
1138 2140 1204 2209 ἧς
1231 2145 1354 2209 νῆϊς
1387 2139 1616 2215 ἐτύχθη.

364 2232 523 2283 Νῶτα
553 2225 893 2302 δυσηλεγέων
926 2227 1260 2283 ἀνεπαύσατο
1290 2225 1522 2305 φαίδιμα
1556 2230 1806 2305 μόχθων,

365 2319 409 2375 Ο
441 2317 567 2392 πρὶν
598 2314 957 2393 ὑποδρήσσων
992 2317 1143 2390 ὀλοῷ
1175 2318 1465 2392 παλάμῃσι
1495 2318 1723 2395 κοφίνῳ.

350 2408 428 2475 Δὴ
459 2407 584 2462 τότε
613 2410 733 2472 πῶς
765 2403 991 2482 βοάσκές
1018 2426 1032 2477 ;
1094 2407 1234 2481 Ἐγὼ
1294 2404 1351 2462 δέ
1401 2427 1487 2462 τοι
1518 2406 1693 2477 ἦλθον
1725 2407 2008 2485 ἀμύντωρ,

347 2494 478 2555 Οὐδ’
509 2491 694 2560 ἔλαθες
727 2498 961 2573 δνοφερῇ
1000 2519 1067 2571 με
1095 2493 1371 2572 καταιγίδι
1394 2498 1723 2571 κευθόμενος
1752 2502 1880 2573 πῦρ.

348 2591 482 2641 Σεῖο
510 2583 567 2641 δὲ
598 2584 858 2662 διψαλέου
889 2585 1100 2660 ἑλόμην
1131 2585 1222 2642 καὶ
1249 2584 1303 2642 ἐν
1337 2583 1490 2642 ὕδατι
1522 2592 1738 2661 πεῖραν.

350 2763 606 2836 Κέκλυθι,
638 2766 772 2830 λαὸς
800 2764 955 2840 ἐμὸς,
979 2763 1119 2837 λέξω
1152 2762 1209 2821 δέ
1237 2787 1324 2822 τοι
1355 2767 1550 2841 αἲσιμα
1584 2766 1801 2841 μύθοις⁶

352 2858 505 2927 Μήτι
533 2855 679 2930 ἐμῶν
711 2855 881 2911 ἐπέων
911 2854 1197 2927 ἐπιλήσεαι
1229 2856 1503 2933 Ἰσραῆλε,

349 2943 516 3009 Οὕτις
544 2966 628 3002 τοι
658 2946 779 3009 νέος
823 2943 996 3009 ἄλλος
1027 2942 1391 3021 ἀγειρομένων
1433 2946 1562 3009 Θεὸς
1589 2943 1760 3020 ἔσται,

350 3032 492 3093 Οὐδὲ
521 3035 648 3090 Θεὸν
682 3034 853 3106 ξεῖνον
885 3035 1282 3111 γουναζόμενος
1313 3033 1668 3099 λιτανεύσεις.

347 3124 522 3187 Αύτὸς
543 3124 645 3201 γὰρ
677 3123 806 3186 Θεός
837 3122 952 3197 εἶμι
984 3123 1130 3179 σέθεν
1161 3124 1252 3180 καὶ
1284 3124 1524 3201 ἀγήραος
1555 3125 1774 3195 Ἐσσήν,

347 3215 446 3276 Ὃς
478 3214 525 3267 σ¹
555 3212 766 3288 ἀνάγων
800 3211 1010 3269 ἐσάωσα
1054 3214 1144 3268 καὶ
1176 3212 1236 3270 ἐκ
1262 3211 1572 3277 Νειλωίδος
1604 3212 1749 3285 α’ίης.

344 3302 413 3360 Εἴ
443 3299 501 3358 δέ
530 3322 679 3365 τινος
712 3302 945 3378 χατέεις,
996 3301 1221 3358 τάνυσον
1272 3303 1472 3379 στόμα,
1501 3304 1592 3360 καὶ
1621 3302 1746 3360 τόδε
1775 3302 1997 3377 πλήσω.

342 3486 556 3556 Νήπιος
587 3485 870 3561 ἡμετέρων
899 3482 1068 3539 ἐπέων
1102 3482 1203 3538 ούκ
1230 3478 1390 3539 ἔκλυε
1419 3481 1573 3554 λαὸς,

341 3572 480 3631 Ούδέ
504 3574 558 3630 τί
592 3577 647 3649 μ’
678 3573 963 3651 Ἰσραῆλος
993 3568 1252 3630 ἐϐούλετο
1284 3574 1440 3648 φάεσι
1481 3571 1751 3630 λεύσσειν.

341 3662 582 3723 Τοῦνεκά
615 3686 705 3739 μιν
738 3664 985 3740 προέηκα
1015 3663 1125 3736 νόῳ
1156 3661 1466 3736 καταθύμια
1497 3662 1690 3739 ῥέζεινο

346 3752 657 3818 Νισσέσθων
691 3754 946 3831 σφετέρῃς
976 3751 1429 3830 ἀεσιφροσύνῃσιν
1463 3748 1685 3822 ὀπηδοί.

348 3844 414 3900 El
444 3843 547 3918 γὰρ
578 3841 719 3916 ἐμῆς
750 3844 995 3918 φθογγῆς
1023 3839 1343 3919 ἀποφώλιος
1371 3834 1532 3895 ἔκλυε
1562 3838 1713 3909 λαὸς,

350 3935 418 3990 El
449 3930 649 4009 δράμεν
680 3933 1031 4008 ἡμετέροισιν
1065 3930 1149 3987 ἐπ’
1182 3928 1385 4006 ἴχνεσιν
1412 3929 1722 4007 Ἰσραῆλος,

342 4020 447 4080 Καὶ
478 4020 565 4078 κέν
617 4022 670 4077 ο⁶ι
711 4016 986 4083 ἀντιϐίους
1024 4018 1233 4076 πέλασα
1277 4018 1437 4096 χθονὶ
1467 4018 1557 4075 καὶ
1589 4017 1722 4095 δίχα
1753 4021 2007 4113 μόχθουν

340 4203 440 4258 Καὶ
468 4202 530 4258 κέ
554 4222 645 4277 μιν
676 4199 1032 4276 ἐχθαίροντας
1059 4199 1167 4273 ἐμῇ
1198 4196 1369 4273 πάρος
1402 4196 1582 4256 ὣλεσα
1611 4201 1781 4277 χειρί.

340 4382 565 4458 Ἐχθροὶ
597 4377 959 4455 ἐπεψεύσαντο
993 4377 1382 4452 μεγασθενέτην
1414 4377 1683 4449 Βασιλῆα·

339 4474 460 4529 Τῶν
496 4468 553 4526 δὲ
579 4465 867 4540 διηνεκέως
904 4466 1091 4543 βιότου
1117 4465 1316 4544 τροφὸς
1347 4462 1554 4522 ἔσσεται
1586 4467 1727 4542 ὥρη,

340 4560 440 4616 Καὶ
473 4581 676 4638 σφισιν,
711 4555 1031 4624 Ἀθάνατος,
1064 4553 1309 4631 ζωαρκέα
1337 4555 1505 4630 πυρὸν
1548 4553 1778 4629 ἔδωκας,

338 4650 434 4705 Καὶ
473 4649 697 4724 μέλιτος
728 4647 995 4723 πέτρηθεν
1025 4644 1329 4721 ἀκηρασίου
1356 4644 1520 4721 κόρον
1554 4644 1752 4722 ἴσχειν.

926 4789 1234 4846 ΨΔΛΜΟΣ
1276 4788 1403 4845 HA'.

340 4922 563 4995 Πρῶτον
624 4914 708 4971 ἐπ’
766 4912 1006 4991 ὀγδοάτῃ
1067 4908 1292 4977 δεκάδος
1353 4913 1521 4988 μέλος
1576 4913 1771 5062 ἐσθλὸ[ν
1828 4915 1991 4975 Ἀσά-

1755 5009 1877 5062 (pou.

1755 5009 1877 5067 φοι).

330 5108 594 5181 Ἀφθιτος
626 5103 679 5160 ἰν
711 5100 954 5177 κλισίῃσι
986 5105 1122 5167 θεῶν
1153 5103 1558 5178 πανυπέρτατος
1590 5102 1739 5175 ἔστη·

328 5196 622 5265 οΕζόμενος
684 5190 732 5248 δ’
785 5191 886 5247 ἀνὰ
945 5192 1140 5265 μέσσον
1199 5193 1363 5264 "Avari
1426 5192 1723 5268 μακάρεσσι
1756 5192 1983 5265 δικάζει.

326 5286 513 5360 Μέχρι
541 5287 634 5339 τεῦ
665 5281 963 5358 ἀχράντοιο
996 5278 1154 5352 δίκης
1187 5280 1249 5336 ού
1278 5280 1486 5356 κρίνετε
1525 5282 1768 5357 θεσμοῖς,

322 5374 546 5443 ’Άζεσθε
575 5372 633 5427 δὲ
662 5370 929 5446 πρόσωπα
963 5367 1309 5448 ὑπερφιάλων
1343 5369 1639 5446 ἀλεγεινῶν
1670 5390 1685 5441 ;

319 5466 640 5538 Ὀρφανικοῦ
669 5460 758 5516 καὶ
796 5458 1054 5515 ἀκτεάνου
1084 5456 1342 5515 διαείσετε
1370 5454 1552 5535 ὕϐριν·

320 5554 498 5627 Δειλῷ
525 5554 572 5607 τ’
604 5548 703 5622 ἠδὲ
732 5550 921 5621 πένητι
953 5546 1109 5622 δίκης
1142 5549 1353 5606 ῗθύνατε
1383 5552 1635 5626 θεσμούς.

328 5642 615 5701 ’Δκτέανον
647 5640 873 5718 ῥύσασθε
903 5640 1220 5715 ἀμηχάνου,
1242 5638 1343 5711 ἠδὲ
1368 5643 1652 5718 πενιχρὸν,

331 5732 437 5791 Καί
471 5753 561 5805 μιν
593 5730 817 5803 ἀνιαρῆς
849 5726 1111 5801 παλάμῃς
1140 5728 1399 5804 άρπάξατ’
1435 5727 1686 5807 ἀλιτροῦ.

1476 381 1940 448 APOLINARII
1981 384 2227 450 EPISC.
2274 388 2690 452 LAODICENI

3631 391 3786 452 M34

2054 524 2111 589 Λ
2141 523 2256 578 Nos
2288 541 2420 580 vero
2452 522 2777 580 immortali
2809 520 3158 577 recedemus
3188 537 3497 594 nunquam
3527 522 3640 581 via.

2132 616 2245 671 Fac
2276 616 2478 671 lumen
2511 617 2661 685 vitae,
2692 613 3096 687 supplicantes
3126 628 3260 667 vero
3292 611 3595 673 exaudias.

2131 705 2325 760 Facile
2356 720 2673 761 conversus
2703 702 2938 759 vocabis
2967 718 3207 757 rursum
3237 718 3370 771 nos,
3403 704 3542 759 Rex.

2137 793 2276 849 Vitas
2287 810 2423 850 vero
2436 799 2654 850 nostras
2667 793 3087 865 palpebrarum
3100 796 3333 847 tuarum
3349 793 3546 849 lumen
3556 794 3777 851 mittas.

2672 937 2985 993 PSALMUS
3024 937 3243 992 LXXX.

2132 1061 2348 1132 Asaplu’
2372 1061 2665 1118 torcularis
2692 1060 2896 1116 nobilis
2924 1067 3001 1116 est
3032 1061 3303 1130 hymnus:

2202 1134 2417 1190 Octava:
2445 1134 2663 1189 decadis
2682 1133 2998 1203 jucundum
3032 1133 3330 1189 remedium
3357 1137 3559 1204 ferens.

2130 1250 2387 1307 Gaudete
2419 1250 2663 1307 salutari
2694 1250 2945 1306 ﬁdentes
2976 1266 3212 1321 semper
3241 1251 3403 1324 Regi,

2128 1342 2379 1396 Cautum
2405 1339 2603 1396 Jacobi
2625 1339 2878 1412 jubilate
2910 1339 3179 1394 omnium
3204 1339 3366 1413 Regi.

2126 1429 2429 1484 Psalmum
2443 1433 2746 1484 sumentes
2763 1443 3046 1483 sonorum
3060 1427 3196 1482 date
3210 1432 3558 1500 tympanum
3577 1442 3774 1496 suave,

2127 1520 2412 1576 Sonoram
2434 1519 2747 1587 citharam,
2763 1523 2971 1591 postea
2987 1534 3123 1573 vero
3140 1517 3491 1589 psalterium
3515 1534 3772 1573 sacrum.

2125 1610 2323 1667 Mense
2353 1610 2598 1667 ineunte
2629 1610 2793 1665 chari
2824 1609 3138 1665 buccinate
3167 1608 3297 1675 viri,

2126 1702 2249 1769 Die,
2282 1701 2519 1772 quando
2550 1699 2933 1774 pulchritudo
2964 1700 3251 1772 praeclara
3280 1704 3371 1755 est
3399 1699 3554 1755 festi.

2126 1790 2334 1846 Nobile
2369 1807 2605 1864 semper
2634 1807 2988 1863 responsum
3020 1790 3179 1861 quod
3209 1789 3391 1846 Israel
3418 1790 3697 1862 suscepit,

2046 1902 2094 1968 B
2124 1881 2423 1936 Justitiam
2454 1881 2610 1954 regis
2638 1881 2838 1936 Jacobi
2870 1879 3188 1946 custodire,

2121 1971 2412 2042 Iosephus
2445 1970 2683 2042 quidem
2715 1970 2956 2025 admisit
2985 1974 3195 2024 testem
3227 1969 3627 2036 sanctionum,

2118 2059 2445 2115 Discedens
2476 2064 2652 2115 antea
2680 2059 2752 2115 ab
2778 2059 3003 2132 Egypti
3034 2058 3305 2127 urbibus,

2119 2150 2402 2222 Linguam
2434 2149 2716 2205 disertam
2749 2148 2999 2204 audiens
3032 2147 3202 2218 cujus
3233 2147 3472 2219 ignarus
3504 2153 3651 2203 erat.

2118 2239 2303 2294 Dorsa
2332 2255 2367 2294 ει
2395 2238 2667 2311 gravibus
2695 2236 3045 2292 refocillavit
3074 2236 3253 2292 fortia
3283 2234 3608 2291 laboribus.

2117 2329 2308 2383 Antea
2337 2327 2598 2383 serviens
2628 2326 2966 2399 pernicioso
2999 2325 3275 2381 manibus
3306 2325 3586 2397 cophino.

2117 2418 2267 2474 Sane
2300 2423 2438 2472 tunc
2467 2416 2788 2483 clamabas,
2822 2432 2927 2486 ego
2956 2431 3092 2470 vero
3126 2414 3230 2469 tibi
3261 2415 3393 2471 veni
3424 2414 3658 2482 vindex,

2117 2508 2317 2579 Neque
2341 2506 2565 2562 latuisti
2589 2511 2717 2561 atra
2730 2521 2823 2560 me
2850 2509 3197 2576 tempestate
3214 2504 3518 2560 occultans
3541 2505 3761 2577 ignem.

2115 2598 2219 2652 Tui
2250 2613 2385 2652 vero
2413 2594 2704 2651 siticulosi
2737 2594 2867 2666 cepi
2916 2594 3096 2650 etiam
3144 2594 3208 2649 in
3256 2610 3412 2671 aqua
3455 2594 3762 2666 experien-

3467 2682 3657 2754 [tiam.

2114 2774 2291 2844 Audi,
2319 2773 2577 2846 populus
2607 2789 2795 2842 meus,
2824 2772 3018 2829 dicam
3048 2788 3184 2827 vero
3209 2772 3316 2827 tibi
3343 2787 3514 2842 aequa
3543 2770 3758 2825 verbis.

2114 2863 2241 2917 Non
2269 2860 2496 2932 aliquid
2521 2876 2788 2915 meorum
2810 2860 3121 2915 verborum
3144 2858 3532 2926 obliviscaris,
3556 2858 3761 2929 Israel,

2074 2950 2322 3006 ‘Nullus
2351 2949 2457 3004 tibi
2489 2965 2674 3004 novus
2706 2948 2857 3005 alius
2899 2949 3396 3020 interrogatorum
3443 2948 3595 3001 Deus
3625 2947 3758 3003 erit.

2112 3041 2313 3111 Neque
2345 3039 2527 3117 Deum
2560 3038 2939 3110 peregrinum
2976 3052 3132 3108 genu
3184 3036 3430 3092 flectens
3461 3035 3758 3105 adorabis,

2113 3128 2244 3199 Ipse
2275 3126 2436 3182 enim
2467 3128 2622 3182 Deus
2651 3142 2782 3182 sum
2813 3129 2949 3180 tuus
2980 3130 3038 3179 et
3067 3124 3421 3181 immortalis
3461 3127 3687 3193 Pastor,

2115 3217 2223 3283 Qui
2255 3222 2311 3271 te
2343 3215 2601 3271 educens
2633 3215 2853 3270 servavi
2885 3214 3064 3269 etiam
3095 3230 3165 3268 ex
3199 3213 3423 3269 Niliaca
3462 3219 3642 3271 terra.

2115 3303 2171 3361 Si
2205 3310 2401 3362 autem
2432 3304 2635 3377 aliqua
2662 3321 2725 3360 re
2758 3303 3010 3375 indiges,
3042 3302 3228 3359 dilata
3255 3320 3322 3359 os
3371 3308 3430 3358 et
3465 3303 3613 3359 illud
3643 3304 3758 3359 im-

3462 3392 3682 3466 [plebo.

2114 3485 2407 3558 Insipiens
2435 3489 2641 3541 nostra
2668 3482 2845 3539 verba
2880 3499 3001 3539 non
3030 3482 3256 3538 audivit
3283 3481 3563 3554 populus,

2111 3576 2312 3645 Neque
2344 3574 2487 3645 quid
2512 3590 2607 3629 me
2640 3572 2823 3629 Israel
2851 3572 3035 3627 voluit
3063 3571 3394 3627 luminibus
3421 3571 3712 3645 inspicere
3738 3593 3752 3642 ;

2110 3664 2316 3734 Itaque
2348 3679 2483 3719 eum
2514 3662 2714 3717 dimisi
2745 3662 2945 3717 animo
2971 3667 3136 3732 grata
3164 3660 3379 3715 facere.

2110 3754 2262 3809 Eant
2290 3752 2413 3808 suis
2444 3752 2713 3808 stultitiis
2743 3750 3160 3822 obsequentes.

2112 3842 2170 3897 Si
2199 3842 2360 3897 enim
2411 3858 2606 3897 meam
2655 3856 2855 3896 vocem
2904 3839 3156 3895 stolidus
3186 3838 3452 3895 audisset
3475 3838 3751 3911 populus,

2110 3932 2168 3986 Si
2200 3930 2560 3987 cucurrisset
2586 3930 2808 3986 nostris
2834 3929 2895 3983 in
2926 3928 3183 4000 vestigiis
3214 3928 3418 3998 Israel,

2109 4021 2299 4076 Etiam
2331 4021 2536 4092 utique
2579 4019 2633 4075 ei
2682 4019 2883 4075 hostes
2929 4017 3323 4074 admovissem
3372 4020 3543 4072 terra;
3571 4016 3749 4071 etiam

3366 4106 3495 4162 sine
3525 4105 3750 4174 labore,

2107 4203 2297 4259 Etiam
2326 4204 2533 4275 utique
2564 4202 2694 4275 ejus
2724 4217 2925 4257 oseres
2972 4216 3107 4256 mea
3152 4204 3327 4256 antea
3355 4197 3749 4270 perdidissem

3416 4292 3637 4355 [manu.

2103 4382 2336 4438 Inimici
2370 4381 2605 4437 mentiti
2637 4386 2777 4436 sunt
2801 4380 3028 4452 potenti
3058 4380 3221 4451 Regi.

2105 4472 2325 4528 Horum
2355 4486 2590 4542 semper
2616 4469 2747 4524 vitae
2776 4469 3054 4524 alumnus
3084 4468 3198 4523 erit
3222 4472 3477 4538 tempus,

2101 4563 2174 4616 Et
2201 4560 2367 4632 ipsis,
2399 4557 2783 4625 Immortalis,
2806 4556 2982 4612 vitale
3014 4556 3274 4611 triticum
3306 4553 3547 4620 dedisti,

2020 4659 2068 4723 Π
2099 4652 2169 4704 Et
2196 4649 2393 4706 mellis
2423 4648 2496 4704 de
2526 4653 2695 4721 petra
2722 4648 2855 4719 puri
2884 4646 3219 4702 satietatem
3250 4643 3491 4700 habere.

2622 4790 2945 4847 PSAIMUS
2984 4789 3220 4845 LXXXI.

2097 4924 2344 4978 Primum
2365 4935 2535 4991 supra
2565 4925 2812 4974 octavam
2841 4916 3096 4973 decadem
3126 4931 3343 4971 carnem
3385 4916 3585 5059 bon'un’zl
3602 4916 3741 4999 βεα-

3513 5005 3549 5059 p
3584 5006 3631 5045 ι.

3513 5005 3631 5059 pm.

2095 5112 2371 5166 Eternus
2401 5108 2462 5163 in
2492 5105 2766 5163 tentoriis
2795 5105 3043 5162 deorum
3077 5122 3346 5162 summus
3376 5106 3561 5175 stetit,

2096 5199 2318 5256 Sedens
2342 5214 2478 5253 vero
2510 5198 2572 5253 in
2602 5196 2797 5254 medio
2821 5200 2946 5252 Rex
2973 5196 3164 5252 beatis
3196 5196 3505 5268 dijudicat.

2094 5291 2409 5361 Usquequo
2440 5304 2601 5359 puras
2626 5286 2877 5358 justitim
2899 5302 3018 5341 non
3041 5286 3325 5358 judicatis
3354 5286 3585 5359 legibus
3606 5287 3633 5343 Ἰ

2092 5376 2467 5434 Veneramini
2497 5392 2631 5431 vero
2661 5374 2842 5429 facies
2872 5374 3263 5446 superborum
3301 5376 3690 5432 molestorum
3711 5377 3739 5432 ?

2089 5467 2306 5541 Pupilli
2332 5472 2393 5522 et
2421 5464 2589 5538 egeni
2622 5464 2991 5536 cognoscetis
3019 5464 3469 5535 contumeliam,

2087 5559 2418 5628 Miseroque
2447 5559 2506 5611 et
2534 5552 2778 5626 pauperi
2812 5552 3046 5626 dirigite
3075 5553 3256 5627 leges.

2085 5652 2346 5721 Egenum
2375 5643 2623 5699 liberate
2655 5642 2859 5714 inopia
2888 5647 2948 5698 et
2977 5660 3321 5715 pauperem,

2085 5738 2274 5807 Atque
2305 5734 2500 5806 ipsum
2532 5730 2744 5788 acerba
2764 5730 2835 5786 de
2857 5747 3039 5786 manu
3071 5731 3282 5802 eripite
3309 5730 3657 5802 peccatoris.
