4120 6262
1463 364 2120 435 INTERPRETATIO
2166 365 2246 429 IN
2290 364 2675 435 PSALTEM.

3624 359 3794 427 U36

366 508 574 566 Stolidi
604 524 725 563 non
757 505 1282 563 consideraverunt
1310 520 1446 561 cum
1473 503 1689 563 animis
1714 518 1908 574 neque
1930 500 1985 556 in

2136 498 2383 570 Νήπιοιί
2416 497 2479 555 οὐ
2512 498 2774 573 σκέψαντο
2808 495 2943 570 μετὰ
2973 494 3179 574 φρεσὶν,
3212 492 3327 550 οὐδ’
3357 492 3608 566 ἐνόησαν,

368 379 522 439 1435

1547 592 1946 663 [tellexerunt,

367 686 659 756 Quoniam
690 690 914 742 temere
945 684 1342 758 perniciosam
1386 682 1899 756 persequebantur
1922 695 2021 736 ca-

1733 771 2019 843 [liginem.

364 867 507 922 Inde
539 868 1023 921 commoveantur
1053 863 1233 919 totius
1264 862 1422 918 circa
1449 860 1705 916 fundum
1739 864 1928 914 terra).

362 958 495 1028 Ipse
526 955 684 1011 ultro
717 954 859 1022 dixi,
892 955 1053 1009 Beati
1087 958 1263 1009 antea
1290 967 1399 1006 nos
1429 966 1578 1018 esse,

364 1049 435 1099 Et
463 1043 617 1099 ﬁlios
648 1044 815 1112 Regis
839 1042 1058 1098 nobilis
1081 1039 1378 1098 altissimi.

440 1133 771 1187 Moriemini
786 1149 919 1186 vero
935 1131 1197 1187 occiduis
1215 1132 1277 1186 in
1296 1136 1633 1201 terramque
1647 1126 2020 1195 mortalibus,

366 1222 708 1277 Pernicioso
742 1222 1021 1279 cadentes
1052 1221 1281 1281 similes
1312 1220 1585 1293 principi.

369 1312 570 1383 Surge,
598 1312 868 1379 Domine,
901 1315 959 1365 et
988 1311 1133 1373 mihi
1166 1315 1337 1365 terra)
1370 1316 1483 1366 tum
1517 1309 1831 1381 disceptes,

368 1401 658 1469 Quoniam
690 1406 753 1457 tu
783 1399 1126 1459 hmreditate
1157 1398 1490 1471 possidehis
1521 1403 1725 1471 gentes
1757 1411 1984 1453 omnes.

876 1517 1005 1570 PSA
1017 1517 1197 1572 LMUS
1240 1515 1506 1572 LXXXII.

364 1636 585 1692 Octava
615 1636 834 1691 decadis
864 1634 1031 1690 etiam
1059 1635 1324 1691 secundus
1356 1635 1589 1704 hymnus
1619 1633 1859 1703 Asaphi.

363 1725 620 1791 1Eterne,
653 1723 787 1794 quis
820 1724 1027 1795 utique
1060 1723 1164 1778 tibi
1193 1722 1408 1777 similis
1435 1723 1548 1777 erit
1577 1720 1776 1776 alius?

364 1815 443 1868 Ne
474 1829 739 1883 unquam
771 1812 969 1879 sileas,
1007 1828 1202 1884 neque
1235 1812 1451 1867 animis
1481 1810 1737 1866 blandus
1770 1808 1871 1877 sis,

2131 674 2355 733 Οὕνεκεν
2390 671 2671 754 ἀφραδέως
2702 671 2871 746 ὀλοὴν
2909 670 3221 748 μετεκίαθον
3254 665 3487 751 ὄρφνην.

2131 857 2319 919 Ἔνθεν
2353 851 2715 931 ὄρινέσθωσαν
2747 849 2887 922 δλης
2914 851 3036 928 περὶ
3065 849 3312 924 πυθμένα
3338 849 3518 926 γαίης.

2130 945 2311 1007 Αύτὸς
2344 943 2480 999 έκὼν
2514 941 3044 1021 ἐφαμην,-Μάκαρος
3073 943 3245 1015 πάρος
3274 941 3452 1012 ἡμέας
3488 939 3640 1013 εἶναι,

2130 1035 2231 1089 Καὶ
2261 1030 2459 1096 παῖδας
2492 1030 2764 1103 Βασιλῆος
2798 1030 3066 1110 ἀγακλέος
3105 1029 3378 1107 ὑψίστοιο.

2131 1126 2398 1195 Θνήσκετε
2428 1122 2485 1179 δί
2516 1123 2828 1201 φθιμένοισι
2853 1120 2989 1179 κατὰ
3018 1121 3214 1197 χθονὸς
3242 1121 3334 1177 ἶσα
3378 1121 3678 1196 βροτοῖσιν,

2130 1213 2434 1289 ούλυμένῳ
2464 1213 2752 1277 πίπτοντες
2785 1213 3003 1288 ὁμοίιον
3032 1213 3292 1286 ἡγητῆρι.

2129 1306 2344 1379 ’Έγρεο,
2378 1298 2755 1377 Παμϐασιλεῦ,
2783 1303 2873 1359 καὶ
2910 1322 3002 1376 μοι
3035 1301 3193 1377 χθονί
3224 1304 3336 1355 σεῖο
3369 1297 3629 1373 δικάζοις,

2131 1392 2338 1451 Οὕνεκα
2368 1393 2430 1448 σὺ
2459 1390 2655 1468 κλήρῳ
2687 1390 3016 1451 κτεατίσσεαι
3049 1389 3201 1446 ἔθνεα
3230 1387 3423 1449 πάντα.

2720 1512 3030 1569 ΨΑΛΜΟΣ
3072 1515 3194 1566 IlB'.

2131 1629 2430 1710 Ὀγδοατης
2463 1627 2686 1693 δεκάδος
2715 1628 2805 1684 καὶ
2837 1625 3085 1703 δεύτερος
3118 1626 3287 1700 ὕμνος
3318 1627 3578 1701 Ἀσάφου.

2128 1724 2381 1798 νΑφθιτε,
2411 1721 2491 1784 τίς
2526 1719 2592 1793 δή
2623 1742 2707 1776 τοι
2741 1721 3075 1793 πανομοίιος
3106 1714 3311 1773 ἔσσεται
3357 1714 3569 1786 ἄλλοςς

2130 1813 2363 1883 Μήποτε
2396 1812 2645 1885 σιγήσῃς,
2684 1807 2825 1883 μηδὲ
2857 1807 3012 1885 φρεσὶ
3047 1807 3308 1882 μείλιχος
3341 1805 3479 1877 εἴης·

366 1902 653 1969 Quoniam
686 1906 923 1957 tuorum
956 1901 1162 1957 crebro
1194 1902 1453 1957 hostium
1503 1900 1774 1955 fremitus
1806 1898 1985 1953 excita

2131 1879 2335 1959 Οὕνεκα
2367 1879 2472 1954 σῶν
2504 1879 2757 1960 πύκινίίις
2779 1879 2949 1968 δηίων
2983 1879 3298 1973 ὀρυμαγδὸς
3332 1896 3513 1969 ἀέρθη.

1690 1988 1808 2060 [tus
1841 1991 1949 2044 est.

365 2080 471 2145 Qui
504 2097 637 2135 vero
674 2083 728 2134 te
759 2080 1033 2149 oderunt,
1068 2079 1359 2135 extollunt
1389 2079 1601 2151 capita,

365 2167 692 2223 Consilium
726 2169 1047 2225 machinati
1076 2173 1216 2224 sunt
1246 2172 1343 2224 tuo
1368 2168 1611 2223 noxium
1638 2165 1879 2239 populo,

369 2258 659 2314 Adversus
688 2275 823 2314 vero
881 2264 1013 2315 tuos
1071 2264 1306 2315 sanctos
1363 2257 1700 2339 perniciosa
1730 2253 2026 2327 excogita-

1734 2345 1917 2417 [runt.

370 2439 595 2507 Venite,
629 2438 781 2512 agite
813 2454 976 2504 sane,
1012 2437 1173 2492 chari
1204 2436 1331 2506 viri,
1366 2453 1480 2508 quo
1509 2439 1678 2509 pacto
1710 2435 1871 2507 ipsos
1897 2447 2028 2504 per-

1696 2523 1951 2597 [damus,

367 2619 594 2673 Nomen
625 2632 762 2670 vero
797 2615 1243 2686 exstinguamus
1274 2615 1346 2670 de
1379 2619 1536 2669 terra
1566 2612 1824 2667 Israelis.

371 2707 577 2761 Statim
610 2721 743 2760 vero
776 2709 1085 2778 surgentes
1112 2704 1301 2760 dolosi
1334 2703 1807 2775 exploraverunt,

361 2797 606 2853 Pactum
636 2794 1050 2866 inconspectu,
1088 2795 1283 2862 Beate,
1316 2798 1413 2848 tuo
1445 2791 1766 2848 commenti
1800 2793 1938 2846 sunt

363 2883 762 2939 Idumaeorum
794 2887 1020 2956 gentes,
1055 2886 1114 2937 et
1144 2881 1252 2937 ﬁlii
1285 2881 1573 2938 Ismaelis.

359 2973 460 3028 llis
487 2972 667 3033 simul
702 2972 965 3038 Moabus,
1000 2971 1360 3045 superbique
1391 2969 1667 3043 Agareni,

357 3064 680 3117 Ammones
708 3061 1053 3133 Gebalique,
1092 3066 1154 3116 et
1182 3061 1291 3116 ﬁlii
1323 3060 1652 3128 Amalechi,

356 3151 838 3225 Alienigenaeque
867 3152 1116 3207 marinis
1151 3151 1331 3206 simul
1363 3156 1670 3223 surgentes
1701 3147 1914 3223 Tyriis.

2132 2081 2194 2135 Οἱ
2227 2077 2283 2135 δέ
2314 2080 2362 2134 σ’
2390 2076 2813 2154 ἀπεχθαίροντες
2844 2077 3161 2151 ἀερτάζουσι
3201 2074 3433 2151 κάρηνα,

2132 2173 2308 2236 Μῆτιν
2344 2168 2691 2239 έτεκτήναντο
2722 2171 2828 2239 τεῷ
2856 2163 3153 2240 δηλήμονα
3183 2163 3325 2237 λαῷ,

2134 2259 2303 2337 Ἀμφὶ
2336 2256 2393 2314 δὲ
2424 2261 2530 2313 σῶν
2565 2256 2727 2313 ὁσίων
2763 2254 3015 2337 ὀλοφωία
3049 2253 3401 2330 μητίσσαντο.

2133 2439 2283 2495 Δεῦτ⁹
2313 2436 2410 2516 ἄγε
2441 2435 2531 2507 δὴ,
2565 2433 2718 2508 φίλοι
2757 2432 2968 2511 ἄνδρες,
3018 2433 3170 2499 ὅπως
3216 2434 3381 2513 σφέας
3424 2432 3784 2511 ἐξολέσωμεν,

2132 2614 2353 2691 Οῧνομα
2385 2614 2443 2672 δὲ
2473 2611 2783 2688 σϐέσσωμεν
2819 2613 2924 2669 ἀπὸ
2955 2614 3157 2690 χθονὸς
3189 2613 3502 2690 Ἰσραήλου.

2131 2707 2338 2765 Αὐτίκα
2359 2704 2403 2760 δ’
2436 2705 2728 2782 έγρόμενοι
2757 2705 3147 2780 κακομήχανοι
3182 2702 3489 2778 ἐσκέψαντο·

2136 2794 2429 2867 Συνθεσίην
2457 2796 2768 2868 κατέναντα,
2802 2792 3016 2869 Μάκαρ,
3049 2794 3138 2848 σέο
3169 2795 3498 2869 τεχνήσαντο

2133 2884 2459 2960 Ἰδουμαίων
2489 2882 2633 2964 φῦλα
2661 2885 2749 2939 καὶ
2779 2883 2919 2946 υἱέες
2951 2884 3271 2957 Ἰσμαήλου.

2135 2978 2324 3034 Τοῖσιν
2351 2975 2493 3047 ὁμοῦ
2519 2967 2754 3036 Μωᾶϐος
2792 2970 3120 3051 ὑπερφίαλοι
3145 2977 3195 3027 τ’
3225 2968 3536 3045 Ἀγαρηνοὶ,

2134 3066 2428 3138 ’Δμμῶνες
2456 3057 2689 3118 Γέϐαλοί
2715 3082 2772 3117 τε
2801 3061 2889 3117 καὶ
2924 3063 3061 3122 υἱέες
3093 3058 3440 3134 Ἀμαληχου,

2134 3149 2479 3208 Ἀλλοδαποί
2511 3151 2559 3217 θ’
2590 3151 2827 3207 ἁλίοισιν
2858 3150 2955 3224 ἅμ’
2983 3148 3266 3224 ἐγρομενοι
3305 3146 3600 3221 Τυρίοισιν.

358 3242 559 3313 Neque
591 3240 833 3313 quidem
867 3240 1243 3313 Assyriorum
1284 3239 1736 3312 relinquebatur
1764 3236 1985 3309 populu

2133 3239 2274 3302 Οὐδὲ
2306 3242 2400 3317 μὲν
2423 3240 2725 3318 ’Δσσυρίων
2755 3238 3071 3297 ἀπελείπετο
3103 3235 3278 3312 δῆμος
3308 3235 3568 3311 ἀπείρων,

1630 3327 1947 3397 ﬁnﬁnﬁum

355 3415 467 3472 Sed
496 3417 708 3472 armati
738 3424 1031 3477 venerunt
1061 3418 1243 3473 duces
1276 3417 1415 3475 ﬁliis
1446 3416 1591 3472 Loti.

353 3506 465 3560 Fac
495 3510 560 3559 ut
589 3505 797 3561 Sisara:
826 3506 1021 3562 fecisti
1053 3505 1377 3579 aliquando
1410 3510 1469 3560 et
1496 3504 1767 3571 Mediam,

355 3595 473 3648 Aut
502 3593 565 3648 in
597 3594 849 3651 hiberno
882 3595 1181 3651 Cissorum
1214 3595 1464 3650 flumine
1494 3592 1740 3658 Jahinis,

360 3683 468 3748 Qui
493 3688 668 3739 antea
698 3685 759 3739 in
791 3685 1029 3740 Aendor
1058 3684 1265 3740 domiti
1299 3689 1439 3739 sunt
1463 3683 1621 3756 gravi
1652 3681 1876 3747 labore,

361 3772 734 3844 Stercorique
766 3778 1171 3845 apparuerunt
1202 3771 1428 3828 similes
1460 3788 1638 3842 super
1668 3775 1912 3836 terram,

360 3859 522 3914 Sicut
541 3860 753 3931 pulvis,
780 3878 958 3932 quem
982 3861 1094 3916 cito
1118 3878 1225 3934 per
1247 3866 1465 3916 terram
1487 3858 1770 3935 propellit
1791 3860 2017 3912 ventus.

358 3950 580 4005 Horum
614 3951 936 4023 principes,
971 3953 1111 4020 Rex,
1143 3966 1395 4017 summe,
1427 3948 1608 4004 facies

358 4038 573 4108 Orebo,
607 4039 778 4108 Zebo,
809 4040 1017 4107 Zebeo,
1051 4046 1108 4094 et
1136 4040 1412 4095 Salmano
1444 4053 1641 4109 pares,

358 4129 582 4183 Omnes
616 4129 716 4199 qui
747 4134 885 4183 sunt
920 4145 1053 4183 cum
1083 4129 1228 4200 ipsis
1260 4127 1462 4193 duces,

358 4217 465 4282 Qui
496 4222 671 4273 antea
704 4234 916 4289 capere
959 4218 1365 4290 cogitaverunt
1406 4215 1508 4270 Dei
1558 4213 1905 4287 perelegans
1937 4211 2024 4268 al-

1785 4303 1954 4375 [tare.

367 4394 538 4449 Velut
568 4399 758 4450 rotam
790 4399 1055 4464 cunctos,
1089 4397 1229 4462 Rex,
1264 4394 1581 4450 rotundam
1612 4392 1866 4459 dederis,

364 4482 480 4537 Aut
510 4483 669 4539 velut
700 4484 928 4540 aridam
960 4484 1239 4557 stipulam
1273 4500 1341 4539 ex
1381 4484 1623 4538 adverso
1653 4480 1953 4554 procellae,

360 4576 476 4627 Aut
503 4572 623 4644 igni
657 4572 1001 4645 depascenti
1034 4574 1094 4627 in
1128 4573 1445 4645 paludibus
1469 4572 1691 4627 crebris
1723 4571 1903 4625 etiam
1931 4567 2029 4624 sil-

1771 4659 1922 4730 [vam
1932 4700 1945 4726 ,

362 4752 479 4804 Aut
514 4750 769 4806 ﬂammae
798 4750 1107 4810 friatilium
1137 4750 1431 4807 montium
1464 4750 1791 4807 concitatae.

362 4838 474 4905 Sic,
514 4839 708 4907 Beate,
742 4839 914 4894 valde
944 4841 1050 4895 hos
1082 4841 1343 4911 procella
1377 4845 1474 4895 tua
1504 4836 1902 4911 persequaris,

364 4927 582 4981 Furore
615 4927 903 4983 indomito
935 4934 992 4984 et
1023 4930 1249 4984 crudeli
1283 4946 1491 4984 omnes
1523 4933 1936 4984 consternans.

366 5016 698 5083 Ignominia
728 5018 902 5072 simul
936 5019 1211 5074 omnibus
1242 5019 1493 5090 impleas
1520 5019 1743 5086 oculos,

368 5103 440 5155 Ut
469 5103 887 5160 erubescentes
920 5113 1086 5162 tuum
1116 5125 1332 5164 nomen
1367 5114 1655 5180 quaerant.

362 5190 653 5257 Perpetuo
685 5193 908 5249 odiosis
939 5197 1312 5252 concitentur
1341 5198 1893 5271 redargutionibus;

363 5273 628 5330 Dedecus
660 5288 909 5350 occupet
932 5300 1159 5353 omnes,
1187 5286 1363 5340 simul
1389 5303 1522 5342 vero
1547 5295 1795 5359 pereant
1823 5306 2024 5346 amen-

1824 5379 1947 5449 [tia.

366 5449 735 5536 Qognoscant
755 5464 1072 5522 pereuntes
1096 5462 1272 5517 corde
1292 5466 1457 5519 tuum
1478 5481 1699 5521 nomen
1731 5467 2019 5536 divinum,

370 5534 660 5595 Quoniam
693 5540 852 5597 solus
884 5544 945 5601 in
978 5553 1135 5605 terra
1165 5550 1440 5608 universa
1471 5554 1797 5611 altissimus
1829 5574 1910 5613 es.

439 5673 548 5748 (76)
583 5679 768 5752 Δοίης.
802 5686 994 5762 Forte,
1026 5688 1198 5762 θείης.
1232 5694 1381 5751 EDn'.

2128 3418 2286 3479 Ἀλλ’
2320 3412 2785 3495 έπιθωρηχθέντες
2816 3413 2940 3473 ἔϐαν
2972 3417 3181 3493 πρόμοι
3212 3415 3349 3469 υἱέσι
3379 3416 3568 3469 Λώτου

2127 3509 2317 3586 Ἐρξον
2348 3510 2497 3572 ὅπως
2532 3510 2738 3584 Σισάρᾳ
2764 3505 2988 3569 τέλεσάς
3018 3526 3151 3563 ποτε
3191 3504 3281 3560 καὶ
3316 3500 3602 3578 Μαδιάμῃ,

2127 3601 2200 3656 Ἥ
2233 3599 2368 3673 μετᾶ
2397 3600 2681 3675 χειμέριον
2715 3601 2927 3655 Κισσῶν
2955 3596 3079 3673 ῥόον
3115 3593 3422 3650 Ἰαϐίνοισιν

2129 3690 2198 3747 Οἳ
2229 3688 2356 3765 πρὶν
2391 3688 2442 3743 έν
2475 3686 2737 3763 Ἀενδῶρι
2770 3685 2936 3760 δάμεν
2974 3686 3325 3762 βαρυπήμονι
3358 3682 3572 3758 μόχθῳ,

2127 3778 2331 3853 Κόπρῳ
2360 3779 2408 3832 τ’
2439 3776 2766 3857 ἐξεφάνησαν
2800 3775 3042 3852 ἀλίγκιοι
3083 3775 3244 3849 ὑψόθι
3274 3773 3457 3850 γαίης,

2131 3870 2237 3926 Οἷα
2265 3866 2433 3940 κόνις,
2464 3868 2562 3936 τὴν
2598 3864 2712 3921 ὦκα
2743 3864 2831 3922 διὰ
2864 3865 3065 3941 χθονὸς
3094 3863 3257 3935 ﬁlio”
3287 3863 3481 3934 ἀήτης.

2132 3958 2258 4013 Τῶν
2291 3953 2350 4011 δὲ
2377 3963 2791 4033 καθηγητῆρας,
2828 3955 2992 4025 Ἀναξ
3023 3954 3413 4029 πανυπέρτατε,
3442 3950 3644 4025 τεύξεις

2131 4041 2374 4119 Ὠρή6ῳ,
2402 4041 2567 4117 Ζήϐῳ
2596 4039 2775 4117 Ζεϐέῳ
2796 4043 2885 4099 καὶ
2919 4042 3195 4117 Σαλμάνῳ
3225 4041 3396 4111 ἴσους,

2138 4135 2347 4196 Ιίόίντας
2378 4133 2500 4189 ὅσοι
2530 4132 2811 4198 τελέθουσι
2846 4132 2979 4207 μετᾶ
3010 4131 3185 4210 σφίσιν
3219 4133 3551 4206 ἡγεμονῆες

2132 4221 2200 4281 Ο’ί
2228 4223 2354 4298 πρὶν
2389 4222 2533 4279 έλεῖν
2566 4222 2826 4296 σκέψαντο
2858 4225 2993 4277 Θεοῦ
3024 4219 3361 4296 περικαλλέα
3394 4219 3606 4295 βωμόν.

2133 4403 2237 4460 Οἴα
2265 4402 2468 4478 τροχὸν
2494 4400 2830 4475 σύμπαντας,
2862 4399 3044 4472 Ἀναξ,
3070 4400 3337 4474 περιηγέα
3367 4395 3523 4469 δοίης
3550 4399 3681 4473 (76),

2133 4492 2202 4548 Ἢ
2233 4493 2325 4546 ἅτε
2354 4492 2706 4567 καρφομένην
2736 4488 2993 4563 καλάμην
3026 4484 3304 4542 κατέναντι
3345 4484 3611 4558 θυέλλης,

2133 4582 2204 4638 ’Ἢ
2237 4580 2367 4657 πυρὶ
2402 4579 2722 4657 βοσκομένῳ
2750 4578 2888 4634 κατά
2916 4579 3074 4633 πίσεα
3104 4575 3279 4630 πυκνὰ
3307 4576 3394 4631 καὶ
3427 4574 3590 4648 ὕλην,

2130 4748 2202 4816 ’Ἡ
2237 4759 2404 4837 φλογὶ
2436 4754 2758 4834 καρφαλέων
2794 4755 2965 4830 ὀρέων
3004 4753 3474 4829 ὑπερορμηθείσῃ.

2130 4845 2278 4920 Ὧδε,
2322 4848 2536 4922 Μάκαρ,
2576 4843 2722 4918 μάλα
2751 4841 2944 4898 τούσδε
2971 4841 3247 4919 καταιγίδι
3279 4849 3395 4898 σεῖο
3438 4842 3686 4914 διώκοις,

2132 4943 2301 5011 Θυμῷ
2329 4937 2691 5012 ἀμαιμακέτῳ
2721 4936 2811 4991 καὶ
2843 4934 3042 5007 ἀπηνέϊ
3070 4934 3267 4997 πάντας
3296 4935 3522 5005 ἀτύζων.

2128 5026 2414 5102 Λῖσχύνης
2446 5027 2559 5099 ἅμα
2588 5030 2731 5080 πᾶσα
2758 5022 3155 5095 περιπλήσειας
3185 5024 3434 5094 ὀπωπάς,

2130 5120 2308 5197 Ὀφρα
2338 5139 2426 5173 κεν
2460 5115 2768 5192 αίδόμενων
2798 5118 2917 5173 τεὸν
2953 5114 3167 5190 οὕνομα
3205 5117 3572 5190 μαστεύσειαν.

2128 5205 2449 5281 Νωλεμέως
2480 5212 2813 5282 στυγεροῖσω
2841 5203 3199 5278 ὀρινέσθωσαν
3232 5204 3485 5283 ἐλέγχοις

2132 5298 2348 5371 Μῶμος
2381 5294 2501 5352 ἓλοι
2535 5296 2868 5369 σύμπαντας,
2905 5297 3046 5371 ὁμοῦ
3078 5293 3122 5350 δ’
3155 5293 3440 5351 ἀπολοίατ’
3468 5292 3645 5368 ἀνοίῃ.

2130 5480 2314 5531 Γνοῖεν
2346 5473 2732 5549 ἀπολλύμενοι
2762 5472 2960 5552 κραδίῃ
2988 5474 3106 5530 τεὸν
3140 5471 3349 5546 οὕνομα
3378 5479 3543 5545 θεῖον,

2133 5561 2338 5621 Οὕνεκα
2372 5568 2572 5638 μοῦνος
2602 5563 2685 5619 ἐπ’
2718 5564 2835 5621 αἶαν
2869 5561 3010 5634 ὅλην
3041 5562 3267 5638 ὕψιστος
3286 5562 3545 5638 ὲτύχθης.
