4066 6268
239 347 395 409 1449

866 485 1161 539 “mox.
1193 480 1263 557 η’.

234 573 393 632 Αἶνον
423 569 771 646 ἀγακλήεντα
804 570 968 645 μέγας
1001 568 1230 632 Δαυῖδος
1258 567 1466 644 έμελψε

311 658 684 734 Καλλιχόρων
720 657 934 732 μελέων
977 659 1054 722 είς
1089 658 1282 730 ἐνάτην
1316 657 1535 716 δεκάδα.

240 755 490 828 ,ιΑφθιτε,
523 748 784 804 ναιετάων
821 747 1129 824 ὑψαύχενος
1173 749 1345 823 ἄλκαρ
1379 750 1620 824 ἀρωγῆς,

241 839 328 897 Ἐν
363 839 557 894 σκέπαῖ
587 839 858 902 Βασιλῆος
892 839 1244 912 ἐπουρανίοιο
1287 837 1478 909 διάξει.

242 929 467 1003 Ἐξερέει
505 927 762 997 Βασιλῆι·
797 927 898 998 Βίη
922 927 1014 982 καὶ
1049 928 1254 1004 πύργος
1285 928 1547 1002 ἐτύχθης,

243 1020 342 1072 Καὶ
375 1017 503 1080 Θεὸς
537 1015 683 1091 ἄμμι
713 1013 921 1085 πέλεις,
975 1017 1065 1072 καὶ
1107 1015 1356 1090 ὀιοίδιμος
1388 1016 1546 1081 ἐλπὶς
1577 1018 1821 1092 ἀρωγῆς·

245 1108 425 1169 Αὐτὸς
456 1105 572 1162 ἐπεὶ
606 1105 829 1182 ῥύσαιτο
863 1103 1040 1161 λίνοιό
1076 1128 1142 1180 με
1187 1108 1543 1180 θηρητήρων,

246 1195 437 1252 Μύθου
461 1197 507 1250 τ’
537 1191 794 1258 ἀσταθέΟς
823 1202 1071 1271 ταραχῆς
1101 1196 1576 1271 περιπεπτηῶτος.

245 1286 420 1347 Αὐτὸς
449 1287 612 1357 Ἀναξ
645 1289 844 1361 σκιερῷ
887 1307 945 1340 σε
977 1287 1292 1364 μεταφρένῳ
1323 1284 1716 1364 ἀμφικαλύψει.

242 1372 477 1430 Ἐλπίδα
511 1375 608 1443 σὴν
641 1373 992 1449 πτερύγεσσιν
1030 1375 1113 1429 ὑπ’
1147 1373 1461 1439 ἀθανάτοισι
1495 1371 1759 1434 δοκεύοις·

263 1465 419 1537 Δμφὶ
452 1461 496 1517 δ’
528 1463 758 1534 ἀληθείᾳ
788 1463 1077 1538 θωρήξειεν
1112 1464 1200 1518 οἷά
1227 1483 1326 1536 περ
1359 1460 1540 1534 ὅπλῳ.

244 1550 457 1610 Οὕποτέ
490 1572 584 1624 μοι
608 1552 784 1626 νυχίῳ
815 1551 940 1627 περὶ
971 1549 1189 1625 δείματι
1223 1549 1561 1624 δειμήνειας,

243 1640 383 1700 Οὐδὲ
417 1643 756 1716 μεθημέριον
789 1637 1069 1714 πταμένου
1097 1639 1356 1716 ῥοιζηδὸν
1399 1640 1610 1706 ὀϊστου,

245 1727 372 1788 Οὐδ’
408 1723 840 1802 ὑπονισσομένου
871 1729 1120 1791 σκοτίους
1177 1729 1300 1804 περὶ
1331 1724 1608 1800 πυθμένας
1641 1723 1824 1802 ἔργου,

248 1816 380 1877 Οὐδ’
410 1819 513 1874 ὑπὸ
546 1817 834 1891 δαιμονίου
863 1839 922 1873 τε
953 1813 1332 1894 μεσημϐρινοῦ
1364 1816 1712 1878 ἀντιόωντος.

249 1912 343 1964 Ἐκ
373 1905 461 1964 σέο
496 1909 591 1981 μὶν
625 1907 784 1976 λαιῆς
812 1909 1078 1979 παλάμῃς
1118 1907 1258 1963 κατὰ
1285 1905 1477 1968 χιλιὰς
1507 1904 1680 1982 ἕῤῥοι,

244 1999 340 2053 Ἐκ
371 1995 418 2051 δ’
451 1995 552 2070 ἄρα
585 1993 856 2069 δεξιτερῆς
892 1995 1040 2069 μάλα
1075 1996 1270 2070 μυριὰς
1304 1995 1426 2059 αὖθι
1455 1999 1721 2049 πεσεῖται.

243 2085 396 2143 Ἀλλ’
429 2084 576 2147 οὔτις
608 2086 741 2139 ποτε
773 2089 886 2139 σεῖο
918 2081 1202 2155 δυνήσεται
1227 2085 1386 2138 ἆσσον
1421 2079 1647 2146 ἱκέσθαι.

238 2177 430 2247 ’Έμπα
459 2195 520 2250 γε
553 2173 660 2246 μὴν
687 2177 1000 2247 καθαροῖσιν
1031 2171 1086 2227 ἐν
1119 2170 1455 2249 ὀφθαλμοῖσι
1489 2167 1786 2244 δεδορκὼς,

243 2263 432 2333 Ἀξιον
466 2261 786 2335 ἀμπλακίης
817 2261 1142 2336 κακοεργέος
1176 2256 1332 2333 ὄψεαι
1362 2260 1536 2316 αἶνον.

246 2351 415 2414 Αὐτὸς
445 2350 562 2406 ἐπεὶ
594 2350 641 2425 ῤ’
683 2352 869 2424 ἐμέθεν
905 2350 1159 2424 φυσίζοος
1191 2348 1352 2411 ἐλπὶς
1383 2347 1642 2424 ἐτύχθης,

237 2446 305 2496 Ἥ
340 2442 404 2518 ῥα
429 2443 552 2514 παρ’
593 2440 829 2514 Ὑψίστῳ
861 2439 1082 2514 φορέεις
1113 2437 1257 2506 τεὸν,
1291 2436 1556 2510 ’Λλκιμε,
1601 2433 1820 2511 θάρσος.

246 2533 474 2601 Μήποτε
503 2526 697 2584 δείδιθι
724 2527 909 2604 πάγχυ
935 2527 1115 2582 κακῶν
1143 2527 1424 2598 ξυνιοῦσαν
1456 2525 1716 2598 ἀνάγκην,

247 2709 391 2783 Μηδ’
425 2709 594 2785 ἀλύῃς
626 2709 712 2765 ὅτι
744 2713 859 2764 σεῖο
893 2704 1062 2782 δέμας
1094 2707 1316 2783 μάστιγι
1353 2703 1572 2780 δαμείη’

248 2891 419 2969 Ἀμφὶ
452 2887 598 2946 σέθεν
632 2893 947 2965 στρατιῇσιν
975 2886 1330 2962 ἐπουρανίῃσί
1359 2883 1626 2953 κελεύσει,

246 2983 422 3056 ’Όφρα
450 3001 540 3034 κεν
572 2979 623 3034 ἐν
656 2979 858 3053 πάσῃσι
889 2978 1316 3052 περιστιχόωσιν
1341 2973 1541 3030 ὁδοῖσι⁶

253 3069 359 3126 Καί
399 3091 476 3140 σε,
522 3068 739 3143 Μάκαρ,
772 3066 1091 3142 παλάμῃσιν
1133 3065 1446 3140 ἀειράμενοι
1481 3063 1755 3141 φορέοιεν,

253 3161 480 3230 Μήποτε
507 3160 773 3232 τιμήεντα
799 3157 917 3212 τεὸν
944 3154 1087 3212 πόδα
1117 3155 1213 3212 λᾶϊ
1240 3153 1509 3229 καθάψῃς.

257 3247 488 3304 Ἀσπίδα
517 3244 830 3315 θαρσαλέως
860 3241 1096 3318 ἐπιϐήσῃ
1124 3246 1214 3300 καὶ
1250 3243 1592 3320 βασιλίσκον,

260 3334 503 3395 Ἰοϐόλον
537 3335 594 3392 δὲ
620 3336 886 3412 δράκοντα
917 3336 1073 3390 ποσὶν
1105 3335 1195 3389 καὶ
1222 3337 1362 3410 θῆρα
1391 3335 1678 3403 πατήσεις.

250 3519 550 3593 Ῥυσαίμην
581 3540 670 3592 μιν
699 3517 808 3592 ἐμῇ
843 3513 1231 3591 μεμελημένον
1262 3512 1446 3570 ἐλπίδι
1479 3517 1658 3586 θυμῷ,

251 3610 326 3666 Εὖ
359 3606 416 3663 δέ
450 3629 540 3681 μιν
573 3603 843 3685 ἀμφιέσω
890 3603 1038 3678 μάλα
1066 3603 1170 3678 γὰρ
1208 3604 1371 3676 μάθεν
1402 3597 1593 3674 οὔνομ’
1625 3598 1802 3672 ἐμεῖο.

246 3799 377 3849 Τοῖο
410 3786 797 3864 λίταζομένοιο
830 3791 1102 3864 θοώτερον
1156 3787 1318 3849 αὐτὸς
1370 3784 1610 3856 ἀκούσω,

248 3883 346 3936 Καὶ
381 3878 776 3953 οἷκτειρομένῲ
801 3879 971 3941 πέλας
1005 3877 1232 3951 ἔσσομαι
1272 3878 1307 3948 ἢ
1319 3897 1458 3949 ματα
1489 3876 1682 3932 πάνταο

247 3971 576 4041 Ῥυσάμενος
603 3965 660 4023 δέ
689 3989 747 4022 σε
778 3973 929 4042 (83'),
949 3965 1112 4030 κῦδος
1144 3968 1224 4022 ἀεὶ
1262 3966 1604 4043 μεγαλαυχές
1654 3967 1899 4035 ὀπάσσω,

248 4060 352 4116 Καί
391 4079 479 4131 μιν
513 4056 872 4130 ένιπλήσαιμι
904 4056 1287 4132 ἀτερμάντοισι
1315 4057 1613 4133 γενέθλαις·

251 4146 561 4221 Νωλεμέως
589 4147 641 4202 οἳ
673 4144 871 4222 φέγγος
903 4147 1144 4220 ἀγήραον
1179 4145 1506 4223 ἐξαναφήνω.

843 4235 1148 4291 ΨΑΛΜΟΣ
1184 4233 1303 4312 ttat

253 4329 480 4402 Πρῶτος
511 4323 862 4395 ένενηκοστός
892 4343 950 4378 τε
975 4327 1082 4378 τῶν
1116 4327 1297 4399 σοφῶν
1327 4323 1508 4395 μελῶν

319 4417 382 4472 Ὀ
413 4413 634 4488 ψαλμὸς
669 4414 828 4475 οὗτος
868 4411 1080 4486 ἡμέραν
1116 4415 1194 4473 εἷς
1229 4406 1536 4468 Σαϐϐάτου.

248 4506 336 4567 Ὠς
368 4503 567 4577 ἀγαθὸν
602 4501 854 4572 Βασιλῆα
896 4498 1277 4576 μεγακλήεντα
1324 4499 1608 4574 λιγαίνειν,

241 4593 346 4650 Καὶ
375 4590 778 4647 πολυκύδιστον
806 4594 1006 4666 κιθαρᾳ
1033 4591 1152 4646 τεὸν
1187 4590 1400 4662 οὕνομα
1435 4588 1662 4662 μέλπειν
1702 4591 1713 4645 l

246 4682 334 4751 Ἐξ
365 4683 498 4750 ἠοῦς
528 4680 732 4755 έρέοντι
763 4679 1143 4758 περιφραδέως
1180 4679 1431 4748 ἐλεητὺν,

246 4770 345 4825 Καί
376 4781 468 4823 σεο
499 4772 796 4842 τιμήεσσαν
831 4767 1086 4840 ἀληθείαν
1119 4766 1210 4825 διὰ
1237 4770 1450 4841 νυκτὸς,

244 4857 465 4934 Νεύρων
493 4857 816 4931 πλεξαμένῳ
842 4856 1038 4913 δεκάδα
1065 4858 1333 4934 φόρμιγγι
1367 4857 1565 4934 λιγείῃ,

240 4949 333 5010 Ὠς
365 4948 601 5021 γάνυμαι
638 4948 649 5002 l
683 4945 847 5003 Μάλα
873 4946 974 5022 γάρ
1045 4967 1111 5019 με
1161 4952 1327 5016 τεοῖς,
1392 4947 1603 5020 Μάκαρ,
1666 4944 1896 5023 ἔργμασι

1526 5035 1786 5110 [θέλγοις.

242 5127 353 5183 Καί
382 5145 471 5181 σεο
493 5124 817 5180 θεσπεσίοισι
848 5122 969 5178 νόον
996 5125 1378 5197 κεχαρήσομαι
1408 5120 1609 5200 ἔργοις.

241 5215 333 5276 Τίς
365 5235 452 5269 κεν
477 5214 802 5285 ἆνυμνήσειε
829 5213 955 5280 τεὴν
992 5209 1342 5286 μιγαλαυχέα
1371 5211 1609 5286 τέχνην;

243 5305 340 5368 Τίς
369 5304 591 5372 πινυτήν
631 5301 856 5376 μέλψειε
885 5300 1007 5375 περὶ
1041 5297 1366 5375 πραπίδεσσι
1416 5301 1632 5375 βαθεῖαν
1668 5321 1683 5372 ;

242 5393 406 5456 Οὕτις
433 5414 519 5448 τοι
549 5389 676 5446 τάδε
701 5395 820 5460 νῆις
847 5389 924 5446 ἐνὶ
953 5389 1139 5468 φρεσὶν
1191 5387 1385 5444 εἷ’σεται
1416 5389 1576 5463 ἀνὴρ,

245 5479 375 5539 Οὐδ’
408 5479 768 5559 ἀεσιφροσύνῃ
807 5477 1192 5552 μεμελημένος
1222 5477 1358 5532 αὐτὰ
1385 5479 1592 5548 νοήσει’

241 5573 369 5628 Εὗτ’
401 5568 620 5632 ἀδίκους
652 5567 977 5634 θαλέθοντας
1009 5566 1266 5642 ἐπόψεται
1291 5565 1424 5638 ἠΰτε
1455 5568 1680 5644 χόρτον,

321 5663 463 5737 (83')
493 5667 582 5718 Σε.
616 5663 808 5728 Forte,
835 5679 913 5734 γε.
937 5662 1088 5714 Εῡιτ.

564 5779 833 5845 ΡΔτιιοι..
876 5781 990 5840 GR.
1038 5777 1312 5843 XXXIII.

1312 333 1946 409 lNTEBPRETATIO
1988 335 2070 396 IN
2117 334 2513 399 PSALTEM.

1925 474 1978 541 A

3498 353 3656 413 1450

2583 475 2909 533 PSALMUS
2965 478 3077 534 XC.

2009 563 2247 618 Laudem
2277 565 2513 620 nobilem
2549 583 2782 636 magnus
2812 569 2990 624 David
3017 573 3234 640 cecinit,

2142 653 2660 709 Pulchrichororum
2689 672 2943 711 versuum
2999 661 3072 714 ad
3127 677 3328 718 nonam
3377 663 3651 723 decadem.

2008 740 2265 808 Eterne,
2298 741 2573 796 habitans
2596 743 2733 799 elati
2769 749 3032 802 tutamen
3062 750 3289 819 auxilii,

2010 827 2076 882 In
2109 829 2439 886 velamento
2469 833 2642 904 Regis
2673 834 2929 890 cmlestis
2961 837 3151 910 deget.

2010 917 2173 973 Dicet
2203 920 2376 991 Regi:
2415 919 2612 976 Robur
2643 929 2700 977 et
2731 927 2909 982 turris
2941 943 3027 984 es.

2007 1009 2078 1060 Et
2108 1009 2258 1064 Deus
2288 1009 2460 1065 nobis
2492 1028 2574 1076 es,
2609 1017 2667 1066 et
2696 1013 2944 1071 celebris
2978 1017 3196 1075 ﬁducia
3226 1020 3431 1076 auxilii
3456 1037 3471 1077 :

2006 1097 2137 1167 Ipse
2168 1099 2452 1168 quoniam
2483 1099 2760 1156 liberabit
2788 1103 2860 1159 de
2906 1104 3116 1176 laqueo
3149 1125 3244 1164 me
3282 1116 3650 1182 venatorum,

2009 1185 2315 1258 Verboque
2347 1188 2644 1244 instabilis
2666 1193 2956 1248 tumultus
2991 1197 3241 1267 trepido.

2006 1276 2137 1346 Ipse
2169 1279 2288 1330 Rex
2317 1277 2599 1333 umbroso
2633 1284 2688 1334 te
2722 1281 2898 1336 dorso
2929 1284 3335 1360 circumteget.

2009 1364 2181 1435 Spem
2211 1369 2376 1420 tuam
2406 1368 2623 1436 pennis
2655 1368 2761 1424 sub
2794 1370 3232 1431 immortalibus
3254 1379 3576 1450 reputabis.

2006 1453 2236 1508 Circum
2267 1470 2401 1533 vero
2433 1457 2678 1512 veritate
2710 1460 2966 1515 armabit
2995 1468 3281 1535 tanquam
3304 1474 3491 1524 scuto.

2008 1543 2322 1613 Nunquam
2354 1545 2502 1599 mihi
2534 1552 2827 1604 nocturno
2859 1549 2920 1604 in
2950 1568 3165 1622 pavore
3197 1553 3502 1612 formides.

2008 1632 2208 1702 Neque
2231 1631 2511 1688 diurnum
2533 1635 2766 1691 volante
2794 1639 3177 1695 vehementer
3206 1643 3437 1714 sagitta,

2008 1721 2206 1790 Neque
2239 1723 2696 1780 subambulante
2727 1743 2910 1798 Opaca
2940 1747 3045 1800 per
3071 1731 3258 1788 funda
3287 1736 3542 1807 negotio,

2009 1810 2207 1880 Neque
2239 1827 2273 1866 a
2306 1811 2720 1886 damonioque
2751 1817 3083 1874 meridiano
3117 1830 3486 1880 occurrente.

2004 1903 2052 1952 Α
2084 1905 2184 1954 tua
2215 1901 2456 1970 quidem
2481 1904 2626 1960 laava
2658 1923 2837 1962 manu
2869 1908 3035 1964 mille
3064 1918 3327 1981 pereant,

2002 1991 2049 2044 A
2081 1990 2287 2048 dextra
2310 2011 2447 2049 vero
2477 1996 2646 2052 valde
2676 1998 2882 2054 decem
2913 2001 3106 2057 millia
3135 2021 3373 2060 rursum
3410 2008 3645 2064 cadent.

2002 2081 2218 2135 Verum
2250 2084 2451 2139 nullus
2483 2102 2746 2158 unquam
2779 2095 2834 2143 te
2879 2092 3096 2160 poterit
3129 2110 3310 2164 prope
3341 2097 3644 2152 accedere.

2007 2170 2424 2227 Verumtamen
2456 2175 2620 2244 puris
2652 2176 2711 2229 in
2743 2177 2932 2231 oculis
2953 2181 3270 2250 aspiciens,

2003 2258 2251 2330 Dignam
2283 2269 2522 2332 peccato
2552 2264 2822 2321 malefico
2853 2268 3076 2324 videbis
3097 2269 3357 2326 laudem.

2003 2352 2135 2420 Ipse
2168 2351 2449 2420 quoniam
2481 2370 2612 2410 mea
2639 2355 2870 2412 viviﬁca
2902 2375 3035 2430 spes
3073 2377 3158 2427 es,

2004 2439 2155 2494 Sane
2187 2441 2342 2512 apud
2373 2443 2740 2500 Altissimum
2770 2447 2889 2502 fers
2921 2453 3110 2519 tuum,
3141 2451 3419 2520 Robuste,
3451 2452 3650 2509 robur.

2005 2530 2318 2600 Nunquam
2345 2532 2616 2590 timueris
2676 2537 2920 2592 omnino
2963 2538 3256 2595 malorum
3291 2558 3656 2599 concurren-

2972 2628 3120 2700 [tem
3143 2633 3581 2701 necessitatem,

2007 2709 2205 2779 Neque
2236 2710 2504 2769 tabescas
2535 2716 2694 2786 quod
2724 2721 2894 2772 tuum
2927 2733 3143 2789 corpus
3185 2719 3420 2791 ﬂagello
3452 2721 3660 2776 dome-

3495 2815 3588 2864 tur

2008 2889 2088 2942 De
2121 2892 2178 2941 te
2205 2888 2437 2943 militiis
2469 2890 2812 2946 coelestibus
2836 2892 3092 2964 jubebit,
3470 2809 3487 2880 [

2010 2976 2082 3031 Ut
2109 2976 2170 3030 in
2192 2977 2470 3032 omnibus
2497 2979 2866 3035 circumeant
2893 2982 3022 3037 viis.

2009 3066 2079 3118 Et
2110 3071 2186 3133 te,
2220 3067 2413 3136 Beate,
2447 3067 2726 3123 manibus
2757 3070 3019 3126 levantes
3049 3073 3393 3144 portabunt,

2012 3156 2091 3208 Ne
2112 3171 2379 3224 unquam
2409 3155 2734 3227 gloriosum
2781 3164 2946 3214 tuum
2977 3161 3190 3230 pedem
3223 3162 3406 3234 lapidi
3433 3165 3650 3222 illidas.

1927 3216 1972 3285 C
2009 3216 2288 3314 Aspide-m
2320 3216 2690 3300 confidenter
2719 3216 3066 3304 calcabis‘et
3094 3216 3458 3320 basiliscum,

2008 3333 2374 3388 Venenatum
2404 3350 2540 3389 vero
2566 3333 2889 3392 draconem
2916 3338 3169 3408 pedibus
3183 3341 3487 3398 etleonem
3505 3361 3654 3400 con-

3273 3432 3577 3500 [culcabis,

2007 3509 2401 3567 Liberaverim
2439 3528 2574 3568 eum
2596 3529 2743 3569 meas
2777 3514 3059 3571 fidentem
3093 3519 3218 3590 spei
3250 3522 3473 3591 animo,

2003 3600 2192 3656 Probe
2227 3618 2358 3657 vero
2391 3618 2526 3656 eum
2548 3602 2816 3659 induam.
2851 3605 3030 3661 Valde
3061 3608 3222 3663 enim
3255 3612 3526 3681 cognovit
3546 3629 3654 3668 no-

3165 3697 3326 3769 [men
3360 3717 3582 3770 meum,

2007 3779 2153 3833 Eum
2186 3779 2622 3852 supplicantem
2654 3781 2906 3838 celerius
2940 3783 3066 3855 ipse
3095 3787 3354 3858 audiam,

2006 3869 2077 3921 Et
2105 3867 2390 3923 miserum
2421 3887 2604 3941 prOpe
2634 3887 2732 3925 ero
2765 3871 2976 3927 diebus
3007 3875 3322 3945 omnibus;

2004 3955 2274 4027 Eripiens
2296 3974 2428 4012 vero
2462 3975 2619 4026 eum,
2653 3959 2832 4014 decus
2865 3977 3101 4033 semper
3135 3964 3456 4036 gloriosum
3498 3985 3653 4039 pra:-

3482 4056 3517 4110 b

3482 4056 3517 4110 b

2003 4137 2073 4189 Et
2101 4152 2237 4190 eum
2269 4135 2511 4206 replebo
2543 4136 2795 4193 inﬁnitis
2829 4139 3064 4195 saaculis
3097 4157 3111 4196 :
3382 4055 3477 4126 [be
3524 4075 3578 4124 Ο,

2005 4226 2247 4296 Semper
2276 4225 2329 4280 ei
2359 4225 2564 4281 lumen
2593 4227 2931 4283 immortale
2964 4231 3302 4287 ostendero.

2572 4319 2892 4374 PSALMUS
2946 4321 3082 4378 XCI.

2002 4405 2220 4462 Primus
2249 4408 2743 4477 nonagesimusque
2782 4410 3067 4467 doctorum
3101 4413 3408 4469 caminum

2110 4497 2360 4550 Psalmus
2389 4499 2489 4551 iste
2516 4495 2660 4550 diem
2691 4499 2764 4551 ad
2796 4499 3043 4556 Sabbati.

1927 4581 1977 4648 D
2008 4587 2193 4651 Quam
2223 4585 2447 4640 bonum
2472 4588 2685 4658 Regem
2709 4587 2998 4658 inclytum
3029 4606 3263 4659 canere,

2007 4679 2073 4730 Et
2105 4676 2600 4748 gloriosissimum
2628 4677 2856 4732 cithara
2887 4683 3052 4734 tuum
3077 4697 3297 4736 nomen
3319 4683 3652 4741 celebrare!

2006 4764 2091 4819 Ab
2123 4781 2338 4819 aurora
2369 4764 2750 4819 annuntianti
2783 4765 2989 4820 sedulo
3021 4769 3516 4841 misericordiam,

2005 4856 2073 4909 Et
2104 4859 2265 4908 tuam
2296 4853 2710 4908 honorabilem
2742 4855 3052 4911 veritatem
3084 4875 3190 4929 per
3219 4865 3477 4929 noctem,

2007 4944 2236 4999 Fidium
2258 4943 2502 5015 plicanti
2536 4944 2816 5000 decadem
2843 4946 3068 5003 cithara
3091 4965 3328 5015 sonora,

2006 5035 2191 5099 Quam
2222 5031 2447 5104 gaudeo
2485 5033 2496 5086 ι
2535 5033 2712 5088 Valde
2745 5034 2904 5089 enim
2935 5052 3029 5091 me
3063 5037 3202 5104 tuis,
3234 5038 3431 5109 Beate,
3480 5041 3651 5100 factis

3294 5128 3577 5188 oblectes.

3294 5130 3489 5186 oblect

2008 5215 2079 5268 Et
2107 5210 2223 5267 tuis
2244 5209 2459 5265 divinis
2490 5210 2690 5265 animo
2721 5212 2987 5283 gaudebo
3020 5130 3319 5285 operibuls.
3493 5148 3556 5188 es

2006 5301 2147 5366 Quis
2168 5299 2498 5354 laudaverit
2523 5305 2683 5353 tuam
2714 5302 3091 5372 magnificam
3123 5311 3312 5362 artem
3345 5307 3373 5362 ‘I

2008 5391 2148 5457 Quis
2181 5388 2561 5460 prudentiam
2585 5395 2785 5443 cantet
2815 5390 2876 5445 in
2909 5408 3033 5462 praa
3059 5395 3281 5450 cordiis
3304 5400 3667 5468 profundam

2007 5481 2214 5537 Nullus
2233 5479 2435 5548 utique
2455 5478 2581 5532 haec
2599 5478 2891 5549 insipiens
2913 5481 2975 5535 in
2989 5483 3205 5540 animis
3222 5496 3538 5559 cognoscet
3553 5491 3657 5554 vir,

2008 5573 2207 5641 Neque
2232 5567 2498 5624 stultitim
2531 5567 2774 5624 deditus
2805 5569 2936 5642 ipsa
2965 5571 3258 5646 intelliget
3289 5592 3304 5640 ;

2011 5661 2157 5716 Cum
2183 5658 2422 5730 iniquos
2452 5656 2734 5716 ﬂorentes
2764 5659 2988 5718 videbit
3017 5662 3171 5718 sicut
3192 5662 3440 5733 foenum,

3293 5777 3373 5836 46
