4120 6262
386 310 542 370 1459
1490 309 1953 372 APOLINARII
1997 307 2248 368 EPISC.
2295 309 2716 371 LAODICENI

387 441 677 504 Quoniam
709 455 853 494 sane
887 439 1340 510 timendumque
1375 445 1433 496 et
1463 442 1655 498 latens
1687 448 1796 508 est,

389 531 459 583 Et
485 529 676 582 honor
705 527 879 600 Regis
911 543 1148 599 semper
1183 528 1483 598 justitiam
1519 530 1730 603 diligit.

394 622 476 675 Tu
523 618 738 675 Iacobo
798 619 1154 690 prudentem
1203 621 1417 676 dedisti
1450 623 1761 693 impetum,

389 709 748 779 Equitatem
788 705 1210 779 calculumque
1241 715 1343 764 tuo
1371 711 1676 782 praebuisti
1712 710 1935 765 lsraeli.

398 798 808 853 Immortalem
841 803 1111 852 nostrum
1146 799 1399 854 exaltate
1420 799 1761 866 Dominum,

400 889 733 943 Adorantes
765 887 1091 943 scabellum
1126 905 1336 944 suum:
1371 896 1610 945 sanctus
1643 891 1804 944 enim
1831 893 1939 945 est.

3646 318 3808 380 1460

2072 441 2120 506 Α
2156 434 2366 493 Οὕνεκα
2397 435 2464 507 δὴ
2498 433 2731 516 φοίερὸν
2763 460 2821 494 τε
2852 440 2942 494 καὶ
2971 441 3338 516 ἆπροτίοπτον
3364 442 3591 520 ἐτύχθη,

2151 527 2253 581 Καὶ
2282 529 2419 600 τιμή
2456 530 2724 597 Βασιλῆος
2753 528 2835 583 ἀεὶ
2867 529 3021 602 θέμιν
3055 530 3444 609 ἀμφαγαπάζει

2152 615 2327 677 Αὐτὸς
2359 613 2605 690 Ἰακώϐῳ
2637 617 2899 695 ἷθύφρονα
2931 616 3108 682 δῶκας
3140 620 3342 696 ἐρωὴν,

2153 702 2412 772 Εὐδικίην
2443 706 2622 783 ψῆφόν
2655 727 2711 761 τε
2741 711 2847 779 τεῷ
2877 709 3041 778 πόρες
3076 710 3369 784 Ἰσραήλῳ.

2153 795 2417 866 Ἀφθιτον
2443 796 2656 866 ἡμείων
2691 796 2968 871 ἀναείρατε
2997 794 3390 873 Ιῐαμϐασιλῇα,

2155 882 2485 956 Λισσόμενοι
2519 892 2716 960 θρῆνυν
2748 887 3029 963 σφετέρην’
3056 888 3208 961 ἅγιος
3225 890 3326 963 γὰρ
3360 890 3586 966 ἐτύχθη.

398 978 587 1032 Moses
620 976 682 1030 in
708 977 1117 1032 sacerdotibus
1175 995 1426 1051 magnus
1460 984 1517 1034 et
1548 979 1800 1034 celebris
1830 980 2048 1044 Aaron,

394 1067 462 1121 In
495 1065 972 1137 supplicantibus
1001 1083 1136 1122 vero
1164 1068 1400 1124 Samuel
1431 1069 1619 1124 fortis.

399 1155 492 1212 Illi
519 1153 762 1226 quidem
812 1156 1189 1224 invocabant,
1222 1157 1272 1212 is
1306 1175 1442 1213 vero
1473 1157 1873 1230 respondebat
1901 1156 2047 1222 voci,

399 1247 470 1300 Et
501 1245 587 1300 eis
620 1244 691 1300 de
723 1245 880 1300 nube
914 1245 1110 1301 stabili
1143 1247 1545 1318 respondebat
1575 1247 1772 1303 verbo.

399 1335 634 1389 Strenui
660 1335 986 1390 testimonii
1019 1335 1295 1391 custodes
1317 1337 1562 1392 fuerunt
1592 1339 1714 1405 Dei,

398 1424 605 1480 Divina
634 1441 769 1480 vero
794 1441 915 1480 non
943 1425 1335 1497 neglexerunt
1365 1444 1496 1498 quin
1529 1427 1862 1482 didicerant
1883 1443 2052 1481 man-

1798 1515 1976 1586 [data.

403 1603 789 1672 Immortalis,
823 1609 887 1659 tu
910 1606 996 1660 eis
1018 1605 1232 1661 dedisti
1265 1607 1336 1661 de
1368 1607 1513 1662 ccelo
1539 1622 1740 1662 aurem
1762 1612 2050 1678 paratam,

402 1699 473 1752 Et
497 1697 736 1752 animus
766 1713 900 1752 cum
924 1697 1018 1752 his
1050 1714 1284 1768 semper
1315 1704 1449 1752 tuus
1471 1698 1761 1769 propitius
1786 1697 1898 1752 fuit
1930 1713 1943 1752 :

2159 973 2367 1042 Μωσῆς
2399 974 2535 1047 ἀμφ’
2557 976 2755 1050 ἱερεῦσι
2789 978 2977 1050 μέγας,
3006 977 3097 1032 καὶ
3127 977 3378 1052 ἀοίδιμος
3415 983 3648 1058 Ἀαρών·

2157 1063 2244 1118 Ἐν
2279 1060 2336 1116 δὲ
2366 1061 2770 1136 λιταζομένοισι
2805 1065 3138 1137 Σαμουῆλος
3187 1069 3554 1144 μενέχαρμος.

2159 1154 2340 1209 Κεῖνοι
2376 1153 2470 1224 μὲν
2505 1151 2813 1208 λιτάνευονο
2836 1155 2862 1209 ὁ
2889 1152 2932 1208 δ’
2962 1155 3348 1234 ἀντεφθέγγετο
3375 1159 3549 1236 φωνῇ,

2161 1240 2257 1298 Καί
2287 1262 2448 1319 σφεας
2478 1241 2536 1296 ἐκ
2565 1242 2796 1321 νεφέλης
2831 1252 3092 1320 σταθερῆς
3122 1241 3385 1319 ἠμείϐετο
3423 1248 3598 1322 μύθω.

2159 1329 2380 1395 Ἐσθλοὶ
2412 1332 2715 1407 μαρτυρίης
2745 1332 2980 1408 φύλακες
3012 1332 3258 1410 ἐγένοντο
3291 1343 3473 1409 Θεοῖο,

2159 1425 2324 1476 Θείων
2360 1419 2405 1476 δ’
2439 1421 2538 1476 οὐκ
2559 1419 2841 1496 ἀμέλησαν
2874 1424 3015 1478 ὃσων
3054 1427 3221 1498 μάθον
3254 1426 3555 1486 ἐννεσιάων.

2161 1603 2407 1680 Ἀφθιτε,
2441 1606 2504 1660 σύ
2535 1628 2682 1685 σφισι
2715 1605 2891 1671 δῶκας
2925 1610 3015 1664 ἀπ’
3047 1612 3280 1686 ούρανοῦ
3311 1615 3437 1676 οὖας
3469 1615 3716 1688 ἑτοῖμον,

2166 1693 2261 1749 Καὶ
2295 1695 2468 1768 θυμὸς
2501 1700 2634 1768 μετά
2661 1703 2834 1752 τοῖσιν
2866 1699 2945 1754 ἀεὶ
2981 1701 3126 1755 σέθεν
3155 1701 3318 1766 ’ἰλαος
3345 1703 3462 1770 ἦεν·

407 1787 622 1842 Omnia
651 1802 784 1841 vero
817 1802 947 1857 quae
989 1786 1312 1856 faciebant,
1370 1787 1694 1842 festinabas
1743 1787 2047 1842 auxilium.

2165 1787 2343 1838 Πάντα
2375 1782 2423 1838 δ’
2454 1783 2489 1839 ἅ
2513 1807 2601 1840 κεν
2637 1785 2905 1862 ῥέζεσκον,
2933 1788 3275 1853 ἐπιθύνεσκες
3309 1793 3554 1868 ἀρωγήν.

408 1875 814 1931 Immortalem
843 1880 1112 1930 nostrum
1145 1876 1397 1931 exaltate
1429 1876 1770 1943 Dominum,

414 1965 625 2020 Sancto
657 1981 790 2020 vero
815 1981 949 2019 eum
983 1981 1218 2036 semper
1256 1965 1317 2020 in
1347 1971 1548 2020 monte
1578 1965 1840 2034 adorate,

413 2055 704 2120 Quoniam
736 2070 876 2109 sane
908 2055 970 2108 in
1001 2054 1278 2109 omnibus
1335 2057 1455 2110 Rex
1497 2055 1914 2111 immaculatus
1945 2060 2054 2111 est.

957 2144 1278 2199 PSALMUS
1309 2145 1498 2199 XCIX.
1787 2147 1809 2212 ἓ

515 2235 699 2304 Supra
722 2235 1162 2303 nonagesimum,
1182 2250 1387 2288 nonum
1411 2251 1630 2290 carmen
1661 2235 1946 2304 inclytum.

413 2326 640 2393 Omnis,
675 2325 964 2396 inclytum
989 2324 1282 2380 celebrate
1315 2329 1640 2393 Pastorem,
1669 2330 1847 2382 terra.

409 2415 770 2470 Immortalis
801 2414 1126 2486 gaudentes
1160 2415 1489 2487 subjugum
1514 2415 1799 2470 cervicem
1828 2416 2052 2487 ponite,

409 2504 705 2559 Festinate
733 2503 853 2556 Iaati
885 2502 1114 2557 divinos
1137 2508 1272 2557 ante
1305 2503 1528 2568 oculos,

406 2595 608 2664 Ipsum
641 2609 876 2662 semper
905 2591 1122 2646 animis
1157 2593 1407 2664 cogitate
1441 2594 1777 2648 Dominum.

412 2683 602 2737 Vitam
633 2682 760 2752 ipse
790 2680 955 2735 dedit
986 2681 1360 2747 mortalibus,
1394 2698 1512 2736 non
1545 2699 1652 2736 nos
1681 2683 1791 2753 ipsi
1825 2701 1840 2749 ;

409 2773 541 2842 Ipse
567 2770 708 2825 fecit
739 2787 848 2824 nos
872 2787 1067 2840 neque
1100 2787 1208 2824 nos
1241 2770 1606 2825 sufficientes
1639 2788 1866 2827 sumus.

412 2863 527 2916 Nos
555 2877 794 2915 rursum
827 2861 954 2931 ejus
977 2860 1230 2931 populus
1264 2859 1441 2914 simul
1461 2866 1518 2915 et
1546 2861 1769 2915 alumni
1797 2877 2052 2932 pascua}.

411 2950 708 3006 Festinate
725 2955 1009 3006 canentes
1035 2949 1263 3006 divinas
1290 2950 1446 3005 intra
1477 2955 1676 3022 portas
1701 2967 1714 3017 ;

410 3040 476 3096 In
508 3041 673 3096 atriis
705 3057 842 3095 vero
873 3041 1090 3113 Regem
1122 3041 1306 3095 Deum
1338 3045 1539 3113 rogate
1570 3045 1766 3108 cantu,

408 3133 635 3186 Nomen
668 3129 963 3185 celebrate
995 3129 1260 3185 divinum
1287 3130 1348 3185 in
1377 3135 1536 3186 terra
1563 3130 1849 3185 blandum
1899 3147 2055 3186 sem-

1823 3219 1979 3291 iper;

406 3310 698 3382 Perpetuo
729 3309 1203 3366 misericordiam
1226 3309 1509 3381 quoniam
1550 3310 1614 3364 in
1641 3308 1919 3364 omnibus
1949 3324 2053 3364 cu-

1755 3397 1978 3469 [stodit,

409 3487 488 3544 De
509 3489 891 3562 generatione
923 3490 985 3545 in
1010 3489 1457 3563 generationem
1504 3488 1620 3544 fert
1651 3505 1823 3544 verax
1843 3487 2048 3544 consi-

1785 3577 1978 3650 [lium.

1029 3667 1346 3723 PSALMUS
1377 3668 1438 3722 C.

627 3758 809 3813 David
837 3761 1032 3813 cecinit
1049 3766 1271 3813 cantum
1301 3759 1647 3813 centesimum
1671 3758 1834 3812 hunc.

411 3846 477 3903 In
507 3865 628 3903 uno
651 3851 708 3902 te
739 3849 1151 3919 pcenam,Rex,
1174 3846 2050 3918 misericOrdiamquecantabo.

414 3938 643 3992 Canens
676 3937 1005 4009 intelligam
1037 3936 1433 3992 immaculatis
1473 3937 1537 3990 in
1567 3936 1694 3992 viis.

413 4029 772 4099 Exspectans
803 4025 1040 4098 quando
1070 4025 1277 4098 utique
1299 4027 1446 4081 mihi
1477 4026 2054 4094 venias,aeternePa-

1286 4116 1288 4118 ’
1817 4117 1983 4187 [stor,

413 4208 478 4261 In
508 4205 971 4262 mansuetudine
1016 4221 1122 4277 per
1153 4205 1396 4260 domum
1449 4205 1743 4262 ambulavi
1774 4205 2053 4274 mediam,

411 4297 569 4352 Nihil
601 4313 846 4368 prorsus
868 4295 1142 4367 iniquum
1178 4294 1250 4349 ob
1285 4295 1488 4350 oculos
1520 4301 1815 4367 spectans,

413 4385 523 4440 Sed
543 4385 737 4440 adhuc
751 4386 927 4440 etiam
956 4385 1088 4440 odio
1104 4401 1472 4456 prosequens
1485 4390 1769 4440 nocentes
1784 4385 2056 4456 injurios.

413 4476 726 4546 Nunquam
758 4474 1041 4530 callidum
1064 4475 1210 4529 mihi
1259 4480 1435 4530 antea
1465 4474 1690 4546 placuit
1719 4475 2055 4530 consilium.

414 4564 696 4637 Fugiebat
724 4565 968 4635 quidem
997 4565 1188 4637 gravis
1219 4581 1486 4636 serpens,
1527 4563 1870 4618 dolosorum
1922 4579 2054 4618 vero
2089 4549 2134 4613 D

1366 4654 1626 4725 [nescius
1650 4652 1984 4708 manebam.

417 4743 594 4798 Auris
624 4758 758 4799 mea
785 4743 1024 4800 occlusa
1051 4743 1165 4798 fuit
1192 4743 1647 4799 maledicentem
1679 4741 1883 4797 audire
1908 4761 1922 4809 ;

415 4834 721 4904 Tanquam
752 4851 886 4889 vero
914 4839 1268 4889 vastatorem
1311 4833 1626 4889 charorum
1659 4832 2060 4904 persequebar

1641 4922 1986 4991 [sociorum.

411 5011 741 5067 Insatiabili
773 5013 949 5069 corde
981 5017 1038 5068 et
1069 5012 1341 5085 superbis
1367 5012 1704 5085 aspectibus

411 5100 693 5156 Nolebam
724 5103 786 5157 in
817 5103 1081 5159 convivio
1113 5104 1340 5159 amicus
1363 5109 1420 5158 et
1449 5101 1895 5158 contubernalis
1909 5117 2057 5157 esse.

409 5189 563 5243 Viris
595 5205 729 5244 cum
763 5193 984 5247 sanctis
1017 5193 1132 5247 mei
1167 5193 1393 5248 extensi
1456 5197 1597 5247 sunt
1626 5197 1923 5264 aspectus,

412 5279 801 5334 Communem
835 5285 903 5335 ut
920 5281 1064 5335 mihi
1085 5282 1280 5337 locum
1301 5282 1476 5338 simul
1497 5281 2060 5338 sedenteshabeant.

411 5365 724 5422 Famulum
747 5368 987 5439 viasque
1012 5377 1245 5427 sanctas
1269 5377 1578 5427 curantem
1619 5371 1932 5436 habebam,

412 5459 612 5526 Neque
640 5455 787 5509 mihi
818 5457 1122 5514 habitabat
1151 5461 1428 5516 domibus
1458 5461 1747 5533 superbus
1774 5461 1880 5527 vir,

415 5548 616 5618 Neque
648 5544 922 5617 iniquum
954 5547 1056 5618 qui
1078 5549 1342 5620 loquitur
1356 5566 1624 5608 meorum
1657 5551 1718 5608 in
1739 5553 2062 5621 conspectu

1633 5635 1988 5704 [oculorum.

2166 1877 2426 1950 ’Ἀφθιτον
2459 1875 2667 1946 ἡμείων
2701 1877 2977 1950 ἀναείρατε
3011 1875 3400 1954 ΙΙαμϐασιλῆα,

2164 1961 2453 2036 Ἀχράντῳ
2485 1960 2540 2016 δέ
2574 1985 2664 2036 μιν
2693 1963 2804 2018 αἰὲν
2836 1964 2887 2018 ἐν
2921 1963 3076 2042 οὔρεϊ
3108 1968 3454 2043 γουνάζεσθε,

2165 2050 2371 2107 Οὕνεκα
2401 2050 2468 2121 δὴ
2499 2053 2634 2125 μετὰ
2661 2059 2819 2108 πᾶσιν
2853 2056 3014 2128 Ἀναξ
3066 2055 3333 2132 ἄχραντος
3366 2059 3597 2136 ἐτύχθη.

2750 2146 3055 2201 ΨΑΛΜΟΣ
3113 2147 3222 2224 ιβ’.

2271 2231 2436 2308 Ἀμφ’
2468 2231 2801 2306 ἐνενηκοστῷ
2829 2233 3035 2290 εἷ’νατον
3083 2237 3228 2310 ᾆσμα
3282 2240 3501 2297 κλυτόν.

2165 2325 2333 2393 Πᾶσα,
2370 2321 2726 2398 μεγακλήέντ⁹
2759 2321 3061 2397 ἀλαλάξατε
3092 2329 3355 2400 Ιιοιμένα,
3387 2331 3540 2404 γαίη,

2165 2411 2466 2474 Ἀθανὸὶτου
2499 2413 2785 2488 χαίροντες
2817 2414 2918 2468 ὑπὸ
2953 2415 3106 2488 ζυγὸν
3141 2415 3348 2492 αὐχένα
3379 2422 3550 2492 θέσθε,

2166 2499 2440 2555 Σπεύσατε
2465 2503 2762 2575 γηθόμενοι
2793 2503 2950 2557 θείων
2983 2506 3102 2559 κατ’
3134 2505 3373 2562 ἐναντίον
3405 2505 3597 2564 ὅσσων·

2163 2589 2336 2644 Αὐτὸν
2371 2589 2450 2644 ἀεὶ
2482 2589 2805 2666 πραπίδεσσι
2845 2595 3079 2662 νοήσατε
3112 2592 3498 2668 Παμϐασιλῆα.

2166 2679 2318 2745 Ζωήν
2353 2678 2512 2741 αὐτὸς
2545 2678 2722 2748 ἔτευξε
2744 2682 2988 2756 βροτοῖς,
3015 2682 3123 2758 οὐχ
3154 2686 3322 2757 ἡμέες
3353 2685 3522 2740 αὐτοίο

2166 2767 2333 2829 Αὐτὸς
2358 2764 2521 2839 ἔτευξ’
2551 2770 2744 2840 ἡμέας,
2781 2767 2895 2824 οὐδ’
2926 2773 3090 2844 ἡμεῖς
3123 2773 3303 2846 ἃρκιοί
3333 2774 3506 2845 ἐσμεν.

2163 2857 2355 2929 Ἡμεῖς
2385 2857 2500 2920 αὖθ’
2531 2854 2587 2912 ἕο
2621 2857 2750 2920 λαὸς
2793 2859 2936 2930 ὁμοῦ
2979 2861 3066 2914 καί
3117 2863 3398 2934 θρέμματα
3436 2865 3617 2931 ποίης.

2167 2947 2439 3002 Σπεύσατὲ
2471 2947 2812 3021 μελπόμενοι
2845 2951 2998 3013 θείων
3033 2947 3240 3012 ἔντοσθε
3269 2949 3510 3004 πυλάων·

2164 3037 2253 3092 Ἐν
2279 3033 2325 3090 δ’
2355 3035 2530 3110 αύΛῇς
2565 3037 2808 3107 Βασιλῆα
2837 3039 2962 3093 θεὸν
2994 3035 3335 3092 λιτανεύσατε
3369 3037 3581 3112 μολπῇ,

2164 3121 2382 3200 Οὕνομα
2415 3125 2658 3200 μέλψατε
2689 3133 2830 3191 θεῖον
2872 3127 2957 3181 ἐπὶ
2989 3125 3144 3201 χθονὶ
3206 3126 3463 3204 μείλιχον
3495 3127 3618 3182 αἱεί·

2161 3303 2474 3377 Νωλεμέως
2507 3303 2730 3376 ἐλεητὺν
2765 3305 2881 3360 ἐπεὶ
2917 3307 3050 3379 μετᾶ
3085 3309 3214 3360 πᾶσι
3246 3304 3528 3384 φυλάσσει,

2162 3487 2256 3542 Ἐκ
2283 3493 2470 3563 γενεῆς
2497 3487 2748 3561 γενεήνδε
2777 3486 2924 3564 φέρει
2957 3485 3268 3558 παναληθέα
3303 3485 3532 3561 βουλήν.

2763 3691 3063 3745 ΨΔΛΜΟΣ
3120 3693 3160 3742 Ρ
3182 3731 3196 3746 .

2375 3772 2602 3837 Δαυΐδος
2631 3777 2755 3847 ᾖσεν
2790 3774 2917 3848 ᾆσμ’
2953 3774 3239 3830 ἑκατοστὸν
3273 3773 3418 3831 τόδε.

2161 3863 2254 3920 Είν
2291 3864 2367 3919 ὲνί
2394 3885 2477 3919 σοι
2509 3866 2728 3933 ποινὴν,
2763 3863 3019 3934 Βασιλεῢ,
3053 3862 3202 3920 ἔλεόν
3233 3866 3282 3920 τ’
3317 3866 3632 3940 ἀναμέλψω.

2163 3959 2458 4028 Φορμιζων
2493 3953 2730 4026 ξυνίοιμι
2762 3953 3096 4026 ἀμωμήτως
3123 3953 3175 4008 ἐν
3198 3955 3483 4027 ἀταρποῖς.

2163 4041 2430 4119 Δέγμενος
2463 4042 2680 4098 ὁππόπε
2711 4039 2776 4113 δή
2817 4064 2915 4115 μοι
2949 4043 3185 4121 ἀφίξεαι,
3217 4041 3405 4122 ἇφθιτε
3428 4045 3668 4117 Ποιμήν.

2163 4223 2331 4299 Ἀμφ’
2360 4221 2775 4300 ἀγανοφροσύνῃ
2809 4219 2898 4277 διὰ
2938 4219 3191 4296 δώματος
3219 4221 3316 4290 ἤια
3349 4223 3567 4294 μέσσου,

2162 4311 2331 4368 Οὐδὲν
2353 4311 2578 4384 πάμπαν
2612 4310 2846 4386 ἄθεσμον
2877 4311 2928 4366 ἐν
2959 4311 3292 4390 ὀφθαλμοῖσι
3325 4309 3586 4380 δοκεύων,

2163 4399 2326 4459 Ἀλλ’
2356 4400 2433 4456 ἔτι
2462 4403 2551 4457 καὶ
2582 4404 2822 4476 στυγέων
2867 4400 3206 4474 ἀλιτήμονας
3243 4396 3597 4475 ὑϐριστῆρας.

2165 4489 2429 4548 Οὐδέποτ’
2461 4489 2922 4564 ἀλλοπρόσαλλος
2952 4490 3076 4562 ἐμοὶ
3104 4490 3276 4563 πάρος
3319 4487 3518 4557 ἥνδανε
3553 4496 3738 4562 μῆτις.

2167 4585 2341 4655 Φεῦγε
2377 4581 2471 4655 μὲν
2506 4581 2652 4644 arva;
2671 4577 2816 4654 ὅφις,
2853 4577 3093 4653 δολερῶν
3131 4577 3174 4632 δ’
3208 4575 3443 4649 ἀδάητος
3478 4578 3736 4653 ἔμιμνον.

2166 4760 2306 4822 Οὗας
2334 4758 2463 4832 ἐμὸν
2498 4761 2771 4834 πέφρακτο
2794 4758 3218 4832 κακηγορέοντος
3247 4757 3492 4814 ἀκοῦσαι·

2167 4850 2271 4906 Οἴα
2299 4845 2355 4902 δὲ
2387 4847 2708 4924 λυμαντῆρα
2739 4845 2913 4926 φίλων
2948 4845 3175 4902 ἐδίωκον
3205 4847 3453 4924 ἑταίρων.

2170 5024 2468 5099 Ἀπλήστῳ
2499 5025 2692 5102 κραδίῃ
2721 5027 2810 5082 καὶ
2843 5026 3258 5106 ὑπερφιάλοισιν
3291 5026 3540 5090 ὁπωπαῖς

2170 5115 2284 5174 Οὐκ
2313 5115 2498 5172 ἔθέλον
2530 5119 2676 5191 παρὰ
2707 5114 2847 5171 δαιτὶ
2881 5117 3040 5194 φίλος
3069 5119 3158 5172 καὶ
3189 5113 3441 5190 ὁμέστιος
3470 5117 3620 5173 εἶναί.

2168 5203 2451 5281 Ἀνδράσιν
2480 5206 2616 5285 ἀμφ’
2647 5208 2877 5262 ὁσίοισιν
2902 5206 3027 5279 ἐμαὶ
3056 5207 3328 5271 ἐτάνυσθεν
3361 5204 3602 5275 ὀπωπαὶ,

2170 5297 2345 5351 Ξυνὸν
2375 5296 2522 5358 ὅπως
2558 5317 2652 5369 μοι
2685 5298 2861 5352 θῶκον
2892 5297 2986 5369 ἅμ’
3017 5294 3334 5370 ἑδριόωντες
3365 5294 3565 5372 ἔχοιεν.

2172 5388 2441 5462 Δρηστῆρ’
2474 5387 2793 5462 ἀτραπιτοῖς
2823 5389 2869 5441 θ’
2903 5386 3074 5451 ὁσίοις
3107 5386 3488 5460 μεμελημένον
3513 5389 3688 5463 εἶχον,

2171 5473 2311 5533 Οὐδέ
2343 5496 2438 5549 μοι
2470 5474 2738 5532 ένναίεσκε
2769 5474 2961 5549 δόμοις
2997 5477 3338 5555 ὑπερήφανος
3372 5476 3529 5551 ἀνὴρ.

2171 5562 2304 5622 Οὐδ’
2345 5561 2529 5620 ἄδικον
2564 5563 2778 5623 λαλέων
2817 5587 2915 5640 μευ
2947 5564 3183 5622 ἐναντίον
3216 5565 3416 5637 ἤλυθεν
3449 5562 3643 5622 ὅσσων.
