4120 6262
381 337 540 400 1469

382 468 586 532 Παῖδας
622 465 884 526 Ἰακώϐου
914 467 1356 544 προλελεγμένον
1390 466 1573 544 εὕρετο
1606 469 1760 526 λαόν.

386 559 554 620 Αὐτὸς
585 560 745 629 ’Ἃναξ
780 559 912 632 μετὰ
943 563 1071 612 πᾶσι
1112 555 1455 628 δικαιοσύνην
1489 559 1780 636 ἀναφαίνει·

383 651 692 723 Νωλεμέως
723 650 992 725 σφετέρων
1037 651 1314 723 σμνήσατο
1348 650 1691 718 συνθεσιάων,

384 741 562 799 Μῦθόν
596 743 643 794 θ’
676 742 733 795 δν
767 743 951 815 γενεῇς
986 738 1288 795 ἐνετείλατο
1322 737 1654 815 χιλιάδεσσι,

385 923 482 979 Ὂν
521 921 747 994 μεμαὼς
775 921 1085 975 κατένευσεν
1116 919 1186 992 ἐῷ
1216 921 1386 996 πάρος
1417 915 1732 994 ’Ᾱϐραάμῳ,

387 1009 616 1082 Ἰσαάκῳ
637 1011 925 1083 θεράποντι
956 1009 1104 1086 φίλῳ
1139 1011 1303 1083 μέγαν
1338 1010 1497 1082 ὅρκον
1530 1009 1758 1082 ὀμόσσαι
1791 1010 2024 1084 (96-97),

380 1106 477 1158 ’Όν
509 1101 636 1172 πρὶν
674 1094 921 1172 Ἰακώϐῳ
952 1120 1159 1171 πινυτῳ
1191 1099 1406 1168 θέσπιζε
1432 1098 1703 1154 τελέσσαι.

383 1188 671 1258 Συνθεσίην
707 1188 963 1243 ἀλίαστον
1001 1187 1267 1262 ὑπέσχετο
1301 1184 1347 1242 δ’
1377 1186 1668 1262 Ἰσραήλῳ,

382 1282 544 1333 Γαῖαν
575 1275 713 1346 ὅλην
749 1273 973 1348 δόμεναί
1005 1277 1061 1330 οἱ
1095 1275 1473 1352 ὑποσχόμενος
1503 1276 1826 1350 Χαναάμου,

381 1368 673 1442 Ὑμετέρου
706 1363 1071 1443 διαμετρήσας
1105 1367 1474 1440 σχοννίσματα
1503 1365 1734 1439 κλήρου.

386 1460 512 1515 Τῶν
547 1454 594 1512 δ’
626 1453 906 1532 ὀλίγιστος
937 1457 1169 1530 ἀριθμὸς
1201 1451 1318 1528 ἔην,
1351 1455 1535 1530 ὀλίγοι
1569 1454 1615 1510 δ’
1645 1452 1766 1511 ἔσαν
1801 1455 1974 1516 αὐτοί.

377 1639 544 1707 Γαίης
576 1641 908 1700 ναιετάοντες
937 1637 1018 1691 ἐπ’
1050 1635 1349 1710 ἀλλοτρίης
1384 1635 1724 1709 μετανάσται.

378 1726 658 1790 Πολλάκις
679 1726 729 1799 ἐξ
761 1726 971 1800 ἐτέροιο
1007 1729 1328 1801 μετέστιχον
1359 1725 1536 1789 ἔθνεος
1565 1722 1712 1788 ἔθνος

376 1818 474 1872 Ἐκ
502 1814 546 1871 δ’
580 1816 682 1893 ἄρα
711 1815 997 1884 κοιρανίης
1030 1815 1159 1870 λαὸν
1197 1815 1480 1889 μετείαθον
1514 1814 1710 1875 ἄλλον.

380 1994 582 2055 Οὕτινα
613 1996 781 2052 σίντιν
815 1995 995 2051 ἔασσεν
1027 1995 1112 2051 ἐπὶ
1143 1996 1290 2072 σφίσι
1322 2002 1483 2071 χεῖρα
1511 1995 1793 2072 κορύσσαι.

375 2085 529 2143 Ἀλλ’
559 2081 636 2142 ἔτι
667 2084 829 2141 τῶνδ’
862 2085 1128 2158 ἐδάμασσε
1162 2087 1322 2161 χάριν
1359 2085 1626 2155 Βασιλῆας
1658 2086 1927 2162 ἐλέγχων.

374 2176 610 2250 ’1σχεσθ⁹
637 2174 916 2244 ἀντιθέων,
949 2173 1002 2228 τί
1031 2173 1092 2228 νύ
1127 2195 1226 2246 μευ
1253 2173 1448 2237 σίνεσθ¹
1482 2174 1762 2250 ὑποφήτας
1787 2196 1800 2246 ;

376 2354 577 2430 Πικρὸν
612 2353 934 2427 λυμαντῆρα
962 2348 1262 2408 καλέσσατο
1296 2353 1460 2427 λιμὸν
1495 2355 1755 2430 ἀρούρης·

375 2438 665 2520 Εὐφόρϐου
699 2443 902 2516 ξυνέαξε
937 2443 1060 2519 βίην
1094 2442 1347 2518 φυσίζοον
1383 2445 1571 2512 ἀκτῆς.

375 2537 491 2588 Τῶν
521 2530 567 2587 δ’
598 2533 794 2608 ἀγανὸν
827 2537 1152 2608 προῦπεμψε
1183 2533 1450 2611 σαόφρονα
1478 2532 1816 2606 κηδεμονῆα,

372 2622 640 2692 Ἰώσηπός
671 2644 750 2690 τε,
780 2624 959 2695 ’¹Αναξ,
995 2621 1296 2678 ὑπεδύσατο
1329 2621 1549 2678 δούλιον
1579 2625 1750 2698 ἦμαρ.

371 2713 441 2766 Ἀ
471 2713 483 2767 ί
515 2712 638 2767 τότε
668 2717 782 2773 πῶς
819 2713 1106 2787 μογέεσκεν
1139 2711 1542 2788 ἀλυκτοπέδῃσι
1571 2697 1826 2784 πεδηθείς
1855 2735 1868 2785 ;

374 2805 497 2863 Πῶς
527 2797 584 2854 δὲ
613 2799 940 2873 πιεζομένην
971 2797 1200 2874 κραδίην
1235 2798 1473 2873 δέδμητο
1501 2799 1750 2877 σιδήρῳ;

373 2889 595 2945 Είσόκεν
627 2885 822 2945 ἔλπετο
852 2894 1028 2952 κεῖνος
1062 2890 1162 2943 ἑῶν
1193 2889 1351 2952 τέλος
1381 2889 1570 2955 ἐσθλὸν
1605 2891 1849 2967 ὀνείρων.

373 3068 548 3131 Αὐτὸς
579 3069 661 3124 ἑὸν
691 3069 987 3144 θεράποντα
1019 3069 1376 3145 Μακάρτατος
1404 3068 1596 3148 ἔφλεγε
1625 3071 1797 3146 μύθῳ.

371 3161 464 3216 Ἐκ
494 3157 704 3231 δεσμῶν
742 3182 830 3232 μιν
867 3158 1054 3214 ἔλυσεν
1087 3160 1211 3231 ἅναξ
1244 3159 1468 3218 Νείλοιο
1499 3161 1778 3226 κελεύσας·

367 3248 611 3324 Ἠγητήρ
645 3247 792 3304 λαῶν
823 3248 1082 3326 σφετέρης
1116 3251 1373 3322 μεθέηκεν
1406 3251 1666 3326 ἀνάγκης,

367 3339 524 3393 Οἶκον
561 3338 849 3412 ἐπιτρέψας
884 3339 986 3393 ὑπὸ
1015 3339 1235 3412 νεύματι
1266 3344 1383 3394 τοῖο
1416 3340 1688 3416 φέρεσθαι,

362 3429 469 3482 Καί
511 3449 599 3501 μιν
629 3427 912 3504 κοιρανίης
942 3423 1090 3482 ἔθετο
1120 3428 1317 3484 κλυτὸν
1350 3430 1627 3504 ἠγητῆρα·

364 3518 545 3594 Ὅφρα
575 3538 662 3572 κεν
697 3520 805 3573 οἷσι
837 3516 1031 3590 νόμοις
1060 3519 1389 3593 προμάχους
1421 3518 1648 3575 Νείλοιο
1681 3519 1890 3597 διδάξῃ,

365 3606 467 3664 Καί
493 3627 666 3685 σφεων
700 3604 1070 3683 πρεσϐυτάτην
1103 3610 1332 3678 πινυτήν
1362 3608 1562 3679 τεύξειε
1585 3611 1862 3685 γενέθλην.

363 3786 555 3849 ’Ένθεν
589 3786 674 3861 ἄρ’
704 3784 990 3860 Ἰσραῆλος
1022 3785 1103 3840 ἐπ’
1134 3787 1434 3863 Αἰγυπτίην
1473 3787 1611 3861 μόλε
1638 3796 1793 3864 γαῖαν

366 3879 568 3947 Χαμοῦ
601 3873 646 3930 δ’
673 3871 931 3939 Ἰάκωϐος
966 3876 1207 3952 ἀγακλέα
1231 3879 1464 3932 νάσσατο
1496 3878 1710 3956 χώρην,

363 3965 542 4041 Αὐτὰρ
569 3965 726 4036 Ἀναξ
754 3963 812 4020 ’έο
840 3965 970 4021 λαὸν
1001 3965 1287 4039 άνηέξησεν
1320 3967 1546 4042 ἀγητὸν,

366 4055 464 4110 Καί
497 4077 586 4128 μιν
622 4051 924 4127 δυσμενέων
954 4053 1101 4119 ἔθετο
1133 4058 1539 4132 κρατερώτατον
1574 4061 1730 4118 εἶναι.

366 4145 432 4202 Οἳ
465 4142 509 4199 δ’
543 4141 644 4218 ἄρα
675 4143 991 4217 λυμήναντο
1024 4143 1188 4200 πάλιν
1220 4146 1508 4221 θεοτερπέα
1538 4145 1738 4222 δῆμον,

363 4325 532 4381 Ἠθεα
565 4323 922 4388 θεσπεσίοισιν
955 4322 1349 4395 ἐπαλλάξαντες
1381 4323 1571 4390 ἐοίθις.

367 4417 494 4476 Τοῖς
550 4411 608 4468 δὲ
661 4415 790 4476 Θεὸς
838 4412 1136 4486 θεράποντα
1192 4411 1512 4492 πολύφρονα
1588 4417 1790 4473 Μωσέα
1867 4418 2006 4494 πέμ.

1785 4509 1931 4580 [ψαςτ

365 4593 637 4657 Ἀντίθεόν
669 4594 716 4648 τ’
750 4595 995 4670 ’Λαρῶνα
1029 4593 1086 4656 ὅς
1109 4594 1160 4648 οἳ
1191 4590 1634 4669 προλελεγμένος
1665 4595 1783 4665 ἦεν,

370 4687 524 4742 Οἷσιν
559 4684 903 4759 ἀριπρεπέως
931 4684 1298 4759 παρακάτθετο
1331 4685 1550 4756 σήματα
1584 4685 1797 4760 βουλῆς

364 4773 471 4828 Καὶ
499 4773 706 4846 τεράων
736 4777 950 4844 Χαμοῖο
987 4773 1108 4848 βίην
1139 4774 1273 4827 κατά
1301 4779 1456 4848 γαῖαν
1482 4769 1692 4830 ἄνυσσε.

363 4868 426 4885 ,ιη
499 4863 508 4879 ν
545 4858 570 4879 ν
898 4863 908 4880 ν
1089 4863 1101 4882 ε
1153 4863 1168 4880 κ
1437 4859 1483 4882 IN
1610 4867 1632 4878 υ

391 4863 490 4916 ίινθ
542 4883 746 4938 ορφνην
780 4882 1045 4935 προέηκεν
1083 4883 1211 4936 υπερ
1246 4861 1518 4916 Νειλωιοα
1539 4881 1716 4937 γαιαν·

360 4952 426 5010 Οἱ
459 4948 508 5005 δ’
537 4949 708 5005 ἐπέων
747 4949 1006 5027 βούλευον
1032 4949 1238 5005 ἐναντία
1271 4950 1434 5022 πικρά
1465 4956 1645 5008 Θεοῖο.

360 5043 548 5096 Τοἷσιν
577 5036 724 5112 ὓδωρ
757 5037 966 5112 ἔτρεψε,
997 5036 1278 5116 δαφοινεὸν
1311 5041 1448 5110 αἷμα
1477 5037 1754 5110 τελέσσας,

360 5130 576 5203 Ἰχθύας
607 5129 670 5182 αὗ
701 5129 996 5206 κατέπεφνε
1027 5122 1415 5203 μελαμϐαφέος
1447 5133 1743 5200 ποταμοῖο.

363 5222 517 5282 Χθὼν
553 5216 963 5294 ὑδατοτραφέων
1001 5216 1289 5293 βατράχων
1324 5216 1564 5272 ἀνέτειλε
1592 5217 1868 5294 γενέθλην·

363 5309 582 5378 Δώμασι
618 5309 986 5381 θωρήχθησαν
1016 5305 1329 5381 ἐρισθενέων
1369 5307 1673 5382 βασιλήιον.

362 5395 495 5450 Εἶπε
528 5393 605 5462 δὲ,
636 5396 725 5450 καὶ
758 5396 1028 5467 κυνόμυια
1059 5397 1345 5472 μετέστιχε
1376 5394 1585 5470 δώματ’
1617 5396 1868 5470 ἄνακτος,

361 5483 461 5542 Καὶ
493 5490 710 5563 σκνῖφες
743 5482 1023 5561 διέπερθον
1059 5484 1196 5556 ὅλης
1227 5484 1400 5542 κλυτᾶ
1427 5485 1653 5562 δώματα
1679 5488 1860 5563 γαίης.

435 5722 658 5796 (96-97)
686 5721 976 5799 Ὀμόσσαι.
1009 5723 1203 5796 Forte,
1237 5722 1499 5800 ὀμόσσας.
1529 5728 1682 5786 Emr.

1487 336 2124 398 INTERPRETATIO
2167 338 2246 398 IN
2294 338 2679 398 PSALTEM.

3631 338 3789 398 1470

2058 473 2112 538 Α
2144 472 2321 528 Filios
2351 473 2548 528 Jacobi
2583 473 2836 527 electum
2868 473 3092 526 invenit
3121 471 3427 544 populum.

2135 562 2265 632 Ipse
2308 561 2426 616 Rex
2457 561 2517 616 in
2550 562 2827 616 omnibus
2850 562 3148 632 justitiam
3181 560 3462 615 ostendit.

2137 652 2426 722 Perpetuo
2460 669 2704 706 suorum
2740 652 3084 706 recordatus
3117 657 3207 706 est
3235 656 3567 723 pactorum,

2136 741 2512 812 Verbumque
2544 741 2703 812 quod
2733 741 3218 814 generationibus
3250 739 3551 796 mandavit
3588 739 3781 794 mille-

3569 830 3708 900 [nis,

2132 920 2294 984 Quod
2327 921 2572 992 cupiens
2603 922 2817 976 annuit
2846 938 2949 976 suo
2983 927 3160 976 antea
3188 921 3544 990 Abrahamo,

2135 1009 2334 1065 lsaaco
2363 1011 2586 1066 famulo
2609 1013 2788 1067 charo
2811 1028 3091 1083 magnum
3110 1012 3520 1082 juramentum
3541 1011 3776 1081 jurans,

2130 1099 2293 1163 Quod
2325 1106 2498 1155 antea
2528 1102 2742 1156 Jacobo
2775 1101 3051 1172 prudenti
3083 1102 3364 1172 praecepit
3394 1101 3702 1171 perficere,

2132 1188 2338 1243 Foedus
2373 1189 2741 1244 immutabile
2775 1189 3074 1261 pollicitus
3107 1194 3196 1244 est
3216 1206 3351 1244 vero
3383 1188 3607 1256 Israeli,

2129 1276 2370 1333 Terram
2407 1284 2585 1334 totam
2619 1279 2758 1334 dare
2791 1280 2840 1334 ei
2876 1279 3228 1350 promittens
3260 1278 3600 1347 Chananazi,

2132 1366 2350 1422 Vestra;
2380 1367 2695 1424 dimetiens
2726 1368 3024 1423 funiculos
3055 1369 3251 1423 sortis.

2132 1456 2350 1511 Horum
2382 1473 2516 1512 vero
2549 1458 2944 1530 paucissimus
2975 1474 3260 1513 numerus
3282 1463 3427 1523 erat,
3452 1458 3622 1529 pauci
3645 1474 3779 1513 vero

3351 1549 3544 1618 [erant
3571 1548 3702 1618 ipsi.

2127 1637 2304 1692 Terra
2331 1637 2670 1694 habitantes
2701 1639 2762 1693 in
2795 1638 2991 1694 aliena
3020 1638 3346 1709 inquillini,

2129 1727 2291 1797 Saape
2324 1727 2394 1782 de
2427 1728 2544 1783 alia
2577 1729 2912 1783 transibant
2939 1735 3112 1800 gente
3139 1728 3201 1782 in
3232 1733 3467 1800 gentem
3494 1745 3506 1781 :

2054 1849 2100 1914 Β
2133 1817 2212 1870 De
2244 1823 2444 1872 autem
2475 1818 2680 1889 utique
2714 1834 2893 1890 regno
2925 1818 3210 1890 populum
3253 1817 3658 1888 sequebantur
3688 1817 3776 1872 al-

3464 1912 3482 1975 Ῐ
3488 1912 3701 1962 terum.

2125 1997 2365 2051 Nullum
2396 2002 2706 2052 nocentem
2731 1997 3002 2068 permisit
3023 1997 3086 2050 in
3109 2012 3209 2050 eos
3231 2012 3474 2051 manum
3505 2013 3737 2051 armare
3763 2012 3778 2052 :

2127 2085 2238 2140 Sed
2269 2087 2462 2142 adhuc
2494 2087 2706 2141 horum
2723 2086 2952 2141 domuit
2971 2086 3220 2158 gratiam
3242 2102 3409 2157 reges
3425 2086 3774 2157 corripiens.

2125 2175 2434 2231 Continete
2464 2193 2564 2230 vos
2601 2176 2672 2231 ab
2705 2175 2903 2247 impiis
2934 2193 2946 2230 :
2981 2176 3125 2246 quid
3157 2192 3321 2230 meos
3353 2175 3614 2247 afﬂigitis
3636 2194 3775 2246 pro-

3421 2265 3654 2335 [phetas
3674 2264 3701 2318 ?

2123 2353 2411 2410 Acerbam
2440 2357 2815 2412 vastatricem
2845 2356 3068 2411 vocavit
3098 2354 3318 2411 famem
3346 2358 3538 2421 terrae,

2120 2442 2356 2513 Copiosi
2388 2443 2675 2515 confregit
2703 2444 2818 2497 vim
2849 2443 3136 2497 viviticam
3169 2441 3306 2496 cibi.

2121 2533 2271 2585 Ante
2289 2549 2390 2586 eos
2411 2548 2548 2587 vero
2572 2538 2949 2586 mansuetum
2971 2530 3136 2585 misit
3160 2535 3386 2585 castum
3409 2533 3764 2598 curatorem,
3815 2557 3826 2565 -

2119 2621 2549 2692 Josephusque,
2584 2622 2722 2689 Rex,
2754 2621 2970 2676 subivit
2994 2620 3272 2674 servilem
3303 2619 3481 2674 diem.

2121 2711 2211 2765 Ah
2243 2710 2255 2764 ί
2279 2717 2417 2766 tunc
2439 2729 2553 2782 quo
2573 2717 2743 2783 pacto
2763 2711 3072 2766 laborabat
3091 2709 3476 2781 compedibus
3498 2711 3726 2766 vinctus
3743 2710 3770 2764 ?

2120 2803 2242 2867 Quo
2265 2810 2434 2874 pacto
2468 2786 2601 2858 vero
2627 2821 2978 2875 oppressum
3009 2820 3110 2858 cor
3141 2804 3400 2857 vinctum
3424 2802 3766 2856 eratferro?

2121 2892 2315 2947 Donec
2345 2894 2620 2964 sperabat
2647 2893 2749 2947 ille
2782 2910 3022 2948 suorum
3056 2893 3236 2946 finem
3259 2892 3482 2946 bonum
3504 2891 3763 2945 somnio-

3513 2980 3688 3051 [rum.

2116 3074 2246 3144 Ipse
2262 3089 2434 3128 suum
2450 3074 2736 3129 famulum
2752 3073 3134 3128 Beatissimus
3153 3072 3545 3127 inﬂammavit
3564 3071 3765 3127 verbo.

2120 3165 2199 3218 De
2230 3163 2486 3219 vinculis
2518 3180 2652 3218 eum
2685 3164 2857 3219 solvit
2884 3180 2986 3218 rex
3020 3163 3132 3217 Nili
3152 3163 3392 3234 jubens,

2038 3227 2080 3293 Ο
2123 3252 2407 3323 Princeps
2437 3253 2794 3324 populorum
2826 3269 2932 3308 sua
2961 3227 3190 3307 dimisit
3219 3227 3596 3320 necessitate,

2124 3345 2374 3396 Domum
2406 3343 2783 3397 committens
2814 3342 2921 3397 sub
2953 3347 3101 3396 nutu
3131 3343 3262 3414 ejus
3283 3341 3622 3414 gubernari,

2122 3430 2190 3482 Et
2221 3445 2355 3484 eum
2388 3431 2551 3502 regni
2582 3431 2780 3502 posuit
2807 3429 3096 3501 inclytum
3136 3430 3345 3485 ducem
3371 3447 3384 3484 :

2123 3519 2197 3573 Ut
2227 3519 2350 3574 suis
2380 3519 2609 3592 legibus
2640 3521 2940 3591 principes
2971 3519 3082 3575 Nili
3114 3518 3397 3586 erudiret,

2121 3608 2193 3661 Et
2223 3623 2426 3663 eorum
2459 3610 2940 3679 antiquissimam
2970 3609 3325 3681 prudentem
3355 3609 3577 3664 faceret
3596 3625 3767 3680 gene-

3357 3697 3692 3766 [rationem.

2120 3785 2264 3841 Inde
2289 3787 2472 3842 Israel
2503 3789 2563 3843 in
2603 3790 3000 3862 Egyptiacam
3032 3789 3192 3843 venit
3223 3793 3461 3855 terram,

2121 3877 2324 3932 Chami
2347 3895 2480 3934 vero
2501 3880 2750 3935 Jacobus
2782 3881 3097 3953 gloriosam
3127 3878 3412 3934 habitavit
3439 3877 3762 3949 regionem.

2120 3968 2409 4023 Caeterum
2440 3971 2560 4024 Rex
2590 3987 2762 4026 suum
2796 3969 3081 4042 populum
3111 3969 3273 4024 auxit
3301 3967 3673 4034 mirabiliter,

2120 4059 2189 4111 Et
2217 4075 2353 4113 eum
2383 4059 2760 4116 inimicorum
2793 4060 2988 4132 posuit
3014 4058 3445 4114 validissimum
3467 4074 3620 4112 esse.

2118 4148 2235 4218 Ipsi
2267 4166 2401 4204 vero
2432 4150 2639 4222 utique
2697 4150 3036 4205 afﬂixerunt
3083 4165 3319 4204 rursum
3368 4148 3485 4202 Deo
3533 4151 3762 4218 gratum

3357 4236 3688 4308 [populum,

2119 4330 2309 4384 Mores
2339 4330 2554 4385 divinis
2583 4335 2998 4402 permutarunt
3027 4329 3286 4384 famulis.

2116 4413 2268 4487 Ipsis
2300 4420 2454 4474 Deus
2485 4419 2774 4474 famulum
2807 4419 3158 4490 prudentem
3190 4419 3407 4472 Mosem
3440 4418 3703 4483 mittens,

2037 4592 2080 4656 D
2114 4598 2506 4670 Divinumque
2533 4601 2847 4667 Aaronem,
2881 4599 2982 4670 qui
3014 4598 3125 4670 ipsi
3157 4598 3380 4654 eiectus
3407 4597 3584 4668 erat,j

2114 4687 2241 4742 Illis
2273 4687 2484 4744 decore
2517 4689 2818 4745 commisit
2847 4690 3014 4762 signa
3038 4689 3296 4755 consilii,

2115 4775 2184 4830 Et
2213 4777 2616 4850 prodigiorum
2647 4779 2852 4834 Cbami
2886 4779 3001 4832 vim
3033 4777 3094 4832 in
3128 4782 3282 4832 terra
3311 4776 3580 4848 perfecit.

2115 4866 2258 4923 Inde
2288 4867 2602 4940 caliginem
2637 4869 2800 4922 misit
2828 4884 3007 4939 super
3035 4869 3318 4923 Niliacam
3352 4873 3571 4922 terram
3604 4881 3617 4920 :

2112 4957 2228 5028 Ipsi
2242 4974 2376 5012 vero
2390 4957 2700 5012 verborum
2715 4957 3114 5012 moliebantur
3125 4957 3427 5012 contraria
3439 4955 3650 5011 acerba
3664 4953 3761 5008 Dei

2113 5046 2262 5116 Ipsis
2277 5063 2487 5116 aquam
2506 5049 2796 5102 convertit
2814 5048 3117 5104 funestum
3142 5048 3493 5120 sanguinem
3513 5045 3763 5110 faciens,

2113 5135 2310 5188 Pisces
2338 5152 2573 5189 rursum
2601 5136 2816 5191 occidit
2845 5138 3192 5209 nigricantis
3225 5137 3511 5192 ﬂuminis.

2113 5225 2291 5278 Terra
2307 5240 2475 5293 aquaa
2489 5224 2865 5280 alumnarum
2881 5243 3161 5282 ranarum
3185 5227 3452 5281 ebullivit
3465 5225 3762 5281 sobolem:

2115 5313 2398 5367 Domibus
2430 5319 2672 5368 armata)
2702 5321 2872 5369 erant
2901 5321 3336 5387 praepotentum
3369 5334 3592 5380 regum.

2115 5401 2270 5456 Dixit
2296 5417 2451 5468 vero,
2487 5407 2545 5456 et
2564 5418 2772 5457 musca
2801 5404 3018 5458 canina
3048 5405 3261 5460 invasit
3290 5406 3500 5461 domos
3533 5407 3706 5478 regis,

2112 5491 2506 5564 Etscyniphes
2519 5490 2631 5547 diri
2638 5494 3352 5567 puerunttotiusinclytas
3364 5497 3556 5552 domos
3569 5503 3760 5552 terra).
