4120 6262
327 391 488 455 1473

326 525 389 579 Oi
423 520 481 578 δὲ
511 521 645 583 τέως
674 519 925 574 ἐπίθοντο
955 518 1090 570 Θεοῦ
1119 513 1351 588 ζωαρκέϊ
1383 513 1560 586 μύθῳ,

326 614 430 671 Καί
465 613 517 666 οἱ
547 609 752 666 αίνετὸν
783 606 953 680 ὕμνον
986 602 1375 680 ἐπευφήμησαν
1410 601 1647 666 ἀοιδαῖς.

327 699 524 764 Μύθων
561 695 606 752 δ’
639 695 954 766 ἐξελάθοντο
987 697 1126 756 θοῶς
1159 694 1504 770 στρεφθέντες
1532 692 1824 756 νΔνακτος,

330 786 557 856 Βουλὴν
591 784 638 840 δ’
669 785 964 839 ἀθανάτοιο
997 779 1350 854 διεψεύσαντο
1383 785 1566 837 Θεοῖο.

323 879 544 950 Ἵμερον
574 874 854 948 ἱμείροντο
884 873 1049 926 κακὸν
1086 870 1219 925 κατά
1244 874 1428 944 χῶρον
1462 869 1694 943 ἐρήμου,

333 968 424 1024 Ἐν
458 961 676 1036 δαπέδῳ
710 961 985 1030 Βασιλῆος
1018 959 1382 1034 ἐπειρήθησαν
1414 956 1650 1034 ἀνύδρῳ·

332 1053 514 1110 Ἀλλά
544 1052 634 1108 καὶ
667 1051 740 1114 ὥς
774 1057 1056 1127 σφετέροιο
1088 1049 1254 1103 πόθον
1288 1047 1574 1120 δωρήσατο
1606 1051 1804 1119 θυμοῦ,

337 1143 703 1216 Πλησάμενος
734 1137 928 1207 θαλίης
957 1135 1178 1214 κραδίας
1208 1138 1276 1206 ἦς
1305 1134 1505 1205 ἤθελον
1525 1136 1699 1192 αὐτοί.

335 1234 402 1293 Οἱ
435 1230 492 1288 δέ
516 1231 664 1305 κότῳ
695 1233 934 1300 Μωσῆος
954 1226 1114 1299 ἐνηέα
1143 1228 1314 1299 θυμὸν
1349 1223 1555 1302 ὅρινον,

337 1410 596 1484 Ἀντιθέῳ
622 1406 668 1463 δ’
701 1407 753 1463 ἐν
781 1411 942 1462 πᾶσιν
976 1403 1380 1481 έριδμαίνεσκον
1409 1407 1628 1478 Ἀρῶνι.

339 1501 574 1556 Δάθανον
605 1499 856 1554 κατέπιεν
887 1494 1105 1552 ἀναιδέα
1129 1501 1256 1570 γαῖα
1285 1500 1548 1572 χανοῦσα,

337 1596 517 1647 Πᾶσαν
551 1587 598 1644 δ’
628 1584 986 1664 ἀμφεκάλυψε
1014 1590 1182 1640 κακοῦ
1217 1584 1440 1656 κλισίην
1474 1579 1796 1660 Ἀὅιρῶνος,

335 1678 655 1755 Σφωιτέρας
683 1674 900 1739 κλισίας
926 1671 1281 1729 κατεϐόσκετο
1311 1673 1576 1747 καιομένη
1612 1672 1770 1750 φλὸξ,

343 1769 448 1826 Καὶ
479 1766 614 1844 φλὸξ
645 1764 934 1839 ἀμπλακίῃ
969 1763 1355 1837 μεμελημένον
1392 1761 1586 1840 ἐφλεγε
1614 1763 1770 1822 λαόν.

337 1859 426 1914 Ἐν
460 1853 505 1910 δ’
537 1853 640 1930 ἄρα
675 1852 932 1930 Χωρήὸῳ
961 1851 1255 1927 κεραέλκέα
1288 1852 1498 1927 μόσχον
1532 1851 1764 1922 ἔτευξαν,

339 1946 600 2008 Βίδώλου
631 1945 675 2001 δ’
709 1945 952 2002 ἐλίτοντο
989 1946 1162 2017 μάτην
1195 1964 1340 2019 παρα
1364 1943 1525 1998 ποσσὶ
1557 1945 1826 2006 πεσόντες.

342 2039 580 2109 Νήπιοιί
616 2038 667 2092 οἳ
709 2039 768 2091 τὸ
799 2038 1054 2110 πάροιθεν
1085 2035 1167 2089 ἐὸν
1200 2033 1361 2098 κλέος
1390 2031 1700 2104 ἠλλάξαντο

341 2129 556 2203 Μόσχῳ
601 2121 919 2202 φερϐομένῳ
951 2123 1132 2180 ξ’κελον
1169 2122 1434 2196 μελιηδέα
1459 2123 1645 2193 ποίην·

333 2217 544 2286 Ἀλκῆς
574 2215 620 2272 δ’
653 2214 971 2286 ἐξελάθοντο
1009 2211 1424 2286 μενεπτολέμου
1458 2211 1757 2282 Βασιλῆος,

338 2309 438 2369 "Oc
472 2305 597 2381 πρὶν
626 2303 678 2360 ἐν
709 2304 971 2381 Αἰγύπτῳ
999 2301 1225 2365 τελέσας
1253 2301 1602 2378 μεγαλαυχέα
1633 2298 1780 2375 ἔργα,

342 2397 554 2466 Θηητὸς
593 2389 832 2470 βεϐὀητο
868 2393 1206 2469 βαρύφρονος
1236 2391 1287 2445 ἐν
1324 2391 1484 2466 χθονὶ
1518 2390 1736 2464 Χάμου,

336 2482 556 2560 Τεύχων
591 2481 820 2555 δείματα
850 2485 978 2536 πᾶσι
1016 2483 1235 2556 βροτοῖς
1263 2481 1400 2535 χοὶτά
1452 2480 1648 2534 πόντον
1701 2481 1985 2555 Ἐρυθρόν.

337 2572 438 2630 Καί
464 2571 527 2627 νύ
554 2593 615 2627 κε
642 2573 844 2634 πάντας
876 2568 1120 2641 ὄλεσσεν,
1152 2569 1266 2626 ἐπεὶ
1325 2569 1461 2645 φάτο
1491 2571 1694 2632 πάντας
1746 2568 1986 2639 ὀλέσσαι,

343 2754 408 2812 Εἰ
437 2756 512 2828 μὴ
544 2754 899 2829 ἀριστοπόνος
932 2754 1178 2828 θεράπων
1209 2750 1379 2813 πέλας
1409 2747 1617 2824 ὤρνυτο
1651 2753 1881 2821 Μωσῆς,

339 2845 687 2917 Λισσόμενος
717 2841 980 2916 παλάμην
1009 2843 1099 2896 ἳνα
1133 2863 1222 2914 μιν
1258 2841 1506 2896 παύσειεν
1541 2840 1792 2917 ὀλέθρου.

343 2939 506 2988 Γαῖαν
538 2931 919 3007 ἀγακλήεσσαν
951 2925 1306 3001 ἐλωϐήσαντο
1336 2935 1605 2988 κακοῖσιν.

341 3019 486 3079 Οὐδέ
515 3023 638 3075 ποτ’
669 3019 920 3092 εύθέσμῳ
953 3021 1209 3091 Μάκαρος
1243 3017 1512 3088 θάρσησαν
1548 3017 1753 3092 ἀνωγῇ·

343 3108 528 3168 Ἀλλά
555 3109 646 3164 καὶ
676 3108 728 3164 ἐν
758 3103 1063 3183 καλύϐῃσιν
1096 3108 1177 3162 ἀεὶ
1208 3107 1500 3181 τρύζεσκον
1536 3106 1704 3180 ἑῇσιν·

345 3196 542 3258 Οὔασιν
572 3200 876 3274 ἠρνήσαντο
907 3201 1040 3252 Θεοῦ
1074 3196 1368 3260 λαλέοντος
1395 3197 1640 3251 ἀκοῦσαι.

345 3373 586 3435 Τοῧνεκα
617 3374 890 3449 δεξιτερήν
922 3373 1192 3436 Βααιλεὺς
1222 3376 1460 3448 θώρηξεν
1489 3374 1752 3435 ἀλεῖταις.

345 3468 555 3528 Πάντας
585 3467 678 3539 ἅμ’
711 3465 925 3538 ἱέμενος
961 3462 1175 3540 βαλέειν
1199 3464 1336 3519 κατά
1368 3468 1552 3539 χῶρον
1582 3463 1820 3538 ἐρήμου,

338 3557 552 3612 Ἔθνεσι
587 3553 632 3609 δ’
667 3551 1070 3609 ἀλλοδαποῖσιν
1104 3554 1190 3608 ἑὸν
1224 3551 1311 3607 διὰ
1342 3553 1512 3630 φῦλον
1547 3551 1791 3619 ὀλέσσαι,

345 3647 441 3700 Ἦὲ
470 3643 896 3716 πολυσπερέεσσι
933 3643 1068 3716 μετά
1097 3641 1347 3698 πολίεσσι
1377 3639 1652 3696 κεδάσσαι.

352 3735 415 3788 Οἱ
445 3731 502 3788 δὲ
533 3731 933 3810 Βεελφεγόμοιο
960 3731 1305 3806 μιαινόμενοι
1327 3731 1602 3803 τελετῇσι,

361 3825 650 3899 Νεστερίης
683 3823 948 3879 ἐπάσαντο
980 3822 1391 3900 καταφθιμένων
1420 3816 1754 3893 ἑκατόμϐης,

363 3912 736 3984 Μα7.λοσύνης
768 3909 1040 3988 ἐρέθοντες
1069 3912 1430 3986 ἐρωμανίησιν
1462 3913 1716 3968 ”Ανακτα.

361 4005 488 4064 Τοῖς
519 4003 566 4065 θ’
597 3995 751 4073 ὕϐρις
778 4003 1026 4055 Θανάτοιο
1057 4005 1191 4056 Θεοῦ
1219 4003 1339 4056 τέκε
1373 3999 1582 4075 μητέρα
1615 4006 1800 4072 μῆνιν.

365 4089 556 4152 Φινεὺς
592 4086 636 4144 δ’
670 4089 985 4165 εὐχωλῇσιν
1027 4089 1288 4145 ἱλάσσατο
1320 4086 1711 4164 Παμϐασιλῆα.

363 4185 559 4242 Κεῖνος
591 4180 686 4252 μέν
721 4177 988 4250 λιτάνευε,
1022 4178 1202 4242 λιταῖς
1232 4177 1276 4233 δ’
1312 4179 1612 4254 ὑπέχάζετο
1640 4178 1864 4250 λοιμός·

367 4269 571 4326 Μισθὸν
603 4266 649 4323 δ’
681 4265 924 4339 εύδικίης
955 4270 1130 4333 θεόθεν
1164 4265 1492 4343 ἀριδείκετον
1526 4269 1693 4344 εὗρεν,

369 4444 463 4500 Ἐκ
491 4447 680 4520 γενεῆς
707 4443 960 4522 γενεήνδε
991 4443 1284 4519 διαμπερὶν
1319 4441 1506 4517 ἤματα
1534 4444 1724 4501 πάντα.

367 4535 739 4610 Ἀμφήριστον
774 4533 944 4610 ὕδωρ,
982 4534 1044 4589 σὺ
1077 4532 1120 4588 δ’
1150 4533 1428 4588 ἐπίστασαι
1463 4532 1536 4595 ὥς
1572 4555 1661 4606 μιν
1696 4531 1904 4609 ὅριναν,

361 4713 451 4775 Ὠς
484 4714 692 4778 Μωσῆς
723 4711 886 4788 ὀδύνῃ
911 4715 1291 4787 κεκακωμένος
1321 4713 1414 4782 ἦεν
1447 4711 1708 4787 ἀλιτρῶν,

360 4804 483 4861 Αἱέν
514 4803 859 4878 τρυχόμενος
890 4801 1117 4874 κραδίην
1151 4807 1406 4880 πικρῇσιν
1438 4803 1636 4871 ἀνίαις,

357 4895 452 4956 "Oc
486 4892 551 4970 ῥα
581 4892 670 4946 καὶ
703 4891 800 4948 οὐκ
829 4892 1031 4956 ἐθέλων
1065 4895 1340 4968 προτέρην
1374 4892 1635 4966 ἐψεύσατο
1668 4891 1869 4950 πίστιν.

361 4982 559 5044 ’Ἑθνεα
585 4981 689 5056 γὰρ
725 4981 977 5056 ῥύσαντο,
1003 4982 1171 5058 τάπερ
1195 4983 1372 5058 σφίσιν
1407 4983 1548 5037 εἶπεν
1580 4980 1819 5036 ὀλέσσαι.

363 5075 491 5134 Τοῖς
526 5069 572 5126 δ’
603 5072 1048 5147 ἐπιμιγνύμενοι,
1081 5072 1364 5145 ἀθεμίστια
1400 5074 1668 5146 μάγθανον
1699 5070 1850 5146 ἔργα,

361 5160 580 5237 Αύγένα
606 5163 653 5216 τ’
687 5160 996 5218 εἰδώλοισιν
1025 5163 1112 5217 ὑπ’
1145 5162 1438 5238 ἀψύχοισιν
1471 5157 1673 5224 ἔθεντο·

363 5248 491 5309 οὐδ’
523 5249 627 5327 ἄρα
650 5255 757 5306 τῶν
789 5251 1086 5322 ἀπόνηντο*
1119 5256 1261 5326 κακῇ
1295 5250 1342 5306 δ’
1370 5251 1608 5315 ἐπίεσθεν
1642 5249 1865 5327 ἀνάγκη»

365 5429 594 5504 Δαίμοσι
627 5431 872 5508 ρέζοντες
902 5432 1156 5510 σφετέρας
1184 5432 1385 5503 κούρας
1415 5453 1473 5487 τε
1501 5431 1590 5486 καὶ
1623 5431 1759 5494 υἷας.

364 5519 674 5594 Τεγγομένη
699 5521 1014 5597 στονάχιζεν
1048 5523 1271 5596 ἀναιτίῳ
1291 5522 1479 5595 αἳματι
1505 5527 1654 5596 γαῖα’

361 5613 454 5663 Ὧν
481 5609 657 5680 τέκον,
691 5611 764 5665 ὧν
799 5612 996 5684 θρέψαν
1023 5612 1072 5666 τ’
1102 5610 1259 5666 ὀλοοὶ
1289 5609 1537 5686 ἐγένοντο
1569 5616 1796 5684 φονῆες,

1435 377 2076 451 INTERPRETATIO
2119 379 2199 440 IN
2243 374 2630 439 PSALTEM.

2005 517 2059 582 Α
2089 513 2207 586 Ipsi
2236 528 2370 567 vero
2402 510 2643 566 tandem
2671 510 3053 567 crediderunt
3073 510 3176 566 Dei
3207 513 3521 570 vivificanti
3543 516 3743 588 verbo,

3587 381 3746 444 “7‘

2083 605 2154 658 Et
2168 603 2278 673 ipsi
2294 600 2653 657 laudabilem
2669 602 2957 672 hymnum
2971 601 3749 662 celebraruntcarminibus.

2086 691 2416 746 Verborum
2449 707 2582 744 vero
2616 689 2782 743 obliti
2817 696 2958 744 sunt
2986 691 3100 744 cito
3133 693 3320 746 aversi
3352 709 3385 748 a
3411 695 3585 767 Rege,

2085 780 2419 836 Consilium
2454 796 2589 833 vero
2617 779 2976 834 immortalis
3005 782 3244 835 mentiti
3277 789 3416 837 sunt
3444 783 3568 838 Dei.

2085 869 2457 926 Desiderium
2489 868 2909 923 desiderabant
2946 886 3190 940 pravum
3223 872 3282 926 in
3324 872 3452 928 loco
3495 873 3738 941 deserti,

2085 961 2152 1014 In
2178 959 2303 1013 solo
2338 961 2550 1030 Regem
2577 964 2952 1012 tentaverunt
2982 959 3294 1030 inaquoso.

2090 1051 2301 1104 Verum
2335 1054 2394 1102 et
2423 1048 2506 1102 sic
2539 1047 2629 1102 sui
2662 1047 3024 1103 desiderium
3058 1051 3355 1105 concessit
3385 1052 3590 1121 animi,

2088 1139 2347 1210 Replens
2381 1137 2510 1192 cibo
2543 1136 2722 1191 corda
2754 1154 2930 1207 quem
2961 1139 3281 1210 cupiebant
3311 1141 3444 1212 ipsi.

2083 1228 2203 1299 Ipsi
2238 1243 2377 1282 vero
2411 1225 2722 1282 iracundia
2751 1226 2926 1281 Mosis
2958 1228 3164 1282 mitem
3197 1229 3463 1286 animum
3490 1232 3752 1288 concita-

3466 1321 3681 1392 [runt,

2094 1408 2301 1463 Divino
2333 1412 2532 1463 autem
2563 1409 2625 1464 in
2667 1407 2944 1464 omnibus
2975 1407 3344 1465 obsistebant
3373 1412 3612 1467 Aaroni.

2091 1499 2319 1552 Dathan
2341 1498 2648 1553 absorbuit
2677 1498 3084 1569 impudentem
3118 1503 3274 1554 terra
3295 1499 3633 1566 dehiscens,

2094 1590 2344 1646 Omnem
2376 1605 2510 1644 vero
2542 1590 2805 1644 contexit
2835 1588 3088 1660 improbi
3110 1594 3323 1644 coetum
3349 1592 3626 1647 Abironis
3657 1609 3671 1657 ;

2090 1679 2204 1734 Sua
2233 1677 2488 1732 tentoria
2520 1677 2764 1749 depasta
2787 1685 2876 1732 est
2906 1695 3085 1733 urens
3120 1679 3383 1747 flamma,

2090 1769 2160 1822 Et
2189 1768 2430 1822 flamma
2449 1773 2690 1838 peccato
2716 1767 2982 1822 deditum
3014 1768 3343 1823 combussit
3367 1770 3672 1840 populum.

2014 1888 2061 1954 Β
2093 1861 2157 1910 In
2172 1855 2436 1910 Chorebo
2452 1861 2650 1954 autem
2669 1857 2873 1954 utique
2889 1863 3203 1954 cornutum
3221 1858 3468 1913 vitulum
3483 1859 3752 1915 fecerunt

2095 1946 2243 2002 Idoli
2274 1961 2407 2000 vero
2440 1945 2866 2016 supplicabant
2893 1945 3114 2000 frustra
3134 1946 3206 2001 ad
3244 1947 3424 2018 pedes
3444 1950 3746 2020 prostrati.

2095 2035 2259 2090 Fatui
2288 2035 2299 2089 ί
2323 2035 2421 2105 qui
2449 2035 2761 2105 pristinam
2791 2051 2958 2088 suam
2981 2034 3230 2106 gloriam
3264 2043 3641 2092 mutaverunt

2098 2124 2289 2178 Vitulo
2315 2125 2578 2194 pascenti
2613 2123 2871 2178 similem
2896 2140 3132 2178 suavem
3153 2125 3418 2180 herbam.

2094 2213 2342 2268 Roboris
2372 2229 2508 2267 vero
2540 2213 2706 2266 obliti
2734 2219 2871 2266 sunt
2899 2212 3168 2267 bellicosi
3202 2215 3397 2286 Regis,

2095 2303 2200 2367 Qui
2233 2307 2407 2356 antea
2427 2302 2490 2355 in
2523 2303 2760 2371 {Egypto
2785 2302 3102 2372 perﬁciens
3122 2303 3381 2374 gloriosa
3403 2322 3601 2375 opera,

2095 2389 2478 2444 Admirabilis
2511 2389 2815 2444 invocatus
2832 2389 3026 2444 fuerat
3046 2392 3236 2461 gravis
3260 2393 3319 2446 in
3345 2399 3501 2447 terra
3517 2394 3746 2460 Chami,

2095 2479 2340 2536 Faciens
2363 2484 2621 2533 terrores
2643 2479 2872 2534 cunctis
2897 2481 3248 2536 mortalibus
3270 2482 3333 2536 in
3357 2484 3503 2537 mari
3529 2483 3748 2541 Rubro.

2094 2568 2166 2625 Et
2187 2585 2327 2625 sane
2349 2585 2557 2624 omnes
2579 2568 2860 2640 perdidit,
2884 2575 3197 2640 postquam
3221 2570 3371 2626 dixit
3399 2589 3606 2627 omnes
3623 2591 3750 2644 per-

3467 2663 3484 2733 [
3511 2662 3672 2731 dere,

2097 2747 2220 2804 Nisi
2251 2748 2512 2819 optimus
2542 2746 2801 2802 famulus
2833 2765 3016 2819 prope
3049 2750 3403 2806 surrexisset
3433 2753 3638 2820 Moses,

2097 2837 2451 2909 Supplicans
2482 2853 2726 2892 manum
2758 2843 2823 2891 ut
2855 2853 2983 2892 eam
3017 2839 3253 2893 sedaret
3281 2840 3584 2896 interitus.

2097 2929 2334 2983 Terram
2365 2927 2684 2997 gloriosam
2717 2926 2983 2980 cavillati
3021 2933 3161 2981 sunt
3188 2928 3401 2994 malis;

2099 3018 2414 3086 Nunquam
2445 3032 2618 3085 asquo
2655 3016 2814 3070 Beati
2847 3015 3048 3070 conﬁd
3064 3024 3239 3072 erunt
3269 3024 3567 3090 praecepto
3596 3036 3610 3075 :

2109 3105 2220 3160 Sed
2253 3109 2312 3159 et
2342 3105 2402 3158 in
2430 3103 2704 3172 tentoriis
2736 3121 2977 3175 semper
3010 3106 3340 3162 stridebant
3371 3107 3493 3162 suis
3524 3126 3537 3162 :

2115 3195 2375 3250 Auribus
2402 3199 2759 3250 recusarunt
2787 3195 2971 3250 Deum
3005 3196 3348 3267 loquentem
3381 3199 3607 3254 audire.

2102 3376 2316 3446 Itaque
2347 3373 2650 3430 dexteram
2679 3375 2798 3429 Rex
2829 3375 3076 3430 armavit
3107 3376 3167 3430 in
3200 3383 3564 3448 peccatores,

2105 3466 2322 3520 Omnes
2354 3463 2533 3518 simul
2555 3464 2802 3535 cupiens
2834 3469 3213 3535 prosternere
3253 3467 3313 3520 in
3361 3467 3496 3522 loco
3530 3469 3603 3524 de
3634 3470 3774 3525 serti

2108 3554 2399 3610 Gentibus
2431 3570 2570 3608 vero
2603 3553 2955 3626 alienigenis
2980 3571 3153 3609 suum
3185 3571 3370 3626 genus
3400 3558 3667 3628 perdere,

2108 3645 2224 3697 Aut
2257 3643 2517 3696 diversas
2541 3659 2646 3712 per
2671 3643 2846 3697 urbes
2880 3641 3239 3715 dispergere.

2108 3733 2227 3802 Ipsi
2259 3748 2396 3785 vero
2423 3730 2788 3803 Beelpbegor
2808 3732 3020 3801 polluti
3054 3735 3448 3799 caeremoniis,

2111 3821 2309 3876 Infera
2339 3825 2655 3893 gustarunt
2684 3827 3053 3877 mortuorum
3091 3825 3404 3891 sacrificia,

2111 3909 2502 3981 Impudicitia)
2535 3911 2834 3965 irritantes
2884 3913 3131 3983 perditis
3179 3914 3485 3969 amoribus
3529 3915 3767 3986 Regem.

2114 4001 2265 4072 Ipsis
2295 4016 2430 4054 vero
2467 3999 2686 4070 injuria
2711 4002 2920 4056 mortis
2955 4002 3052 4055 Dei
3078 4005 3573 4074 peperitmatrem
3597 4005 3766 4060 iram.

2117 4091 2377 4145 Phinees
2407 4094 2605 4144 autem
2637 4090 2912 4161 precibus
2941 4092 3196 4164 placavit
3226 4093 3561 4148 Dominum.

2115 4180 2221 4236 Ille
2254 4180 2496 4251 quidem
2523 4180 2749 4245 orabat,
2791 4182 3067 4252 precibus
3123 4199 3257 4238 vero
3290 4182 3536 4238 cedebat
3566 4183 3768 4255 pestis,

2119 4269 2445 4325 Mercedem
2475 4286 2613 4325 vero
2637 4269 2887 4340 justitiaa
2918 4271 3200 4328 divinitus
3251 4273 3597 4344 praeclaram
3630 4289 3768 4328 nac-

3407 4362 3425 4432 [
3461 4366 3554 4416 tus
3587 4366 3696 4426 est,

2126 4451 2200 4504 De
2213 4450 2594 4519 generatione
2610 4449 2669 4503 in
2682 4451 3128 4520 generationem
3143 4452 3385 4507 omnino
3399 4452 3526 4508 dies
3539 4469 3766 4508 omnes.

2123 4540 2508 4593 Controversa
2527 4554 2702 4609 aqua,
2723 4544 2783 4592 tu
2806 4555 2939 4593 vero
2962 4541 3266 4608 cognoscis
3290 4541 3448 4611 quod
3473 4558 3604 4596 eum
3628 4558 3768 4596 con-

2040 4622 2087 4686 D
3376 4631 3394 4701 [
3428 4632 3696 4697 titarunt,

2124 4717 2196 4771 Ut
2227 4717 2413 4770 Moses
2443 4715 2648 4770 dolore
2677 4721 2918 4770 vexatus
2947 4716 3060 4771 fuit
3088 4718 3516 4788 improborum,

2123 4805 2367 4875 Semper
2395 4821 2713 4876 Oppressus
2743 4821 2845 4859 cor
2871 4805 3101 4860 acerbis
3133 4807 3514 4876 cruciatibus,

2121 4894 2228 4959 Qui
2246 4894 2450 4964 utique
2465 4899 2524 4948 et
2537 4910 2656 4948 non
2674 4895 2877 4949 volens
2891 4895 3147 4965 priorem
3168 4898 3452 4951 mentitus
3472 4903 3560 4952 est
3575 4898 3753 4953 fidem

2123 4984 2338 5038 Gentes
2362 4983 2521 5036 enim
2559 4991 2958 5051 servaverunt,
2996 5001 3144 5055 quas
3165 4986 3312 5056 ipsis
3339 4987 3488 5040 dixit
3518 4987 3769 5058 perdere

2123 5072 2224 5126 His
2253 5087 2388 5126 vero
2421 5072 2739 5138 commisti,
2774 5073 2981 5143 iniqua
3012 5074 3348 5129 didicerunt
3377 5092 3579 5148 opera,

2121 5163 2537 5233 Cervicemque
2560 5161 2735 5217 idolis
2766 5163 3048 5219 inanimis
3073 5172 3554 5236 supposuerunt:

2121 5254 2235 5307 Nec
2265 5252 2472 5322 utique
2504 5252 2596 5306 his
2640 5251 2828 5323 adjuti
2878 5259 3052 5308 sunt:
3111 5255 3268 5310 mala
3316 5273 3452 5311 vero
3501 5257 3768 5328 oppressi

3103 5344 3120 5415 [
3153 5350 3292 5400 sunt
3320 5347 3700 5415 necessitate,

2122 5431 2498 5488 Daemonibus
2530 5431 2909 5486 immolantes
2937 5449 3073 5488 suas
3104 5435 3259 5490 filias
3291 5442 3348 5490 et
3379 5436 3555 5490 ﬁlios.

2121 5522 2366 5594 lrrigata
2393 5521 2616 5592 gemuit
2647 5521 2949 5576 innocenti
2973 5524 3257 5596 sanguine
3291 5531 3485 5579 terra:

2121 5613 2339 5667 Horum
2371 5627 2519 5682 quos
2547 5617 2904 5683 genuerunt,
2945 5629 3093 5684 quos
3133 5614 3409 5669 aluerunt
3450 5608 3769 5685 perniciosi

3061 5707 3080 5775 ι
3110 5703 3355 5760 fuerunt
3383 5702 3698 5768 occisores,
