4120 6262
407 368 563 427 1475
1513 362 1844 425 APOLINA
1860 365 1966 426 RIl

2100 365 2250 426 ’ISC.
2293 367 2717 428 LAODICENI
3664 373 3824 439 1476

400 499 582 554 Idolis
613 499 993 554 immolantes
1019 499 1306 570 foedifragi
1339 500 1676 556 Chananaei.

2100 501 2138 568 λ
2171 497 2440 562 Εἶδώλοις
2471 500 2715 576 ῥέζοντες
2747 501 3082 579 ὑπερφιάλου
3104 505 3419 576 Χαναάμου.

404 587 700 660 Sanguine
759 594 957 643 autem
1011 588 1342 643 occisorum
1392 589 1743 644 rubescebat
1788 588 1994 660 undin

2160 587 2360 662 Αἶματι
2395 587 2442 644 δ’
2474 589 2796 664 ὀλλυμένων
2831 592 3167 667 έρυθραίνετο
3199 596 3455 650 πάντοθεν
3490 594 3603 664 αἶα,

1727 681 1748 748 [
1778 680 1978 747 tellus,

2156 768 2447 843 Μαψιδίως
2477 764 2678 846 ἔργοισι
2717 774 3042 845 μιαινομένη
3079 780 3413 848 στυγεροῖσι,

2157 859 2504 935 Μαχλοσύνῃ
2537 862 2582 914 τ’
2614 860 2777 934 ὀλοῇ·
2819 860 2969 934 μάλα
2997 863 3098 938 γάρ
3133 883 3312 939 σφισιν
3344 861 3452 919 ὦδε
3487 865 3751 938 μεμήλει.

392 769 635 823 Frustra
667 767 944 838 operibus
975 767 1204 838 polluta
1237 767 1478 834 odiosis,

393 857 891 930 Impudieitiaque
931 858 1305 930 perniciosa:
1358 857 1525 914 valde
1577 859 1736 913 enim
1786 859 1932 930 ipsis
1964 859 2048 914 sic

1580 951 1600 1018 [
1630 967 1786 1004 cura!
1827 955 1972 1007 erat.

389 1043 678 1097 Caeterum
708 1042 833 1113 ipse
867 1042 1256 1097 succensebat
1305 1041 1548 1096 omnino
1603 1044 1720 1097 Rex
1770 1041 1994 1098 malefic

2149 1038 2330 1115 Αιίτάρ
2368 1041 2395 1094 ὁ
2430 1041 2589 1114 μήνιε
2619 1040 2842 1114 πάμπαν
2877 1043 3043 1112 ’Άναξ
3071 1041 3358 1119 κακοεργέῖ
3389 1045 3530 1116 λαῷ,

1673 1131 1691 1202 [
1726 1131 1966 1202 populo,
2850 1153 2854 1158 '

390 1220 762 1276 Haereditatis
789 1221 922 1276 odio
945 1237 1314 1292 persequens
1345 1236 1465 1274 suae
1497 1220 1812 1291 superbam
1829 1226 2038 1276 contu-

1651 1311 1668 1382 [
1701 1311 1964 1368 meliam.

2147 1217 2368 1293 Κλήρου
2397 1216 2761 1292 ὀδυσσάμενος
2792 1221 3047 1297 σφετέρου
3081 1221 3422 1299 ὑπερήφανον
3456 1218 3635 1298 ὕϐριν.

386 1402 656 1458 Hostium
688 1401 964 1457 manibus
995 1402 1206 1457 charos
1247 1400 1501 1456 famulos
1532 1399 1714 1469 dedit,

383 1492 860 1547 Dominationem
904 1493 1025 1546 suis
1059 1509 1228 1547 suam
1261 1492 1530 1546 hostibus
1562 1491 1855 1562 praebens.

382 1581 868 1636 Adversariorum
897 1582 1252 1652 perniciosis
1283 1581 1492 1636 domiti
1529 1586 1667 1636 sunt
1708 1581 2034 1636 necessita-

1730 1671 1747 1741 [
1779 1671 1958 1726 tibus.

383 1759 555 1814 Vides
587 1759 866 1814 manibus
894 1760 1003 1815 sub
1036 1760 1250 1815 alienis
1281 1761 1584 1825 cadentes,

383 1850 545 1920 Saepe
573 1851 786 1904 servati
819 1855 977 1916 sunt,
1012 1855 1228 1921 putans
1262 1856 1459 1906 tamen
1491 1850 1761 1921 perdere.

2144 1399 2456 1470 Δυσμενέων
2482 1398 2766 1474 παλάμῃσι
2798 1398 2993 1476 φίλους
3027 1401 3355 1475 θεράποντας
3386 1395 3576 1474 ἔδωκε,

2141 1489 2434 1562 Κοιρανίην
2469 1488 2800 1566 σφετέροισιν
2837 1491 2928 1559 έὴν
2964 1487 3202 1560 δηίοισιν
3230 1493 3488 1554 οπάσσας.

2141 1572 2427 1633 Ἀντιϐίων
2459 1577 2684 1652 ὀλοῇσιν
2717 1577 3108 1652 ὑπεδμήθησαν
3133 1580 3392 1654 ἀνάγκῃς.

2135 1753 2427 1812 Ούτιδανοὶ
2457 1755 2772 1831 παλάμῃσιν
2803 1759 2891 1813 ὑπ’
2933 1757 3262 1834 ἀλλοτρίῃσι
3294 1761 3568 1830 πεσόντες,

2056 1871 2105 1938 Β
2137 1845 2414 1938 Πολλάκις
2447 1847 2731 1918 ἐξεσάωθεν
2765 1849 3018 1938 ὀϊόμενός
3051 1871 3151 1925 περ
3188 1854 3258 1924 (4)
3293 1851 3534 1922 ὀλέσσαι,

374 1940 491 2011 Ipsi
519 1956 653 1994 vero
685 1944 884 1995 mente
934 1939 1139 1995 odiosa
1170 1941 1355 2012 magis
1402 1940 1801 2012 provocabant
1849 1953 1994 2009 quan

2136 1939 2204 1993 Ol
2235 1935 2290 1992 δὲ
2318 1938 2428 2011 νόῳ
2459 1943 2699 2012 στυγερῷ
2729 1938 2895 1993 πλέον
2928 1936 3143 2014 ἤκαχον
3173 1939 3208 2010 ἢ
3242 1941 3370 2013 πρὶν
3403 1948 3665 2015 ”Ανακτα,

1463 2031 1480 2102 [
1510 2035 1685 2085 antea
1716 2031 1954 2101 Regem,

381 2119 678 2173 Cervicem
701 2118 1114 2190 iniquitatibus
1145 2119 1352 2174 domiti
1384 2120 1527 2175 suis.

389 2209 461 2262 Ut
488 2208 633 2261 vidit
663 2207 936 2274 afﬂictos,
963 2226 1068 2264 suo
1100 2209 1380 2280 parcebat
1409 2210 1628 2281 populo
1655 2232 1668 2277 ;

381 2296 688 2368 Supplices
719 2303 918 2353 autem
951 2299 1267 2353 miseratus
1299 2304 1406 2366 est,
1439 2316 1643 2354 eorum
1684 2316 1818 2354 vero
1852 2315 2025 2354 exau-

1505 2389 1523 2459 [
1555 2388 1698 2443 divit
1727 2406 1952 2459 preces.

371 2475 579 2530 Statim
603 2476 763 2530 enim
795 2492 1039 2530 suorum
1070 2477 1412 2531 recordatus
1446 2482 1534 2532 est
1565 2484 1870 2549 pactorum
1897 2494 1912 2532 :

371 2565 566 2619 Victus
597 2581 733 2618 vero
767 2565 1194 2634 misericordia,
1227 2567 1424 2637 priore
1465 2568 1717 2622 cessavit
1747 2567 2020 2624 consilio.

367 2653 696 2709 Admiratio
730 2670 823 2708 me
856 2654 1051 2722 habet,
1087 2672 1202 2726 quo
1230 2661 1399 2726 pacto
1422 2656 1688 2710 animum
1713 2673 1884 2711 suum
1918 2657 2022 2712 mi-

1525 2746 1544 2816 [
1580 2746 1781 2818 tigavit
1809 2747 1948 2812 Rex,

365 2835 433 2888 Et
464 2850 564 2888 eos
585 2834 855 2890 miserati
888 2839 1029 2889 sunt
1058 2840 1232 2890 antea
1263 2835 1625 2906 praedatores
1656 2836 1782 2890 viri.

365 2926 499 2990 Nos,
535 2941 567 2978 ο
600 2927 718 2980 Rex
752 2941 1004 2993 summe,
1028 2925 1199 2980 facile
1232 2943 1446 2994 serves,

365 3013 632 3083 Undique
666 3030 1054 3087 congregans,
1077 3015 1178 3070 ubi
1209 3015 1462 3088 dispersi
1487 3033 1694 3072 sumus
1726 3016 1882 3072 inter
1913 3035 2015 3089 po-

1677 3106 1694 3176 [
1728 3107 1901 3177 pulos
1927 3123 1939 3173 ;

357 3192 430 3245 Ut
460 3196 626 3245 tuum
658 3208 909 3264 propere
939 3192 1310 3248 celebremus
1341 3210 1559 3248 nomen
1590 3194 1879 3264 divinum,

354 3280 490 3334 Tuis
523 3298 803 3353 magnum
833 3283 1130 3354 sapientes
1162 3283 1393 3338 decoris
1425 3284 1814 3338 carminibus.

358 3369 696 3425 Laudabilis
728 3388 964 3443 semper
994 3375 1116 3428 Rex
1147 3377 1235 3426 est
1267 3373 1521 3443 inclytus
1551 3373 1808 3438 Israelis,

356 3459 435 3512 De
467 3460 848 3530 generatione
883 3462 942 3517 in
973 3461 1418 3533 generationem
1449 3479 1692 3533 prorsus
1723 3462 1850 3517 dies
1879 3479 2002 3517 om-

1772 3552 1790 3622 [
1825 3568 1930 3608 nes

353 3638 540 3694 Simul
569 3657 704 3695 vero
736 3640 893 3697 dicet
917 3642 1112 3696 omnis
1143 3641 1422 3713 populus,
1451 3643 1597 3696 Vere
1632 3642 1717 3697 sic
1747 3642 1870 3696 ﬁat.

912 3769 1233 3824 PSALMUS
1294 3767 1424 3826 CVI.

489 3857 686 3912 Sextus
718 3859 818 3912 iste
848 3858 1074 3912 alleluia
1103 3859 1443 3914 auxilio-rum
1494 3860 1858 3914 exercituum.

2131 2117 2350 2190 Αύχένα
2380 2113 2723 2190 δυσνομίῃσιν
2759 2115 3165 2190 ὑποδμηθέντες
3185 2119 3355 2194 ἑῇσιν.

2129 2208 2216 2268 Ὡς
2239 2205 2327 2260 Ἱδε
2363 2208 2736 2279 τειρομένους,
2770 2207 3029 2284 σφετέρου
3059 2207 3402 2286 περιφείδετο
3433 2209 3599 2268 λαοῦ.

2131 2295 2494 2368 Λισσομένους
2525 2293 2572 2349 δ’
2602 2295 2846 2368 ἐλέησεν,
2879 2295 2978 2351 έῶν
3014 2294 3060 2351 δ’
3094 2297 3360 2353 έπάκουσε
3389 2297 3616 2356 λιτάων.

2128 2471 2336 2528 Αὐτίκα
2364 2473 2463 2548 γὰρ
2499 2474 2771 2551 σφετέρων
2804 2475 3080 2546 έμνήσατο
3112 2476 3458 2540 συνθεσιάων·

2125 2561 2388 2632 Νικηθεὶς
2421 2560 2467 2616 δ’
2494 2561 2651 2635 ἐλέῳ,
2685 2565 2956 2637 προτέρης
2988 2563 3292 2620 ἀπεπαύετο
3331 2565 3557 2641 βουλῆς.

2125 2652 2315 2725 Θαῦμά
2345 2653 2400 2724 μ’
2431 2649 2572 2726 ἔχει,
2607 2656 2724 2715 πῶς
2755 2652 2926 2725 θυμὸν
2960 2653 3044 2708 έὸν
3078 2656 3313 2729 πρήϋνεν
3345 2657 3636 2729 Ἀνάκτωρ,

2123 2830 2222 2885 Καί
2254 2851 2414 2908 σφεας
2447 2830 2800 2905 οὶκτίσφαντο
2832 2835 3008 2908 πάρος
3041 2833 3329 2907 ληὶστορες
3357 2831 3564 2906 ἄνδρες.

2120 2920 2346 2992 Ἥμέας,
2377 2921 2422 2973 ὧ
2456 2919 2689 2974 Βασιλεῢ
2715 2922 3104 2996 πανυπέρτατε,
3137 2921 3254 2996 ῥεῖα
3278 2922 3525 2987 σαώσοις,

2121 3011 2385 3073 Πάντοθεν
2420 3011 2711 3081 ἀθροῖζων,
2743 3011 2830 3066 ἳνα
2859 3032 2954 3086 περ
2985 3007 3346 3083 κεκεδάσμεθα
3376 3007 3587 3082 δήμων.

2039 3226 2082 3294 C
2119 3189 2297 3264 Ὂφρα
2323 3210 2412 3243 σευ
2445 3184 2754 3262 ἐσσυμένως
2787 3186 3167 3262 ἀναμέλψομεν
3193 3186 3399 3260 οὕνομα
3428 3190 3593 3258 θεῖον,

2124 3281 2198 3294 πω
2343 3279 2352 3294 Ι
2607 3280 2616 3294 Ι
2822 3279 2834 3292 η
2889 3278 2899 3294 Ι
3063 3275 3070 3294 Ι
3259 3279 3272 3294 ἢ
3344 3278 3367 3294 ἢ
3412 3283 3433 3293 υ

2124 3281 2260 3351 Σῇσι
2294 3279 2432 3352 μέγα
2459 3280 2779 3354 φροδέοντες
2810 3275 3214 3354 ἀρίπρεπέεσσιν
3250 3278 3482 3340 ἀοιδαῖς.

2112 3367 2335 3429 Αἲνετὸς
2365 3367 2476 3422 αἷὲν
2511 3370 2674 3440 "Aves
2706 3362 2930 3422 πέλεται
2962 3367 3164 3430 κλυτὸς
3195 3368 3512 3442 Ἰσραήλοο,

2109 3458 2206 3514 Ἐκ
2230 3464 2418 3531 γενεῆς
2451 3454 2702 3533 γενεήνδε
2733 3454 3030 3531 διαμπερές
3060 3454 3248 3530 ἤματα
3277 3457 3467 3514 πάντα.

2111 3635 2217 3691 Σὺν
2260 3634 2306 3692 δ’
2338 3634 2477 3714 ἐρέει
2500 3641 2605 3698 πᾶς
2637 3633 2834 3708 δῆμος,
2871 3637 3178 3709 Ἐτήτυμον
3215 3633 3323 3691 ὧδε
3350 3635 3604 3711 γενέσθω.

2694 3763 2996 3819 ΨΑΑΜΟΣ
3060 3763 3164 3831 et.

2176 3857 2369 3915 Ἕκτος
2398 3850 2479 3908 ’ὁδ’
2512 3851 2829 3922 ἀλληλούϊα
2862 3853 3128 3928 βοηθεῖὧν
3164 3853 3486 3927 στρατιάων.

2106 3979 2264 4050 Λαοὶ,
2302 3976 2588 4053 μειλιχίην
2619 3975 2969 4051 ἀναμέλψατε
3001 3972 3420 4050 Παμῦασιλῆος,

2105 4069 2308 4124 Οὕνεκα
2337 4067 2632 4139 νωλεμέως
2664 4067 2924 4144 σφετέρην
2959 4065 3185 4137 έλεητὺν
3219 4067 3376 4139 ἀέξει.

2105 4158 2388 4226 Βαζόντων
2419 4157 2548 4219 Θεὸς
2579 4158 2715 4210 οἷσιν
2747 4155 3029 4230 ἐλεύθερον
3064 4151 3275 4211 ὤπασεν
3308 4159 3479 4232 ἦμαρ.

2105 4247 2210 4308 Οῧς
2241 4267 2373 4301 ποτε
2400 4244 2703 4318 δυσμενέων
2727 4253 2995 4320 κρατερῆς
3026 4245 3334 4300 ἀπελύσατο
3366 4248 3580 4320 χειρός.

2105 4337 2199 4392 Ἐκ
2229 4332 2286 4389 δὲ
2315 4334 2700 4408 πολυσπερέων
2734 4334 3080 4409 ξυναγείρατο
3115 4331 3274 4408 δεῦρο
3306 4333 3562 4406 πολήων,

2105 4425 2248 4486 Τοὺς
2280 4425 2376 4497 μὶν
2410 4425 2500 4478 ἀπ’
2529 4422 2810 4496 ἀντολίης,
2837 4421 2964 4485 τοὺς
2998 4421 3043 4476 δ’
3074 4423 3326 4497 ἑσπερίης
3351 4423 3455 4478 ἀπὸ
3488 4424 3676 4499 γαίης,

350 3981 582 4052 Populi,
611 3981 1039 4054 benignitatem
1063 3982 1356 4038 celebrate
1391 3982 1642 4048 Domini,

350 4073 640 4136 Quoniam
671 4078 955 4144 perpetuo
990 4089 1156 4128 suam
1199 4072 1667 4127 misericordiam
1698 4075 1890 4141 auget.

346 4162 555 4216 Dicant
586 4164 740 4216 Deus
769 4162 986 4232 quibus
1019 4162 1272 4216 liberum
1305 4161 1552 4233 largitus
1583 4165 1672 4215 est
1692 4160 1872 4227 diem,

345 4252 499 4314 Quos
532 4251 855 4322 aliquando
881 4251 1261 4305 inimicorum
1286 4251 1478 4306 valida
1502 4251 1772 4305 liberavit
1794 4266 1993 4304 manu.

345 4340 424 4393 De
457 4345 656 4394 autem
687 4339 969 4410 dispersis
1001 4340 1372 4411 congregavit
1395 4340 1510 4394 huc
1541 4339 1898 4407 civitatibus,

340 4428 480 4486 Illos
515 4429 757 4500 quidem
788 4429 859 4483 ab
911 4429 1162 4496 oriente,
1210 4428 1345 4483 illos
1399 4445 1532 4484 vero
1580 4427 2000 4483 occidentalia

1695 4520 1712 4589 [
1744 4524 1922 4585 terra,

343 4608 506 4663 Alios
537 4613 736 4663 autem
767 4607 839 4662 ab
866 4608 1148 4678 aquilone
1172 4612 1230 4662 et
1256 4607 1544 4662 indomito
1576 4606 1748 4671 mari,

343 4698 623 4751 Errantes
656 4695 718 4750 in
750 4695 878 4750 loco
911 4695 1146 4750 inﬁnito
1177 4695 1470 4766 squallido
1501 4695 1740 4762 deserti,

345 4788 544 4856 Neque
577 4784 837 4839 habeant
863 4801 983 4839 suae
1017 4786 1269 4840 civitatis
1301 4785 1594 4857 inspicere
1622 4785 1794 4840 viam.

2027 4599 2076 4665 D
2105 4601 2348 4664 Ἀλλους
2383 4600 2428 4656 δ’
2459 4601 2518 4656 ἐκ
2552 4601 2748 4676 βορέαο
2779 4599 2867 4655 καὶ
2899 4600 3212 4674 ἀτρυγέτοιο
3244 4599 3522 4672 θαλάσσης

2106 4688 2490 4763 Πλαζομένους
2521 4691 2621 4744 ἀνά
2647 4694 2829 4764 χῶρον
2862 4687 3138 4763 ἀπείριτον
3174 4688 3301 4743 αὖον
3333 4687 3568 4762 έρήμου,

2103 4777 2229 4838 Οὐδ’
2265 4782 2418 4853 εἶχον
2453 4777 2714 4851 σφετέρης
2737 4776 2932 4838 πόλιος
2957 4775 3248 4850 σκέψασθαι
3276 4778 3535 4852 ἀταρπόν,

343 4877 448 4931 Siti
482 4880 680 4931 autem
707 4875 1037 4930 interibant
1066 4876 1244 4930 simul
1271 4876 1635 4947 implacabili
1674 4876 1847 4944 fame,

342 4966 425 5018 Ex
453 4964 862 5020 imbecillitate
893 4981 1027 5020 vero
1059 4981 1263 5019 eorum
1295 4965 1634 5021 tabescebat
1662 4966 1919 5022 animus.

343 5053 429 5108 Ad
460 5055 646 5108 Deum
676 5071 810 5108 vero
851 5053 1191 5109 clamabant
1220 5055 1500 5110 commoti
1530 5061 1794 5111 mentem
1826 5054 1990 5110 labo-

1662 5144 1680 5215 [
1711 5145 1876 5199 ribus
1906 5160 1919 5196 :

342 5231 634 5283 Craterum
665 5245 700 5284 a
729 5231 1082 5285 necessitate
1114 5234 1234 5288 Rex
1265 5249 1334 5287 eo
1368 5234 1587 5304 eripuit
1616 5234 1779 5288 omni
1806 5251 1818 5288 :

343 5321 587 5374 Rectam
618 5333 750 5372 vero
777 5319 1208 5376 demonstravit
1239 5339 1346 5393 per
1374 5323 1528 5378 viam
1551 5323 1795 5388 ducens,

339 5404 686 5461 Utamica‘m
713 5406 1010 5462 civitatem
1040 5427 1218 5479 quam
1257 5411 1594 5481 cupiebant,
1630 5413 1916 5467 venirent.

339 5493 756 5549 Misericordiae
788 5494 979 5567 Regis,
1015 5514 1181 5554 suam
1213 5497 1504 5554 celebrate
1537 5501 1883 5571 potentiam,

405 5674 484 5745 (4)
515 5669 796 5745 Ὀῖόμενός
824 5690 948 5746 περ,
983 5675 1173 5742 Forte,
1210 5672 1456 5745 ὀϊόμενοί
1486 5695 1607 5749 περ.
1641 5679 1791 5734 Emr.

2105 4868 2242 4943 Δίψῃ
2277 4867 2334 4922 δὲ
2355 4865 2707 4944 φθινύθεσκον
2738 4867 2879 4938 ὁμοῦ
2908 4863 2998 4920 καὶ
3027 4863 3188 4936 νηλέϊ
3220 4866 3398 4940 λιμῷ,

2103 4961 2198 5014 Ἐκ
2229 4955 2273 5012 δ’
2305 4951 2674 5030 ὀλιγηπελίης
2695 4954 2942 5028 σθέτερος
2967 4957 3295 5027 κατετήκετο
3329 4957 3524 5031 θυμός,

2102 5052 2202 5105 "Av
2237 5044 2293 5102 δέ
2322 5044 2449 5102 Θεὸν
2483 5043 2770 5120 βοάασκον,
2803 5043 3114 5121 ὀρινόμενοι
3148 5045 3312 5123 φρένα
3347 5048 3603 5122 μόχθοις·

2103 5227 2282 5301 Αὐτὰρ
2314 5225 2611 5300 ἀναγκαίης
2645 5223 2908 5288 Βασιλεὺς
2938 5244 3100 5302 σφεας
3130 5221 3277 5297 ἔξελε
3306 5225 3505 5296 πάσης,

2102 5319 2296 5388 Ἰθείην
2327 5316 2373 5371 δ’
2404 5315 2651 5392 ἀνέφαινε
2684 5316 2819 5388 μετά
2846 5310 3031 5390 τρίϐον
3059 5314 3431 5388 ἡγεμονεύων,

2101 5405 2294 5476 ’ἰθείην
2327 5403 2372 5459 δ’
2405 5403 2565 5482 φίλον
2597 5400 2920 5476 πτολίεθρον
2951 5403 3080 5476 ὅπερ
3105 5403 3393 5466 ποθέεσκον
3421 5404 3672 5463 ἳκωνται.

2102 5494 2396 5570 Οἰκτιρμοὶ
2426 5490 2720 5565 Βασιλῆος,
2752 5492 2844 5560 έὴν
2877 5489 3214 5566 ἀναμέλψατ⁹
3245 5491 3408 5565 ἐωην,
