4066 6268
272 427 426 486 M77
1374 409 2008 474 INTERPRETATIO
2052 412 2131 472 IN
2179 411 2572 473 PSALTEM.
3529 421 3684 480 1478

270 556 371 612 Καί
406 555 458 609 οἱ
486 549 717 608 θέσκελα
746 548 877 626 ἔργα
908 545 1068 622 μέλοι
1105 543 1397 620 μεροπηίδι
1431 541 1626 618 φύτλη·

2031 546 2101 598 Ει
2129 545 2242 614 ipsi
2276 543 2473 600 divina
2500 562 2680 616 opera
2701 562 2858 601 curm
2877 547 2996 602 sint
3026 547 3348 605 immortali
3370 553 3571 622 generi
3600 570 3611 606 :

270 644 476 703 Οὕνεκα
508 641 771 714 δευομένῃ
800 642 954 714 ψυχῇ
985 637 1120 713 πόρε
1152 634 1355 712 δόρπον
1386 635 1629 706 ἑτοῖμον,

2030 634 2177 700 Quia
2197 635 2408 705 aagenti
2437 635 2649 690 animm
2676 636 2932 707 praebuit
2961 654 3188 693 coenam
3215 646 3502 710 paratam,

270 733 567 793 Ηειναλέον
598 733 647 786 τ’
677 730 958 804 ἀγαθοῖσιν
989 725 1382 800 ὑπεστηρίξατο
1417 724 1610 796 θυμὸν,

2030 723 2526 794 Esurientemque
2558 724 2730 778 bonis
2761 725 2989 780 fulcivit
3017 728 3306 794 animum,

268 824 602 897 Ἐζομένους
635 819 886 884 θανάτοιο
917 817 1045 872 ποτὶ
1076 816 1268 889 κνέφαῖ
1299 812 1593 882 σκιόεντος,

1588 856 1593 877 ,
2031 811 2316 866 Sedentes
2346 813 2556 867 mortis
2587 813 2649 867 in
2682 814 2944 869 tenebris
2976 833 3194 887 opacae,

270 910 622 985 Ἰλλομένους
651 909 806 981 πενίῃ
835 927 913 976 τε,
947 903 1270 980 σιδηρείοισί
1298 923 1357 958 τε
1389 899 1635 974 δεσμοῖς·

2034 901 2273 956 Vinctos
2301 907 2784 973 paupertateque,
2814 904 3144 976 ferreisque
3177 907 3466 977 vinculis;

271 966 440 1062 δί’-δεῇ
459 1000 569 1074 νόῳ
600 966 842 1073 στυγερῷ
874 966 1008 1051 ὁεοῦ
1038 966 1250 1068 ἧκαχον
1283 993 1318 1062 ἢ
1349 966 1742 1067 πρὶνῚάνωγᾶς,

2077 989 2148 1044 )Si
2182 1006 2316 1044 vero
2340 996 2540 1045 mente
2573 991 2778 1047 odiosa
2808 994 2907 1048 Dei
2941 994 3322 1052 irritaverunt
3365 1015 3542 1070 quam
3576 1017 3683 1057 an-

3138 1086 3158 1157 [
3188 1091 3284 1142 tea
3309 1089 3610 1159 mandata,

265 1178 556 1256 Μαψιδίως
587 1178 860 1253 έρέθοντες
891 1175 985 1245 έὴν
1015 1169 1266 1250 ἐρικυδέα
1298 1167 1531 1247 βουλὴν.
1652 1254 1658 1256 _

2029 1171 2270 1225 Frustra
2299 1176 2690 1242 provocantes
2719 1189 2894 1227 suum
2926 1174 3250 1246 gloriosum
3272 1180 3607 1234 consilium.

920 1231 1168 1337 καμάτου
1201 1231 1472 1334 δέδμηντο
1503 1258 1593 1314 καὶ
1624 1254 1777 1328 ἄτης,

2028 1260 2172 1313 Inde
2205 1259 2278 1314 ab
2299 1231 2472 1316 irrito
2503 1261 2706 1316 labore
2737 1231 2958 1317 domiti
2978 1269 3118 1319 sunt
3147 1270 3205 1319 et
3248 1231 3608 1338 calamitate,

266 1357 408 1418 Οὐδέ
437 1379 520 1420 τις
547 1354 806 1431 ἀδρανιης
840 1352 1197 1429 ἐπιτάρροθος
1227 1347 1428 1420 ἤλυθεν
1473 1349 1678 1408 αὐτοῖς,

2029 1349 2230 1419 Neque
2261 1349 2480 1420 aliquis
2513 1351 2879 1406 inﬁrmitatis
2906 1352 3145 1424 adjutor
3174 1357 3334 1412 venit
3364 1358 3529 1429 ipsis.

268 1452 361 1507 'Av
395 1447 454 1504 δὲ
483 1448 612 1503 Θεὸν
645 1445 936 1522 βοάασκον,
970 1443 1282 1520 ὀρίνομενοι
1314 1439 1482 1516 φρένα
1513 1437 1774 1513 μόχθοις·

2074 1443 2104 1492 _t
2131 1440 2314 1493 Deum
2345 1455 2480 1494 vero
2505 1439 2844 1496 clamabant
2888 1445 3167 1498 commoti
3202 1452 3463 1502 mentem
3515 1449 3680 1505 labo-

3353 1539 3370 1608 [
3403 1540 3606 1606 ribus;

266 1627 446 1703 Αὐτὰρ
478 1624 773 1702 ἀναγκαίης
802 1620 1068 1684 Βασιλεὺς
1102 1641 1265 1696 σφεας
1295 1616 1441 1693 ἔξελε
1465 1619 1662 1688 πάσης

2071 1622 2315 1673 aaterum
2367 1619 2438 1674 de
2467 1619 2822 1676 necessitate
2875 1623 2995 1677 Rex
3043 1639 3144 1678 eos
3192 1625 3465 1683 liberavit
3491 1631 3677 1685 omni.

269 1720 363 1776 Ἐκ
393 1715 438 1772 δ’
470 1715 632 1793 ἄγαγε
661 1713 886 1789 κνέφαός
911 1735 969 1768 τε
997 1712 1085 1766 καὶ
1117 1709 1176 1766 ἐκ
1205 1711 1455 1765 θανάτοιο
1483 1706 1775 1782 βερέθρων,

2071 1706 2237 1762 duxit
2265 1725 2400 1762 vero
2431 1707 2503 1762 de
2527 1708 2906 1780 tenebrisque
2940 1716 2998 1766 et
3026 1712 3099 1767 de
3126 1717 3333 1770 mortis
3384 1717 3674 1786 faucibus,

269 1809 604 1881 Ῥηξάμενος
639 1803 847 1879 μελέων
878 1800 1137 1876 κρατερὸν
1175 1798 1264 1854 καὶ
1297 1799 1486 1873 ἀτερέα
1517 1795 1736 1870 δεσμόν.

2073 1795 2412 1869 isrumpens
2447 1797 2852 1854 membrorum
2882 1800 3142 1856 validum
3176 1809 3235 1858 et
3267 1806 3522 1878 rigidum
3549 1809 3677 1864 vin-

2837 1901 2850 1910 "
3332 1895 3350 1966 [
3383 1897 3602 1952 culum.

269 1985 562 2058 Οὶκτιρμοὶ
595 1985 892 2051 Βασιλῆος,
923 1982 1016 2049 έήν
1043 1977 1376 2050 ἀναμέλψατ³
1407 1975 1609 2049 ἐρωὴν,

1961 1975 1994 1992 ³
2029 1975 2443 2031 Misericordiaa
2474 1978 2667 2050 Regis,
2694 1995 2860 2034 suam
2891 1979 3187 2037 celebrate
3217 1987 3567 2056 potentiam,

270 2076 372 2133 Καί
407 2076 458 2129 οἱ
489 2072 716 2128 θέσκελα
744 2069 872 2146 ἔργα
905 2067 1064 2143 μέλοι
1100 2062 1394 2140 μεροπηίδι
1422 2062 1618 2142 φύτλῃ·

2029 2065 2098 2118 Et
2126 2065 2239 2136 ipsi
2274 2065 2472 2121 divina
2499 2083 2680 2139 opera
2709 2085 2865 2124 cura;
2884 2070 3004 2125 sint
3029 2072 3291 2128 humano
3322 2077 3523 2146 generi
3553 2093 3566 2132 :

272 2164 479 2224 Οῧνεκα
508 2161 782 2238 χαλκείων
814 2158 1043 2232 δύναμιν
1077 2155 1324 2231 διέπερσε
1352 2153 1602 2224 πυλάων,

2027 2154 2174 2218 Quia
2202 2171 2491 2211 aerearum
2517 2157 2700 2213 robur
2736 2161 3090 2232 expugnavit
3106 2169 3432 2233 portarum,

274 2254 576 2314 Εὐτύκτους
609 2250 655 2306 δ’
689 2248 994 2324 ἀδάμαντος
1025 2246 1165 2326 ἄφαρ
1198 2245 1434 2317 ξυνέαξεν
1469 2243 1670 2319 ὀχῆας,

2025 2243 2370 2299 Elaboratos
2395 2263 2529 2301 vero
2560 2247 2895 2304 adamantis
2925 2251 3040 2306 cito
3074 2252 3363 2327 confregit
3390 2260 3602 2315 vectes.

272 2346 483 2406 Πάντας
514 2342 826 2420 ἀφαρπάξας
861 2339 1099 2414 μογερῆς
1131 2337 1432 2406 κακότητος
1466 2331 1644 2390 ὁδοῖο.

2027 2333 2248 2388 Omnes
2279 2334 2579 2405 abripiens
2613 2337 2909 2393 laboriosa
2939 2339 3146 2412 ﬂagitii
3179 2342 3287 2407 via,

269 2432 473 2490 Οὕνεκα
504 2427 790 2501 δυσσεϐίης
822 2426 1166 2504 παρελεγχέα
1201 2429 1408 2498 μῶμων
1433 2422 1681 2500 έφεῦρον,

2066 2428 2276 2494 'ropter
2304 2424 2629 2494 impietatis
2659 2427 3120 2498 ignominiosum
3168 2433 3455 2502 probrum
3512 2435 3672 2490 inve-

3312 2521 3330 2594 [
3362 2530 3601 2593 nerunt,

3362 2530 3601 2593 nerunt,

266 2616 436 2686 θυμῷ
466 2609 866 2678 ἀποπτύξαντες
899 2605 1036 2678 ὅλην
1070 2607 1389 2681 θρεψήνομα
1419 2599 1596 2670 δαῖτα,

2067 2601 2239 2656 .nimo
2271 2601 2628 2674 despuentes
2660 2620 2902 2660 omnem
2940 2607 3094 2663 viros
3142 2609 3400 2667 alentem
3455 2613 3673 2686 cibum,

266 2700 644 2776 Ψυχροπόρου
678 2700 931 2753 θανάτοιο
960 2697 1269 2767 κατήλυθον
1303 2692 1434 2768 ἄχρι
1465 2690 1714 2751 πυλάων,

2022 2691 2268 2764 Frigidaa
2301 2693 2510 2748 mortis
2540 2703 2937 2765 pervenerunt
2965 2715 3154 2769 usque
3184 2706 3403 2772 portas.

267 2793 366 2848 'Av
398 2788 455 2844 δὲ
483 2788 611 2844 Θεὸν
644 2789 937 2863 βοάασκον,
967 2784 1278 2859 ὀρινόμενοι
1307 2783 1475 2862 φρένα
1509 2779 1766 2854 μόχθοις·

2067 2781 2109 2836 .d
2134 2781 2318 2836 Deum
2349 2797 2484 2838 vero
2514 2783 2854 2840 clamabant
2877 2789 3158 2843 commoti
3196 2796 3457 2846 mentem
3507 2793 3673 2848 labo-

3346 2882 3366 2948 [
3393 2881 3560 2936 ribus
3585 2899 3598 2949 ;

270 2969 445 3044 Αὐτὰρ
479 2967 774 3043 ἀναγκαίης
801 2965 1058 3042 βασιλεὺς
1089 2987 1253 3044 σφεας
1283 2962 1430 3038 ἔξελε
1460 2969 1660 3039 πάσης.

2071 2965 2313 3016 aeterum
2345 2962 2418 3018 de
2448 2964 2802 3019 necessitate
2833 2967 2954 3020 Rex
2994 2983 3094 3021 eos
3153 2967 3425 3024 liberavit
3475 2973 3635 3026 omni
3665 2990 3677 3027 :

264 3056 622 3132 Τειρομένους
651 3055 902 3127 ἠκέσσαθ’
933 3056 1016 3109 έόν
1047 3077 1195 3130 σφισι
1227 3055 1397 3128 θυμὸν
1431 3055 1609 3126 ἷήνας,

2073 3067 2349 3122 ppressos
2380 3053 2603 3107 curavit
2634 3070 2806 3108 suum
2847 3054 2966 3109 illis
2999 3057 3265 3113 animum
3314 3061 3674 3131 exhilarans,

268 3142 597 3220 Θυμοὸόρου
630 3143 675 3199 δ’
702 3144 936 3199 ἀπέλυσε
965 3143 1453 3222 καταφθινύθοντας
1480 3143 1663 3215 ἀνίης.

2026 3141 2213 3196 Anxio
2245 3145 2443 3196 autem
2475 3141 2748 3197 liberavit
2771 3150 3092 3215 pereuntes
3113 3164 3386 3204 maerore.

2035 3231 2450 3284 Misericordia
2484 3232 2676 3303 Regis,
2710 3249 2877 3287 suam
2910 3234 3204 3292 celebrate
3235 3241 3585 3310 potentiam,

2032 3322 2102 3374 Et
2131 3319 2244 3390 ipsi
2274 3319 2471 3374 divina
2499 3337 2676 3391 opera
2708 3339 2863 3377 curae:
2897 3323 3016 3377 sint
3044 3325 3304 3382 humano
3334 3331 3554 3401 generi.

273 3234 566 3308 Οἷκτιρμοὶ
601 3233 894 3303 Βασιλῆος,
928 3234 1022 3302 ὲήν
1053 3231 1384 3307 ἀναμέλψατ’
1414 3232 1616 3308 ἐρωὴν,

275 3279 566 3308 ν.,...,.,..-.
602 3279 894 3303 υ--..μμη
928 3279 1017 3302 -.,.
1054 3279 1373 3340 ...-,..-..,,..;
1414 3279 1616 3342 “2...”,
1948 3279 1992 3347 Ο

271 3323 373 3379 Καί
404 3323 454 3377 οἱ
487 3320 715 3386 θέσκελα
741 3319 874 3397 ἔργα
908 3320 1067 3394 μέλοι
1103 3323 1394 3397 μεροπηίοι
1420 3323 1623 3400 φυτλῃ.

269 3412 564 3482 Ῥεζόντων
599 3410 831 3481 Βασιλῆι
866 3411 992 3475 θύος
1026 3411 1273 3484 μολπῇσι
1310 3411 1586 3486 μεμηλός·

2024 3409 2371 3464 Sacrificth
2401 3410 2540 3482 Regi
2565 3412 2923 3467 sacriﬁcium
2957 3414 3229 3471 cantibus
3259 3425 3490 3489 gratum
3521 3437 3531 3474 :

267 3503 547 3572 Βαζόντων
580 3499 637 3556 δέ
668 3502 720 3555 οἱ
747 3498 880 3576 ἔργα
909 3500 1018 3573 νόῳ
1046 3503 1382 3576 κεχαρηότες
1410 3500 1612 3574 ἐσθλῷ.

2068 3505 2364 3569 oquantur
2394 3515 2525 3554 vero
2557 3500 2609 3553 ei
2640 3517 2820 3572 opera
2849 3508 3046 3558 mente
3077 3505 3400 3576 gaudentes
3430 3510 3674 3581 optima.

267 3591 534 3648 ΝαυτίΛοι
566 3593 676 3646 οἷσι
713 3591 932 3663 μέμηλε
966 3589 1058 3666 βίη
1093 3591 1217 3658 νῆές
1247 3611 1305 3644 τε
1336 3590 1636 3662 θαλάσσης,

2023 3590 2223 3642 Nautaa
2255 3587 2470 3659 quibus
2503 3605 2658 3643 curm
2691 3596 2778 3645 est
2804 3592 2888 3646 vis
2919 3608 3218 3664 navesque
3262 3599 3467 3667 maris,

267 3680 385 3734 Οἶσι
415 3679 582 3741 πόνος
617 3677 708 3734 διὰ
737 3684 884 3752 κῦμα
917 3678 1008 3734 λαὶ
1042 3677 1270 3733 ἄσπετον
1299 3674 1517 3751 ὄρνυται
1551 3676 1721 3753 ὕδωρ,

2072 3676 2246 3733 uibus
2277 3677 2446 3733 labor
2473 3695 2581 3749 per
2605 3678 2854 3734 ﬂuctum
2896 3687 2954 3735 et
2988 3681 3344 3741 immensam
3394 3687 3678 3744 incitatur

3307 3775 3327 3846 [
3365 3793 3603 3848 aquam,

272 3943 522 4016 Ὀμμασι
554 3943 829 4012 θηήσαντο
857 3940 1203 4018 πολύφρονος
1233 3937 1360 4016 ἔργα
1389 3945 1568 4012 Θεοῖο,

2023 3937 2220 3994 Oculis
2242 3938 2517 3993 viderunt
2546 3939 2959 4012 circumspecti
2992 3961 3173 4016 opera
3203 3948 3325 4007 Dei.

269 4032 369 4088 Καὶ
405 4032 456 4084 οἳ
487 4030 714 4085 θέσκελα
745 4030 914 4085 πάντα
964 4029 1410 4105 θαλασσοπόρους
1464 4031 1579 4102 μετ’
1627 4025 1875 4085 ἀϐύσσουι

1787 4051 1914 4092 τους,
2022 4029 2092 4080 Et
2115 4027 2230 4098 ipsi
2262 4027 2460 4082 divina
2488 4029 2690 4085 omnia
2720 4033 3028 4101 profundis
3059 4035 3120 4090 in
3143 4036 3393 4108 abyssis.

269 4117 626 4191 Κελλομένου
661 4117 928 4192 βασιλῆος
959 4116 1257 4195 ἀθέσφατος
1285 4120 1430 4192 ὦρτο
1462 4119 1672 4190 καταῒξ,

2020 4117 2270 4172 Jubente
2304 4119 2458 4191 Rege
2487 4120 2804 4176 vehemens
2835 4129 3131 4179 commota
3161 4132 3251 4180 est
3279 4129 3563 4198 procella,

268 4213 397 4263 Θῦνε
429 4207 485 4262 δὲ
504 4207 847 4280 κυρτωθέντα
881 4210 1123 4282 μετήορα
1151 4207 1366 4280 κύματα
1394 4207 1616 4263 πόντου.

2020 4207 2349 4262 Currebant
2378 4225 2512 4262 vero
2543 4209 2771 4280 gibbosi
2803 4212 3089 4269 sublimes
3113 4215 3327 4270 ﬂuctus
3358 4220 3561 4274 maris.

268 4297 443 4369 Φαίης
474 4296 710 4372 πύρανὸν
746 4295 906 4367 εὐρὺν
928 4294 1068 4374 ἄφαρ
1108 4297 1390 4371 μίσγεσσαι
1420 4293 1662 4370 ἀϐύσσῳ.

2021 4298 2258 4352 Diceres
2285 4297 2499 4352 caelum
2530 4298 2714 4353 latum
2734 4303 3078 4371 permisceri
3111 4305 3342 4376 abysso.

265 4389 386 4443 Τῶν
424 4385 481 4442 δὲ
509 4385 924 4462 πολυσμαράγῳ
953 4387 1279 4457 κατετήκετο
1311 4387 1482 4459 θυμὸς
1514 4387 1659 4460 ἀνίῃ·

2068 4404 2234 4442 orum
2269 4405 2404 4442 vero
2437 4394 2702 4459 strepera
2741 4391 3082 4448 tabescebat
3125 4397 3360 4452 animus
3389 4399 3630 4456 tristitia
3658 4417 3670 4456 :

262 4477 468 4540 Πάντας
498 4475 556 4534 δὶ
584 4476 784 4539 κλόνος
817 4476 982 4545 εἷλεν,
1016 4475 1166 4541 ὅπως
1193 4475 1570 4550 πεπεδημένον
1610 4477 1764 4552 οἷ’νῳ,

2060 4493 2239 4532 ἸΠΠθὸ
2279 4481 2478 4532 autem
2534 4477 2793 4534 turbatio
2842 4482 3016 4552 cepit,
3050 4484 3214 4540 velut
3264 4489 3666 4559 compeditum

3373 4577 3391 4648 [
3418 4579 3552 4634 vino
3580 4597 3594 4645 ;

261 4654 564 4725 Ναυτιλίης
592 4654 637 4710 δ’
660 4655 942 4726 ἐλάθοντο,
974 4656 1115 4733 σοφή
1148 4653 1194 4710 δ’
1225 4655 1291 4711 οὐ
1322 4655 1538 4735 φαίνενο
1567 4658 1760 4732 τέχνη.

2057 4656 2409 4728 εινίεᾶῐὶοηίε
2439 4656 2610 4712 obliti
2641 4663 2798 4727 sunt,
2821 4658 2994 4715 docta
3022 4666 3219 4718 autem
3250 4682 3369 4720 non
3417 4684 3663 4740 appare-

3297 4755 3316 4826 [
3344 4755 3445 4811 bat
3475 4774 3591 4813 ars.

263 4831 357 4887 Ἀν
388 4829 445 4886 δέ
476 4834 602 4888 Θεὸν
641 4835 928 4909 βοάασκον,
962 4835 1272 4912 ὀρινόμενοι
1305 4838 1472 4914 φρένα
1506 4836 1761 4912 μόχθοις.

2056 4835 2105 4890 .d
2135 4837 2320 4891 Deum
2350 4852 2486 4892 vero
2518 4836 2858 4893 clamabant
2885 4843 3165 4896 commoti
3197 4849 3459 4900 mentem
3498 4847 3662 4904 labo-

3259 4934 3276 5005 [
3303 4935 3546 4992 boribus
3571 4959 3583 5005 ;

262 5009 438 5086 Αὐτὰρ
470 5011 765 5086 ἀναγκαίης
797 5013 1061 5076 Βασιλεύς
1091 5035 1251 5089 σφεας
1283 5013 1430 5085 ἔξελε
1460 5015 1656 5086 πάσης·

2060 5018 2306 5069 ωιθινιιῐῐι
2333 5015 2404 5070 de
2450 5017 2803 5071 necessitate
2855 5020 2974 5073 Rex
3015 5036 3116 5075 eos
3164 5021 3435 5078 liberavit
3461 5029 3664 5083 omni:

259 5100 467 5157 Αὐτίκα
499 5097 543 5154 δ’
572 5100 647 5162 εἰς
680 5097 850 5174 αὔρην
873 5102 1142 5176 προτέρην
1180 5104 1441 5174 μετέθηκε
1472 5104 1726 5168 θύελλαν·

2056 5104 2223 5158 tatim
2255 5121 2389 5158 vero
2413 5105 2474 5159 in
2501 5121 2706 5160 auram
2733 5107 2994 5176 priorem
3025 5113 3275 5166 mutavit
3297 5116 3619 5184 procellam
3650 5137 3661 5186 ;

259 5190 422 5253 Αὖθις
456 5188 503 5244 δ’
533 5187 777 5254 εὐσταθέῖ
808 5189 1117 5263 μειλίσσετο
1137 5191 1354 5264 κύματα
1392 5197 1543 5266 σιγῇ,

2016 5195 2270 5248 Rursum
2292 5210 2427 5248 vero
2459 5195 2656 5248 stabili
2689 5197 2865 5267 sopiti
2898 5205 3037 5254 sunt
3066 5200 3282 5257 ﬂuctus
3315 5204 3574 5274 silentio,

257 5277 577 5356 Εὐφροσύνη
611 5277 658 5332 δ’
689 5275 780 5334 ἕλε
812 5277 1034 5346 πάντας,
1063 5277 1214 5341 ὅπως
1239 5276 1352 5334 ἴδον
1385 5279 1583 5355 εὕδωρ,

2061 5282 2243 5338 aatitia
2265 5287 2464 5339 autem
2494 5284 2652 5355 cepit
2681 5301 2910 5356 omnes,
2934 5287 3031 5342 ubi
3061 5290 3336 5347 viderunt
3361 5297 3661 5367 tranquil-

3165 5381 3182 5452 [
3208 5380 3328 5437 lam
3350 5399 3587 5456 aquam,

252 5543 342 5606 Εἷς
371 5543 575 5618 λιμένα
607 5543 934 5607 σπεύδοντας
972 5546 1059 5600 ὑπ’
1092 5544 1348 5620 ἐννεσίῃσι
1381 5553 1560 5606 Θεοῖο.

1559 5598 1560 5601 η
2017 5553 2104 5608 Ad
2136 5557 2373 5625 portum
2395 5553 2746 5610 festinantes
2770 5558 3012 5614 monitis
3043 5561 3165 5616 Dei.

247 5633 542 5708 Οἴκτιρμοὶ
574 5633 866 5726 Βασιλῇος,
901 5635 992 5704 έήν
1029 5633 1370 5726 ἀναμέλψατί
1401 5635 1457 5713 ἐρ
1472 5640 1612 5726 ωὴν,

2016 5645 2430 5702 Misericordiae
2461 5647 2654 5719 Regis,
2691 5664 2857 5704 suam
2884 5652 3179 5709 celebrate
3209 5656 3557 5726 potentiam,

251 5721 349 5777 Καί
380 5723 430 5776 οἱ
464 5723 694 5779 θέσκελα
730 5720 863 5802 ἔργα
897 5722 1059 5798 μέλοι
1095 5722 1391 5800 μεροπηίδι
1418 5725 1617 5802 φύτλῃ.

2017 5736 2088 5791 Et
2117 5735 2234 5808 ipsi
2264 5735 2464 5794 divina
2490 5753 2671 5810 opera
2699 5754 2856 5797 curae
2888 5742 3007 5798 sint
3026 5743 3288 5801 humano
3318 5745 3540 5815 generi.
